4126 6362
579 313 678 365 ΜΩ

1552 316 1606 371 S.
1650 303 2015 371 LAURENT"
2052 313 2502 371 NOVARIENSIS
2533 315 2836 372 EPISCOPI

3710 322 3823 379 1Ξο

576 427 703 489 mei,
738 424 983 488 Domine,
1028 426 1104 493 [ili
1132 424 1317 479 David.
1350 426 1535 480 Mulier
1553 428 1668 482 hme
1695 428 2020 497 evangelista
2064 428 2146 481 ef-
2178 437 2227 490 Α
2256 438 2377 481 vent
2410 428 2573 482 verba
2607 444 2764 483 mea:
2797 444 2916 495 qua!
2948 439 3143 484 matres
3164 474 3180 490 .
3224 433 3517 504 lacryment
3562 456 3669 498 una
3707 457 3827 497 me-

576 519 772 570 ticitur.
806 516 1057 570 Probavit
1085 518 1225 570 enim
1255 519 1418 571 divini
1462 520 1671 572 consilii
1712 528 2103 573 sacramentum
2134 559 2149 583 ,

576 610 789 678 quando
821 620 873 663 et
894 609 1141 664 virtutem
1166 611 1396 663 divinam
1447 610 1733 676 obsecrat,
1776 623 1827 664 et
1854 612 2031 664 carnis
2062 626 2156 664 na-

579 711 752 757 turam
796 703 1101 767 conﬁtetur,
1144 702 1364 755 dicens:
1400 702 1643 755 Miserere
1684 706 1810 769 mei,
1842 705 1919 773 [ili
1961 702 2149 757 David.

576 794 868 848 Considera
924 798 1195 864 pulchram
1248 796 1486 849 mulieris
1538 807 1800 862 mentem;
1856 799 1975 852 vide
2026 798 2152 867 quid

574 886 727 941 dicit.
756 888 871 941 Non
904 898 983 942 est
1013 888 1063 941 in
1094 889 1333 951 actibus,
1365 890 1534 957 inquit
1561 931 1576 953 ,
1603 892 1764 949 meis.
1798 906 1903 945 non
1928 892 2053 944 mihi
2087 892 2153 946 de

583 982 991 1034 conversatione
1033 982 1235 1049 justitia
1265 1000 1276 1034 :
1310 983 1375 1035 ad
1415 984 1833 1036 misericordiam
1862 994 2001 1037 tuam
2026 1000 2153 1037 eon-

575 1070 719 1139 fugio
738 1110 753 1133 ,
786 1071 872 1125 ubi
898 1087 999 1125 non
1024 1073 1252 1136 resedit,
1287 1089 1385 1126 nec
1413 1074 1702 1143 requiritur
1722 1076 1869 1128 locus
1888 1076 2147 1127 salvandi.

572 1161 640 1216 Et
663 1163 927 1231 quomodo
951 1179 1073 1216 ausa
1109 1165 1395 1219 cstmulier
1424 1166 1553 1234 legis
1582 1166 1758 1234 ignara
1780 1208 1792 1229 ,
1820 1176 1924 1218 tam
1952 1167 2149 1235 iniqua,

572 1254 653 1306 sic
693 1253 916 1321 abrupte
960 1257 1217 1310 accedere
1249 1257 1311 1308 ad
1366 1256 1564 1311 fontem
1596 1258 1821 1311 salutis?
1853 1275 1957 1311 non
1992 1257 2141 1326 petiit

572 1344 862 1413 Jacobum,
918 1364 1022 1402 non
1074 1351 1279 1419 mgavit
1322 1351 1614 1416 Joannem,
1665 1368 1771 1405 non
1815 1355 2045 1407 accessit
2084 1354 2148 1409 ad

570 1436 829 1502 Petrum;
863 1441 955 1492 sed
1004 1439 1101 1493 hoc
1132 1443 1519 1511 intermitteus,
1554 1448 1675 1512 quid
1729 1447 1890 1504 dicit?
1922 1445 2032 1501 Non
2071 1456 2153 1501 est

570 1528 701 1580 mihi
728 1532 1063 1584 necessarius
1092 1532 1392 1601 ﬁdejussor;
1419 1539 1639 1604 suscipit
1663 1541 1711 1593 in
1738 1557 1794 1596 se
1820 1546 2151 1611 paenitentia:

568 1620 963 1685 patrocinium,
1016 1632 1069 1674 ct
1122 1624 1233 1677 sola
1274 1628 1475 1689 currit,
1510 1638 1653 1682 tenet
1679 1646 1797 1683 eum
1846 1634 1895 1685 in
1924 1649 2051 1690 voce
2086 1652 2150 1690 ac

569 1707 736 1761 dicit:
780 1710 1021 1766 Miserere
1060 1715 1185 1777 mei,
1236 1712 1489 1781 Domine,
1524 1719 1597 1784 [ili
1644 1718 1832 1775 David.
1888 1724 2010 1779 Ideo
2057 1728 2152 1781 dc-

2259 532 2401 570 cum.
2435 518 2548 571 Non
2599 520 2807 573 sufﬁcio
2851 536 3119 585 exponere
3148 525 3416 593 dolorem,
3451 547 3605 600 quem
3635 530 3839 585 mulier

2260 607 2361 661 ista
2407 609 2682 662 sustinuit.
2730 610 2973 665 Miserere
3022 616 3156 676 mei,
3213 616 3462 685 Domine,
3522 626 3598 689 ﬁli
3636 623 3823 679 David.

2257 701 2301 752 0
2329 702 2611 769 prudentia
2643 702 2887 757 feminae!
2922 722 3027 761 non
3062 709 3227 761 utitur
3251 710 3553 769 hominibus
3584 718 3832 774 seducto-

2257 792 2437 854 ribus,
2488 810 2593 847 non
2623 805 2805 849 secuta
2837 808 2919 850 est
2964 812 3109 852 vates
3163 801 3404 867 fallaces,
3442 821 3544 858 non
3585 812 3830 875 quarsivil

2258 882 2444 938 inanes
2498 885 2791 953 ligaturas,
2842 899 2935 941 aut
2977 890 3040 945 ad
3094 891 3223 945 falsa
3275 896 3509 963 confugit
3540 900 3825 965 prmsidia:

2257 976 2352 1029 sed
2379 992 2593 1031 omnem
2626 978 2937 1048 relinquens
2962 983 3157 1036 diaboli
3189 986 3387 1038 cultum
3412 1029 3426 1051 ,
3456 990 3595 1041 venit
3629 990 3692 1042 ad
3725 991 3828 1044 Do-

2256 1068 2459 1123 minum
2492 1071 2675 1126 Jesum
2708 1074 2944 1127 omnium
2974 1077 3290 1129 salvatorem
3313 1119 3327 1142 ,
3360 1090 3414 1132 et
3456 1080 3619 1135 dicit:
3670 1083 3826 1138 Mise-

2255 1176 2367 1212 rere
2396 1162 2493 1213 mei
2510 1203 2523 1220 ,
2553 1162 2662 1227 ﬁlia
2688 1179 2799 1215 mea
2828 1166 2959 1216 male
2988 1176 3214 1217 vexatur.

2331 1255 2518 1309 Vidisti
2543 1272 2759 1311 sensum
2787 1259 3025 1313 mulieris
3050 1260 3322 1327 probantis
3346 1262 3655 1329 sapientiam
3676 1264 3819 1333 ejus:

2255 1348 2347 1401 sed
2373 1348 2491 1401 vide
2523 1348 2664 1401 aliud
2692 1364 2884 1402 novum
2910 1360 2959 1402 et
2985 1352 3323 1416 inexpertum
3355 1354 3645 1421 negotium.
3683 1356 3819 1408 Petit

2260 1447 2316 1491 et
2347 1438 2625 1501 obsecrat,
2676 1452 2729 1493 et
2772 1440 3060 1494 lamentum
3095 1456 3248 1495 suum
3283 1444 3523 1509 producit
3552 1443 3603 1496 iu
3626 1445 3823 1498 clamo-

2256 1545 2365 1582 rem
2397 1548 2408 1581 :
2441 1542 2493 1583 et
2521 1540 2727 1583 amator
2756 1534 2992 1585 omnium
3028 1534 3165 1586 Deus
3198 1549 3300 1587 non
3333 1536 3379 1587 ei
3407 1536 3679 1603 respondit
3701 1552 3820 1591 ver-

2256 1619 2404 1672 bum.
2438 1620 2602 1674 Tacet
2625 1620 2744 1674 fons
2767 1622 2917 1687 vitae,
2953 1632 3008 1676 et
3046 1624 3165 1691 pius
3191 1625 3429 1678 medicus
3459 1626 3681 1679 contulit
3709 1643 3821 1683 me-

2255 1711 2486 1765 dicinam
2506 1752 2520 1775 ,
2554 1722 2607 1766 et
2635 1712 2862 1782 abnegat
2890 1729 3094 1768 curam.
3127 1716 3262 1781 Quid
3294 1726 3374 1769 est
3404 1717 3532 1782 hoc,
3565 1716 3821 1772 Domine?

569 1798 828 1851 scendiin
855 1844 868 1863 ,
921 1802 1041 1855 ideo
1084 1818 1297 1857 carnem
1340 1811 1643 1876 suscepisti,
1673 1824 1725 1864 nt
1756 1823 1810 1866 et
1843 1830 1942 1885 ego
1967 1818 2149 1888 loquar

2258 1807 2470 1873 nescio,
2504 1806 2545 1857 si
2592 1821 2695 1860 non
2727 1806 2955 1874 suscipis
3002 1807 3296 1875 pulsantem
3329 1808 3636 1877 mulierem!
3670 1808 3713 1862 Ο
3737 1823 3821 1862 sa-

570 1890 639 1944 ad
670 1901 750 1955 te,
783 1904 835 1946 et
868 1909 985 1946 cum
1020 1896 1206 1950 ﬁducia
1251 1908 1445 1966 petam.
1480 1903 1744 1959 Cherubin
1781 1922 1997 1976 aspectu
2030 1915 2150 1981 ejus

572 1993 810 2039 tremunt
835 1986 884 2037 in
923 1989 1059 2041 cmlo
1084 2028 1100 2051 ,
1149 2001 1200 2042 et
1250 1991 1302 2042 in
1348 2003 1483 2045 terra
1521 1997 1711 2050 mulier
1741 2014 1844 2053 non
1878 2001 2146 2059 formidat.

571 2076 763 2143 Angeli
798 2088 1039 2132 metuunt
1071 2082 1120 2133 in
1149 2084 1405 2152 excelsis,
1442 2097 1495 2139 et
1538 2090 1730 2145 mulier
1756 2109 1858 2145 non
1890 2106 2145 2161 veretur;

572 2167 737 2221 instat
784 2171 1089 2241 importune
1114 2215 1129 2239 ,
1182 2185 1235 2227 ct
1267 2193 1396 2231 \oce
1441 2196 1534 2233 sua
1573 2198 1893 2254 exaggerat,
1923 2190 2145 2244 dicens:

574 2258 821 2316 Miserere
862 2266 960 2314 mei
984 2302 998 2325 ,
1051 2265 1265 2319 Domine
1290 2310 1304 2331 ,
1338 2269 1412 2335 ﬁli
1454 2270 1642 2328 David.
1675 2276 1795 2330 Non
1819 2279 1987 2333 habeo
2015 2296 2149 2351 Opus

569 2352 850 2415 spnnsoris
884 2370 893 2402 :
943 2368 1035 2421 per
1068 2371 1153 2409 me
1192 2360 1421 2426 accedo,
1456 2378 1552 2431 per
1584 2381 1667 2420 mc
1698 2368 1949 2435 obsecro,
1991 2374 2150 2428 mise-

572 2454 696 2493 rere
726 2444 848 2495 mei.
873 2443 1008 2509 Quid
1042 2448 1133 2499 tibi
1163 2463 1297 2517 opus
1326 2453 1442 2504 est?
1473 2454 1896 2515 misericordiam
1945 2480 2144 2532 quiem.

573 2532 709 2600 Quid
736 2536 971 2601 pateris?
992 2537 1229 2591 dolorem
1260 2556 1415 2610 quem
1442 2561 1544 2613 ηομ
1567 2549 1785 2603 suffero.
1804 2552 1937 2619 Quid
1955 2554 2151 2609 habes?

570 2625 679 2675 tilia
712 2640 828 2681 mea
858 2630 1062 2696 captiva
1112 2641 1342 2687 tenetur.
1371 2636 1506 2702 Quid
1538 2640 1614 2693 illi
1657 2644 1781 2695 est?
1820 2646 1955 2699 male
1980 2662 2008 2698 a
2040 2648 2149 2701 dae-

572 2718 759 2770 monio
784 2732 1028 2776 vexatur.
1060 2724 1124 2776 Et
1161 2727 1286 2793 quid
1322 2731 1496 2782 nunc?
1546 2735 1803 2789 misertre
1853 2740 1991 2805 mei,
2044 2739 2147 2793 Do-

569 2808 736 2863 mine.
789 2808 986 2875 Piguus
1037 2829 1213 2867 meum
1264 2822 1621 2885 consumitur,
1677 2833 1729 2877 et
1761 2841 1882 2894 pars
1909 2832 2150 2897 corporis

570 2899 817 2956 violatur.
852 2905 1078 2970 Opinio,
1115 2908 1361 2977 inquam,
1415 2916 1546 2966 exiit
1583 2916 1648 2969 de
1690 2918 1795 2971 lilia
1845 2935 1990 2984 mea;
2042 2924 2147 2977 noli
2194 2949 2201 2956 -

571 3006 659 3077 me
688 2994 867 3047 videre
900 2999 1248 3062 peceatriceni
1279 3012 1328 3054 ct
1362 3006 1609 3059 miseram
1640 3025 1653 3059 :
1688 3019 1739 3061 tu
1783 3025 1843 3064 cs
1885 3012 2022 3066 Deus
2060 3015 2147 3082 qui

571 3093 779 3137 secreta
829 3088 1159 3143 consideras.
1210 3092 1351 3147 Filia
1392 3112 1499 3148 mea
1552 3101 1684 3152 male
1736 3114 1962 3157 vexatur.
2012 3109 2145 3173 Quid

2256 1896 2457 1963 pientia
2502 1896 2729 1949 medici!
2781 1896 3069 1962 Dominus,
3101 1897 3309 1967 inquit,
3360 1916 3458 1951 non
3493 1900 3750 1967 respondit
3777 1901 3821 1953 ei

2256 1989 2483 2041 verbum.
2515 1989 2871 2058 Quapropter.
2911 1989 3009 2042 nisi
3039 1999 3095 2043 ut
3120 1990 3391 2059 detegeret
3422 1991 3681 2059 sapientia
3707 1993 3822 2062 ejus

2254 2080 2544 2132 virtutem?
2574 2080 2859 2148 Propterea
2892 2080 3075 2133 dicunt
3107 2080 3349 2149 discipuli
3375 2100 3387 2133 :
3417 2081 3628 2134 Dimitte
3656 2084 3819 2147 illam,

2252 2174 2373 2240 quia
2402 2171 2585 2223 clamat
2614 2182 2726 2239 post
2764 2188 2876 2225 nos.
2910 2171 3017 2227 Sed
3048 2172 3309 2226 humanus
3352 2174 3488 2227 Deus
3517 2176 3678 2227 vitam
3708 2191 3823 2229 mu-

2254 2263 2399 2317 lieris
2430 2263 2787 2332 virtutemque
2838 2264 3105 2331 pulsabat.
3143 2264 3208 2317 Et
3256 2266 3379 2331 quid
3424 2266 3533 2319 ait?
3563 2266 3685 2320 Non
3713 2285 3826 2321 sum

2253 2355 2474 2419 missus,
2534 2355 2631 2406 nisi
2681 2358 2747 2407 ad
2796 2371 2907 2407 oves
2962 2372 3080 2427 qua:
3121 2357 3371 2423 perierant
3422 2357 3604 2410 domus
3635 2356 3820 2411 Israel.

2252 2443 2394 2497 Nihil
2430 2444 2753 2511 proﬁciunt,
2804 2461 2900 2500 nec
2940 2447 3041 2514 ipsi
3069 2447 3294 2515 apostoli
3325 2456 3695 2517 suggerentes.
3724 2450 3826 2503 Ve-

2253 2550 2341 2587 rus
2368 2535 2605 2590 medieais
2635 2536 2814 2590 differt
2843 2539 3012 2605 magis
3037 2554 3219 2591 curam
3239 2580 3251 2602 ,
3288 2541 3562 2593 exulcerat
3593 2542 3785 2595 vulnus
3804 2583 3818 2605 ,

2250 2633 2303 2679 et
2336 2636 2650 2694 potestatem
2683 2642 2836 2679 suam
2866 2638 2980 2680 arte
3011 2628 3238 2697 quadam
3268 2638 3510 2691 excusat,
3536 2631 3823 2683 utlatentia

2252 2717 2515 2787 panderet
2541 2728 2896 2774 sacramenta.
2928 2720 3043 2773 Non
3066 2738 3176 2773 sunt
3200 2766 3213 2786 ,
3248 2722 3445 2791 inquit,
3475 2722 3694 2787 missus,
3727 2724 3825 2777 nisi

2251 2811 2319 2862 ad
2347 2825 2460 2863 oves
2486 2826 2599 2878 qna’
2625 2813 2877 2876 perierant
2907 2814 3085 2864 domus
3110 2810 3293 2865 Israel.
3324 2834 3327 2837 ν

2323 2904 2463 2957 llinc
2493 2903 2631 2957 hunc
2657 2905 2999 2958 considerate
3052 2920 3393 2970 sermonem,
3442 2915 3497 2959 et
3541 2906 3607 2958 ad
3662 2905 3824 2961 verba

2253 3008 2369 3048 mea
2402 2994 2612 3063 dirigite
2659 2996 2985 3049 intellectum
3008 3035 3021 3057 ,
3067 2996 3316 3061 quoniam
3351 2996 3669 3063 profundam
3700 2998 3831 3050 volo

2251 3086 2704 3152 comparationem
2734 3087 3032 3140 exsolvere.
3081 3085 3199 3138 Non
3239 3103 3348 3138 sum
3376 3090 3589 3151 missus,
3624 3089 3719 3140 nisi
3755 3091 3825 3139 ad

570 3176 883 3231 desideras?
939 3191 991 3232 ut
1026 3181 1281 3236 liberetur
1308 3186 1374 3237 de
1407 3188 1576 3254 plaga.
1614 3190 1932 3247 Miserabilis
1976 3198 2147 3253 luctus

2254 3192 2364 3229 oves
2391 3178 2613 3245 perditas
2662 3178 2844 3231 Israel.
2876 3179 3009 3244 Quid
3043 3191 3124 3233 est
3158 3179 3255 3232 hoc
3292 3179 3554 3232 verbum?
3582 3196 3700 3249 qua:
3741 3192 3824 3234 est

570 3270 905 3337 consumpsit
933 3283 1140 3327 uterum
1167 3290 1338 3329 meum
1360 3318 1376 3341 ,
1405 3287 1458 3330 et
1486 3281 1715 3335 animum
1745 3282 1914 3337 meam
1941 3299 2147 3354 pertur-

570 3359 663 3419 bat
694 3376 834 3415 Steva
867 3374 1177 3433 tempestas.
1203 3367 1338 3431 Quid
1371 3368 1560 3422 faciam
1591 3373 1790 3426 nescio.
1826 3374 2028 3429 Patitur
2051 3382 2147 3432 mi-

569 3466 689 3507 sera
709 3500 722 3522 ,
750 3470 846 3508 nec
877 3459 1035 3513 sentit
1067 3468 1329 3513 tormenta
1362 3481 1370 3512 :
1409 3478 1503 3515 nec
1534 3476 1759 3519 mortem
1796 3472 1894 3523 scit
1920 3474 2108 3527 timere
2130 3518 2143 3539 ,

572 3557 672 3599 nec
706 3548 863 3598 vitam
914 3561 1157 3615 sperare.
1212 3550 1457 3605 Miserere
1487 3558 1601 3608 mei.
1629 3557 1771 3612 Jacet
1807 3564 2061 3629 confusa,
2096 3578 2147 3620 et

571 3651 787 3691 causam
833 3644 1085 3695 tormenti
1121 3644 1353 3711 ignorat.
1384 3649 1466 3702 ble
1510 3652 1691 3716 asiiice
1715 3695 1729 3715 ,
1769 3655 1988 3713 Domine
2013 3700 2026 3723 ,
2064 3679 2147 3715 me

572 3730 807 3790 exaudi,
862 3731 984 3785 vide
1034 3734 1220 3789 diurna
1266 3740 1482 3793 vulnera
1533 3759 1672 3797 mea.
1708 3746 1796 3798 Illa
1832 3751 2046 3816 patitur,
2096 3765 2150 3807 et

572 3836 672 3888 ego
702 3821 934 3875 deﬁcio:
970 3827 1147 3892 passio
1194 3829 1313 3895 ejus
1369 3847 1621 3899 pavorem
1674 3836 1860 3890 incutit
1907 3844 2145 3905 cunctis,

570 3910 709 3963 facta
741 3928 855 3963 sum
888 3916 1137 3970 omnibus
1185 3922 1547 3985 spectaculum
1577 3940 1591 3977 :
1622 3927 1746 3994 quid
1796 3926 1981 3983 faciam
2011 3972 2025 3993 ,
2057 3942 2149 3986 aut
2184 3970 2195 3975 μ

570 4015 677 4067 quo
705 4002 939 4059 vadum?
970 4022 1075 4059 non
1111 4022 1325 4075 possum
1361 4011 1429 4063 ab
1482 4013 1570 4066 illa
1624 4031 1890 4084 quoquam
1923 4020 2101 4074 divelli
2129 4066 2143 4089 ,

572 4106 678 4143 non
716 4102 889 4159 potest
919 4096 1031 4148 sola
1066 4098 1383 4168 derelinqui.
1415 4102 1530 4156 Non
1560 4107 1702 4159 enim
1733 4108 1931 4163 deforis
1962 4114 2105 4167 venit
2131 4156 2145 4179 ,

572 4186 664 4239 sed
698 4187 841 4240 intus
870 4200 953 4243 est
982 4206 1338 4262 expugnator,
1368 4198 1418 4250 iu
1448 4212 1507 4250 se
1539 4199 1696 4254 habet
1727 4201 1932 4257 hostem
1964 4216 2017 4259 et
2038 4207 2149 4275 gla-

572 4280 746 4341 dium;
780 4283 927 4335 nmis
948 4293 1030 4335 est
1055 4301 1172 4353 qum
1200 4287 1265 4340 de
1286 4276 1345 4342 se
1367 4292 1596 4345 concitat
1622 4301 2015 4362 tempestatem,
2043 4312 2145 4352 non

574 4370 794 4423 invenio
816 4388 1008 4427 nomen
1027 4380 1288 4443 passionis
1312 4380 1448 4447 ejus.
1469 4381 1711 4437 Miserere
1734 4388 1862 4449 mei,
1894 4388 2112 4443 Domine
2130 4434 2144 4457 ,

571 4459 649 4527 ﬁli
685 4460 871 4515 David.
902 4463 1113 4517 Utinam
1147 4468 1393 4523 defuncta
1437 4474 1625 4527 fuisset
1655 4475 1756 4527 ﬁlia
1801 4492 1915 4530 mea
1944 4519 1959 4542 ,
1990 4494 2146 4547 quam

2250 3272 2347 3325 ista
2366 3276 2659 3329 .cxcusalio
2687 3277 2809 3327 tua?
2837 3285 2890 3327 et
2918 3276 3082 3328 multa
3110 3276 3159 3328 in
3189 3285 3238 3328 te
3261 3278 3516 3346 mysteria
3542 3278 3785 3329 revelasti
3806 3318 3822 3340 ,

2248 3374 2305 3417 ut
2323 3380 2482 3417 unum
2510 3367 2877 3419 tantummodo
2900 3368 3150 3435 angulum
3183 3367 3441 3421 liberares
3458 3408 3470 3429 ,
3492 3377 3545 3420 et
3563 3370 3822 3435 integrum

2249 3455 2579 3521 relinqueres
2637 3456 2854 3509 orbem?
2902 3455 3170 3520 Pontum,
3212 3456 3505 3519 eLAsiam,
3553 3465 3608 3509 et
3660 3455 3828 3525 κείς)-

2250 3555 2415 3611 ptum,
2444 3545 2682 3599 Ciliciam
2714 3556 2767 3598 et
2791 3546 3204 3613 Cappadociam,
3237 3556 3290 3599 et
3322 3546 3551 3615 reliquas
3579 3546 3835 3601 nationes

2251 3638 2614 3703 relinqueres,
2650 3650 2703 3692 et
2732 3640 2799 3694 de
2846 3640 3007 3694 lsrael
3041 3640 3407 3693 tantummodo
3459 3641 3711 3694 curares?
3740 3656 3826 3694 re—

2250 3729 2455 3796 Ιὶηψιρς
2510 3742 2703 3785 tetram
2759 3734 3064 3797 desertam,
3109 3732 3352 3785 nationes
3396 3734 3718 3813 despectas,
3766 3743 3825 3786 et

2249 3823 2326 3873 sol
2354 3836 2378 3873 s
2407 3822 2603 3875 Judwis
2634 3822 2800 3876 factus
2830 3838 2888 3877 es
2938 3824 3228 3876 liberator?
3272 3824 3385 3877 Non
3433 3825 3579 3878 vides
3606 3826 3828 3894 injurias

2251 3912 2421 3966 Patris
2451 3916 2521 3966 tui
2558 3916 2608 3967 in
2646 3916 2788 3969 falsis
2820 3916 3147 3981 simulacris,
3179 3925 3235 3970 et
3261 3918 3311 3969 in
3344 3908 3646 3973 dcemouum
3672 3919 3827 3973 (νιντί-

2252 4007 2445 4059 nioniis
2469 4007 2751 4060 exerceri?
2782 4010 2971 4061 Annon
3004 4010 3117 4061 haec
3144 4010 3305 4063 etiam
3339 4011 3615 4079 propheta:
3643 4014 3827 4081 vulga-

2252 4099 2482 4151 veruut?
2514 4100 2648 4163 Quid
2679 4099 2806 4153 dicit
2839 4100 3014 4153 afﬁnis
3046 4108 3167 4155 tuus
3191 4102 3399 4156 David?
3426 4101 3645 4157 Postulo
3667 4121 3697 4156 a
3718 4120 3824 4167 me,

2252 4204 2297 4248 ct
2325 4183 2454 4247 dtibo
2485 4195 2572 4246 tibi
2599 4204 2769 4265 gentes
2803 4196 3146 4247 ltwreditateni
3177 4206 3312 4249 tuam
3336 4237 3350 4259 ,
3383 4206 3427 4249 et
3467 4198 3830 4263 possessionem

2250 4295 2388 4336 tuam
2436 4288 2673 4337 terminos
2724 4296 2871 4337 teme
2923 4284 3093 4353 (Psal.
3126 4287 3227 4351 xi).
3284 4285 3421 4351 Quid
3474 4286 3699 4353 Esaias,
3740 4287 3830 4355 qui

2252 4376 2503 4441 seraphin
2552 4376 2723 4429 oculis
2756 4376 2866 4429 suis
2905 4376 3185 4443 respexit?
3215 4375 3470 4447 Exsurget
3496 4378 3640 4447 virga
3665 4379 3728 4430 de
3749 4394 3832 4428 ra-

2253 4469 2366 4520 dice
2389 4467 2533 4521 Jesse
2560 4510 2573 4529 ,
2606 4473 2693 4535 qui
2720 4470 3017 4521 dominatur
3071 4468 3305 4522 omnibus
3331 4512 3345 4535 ,
3380 4479 3424 4522 ct
3469 4470 3521 4520 in
3566 4485 3680 4521 eum
3709 4469 3831 4535 ﬁnes

572 4551 651 4609 sic
680 4554 911 4607 viveret!
940 4556 995 4609 Si
1020 4559 1159 4610 enim
1186 4574 1390 4614 mortua
1416 4562 1602 4616 fuisset
1625 4578 1675 4619 et
1700 4570 1931 4634 sepulta,
1959 4545 2149 4626 exacto

2258 4566 2403 4609 terrm
2420 4560 2690 4625 sperabunt
2713 4557 2883 4628 (Esai.
2900 4558 2979 4627 ii).
3000 4557 3135 4622 Quid
3154 4558 3319 4611 Jacob
3345 4558 3645 4627 patriarcha
3672 4558 3832 4612 dicit?

569 4652 675 4719 jam
709 4661 946 4721 tempore
990 4656 1154 4711 oblita
1185 4658 1399 4712 fuissem
1429 4700 1443 4721 ,
1477 4676 1573 4715 nec
1614 4664 1979 4718 meminissem
2022 4667 2145 4720 vul-

572 4742 716 4795 neris
762 4741 856 4798 aut
908 4746 1131 4802 doloris.
1178 4750 1327 4803 Nunc
1377 4766 1507 4805 vero
1552 4755 1803 4813 cadaver
1834 4771 2047 4827 semper
2096 4760 2153 4814 in

572 4838 731 4891 domo
753 4852 833 4895 est
858 4860 869 4893 :
901 4858 1058 4897 causa
1088 4859 1234 4908 mea,
1266 4845 1569 4913 sepulcrum
1599 4848 1751 4915 ejus;
1778 4862 2000 4919 augetur
2018 4868 2150 4920 quo-

573 4929 702 4983 tidie
726 4932 913 4985 volnus
932 4950 1106 4987 meum
1129 4977 1141 4998 ,
1168 4944 1219 4988 et
1243 4936 1434 4989 crescit
1452 4940 1821 5006 .Oppl'Olll'lUln.
1850 4942 2149 5006 Quomodo?

570 5019 727 5073 video
752 5024 918 5076 oculis
950 5026 1079 5077 meis
1105 5043 1118 5090 ;
1148 5026 1369 5079 istorum
1396 5041 1613 5095 aspectu
1636 5070 1650 5093 ,
1681 5032 1913 5099 torqueri
1941 5047 2149 5098 manus,

570 5114 794 5165 crinium
827 5115 986 5169 vittas
1028 5119 1230 5171 exsolvi
1262 5134 1323 5171 ac
1373 5122 1583 5189 Spargi,
1614 5137 1830 5188 spumas
1857 5140 1921 5177 ex
1941 5138 2033 5177 ore
2050 5125 2150 5178 dif-

572 5204 759 5271 fundi,
787 5206 917 5261 dare
946 5212 1200 5277 mugitum
1228 5211 1590 5279 horrendum,
1621 5215 1812 5267 smvire
1843 5215 1984 5268 intus
2014 5216 2147 5269 invi-

570 5303 779 5357 sibilem
830 5304 1134 5369 inimicum,
1166 5306 1510 5375 improvisum
1564 5310 1770 5363 hostem
1820 5319 1873 5363 et
1921 5327 2146 5381 pugnam

568 5393 932 5447 manifestam.
983 5395 1235 5448 Miserere
1284 5398 1425 5462 mei,
1458 5397 1725 5463 Domine,
1758 5400 2007 5467 quoniam
2042 5398 2145 5452 ﬁlia

572 5497 689 5534 mea
722 5492 837 5536 erat
858 5524 871 5546 ,
906 5493 956 5538 ct
990 5484 1125 5537 facta
1154 5496 1233 5537 est
1262 5486 1520 5539 daemonis
1548 5503 1692 5542 esca.
1729 5490 1841 5541 Non
1871 5492 2043 5551 audeo
2069 5490 2145 5542 illi

571 5574 917 5639 proximare,
975 5590 1077 5626 non
1131 5591 1343 5642 possum
1397 5577 1741 5645 contingere,
1777 5579 2022 5645 prohibet
2063 5593 2148 5630 me

574 5676 758 5729 pavor,
798 5663 1010 5729 expellit
1062 5665 1169 5733 ipsa
1209 5669 1381 5732 passio
1434 5668 1570 5719 dira.
1604 5666 1845 5721 Miserere
1874 5669 2006 5731 mei,
2043 5667 2148 5719 Do-

572 5755 738 5820 ηπίηε,
774 5756 852 5823 [ili
884 5754 1067 5810 Duritl.
1099 5757 1194 5822 Qui
1225 5774 1289 5811 ex
1321 5760 1469 5815 vobis
1501 5768 1679 5829 patres
1712 5759 1960 5825 fuerunt,
1995 5758 2147 5826 adju-

2260 4650 2376 4702 Non
2415 4650 2610 4717 deﬁciet
2639 4652 2871 4720 princeps
2900 4666 2964 4703 ea:
2988 4648 3131 4702 Juda
3156 4690 3171 4714 ,
3203 4666 3295 4703 nec
3324 4654 3384 4703 de
3415 4651 3699 4704 senioribus
3723 4654 3834 4715 eius

2256 4744 2568 4807 dominator,
2599 4744 2761 4795 donec
2789 4744 2984 4805 veniat,
3019 4745 3103 4795 cui
3140 4744 3450 4795 destinatum
3495 4752 3610 4805 est;
3664 4753 3712 4796 et
3752 4742 3835 4793 hic

2255 4845 2329 4887 est
2376 4837 2684 4904 exspectatio
2734 4836 2959 4905 gentium
2998 4834 3153 4905 (Gen.
3184 4852 3327 4899 xux,
3363 4836 3472 4903 10).
3506 4836 3641 4901 Quid
3674 4835 3831 4889 etiam

2256 4927 2540 4982 Zacharias
2565 4930 2861 4996 pr0pbeta?
2894 4928 3117 4995 PrOpter
3140 4946 3225 4982 vos
3248 4972 3261 4994 ,
3288 4931 3492 4997 inquit,
3525 4931 3833 4984 claudentur

2260 5030 2417 5087 porta:
2443 5036 2623 5085 terere,
2656 5023 2897 5087 quoniam
2922 5024 2985 5075 ab
3016 5031 3128 5075 ortu
3159 5025 3279 5076 solis
3311 5040 3467 5091 usque
3503 5024 3572 5075 ad
3601 5040 3832 5077 occasum

2260 5111 2641 5181 glori/imbitur
2666 5130 2845 5166 nomen
2880 5113 3119 5175 Domini,
3152 5116 3203 5167 in
3236 5118 3373 5167 omni
3417 5116 3527 5167 loco
3576 5116 3835 5183 effundent

2258 5203 2499 5253 libamina
2528 5212 2641 5254 ante
2669 5203 2841 5271 ipsum
2863 5203 3043 5268 (Zaclr.
3070 5221 3107 5269 ι,
3128 5206 3215 5270 10,
3242 5207 3353 5274 ll).
3373 5206 3534 5259 David
3576 5206 3689 5274 ipse
3710 5207 3834 5275 quid

2256 5292 2445 5345 iterum
2492 5292 2652 5344 dicit?
2683 5292 2869 5347 Omnes
2897 5305 3068 5363 gentes
3092 5336 3105 5359 ,
3158 5298 3387 5366 plaudite
3412 5298 3641 5349 manibus
3662 5338 3677 5363 ,
3709 5313 3835 5366 quo—

2256 5385 2391 5434 niam
2424 5382 2559 5436 Deus
2583 5384 2814 5437 excelsus
2842 5386 3081 5438 terribilis
3108 5395 3153 5438 et
3185 5402 3276 5438 rex
3302 5402 3516 5456 magnus
3544 5402 3701 5452 super
3730 5402 3837 5438 om-

2258 5490 2367 5524 nem
2416 5484 2603 5525 terram
2652 5472 2822 5540 (Psal.
2857 5491 3003 5537 XLVI.
3039 5474 3115 5545 1).
3154 5476 3390 5545 Denique
3419 5478 3634 5545 quando
3680 5460 3839 5530 natus

2257 5582 2316 5618 es
2361 5566 2411 5619 in
2469 5582 2660 5631 carne,
2722 5584 2855 5636 quos
2914 5570 3161 5621 vocasti?
3212 5584 3389 5623 nonne
3426 5569 3642 5637 Magos?
3692 5569 3837 5622 Nun-

2258 5658 2381 5726 quid
2412 5660 2699 5727 prophetas
2748 5661 2937 5715 venisti
2985 5676 3177 5716 vocare
3205 5701 3219 5725 ,
3254 5661 3342 5729 qui
3394 5660 3564 5729 ipsam
3608 5662 3835 5713 salutem

2258 5754 2503 5823 gentibus
2531 5758 2870 5812 ccc'nerunt?
2911 5756 3195 5826 Apostolos
3222 5757 3379 5810 etiam
3414 5770 3537 5810 cum
3568 5757 3834 5820 mitteres,
