4126 6362
301 371 402 428 ΕΗ

1610 357 1886 414 HOMILIA
1926 353 2262 413 SECUNDA.

3455 353 3559 406 €29

302 491 426 561 quid
454 487 532 543 eis
561 486 785 542 dixisti?
816 483 998 540 Docete
1025 497 1196 536 omnes
1217 487 1408 551 gentes,
1452 476 1764 548 baptizantes
1785 491 1869 527 eos
1898 474 1944 530 Α
1981 473 2123 536 dice,
2147 486 2280 540 quos
2331 470 2402 524 ita
2439 469 2752 525 exhortatur
2795 465 2986 522 Paulus
3016 483 3028 519 :
3061 463 3241 520 Filioli
3269 468 3387 529 mei,
3432 483 3561 536 quos

303 585 357 635 in
388 581 588 634 nomine
642 577 814 632 Patris
842 585 888 630 et
917 573 1046 628 Filii
1090 584 1136 628 et
1177 572 1406 641 Spiritus
1452 570 1613 623 sancti
1661 566 1872 639 (Matth.

303 689 490 739 ιιιινιιι,
525 671 632 742 l9).
664 671 729 724 Et
757 684 898 723 nunc
920 666 1132 737 quando
1153 666 1346 719 misera
1370 662 1483 716 luce
1512 660 1702 715 mulier
1747 659 1879 712 acri-

303 765 406 821 bus
432 763 704 819 doloribus
725 771 777 817 et
799 761 1024 816 stimulis
1045 765 1306 812 i-oarctata
1331 761 1483 823 rogat
1503 762 1554 807 te
1570 761 1621 806 et
1634 751 1878 805 obsecrat

304 873 407 929 pro
435 858 537 912 ﬁlia
567 871 684 921 sua,
731 863 793 908 ιιι
841 868 958 906 eam
1006 867 1036 904 a
1085 850 1292 903 funesta
1322 847 1566 915 passione
1613 843 1875 918 absolvas,

305 951 469 1007 modo
495 948 666 1003 dicis:
696 945 817 1000 Non
848 961 962 998 sum
985 943 1192 1005 missus,
1238 941 1337 992 nisi
1381 939 1448 990 ad
1500 953 1612 990 oves
1656 935 1880 1003 perditas

308 1047 492 1119 domus
519 1041 702 1095 Israel.
725 1039 881 1094 Venit
901 1037 965 1090 ad
991 1046 1042 1089 te
1083 1033 1345 1098 centurio,
1371 1043 1565 1098 rogans
1593 1042 1691 1097 pro
1716 1040 1880 1095 puero

306 1117 428 1199 suo,
454 1146 506 1189 et
531 1133 714 1188 dixisti
743 1147 758 1185 :
783 1129 897 1201 Ego
925 1129 1126 1182 veniens
1151 1124 1336 1178 curabo
1355 1139 1491 1176 eum.
1521 1119 1778 1175 Pendenti
1804 1117 1881 1202 la-

307 1229 449 1281 troni
484 1223 785 1295 paradisum
833 1217 1119 1288 reparasti,
1170 1213 1465 1285 paralytico
1512 1209 1880 1278 imperastidi-

308 1333 437 1374 cens
468 1339 481 1372 :
515 1316 704 1385 Surge,
733 1312 854 1367 tolle
879 1311 1218 1364 lectumtuum
1240 1315 1287 1358 et
1310 1303 1533 1357 ambula.
1558 1304 1787 1358 Lazarus
1812 1298 1880 1352 de

213 1412 219 1417 ’
308 1419 658 1468 monumento
690 1417 742 1462 te
783 1419 982 1459 vocans
1005 1401 1270 1456 redivivus
1297 1397 1550 1461 surrexit,
1585 1394 1728 1448 varia
1751 1407 1882 1460 quo-

309 1519 414 1573 que
443 1504 754 1570 languorum
790 1510 986 1567 genera
1008 1493 1172 1548 verbo
1198 1490 1393 1545 sanasti
1417 1530 1432 1554 ,
1457 1488 1691 1542 latrones
1743 1485 1878 1538 libe-

308 1591 807 1659 rasti,meretrices
853 1587 1143 1657 virginibus
1192 1581 1490 1652 prmtulisti,
1528 1580 1696 1632 solam
1744 1578 1882 1630 hanc

309 1687 560 1740 miseram
618 1681 980 1736 Chananteam
1029 1673 1279 1744 respuisti
1306 1672 1702 1740 deprecantem.
1745 1666 1880 1733 Quid

309 1778 516 1833 esthoc
545 1775 765 1828 verbum
795 1769 1040 1825 miraculi
1084 1762 1410 1820 inauditum?
1465 1761 1614 1815 Nunc
1655 1757 1884 1813 intendi-

309 1881 384 1933 te,
418 1879 474 1921 ιιι
527 1867 730 1930 sciatis,
789 1865 947 1934 quale
978 1858 1352 1928 compendium
1390 1854 1574 1922 incipit
1623 1853 1880 1907 revelare.
1914 1847 1962 1905 B

309 1959 535 2029 Quando
590 1957 845 2012 liberatus
881 1953 1039 2008 Israel
1096 1965 1125 2003 a
1160 1949 1330 2019 plagis
1351 1946 1740 2016 Egyptiorum,
1775 1952 1828 1996 et
1853 1957 1883 1995 a

309 2051 597 2106 Pharaone
625 2055 898 2103 extractus
945 2042 1154 2097 transiit
1200 2039 1425 2109 populus
1448 2052 1540 2106 per
1592 2037 1881 2098 desertum,

309 2140 568 2211 praecepit
601 2139 649 2192 ei
700 2136 954 2190 Dominus
1003 2134 1054 2186 in
1110 2131 1226 2200 lege
1275 2140 1330 2182 ut
1383 2144 1486 2180 non
1527 2125 1886 2181 communica-

308 2246 432 2287 rent
456 2229 770 2285 Ciianaiucis
801 2241 899 2280 nec
926 2223 1276 2279 convenirent
1300 2235 1418 2274 cum
1463 2218 1541 2274 eis
1571 2259 1586 2285 ,
1635 2219 1883 2286 quoniam

310 2327 429 2380 sine
459 2325 573 2392 lege
601 2319 937 2386 erant,ido|a
989 2315 1260 2371 immunda
1307 2313 1569 2368 colentes.
1626 2311 1887 2378 Praecepit

311 2431 441 2484 ergo
469 2415 607 2467 Deus
631 2412 683 2465 in
707 2411 825 2479 lege
866 2407 1065 2462 Judreis
1106 2415 1166 2460 ut
1211 2421 1316 2458 non
1362 2412 1728 2458 mercarentur
1764 2415 1884 2456 cum

309 2509 413 2574 eis,
448 2521 544 2562 nec
565 2505 827 2559 connubia
853 2503 906 2556 in
929 2503 1134 2556 semine
1163 2514 1346 2554 eorum
1377 2497 1682 2558 miscerent,
1707 2509 1771 2548 ne
1792 2509 1884 2564 per

310 2599 428 2654 lia-c
454 2613 481 2650 a
511 2597 620 2650 suis
646 2594 890 2665 legitimis
920 2593 1290 2663 privarentur,
1338 2597 1393 2643 et
1449 2585 1683 2658 profanis
1712 2586 1886 2640 idolo-

309 2707 432 2745 rum
477 2690 709 2742 cultitius
753 2688 1123 2757 iungerentur.
1186 2684 1404 2753 Aspice,
1455 2691 1509 2736 et
1581 2679 1885 2746 considera,

310 2792 366 2836 et
392 2782 607 2835 intende
628 2796 745 2849 qua:
769 2779 915 2842 dico,
945 2778 1066 2848 quia
1099 2776 1278 2830 adltuc
1327 2775 1379 2827 in
1422 2777 1629 2826 textura
1655 2780 1732 2825 est
1759 2771 1884 2824 tela.

310 2874 504 2933 Mulier
533 2873 632 2926 ista
659 2871 961 2926 Cltananma
991 2877 1106 2922 erat
1142 2868 1210 2921 de
1231 2877 1389 2934 gente
1417 2863 1711 2931 immunda,
1765 2863 1886 2931 qui-

310 2966 414 3021 bus
441 2980 548 3018 non
582 2963 778 3016 licebat
798 2960 1197 3015 communicare
1225 2973 1345 3013 etnn
1380 2958 1476 3010 eis.
1528 2953 1664 3021 Quid
1719 2952 1888 3022 ergo?

309 3057 416 3112 sub
444 3057 558 3124 lege
590 3061 807 3108 venerat
840 3053 1127 3116 Dominus,
1183 3057 1240 3102 ut
1277 3047 1594 3116 adimpleret
1620 3087 1633 3111 ,
1682 3054 1739 3099 et
1782 3059 1886 3097 non

308 3151 544 3204 solveret
570 3148 760 3217 legem.
793 3145 1015 3215 lgitursi
1045 3143 1111 3196 ad
1141 3150 1468 3196 momentum
1501 3139 1736 3192 audisset
1775 3152 1890 3190 mtt-

1982 566 2164 618 iterum
2185 565 2436 634 partui-io,
2467 565 2623 616 donec
2650 562 2879 616 Christus
2906 561 3154 630 formetur
3182 559 3232 611 in
3253 558 3411 612 vobis.
3452 559 3551 612 “Ac-

1981 665 2132 710 cusat
2157 669 2284 722 ergo
2308 653 2546 718 'Judaaos,
2571 668 2691 707 cum
2717 652 2844 706 dicit
2876 668 2890 704 :
2918 651 3036 704 Non
3072 650 3187 703 licet
3243 649 3422 702 tollere
3466 665 3559 716 pa-

1985 761 2097 800 nem
2127 747 2370 812 ﬁliorum,
2403 755 2449 798 et
2480 747 2672 798 mittere
2700 743 2932 796 canibus.

2053 838 2157 892 Sed
2181 837 2305 904 quid
2337 836 2615 905 respondit
2653 836 2879 890 mulier?
2938 832 3133 895 Etiam,
3185 832 3418 896 Domine,
3467 847 3555 900 po-

1983 939 2074 994 tes,
2095 932 2140 982 si
2160 929 2398 983 volueris.
2450 928 2493 980 Ο
2539 929 2733 980 mulier
2776 927 3037 979 violenta!
3097 925 3351 979 Dominus
3383 923 3553 977 dicit:

1985 1021 2105 1076 Non
2137 1023 2283 1084 licet;
2327 1031 2380 1076 et
2423 1022 2508 1076 illa
2554 1021 2721 1074 dicit:
2782 1019 2975 1083 Etiam,
3028 1019 3258 1088 Domine,
3304 1027 3465 1088 potes,
3514 1018 3561 1069 si

1986 1120 2228 1172 volueris.
2257 1118 2546 1192 Oblita'est
2567 1116 2921 1179 verecundiae,
2946 1125 2999 1170 et
3030 1114 3331 1168 intermisso
3356 1111 3562 1182 pudore

1985 1225 2207 1270 conatur
2237 1215 2449 1268 vincere
2481 1214 2785 1266 Dominum.
2815 1210 3065 1264 Dominus
3093 1209 3215 1263 dicit
3250 1225 3262 1260 :
3303 1206 3421 1260 Non
3442 1205 3562 1257 licet

1985 1310 2164 1361 tollere
2190 1325 2370 1376 panem
2402 1307 2647 1373 ﬁliorum,
2680 1314 2726 1358 et
2767 1304 2960 1357 mittere
3003 1304 3242 1365 canibus;
3287 1310 3341 1355 et
3364 1299 3450 1352 illa
3474 1312 3558 1351 re-

1983 1399 2724 1471 spondit:Etiam,Domine,
2774 1391 2889 1451 sum
2949 1395 3089 1465 quod
3144 1394 3299 1446 dicis.
3356 1391 3556 1444 Canem

1984 1510 2070 1548 me
2100 1507 2277 1556 VOCﬂS,
2324 1493 2472 1545 canis
2502 1505 2617 1543 sum
2649 1502 2918 1556 εθςιιοεοο
2945 1501 3140 1538 nomen
3171 1497 3346 1536 meum
3385 1499 3397 1534 ἶ
3429 1495 3560 1532 co‘n-

1985 1587 2160 1641 fundis
2189 1601 2275 1640 me
2301 1597 2383 1650 tu;
2427 1583 2518 1639 sed
2578 1598 2676 1652 ego
2700 1570 2804 1634 non
2834 1578 3027 1634 recedo
3057 1593 3085 1630 a
3114 1586 3184 1630 te.
3213 1575 3376 1629 Canis
3414 1587 3554 1636 sum,

1986 1694 2178 1749 sequar
2199 1677 2443 1746 te,quasi
2483 1675 2667 1732 canis:
2725 1672 2936 1742 porrige
2986 1670 3113 1723 mihi
3168 1666 3385 1736 aliquid.
3441 1662 3562 1717 Non

1986 1787 2165 1842 qumro
2197 1785 2384 1840 panem
2417 1769 2644 1822 ﬁliorum
2679 1783 2692 1819 :
2724 1765 2792 1818 da
2816 1763 2947 1818 mihi
2973 1763 3054 1816 vel
3081 1761 3266 1820 micas,
3307 1756 3557 1826 quoniam

1988 1873 2043 1919 et
2070 1863 2230 1918 catuli
2262 1861 2582 1916 manducant
2613 1859 2680 1913 de
2705 1858 2855 1912 micis
2879 1871 2996 1926 quze
3017 1855 3210 1909 cadunt
3258 1851 3325 1906 de
3374 1863 3562 1904 mensa

1987 1959 2325 2012 dominorum
2353 1968 2593 2009 suorum.
2617 1953 2660 2006 Ο
2689 1961 2959 2005 certamen
2992 1948 3227 2017 pietatis!
3263 1959 3296 1998 ο
3326 1941 3560 2011 pruden-

1989 2051 2056 2103 tia
2076 2049 2315 2104 feminre!
2349 2045 2548 2100 Canem
2578 2058 2660 2097 me
2683 2043 2836 2108 dicis,
2856 2041 3108 2095 Domine:
3134 2053 3248 2090 sum
3272 2049 3391 2104 ego.
3422 2033 3565 2101 Ergo

1988 2141 2126 2194 nutri
2147 2154 2232 2191 me
2262 2137 2405 2191 velut
2429 2150 2613 2190 canem
2642 2152 2655 2187 :
2689 2149 2793 2186 non
2821 2146 3030 2200 possum
3070 2128 3372 2196 relinquere
3414 2138 3562 2177 meno

1988 2248 2102 2287 sam
2125 2230 2323 2285 domini
2350 2229 2472 2283 mei.
2499 2229 2696 2281 Canem
2715 2228 2798 2278 me
2823 2222 3058 2292 appellas
3088 2238 3104 2275 :
3134 2220 3343 2289 porrige
3372 2216 3557 2270 micas.

1987 2321 2181 2378 Dixisti
2238 2334 2452 2374 causam
2511 2332 2704 2378 meam,
2755 2312 3008 2369 distulisti
3063 2310 3347 2378 petitiones
3392 2319 3560 2366 meas,

1988 2409 2726 2469 manifestasticonditionem
2775 2420 2948 2459 meam
2983 2421 2994 2456 :
3028 2401 3217 2470 adjuva
3258 2413 3343 2452 me
3398 2410 3558 2458 nunc,

1988 2507 2238 2576 quoniam
2265 2513 2320 2559 et
2339 2504 2498 2556 catuli
2515 2502 2667 2555 edunt
2695 2501 2758 2553 de
2773 2500 2916 2552 micis
2943 2513 3060 2567 quce
3088 2495 3277 2547 cad‘unt
3299 2491 3362 2545 de
3392 2505 3565 2542 mensa

1989 2601 2311 2654 dominamur
2339 2613 2566 2652 suorum.
2599 2591 2883 2648 Omulier!
2937 2586 3186 2656 accepisti
3230 2584 3404 2637 subito
3455 2581 3538 2634 Iau

1989 2693 2143 2757 dein,
2180 2699 2231 2746 et
2287 2693 2498 2745 inventa
2545 2702 2604 2742 es
2651 2685 2837 2740 electis
2879 2682 3121 2737 elcctior.
3177 2678 3380 2734 idcirco
3425 2680 3565 2728 tacet

1996 2785 2272 2848 Dominus,
2310 2781 2429 2835 ideo
2457 2778 2663 2834 distulit
2689 2785 2742 2830 et
2768 2774 3045 2845 protraxit,
3073 2782 3126 2825 ut
3158 2778 3389 2824 mentem
3421 2773 3564 2820 tuam

1992 2874 2367 2942 perpenderet,
2391 2882 2444 2925 et
2496 2871 2666 2924 vivam
2700 2868 2765 2922 de
2795 2877 2844 2920 te
2899 2864 3216 2934 producrret
3262 2873 3469 2913 vocem.
3509 2857 3565 2912 Si

1993 2965 2158 3030 enim,
2188 2965 2368 3017 statim
2398 2970 2452 3014 ιιι
2475 2961 2681 3029 cmpisti
2734 2968 2914 3028 petere
2940 2997 2954 3022 ,
3013 2954 3314 3022 accepisses
3335 2993 3349 3015 ,
3401 2963 3566 3004 reces-

1990 3058 2178 3121 sisses,
2203 3064 2256 3109 et
2278 3070 2434 3109 nemo
2466 3053 2622 3106 tidem
2658 3063 2800 3104 tuam
2832 3050 3131 3116 probasset,
3157 3045 3332 3098 nullus
3375 3042 3567 3096 mentis

1994 3158 2099 3202 tua:
2127 3145 2467 3215 cognovisset
2493 3157 2766 3197 arcanum.
2799 3140 2933 3194 Num
2966 3148 3141 3192 autem
3165 3135 3284 3205 quia
3319 3131 3570 3201 intelligis

308 3245 521 3308 liercm’
554 3242 797 3294 dicerem
841 3235 1202 3292 ειυάωίῑῖἀεο
1254 3242 1305 3287 le
1362 3248 1464 3286 που
1512 3230 1758 3284 nummus
1793 3243 1891 3282 nec
1917 3221 1962 3284 (ἶ
1999 3240 2087 3294 Dei
2119 3241 2389 3301 virtutem,
2418 3245 2472 3290 et
2501 3237 2579 3289 sic
2631 3244 2684 3288 te
2736 3230 3014 3300 cognoscis
3061 3237 3116 3280 ιιι
3164 3226 3310 3279 dicas
3345 3241 3358 3277 :
3399 3220 3569 3274 Etiam

307 3334 605 3404 sequimur,
633 3330 886 3399 quoniam
920 3329 1083 3384 solvis
1109 3329 1301 3395 legem.
1356 3323 1601 3391 Praecipit
1629 3323 1770 3376 enim
1804 3321 1886 3374 lex

308 3428 578 3481 abstinere
608 3441 637 3478 a
663 3424 1003 3478 Cliananazis.
1033 3422 1258 3490 Propter
1289 3419 1390 3472 boc
1420 3426 1556 3471 tacet
1589 3417 1844 3470 Dominus
1870 3431 1883 3468 :

306 3531 530 3592 propter
561 3520 660 3572 hoc
693 3534 795 3572 non
822 3516 1098 3585 respondit
1141 3513 1376 3568 mulieri.
1437 3511 1568 3563 Vide
1620 3507 1887 3576 quomodo

307 3626 489 3670 servat
519 3617 714 3683 legem,
742 3623 800 3666 ut
820 3611 1035 3666 Jttdmos
1063 3607 1436 3670 Confunderet,
1470 3606 1654 3658 dicens
1683 3621 1697 3656 :
1733 3604 1885 3667 Quis-

308 3725 426 3761 nam
446 3715 664 3760 vestrum
695 3719 773 3757 me
810 3704 981 3770 arguit
999 3701 1061 3754 de
1089 3699 1330 3769 peccato?
1375 3696 1510 3750 Ecce
1562 3709 1666 3748 non
1720 3694 1886 3762 respi-

307 3801 392 3853 cio
417 3798 480 3852 ad
507 3797 782 3852 mulierem
813 3794 1165 3848 Clianantcatn
1192 3809 1206 3857 ;
1234 3805 1359 3844 ecce
1385 3791 1578 3842 clamat
1621 3788 1737 3840 sine
1761 3801 1889 3839 cau-

307 3908 396 3957 sa;
472 3907 596 3947 ecce
667 3891 934 3953 obsecrat,
986 3896 1038 3941 et
1069 3903 1173 3941 non
1221 3885 1506 3940 exauditur
1550 3902 1563 3938 :
1611 3898 1736 3938 ecce
1758 3897 1889 3951 quo-

311 3985 480 4040 modo
527 3993 684 4037 teneo
711 3982 842 4049 legis
869 3980 1118 4044 formam,
1151 3993 1217 4032 ne
1246 3977 1436 4031 dicatis
1471 3975 1721 4045 quoniam
1753 3988 1888 4041 prae-

309 4076 464 4131 terivi
497 4075 690 4144 legem.
721 4073 843 4128 Ideo
871 4088 974 4126 non
1003 4069 1274 4124 credimus
1301 4069 1352 4121 in
1387 4078 1457 4122 te.
1503 4065 1614 4120 Non
1647 4079 1710 4118 ex
1770 4078 1854 4116 me

309 4167 404 4220 sed
431 4182 493 4220 ex
521 4165 670 4218 vobis
693 4172 775 4218 est
826 4177 997 4216 error.
1048 4159 1416 4214 Obmutescite
1450 4157 1625 4224 itaque
1673 4162 1842 4222 proplt

308 4260 703 4314 observantiam
737 4258 1066 4326 legis:ecce
1090 4253 1332 4306 nationes
1387 4250 1452 4302 ad
1501 4263 1587 4302 me
1645 4247 1884 4308 veniunt,

307 4368 435 4407 ecce
466 4354 688 4420 populus
705 4364 859 4420 quem
891 4363 995 4402 non
1029 4345 1172 4409 novi,
1224 4343 1352 4397 mibi
1395 4342 1597 4395 servire
1629 4339 1840 4392 festinat
1868 4353 1883 4390 :

307 4445 474 4500 nolite
522 4443 916 4514 argumentosis
955 4438 1325 4493 occasionibus
1375 4436 1473 4489 uti.
1531 4434 1669 4487 Ecce
1709 4448 1734 4483 a
1780 4445 1884 4483 non

1991 3333 2152 3388 catuli
2176 3333 2328 3387 edunt
2351 3332 2413 3385 de
2439 3331 2580 3383 micis
2599 3343 2712 3398 qua:
2738 3328 2927 3380 cadunt
2958 3325 3019 3376 de
3045 3337 3216 3374 mensa
3245 3318 3568 3370 dominorum

1971 3407 2239 3501 suorum}
2262 3424 2418 3477 laudo
2447 3433 2495 3476 te
2516 3437 2616 3492 ego
2637 3429 2688 3474 et
2709 3419 2827 3473 dico
2862 3433 2875 3470 :
2904 3416 2948 3469 0
2969 3413 3174 3477 mulier,
3199 3426 3384 3480 magna
3408 3417 3478 3460 est
3508 3407 3568 3474 ﬁ-

1992 3522 2084 3572 das
2123 3528 2228 3581 tua,
2261 3519 2349 3583 ﬁat
2377 3516 2463 3568 tibi
2492 3515 2621 3566 sicut
2646 3513 2739 3566 vis.

2061 3609 2433 3666 Audiauthtcc
2463 3609 2662 3661 inertes
2701 3613 2754 3658 et
2779 3602 3008 3671 improbi
3041 3599 3128 3670 qui
3178 3598 3356 3652 dicunt
3391 3613 3403 3648 :
3433 3595 3568 3648 Ora-

1991 3708 2190 3770 vimus,
2233 3714 2287 3758 et
2339 3717 2442 3756 non
2494 3699 2915 3768 impetravimus.
2981 3695 3116 3762 Quid
3161 3691 3419 3758 loqueris,
3472 3689 3568 3741 lto-

1992 3798 2117 3850 mo?
2150 3796 2409 3848 instanter
2433 3807 2548 3857 ora,
2578 3793 2881 3858 importune
2907 3781 3568 3852 obsecra,siquidctttpul-

1991 3887 2131 3942 santi
2171 3890 2461 3955 aperietur.
2501 3883 2604 3939 Sed
2635 3882 2809 3936 dicis:
2854 3880 3177 3948 Deprecatus
3227 3866 3358 3928 sum’
3377 3871 3567 3934 semel,

1991 3980 2207 4042 iterum,
2241 3988 2294 4031 et
2323 3985 2427 4042 ter,
2461 3983 2742 4043 etquater,
2775 3981 2828 4025 et
2879 3971 3096 4038 septies,
3158 3975 3212 4021 et
3265 3965 3463 4026 decies,
3515 3970 3572 4015 et

1997 4071 2174 4136 vicies,
2203 4079 2256 4123 et
2299 4084 2404 4121 non
2432 4067 2703 4120 exaudivit
2754 4064 2914 4118 Deus.
2959 4065 3003 4116 0
3032 4060 3190 4113 stulta
3235 4055 3570 4112 inventiolet

1991 4161 2119 4230 quid
2145 4175 2306 4224 nunc,
2339 4159 2459 4226 quia
2491 4172 2587 4211 nos
2625 4171 2686 4209 es
2705 4155 3008 4216 exauditus,
3030 4152 3138 4220 jam
3172 4149 3380 4203 recedis
3404 4161 3432 4198 a
3464 4143 3570 4198 Do-

1991 4254 2159 4318 mino,
2183 4259 2237 4304 et
2257 4250 2476 4304 desistis
2497 4264 2526 4302 a
2551 4247 2751 4317 prece?
2781 4255 2868 4298 aut
2900 4260 3004 4298 non
3032 4244 3180 4296 vides
3221 4250 3570 4309 perseueran-

1991 4345 2118 4399 tiam
2145 4341 2383 4396 mulieris
2439 4339 2776 4407 Chananmac,
2802 4335 3072 4408 quomodo
3101 4335 3269 4402 magis
3328 4331 3565 4400 aporiata

1992 4437 2210 4505 insistit,
2244 4444 2296 4490 et
2318 4434 2532 4504 repulsa
2576 4431 2932 4502 importunius
2986 4429 3265 4491 obsecrat;
3309 4440 3405 4478 nec
3448 4431 3571 4476 ante

307 4536 750 4604 cognoscentibus
772 4547 857 4586 me
873 4531 1116 4600 cognitus
1137 4543 1279 4592 sum,
1302 4537 1355 4580 et
1393 4542 1422 4578 a
1451 4525 1681 4594 cognitis
1731 4525 1882 4591 igno-

1991 4529 2223 4584 cessavit
2251 4542 2406 4596 quam
2459 4523 2598 4594 quod
2651 4523 2896 4592 qumsivit
2949 4519 3183 4575 invenit?
3229 4518 3360 4571 Sunt
3417 4513 3568 4568 inulti

306 4637 496 4683 ratus:
529 4643 652 4681 ecce
701 4624 1015 4694 alienigena:
1067 4618 1458 4685 obsecundant,
1505 4627 1558 4671 et
1608 4615 1884 4670 domestici

1992 4622 2204 4692 quidem
2220 4622 2308 4690 qui
2338 4619 2535 4672 intrant
2565 4618 2614 4671 in
2646 4612 2950 4674 ecclesiam,
2982 4619 3037 4663 et
3066 4615 3306 4676 strepunt
3343 4605 3394 4659 in
3451 4616 3571 4656 ora-

309 4724 558 4778 stevinnt.
585 4719 716 4774 l'ltcc
741 4728 821 4773 est
844 4719 1022 4787 itaque
1055 4715 1222 4782 prima
1254 4727 1433 4776 causa,
1494 4711 1632 4781 quod
1680 4709 1884 4762 distulit

310 4811 570 4866 Dominus
600 4809 924 4879 respondere
955 4807 1183 4861 mulieri.

383 4903 590 4956 Interea
621 4900 926 4969 persistitin
973 4899 1204 4951 clamore
1247 4896 1456 4960 mulier,
1496 4895 1677 4948 dicens
1719 4910 1734 4946 :

305 4999 551 5068 iuvante.
579 4995 811 5047 Domine.
865 4993 929 5046 Et
976 4994 1088 5060 ipse
1138 5002 1340 5044 tantum
1380 4988 1651 5056 respondit
1698 5004 1709 5038 :

307 5088 424 5141 licet
476 5087 654 5140 tollere
699 5101 878 5154 panem
929 5085 1175 5150 ﬁliorum,
1232 5091 1275 5134 et
1315 5082 1512 5134 mittere
1560 5079 1792 5132 canibus.
1841 5078 1886 5129 υ

307 5175 593 5248 prudentia
651 5175 876 5229 medici!
926 5174 1106 5227 multis
1148 5171 1553 5225 difﬁcultatibus
1610 5166 1889 5236 suspendit

307 5269 612 5331 mulierem,
673 5279 732 5322 ut
757 5267 952 5337 duplici
1003 5275 1273 5335 postremo
1323 5265 1527 5317 honore
1568 5263 1885 5324 cumularet,

307 5362 526 5416 dicens:
564 5361 683 5414 Non
708 5362 823 5412 licet
864 5359 1040 5411 tollere
1096 5373 1278 5425 panem
1321 5356 1568 5420 ﬁliorum,
1608 5365 1654 5406 et
1694 5352 1889 5404 mittere

307 5453 542 5507 canibus.
585 5450 686 5518 Qui
714 5458 840 5502 sunt
861 5447 988 5501 ﬁlii?
1015 5461 1148 5516 quos
1178 5445 1349 5498 vides.
1401 5442 1746 5496 Conl'undens
1795 5455 1887 5493 eus

308 5544 414 5600 hoc
434 5545 580 5607 dicit,
610 5542 729 5611 quia
758 5538 968 5592 fuerunt
999 5536 1112 5601 lilii,
1147 5545 1201 5589 et
1224 5534 1343 5610 facti
1404 5541 1529 5586 sunt
1577 5545 1757 5593 canes,
1821 5528 1888 5581 de

309 5636 500 5707 quibus
531 5633 724 5686 Paulus
750 5630 879 5684 dicit
913 5627 1117 5680 :Videte
1139 5642 1310 5688 canes,
1335 5625 1495 5678 videte
1518 5623 1677 5676 malus
1709 5635 1888 5689 opera-

310 5731 436 5788 rios,
462 5725 1004 5789 videteinterfecmres.
1056 5716 1162 5769 Nos
1190 5724 1364 5767 autem
1410 5714 1498 5782 qui
1553 5712 1697 5764 velut
1730 5725 1887 5764 canes

313 5830 545 5884 eramus,
577 5815 639 5868 dc
666 5813 914 5884 gentibus
946 5809 1067 5864 lacti
1093 5822 1275 5864 sumtis
1309 5805 1397 5858 lilii
1447 5805 1495 5857 in
1561 5817 1744 5856 eorum
1803 5817 1884 5855 ra-

1783 4893 1886 4945 Ad-

1995 4719 2158 4781 tioue,
2221 4713 2440 4768 confuse
2495 4721 2654 4779 atque
2701 4693 3052 4773 intemperata
3095 4715 3224 4752 voce
3261 4698 3572 4765 dispergunt

1994 4807 2152 4860 verba
2180 4819 2297 4869 sua,
2327 4813 2382 4857 et
2406 4801 2604 4870 egressi
2667 4799 2810 4852 foras
2859 4795 3007 4850 obliti
3067 4800 3191 4846 sunt
3247 4788 3444 4842 omnia.
3509 4784 3572 4838 lli

1992 4907 2117 4952 sunt
2137 4898 2223 4966 qui
2258 4895 2414 4949 labiis
2439 4893 2700 4956 binniuut,
2733 4900 2786 4944 et
2813 4888 2976 4942 corde
3006 4901 3108 4939 non
3137 4881 3477 4950 'concipiunt.
3515 4877 3572 4932 Si

1764 4985 1887 5039 Non
1931 4973 1974 5014 ⁸
1997 5000 2049 5043 ιιι
2083 4992 2194 5058 ipse
2215 4989 2352 5043 dicta
2377 4997 2463 5039 tua
2487 4996 2539 5038 et
2562 4997 2746 5051 preces
2771 4982 3006 5051 ignoras,
3031 4974 3300 5047 quomodo
3332 4983 3384 5026 te
3411 4985 3575 5026 exau-

1990 5081 2070 5135 dit
2098 5080 2278 5135 Deus?
2315 5078 2455 5147 Dicis
2482 5095 2492 5127 :
2526 5074 2775 5128 lnclinavi
2806 5086 2976 5141 genua
3008 5084 3146 5132 mea,
3193 5078 3246 5120 et
3274 5065 3441 5118 oravi.
3473 5062 3575 5116 Ge-

1991 5189 2092 5227 nua
2124 5181 2208 5226 tua
2233 5170 2500 5223 inclinasti
2527 5170 2576 5219 in
2604 5176 2800 5220 terram
2833 5180 2847 5220 :
2875 5172 2928 5216 et
2951 5174 3102 5215 mens
3153 5168 3237 5212 tua
3297 5157 3427 5210 iuris
3480 5169 3575 5222 per

1991 5266 2201 5318 diversa
2234 5261 2504 5315 discurrit.
2534 5257 2739 5325 Corpus
2768 5254 2982 5325 quidem
3034 5252 3199 5314 intus,
3251 5249 3344 5303 sed
3375 5247 3576 5314 cogita-

1995 5355 2264 5418 tioloris;
2297 5354 2468 5420 lingua
2529 5362 2613 5402 tua
2665 5347 2917 5416 pecunias
2969 5350 3211 5397 numerat
3260 5350 3315 5396 et
3361 5351 3572 5391 usuras.

1995 5449 2248 5504 Diabolus
2281 5446 2451 5499 malus
2508 5453 2562 5496 et
2610 5440 2818 5494 invidus
2877 5438 3144 5500 inimicus,
3194 5431 3408 5504 quando
3456 5443 3575 5481 ora-

1993 5553 2134 5603 mus,
2159 5547 2285 5592 tunc
2340 5535 2506 5604 magis
2571 5532 2831 5587 incumbit
2884 5539 2938 5583 et
2984 5526 3263 5593 obstrepit.
3318 5521 3430 5575 Non
3479 5535 3578 5572 nos

1992 5634 2167 5703 pulsat
2195 5647 2315 5685 cum
2349 5629 2518 5683 securi
2547 5628 2790 5696 jacemus
2850 5628 2900 5678 in
2945 5621 3192 5677 lectulis:
3241 5619 3484 5670 venimus
3510 5617 3575 5668 ad

1992 5723 2388 5786 orationem,ct
2415 5720 2504 5792 ille
2527 5733 2622 5772 nos
2664 5716 3043 5784 cogitationum
3088 5707 3340 5760 stimulis-
3375 5704 3574 5760 turbnt.

2065 5814 2231 5884 llujus
2261 5812 2517 5868 versutias
2540 5811 2832 5880 cogitantes
2858 5804 3174 5861 revertimur
3197 5800 3263 5854 ad
3291 5801 3567 5854 mulierem
