4126 6362
322 387 424 442 129

1687 380 2051 441 PROLEGOM
2062 383 2214 441 ENA.

3473 387 3580 446 450

318 501 518 572 ῥυάκων
564 497 890 572 ἀποφέρεται.
939 497 1016 551 Ἐν
1061 493 1114 551 δί
1159 492 1579 568 τῷδπορεύισθαί
1628 494 1645 525 ¹
1680 495 1762 548 τόν
1805 503 1895 550 τοῦ

2012 496 2171 550 oculis
2197 495 2472 550 furabatur
2502 494 2692 562 horas,
2745 503 2799 551 et
2827 510 2985 566 quem
3016 497 3116 553 sibi
3164 497 3230 552 ad
3260 499 3598 554 tnanducan-'

319 599 446 648 Θεοῦ
478 589 764 666 ἄνθρωπον,
792 589 1019 661 μοναχός
1043 610 1143 656 τις,
1173 583 1415 659 Ῥωμνός
1439 595 1510 653 τῷ
1533 588 1743 659 ὀνόματι
1769 595 1901 644 τοῦ·-

319 706 407 740 τον
435 684 772 758 πορευόμενον
799 684 1126 755 θεασάμενος,
1159 684 1240 735 καί
1265 683 1314 734 ἐν
1337 677 1375 753 ᾧ
1397 681 1538 749 τόπῳ
1581 682 1731 738 ἀπείη
1761 683 1782 712 ¹
1815 703 1902 736 κα-

319 779 593 850 ταμαθών,
635 781 718 830 καὶ
765 781 855 834 τήν
898 777 1158 846 ἐπιθυμίαν
1203 775 1358 828 αὐτοῦ
1408 774 1664 844 ἐγνωκὼς,
1702 775 1762 827 τό
1811 776 1901 842 μὲν

321 872 603 944 μυστήριον
628 868 678 919 ἐν
703 867 842 936 αὐτῷ
870 865 1100 936 ἐφύλαξε,
1132 864 1361 938 βοήθειαν
1386 862 1439 917 δέ
1464 867 1549 918 καὶ
1572 863 1592 893 ⁸
1617 862 1902 939 συνδρομήν

242 969 249 975 ’
323 961 594 1033 παρέσχεν
612 960 772 1031 αὐτῷ,
794 960 840 1011 ἐν
855 955 929 1018 οἷς
946 953 1005 1012 ἂν
1025 959 1055 1016 ἡ
1080 960 1234 1032 χρεία
1251 959 1453 1028 ἀπῄτει.
1473 957 1752 1029 ’Λμφιάσας
1775 955 1795 986 ⁸
1817 958 1905 1010 αῦ-

321 1051 409 1103 τόν
437 1052 521 1101 καί
553 1050 612 1103 τὸ
641 1056 740 1102 τῶν
769 1055 1009 1119 μοναχῶν
1053 1046 1207 1118 ἆγιων
1233 1053 1442 1116 σχῆμα,
1470 1048 1549 1098 καί
1579 1046 1707 1100 κατά
1727 1047 1785 1100 τό
1815 1044 1905 1100 δυ·

318 1142 470 1193 νατόν
514 1139 725 1196 διηκόνει
767 1141 908 1211 αὐτῷ
939 1140 985 1191 ἐν
1014 1146 1128 1198 ταῖς
1160 1145 1476 1206 σωματικαῖς
1507 1141 1730 1211 χρείαις.
1771 1148 1825 1190 '0
1851 1135 1906 1192 δὲ

321 1230 543 1304 θεόφρων
591 1224 742 1290 οὗτος
787 1232 930 1304 ἀνὴρ,
973 1229 1019 1282 ἐν
1062 1237 1135 1302 τῷ
1175 1230 1315 1298 αὐτῷ
1359 1224 1500 1298 τόπῳ
1535 1229 1585 1280 ἐν
1621 1229 1905 1296 στενοτάτῳ

324 1324 559 1393 σπηλαίῳ
604 1323 780 1378 ἑαυτὸν
826 1324 1083 1397 καθεῖρξε,
1124 1325 1204 1376 καὶ
1245 1322 1292 1373 ἐν
1330 1323 1472 1394 τρισί
1513 1320 1752 1394 χρόνοις,
1782 1321 1906 1379 πλὴν

317 1418 578 1486 Ῥωμανοῦ
603 1421 693 1468 τοῦ
724 1421 984 1485 μοναχοῦ,
1013 1422 1124 1474 τοῖς
1173 1416 1450 1487 ἀνθρώποις
1480 1409 1743 1484 ἄγνωστος
1780 1435 1906 1467 παν-

322 1510 478 1567 τελῶς
506 1509 764 1582 ὑπῆρχεν·
802 1506 946 1566 ὅστις
973 1506 1236 1578 Ῥωμανὸς,
1261 1507 1318 1558 οὐ
1343 1506 1552 1575 μήκοθεν
1579 1506 1625 1557 ἐν
1649 1526 1908 1575 μοναστη-

324 1603 417 1674 ρίῳ
461 1600 560 1652 ὑπό
600 1601 684 1653 τόν
721 1604 813 1652 τοῦ
853 1596 1168 1652 Ἀδεωδάτου
1205 1597 1449 1670 έπατρός
1493 1597 1664 1650 κανόνα
1719 1594 1904 1666 διῆγεν.

321 1682 685 1749 Ἀλλέὐσεϐὡς
710 1688 735 1743 6
765 1690 919 1748 αὐτὸς
968 1695 1057 1744 τοῦ
1107 1689 1285 1743 οἰκείου
1329 1687 1466 1740 άϐϐᾶ
1508 1693 1598 1745 τὴν
1632 1683 1745 1755 ὄψιν
1786 1687 1911 1740 ὑπέ-

328 1780 539 1843 κλεπτε,
579 1788 640 1854 τῇ
684 1781 793 1852 ὥρᾳ
836 1789 926 1838 τῆς
973 1780 1275 1840 ἑστιάσεως,
1309 1780 1393 1830 καὶ
1434 1776 1517 1832 διά
1559 1778 1721 1853 ῥητῶν
1764 1799 1909 1831 τινων

2003 590 2127 642 dum
2156 588 2434 657 subripere
2461 598 2690 658 poterat,
2737 589 2926 645 diebus
2971 592 3134 646 certis
3164 592 3452 647 Benedicto
3486 607 3579 661 pa-

2004 695 2128 733 nem
2160 677 2385 732 ferebat.
2442 680 2521 732 Ad
2567 679 2811 734 eumdem
2851 695 2980 735 vero
3019 695 3240 748 specum
3269 696 3299 735 a
3351 682 3577 736 Romani

2003 771 2138 826 cella
2162 771 2264 824 iter
2293 784 2396 823 non
2427 782 2541 825 erat
2560 810 2574 833 ,
2605 772 2726 840 quia
2754 772 2965 826 excelsa
3001 772 3233 840 desuper
3257 787 3417 841 rupes
3437 773 3576 826 emi-

2005 863 2196 925 nebat;
2228 862 2323 916 sed
2351 877 2417 916 ex
2464 864 2652 917 eadem
2681 879 2814 931 rupe
2848 865 2898 917 in
2948 866 3256 934 longissimo
3297 866 3420 920 fune
3453 866 3581 921 reli-

2004 962 2184 1020 gatum
2223 951 2492 1005 Romanus
2525 951 2795 1020 deponere
2835 968 3026 1022 panem
3067 964 3466 1018 consueverat;
3521 954 3579 1008 in

2006 1061 2108 1115 qua
2133 1056 2157 1082 α
2183 1046 2343 1098 etiam
2383 1043 2512 1099 resti
2541 1060 2760 1112 parvum
2792 1047 3203 1101 tintinnabulum
3237 1047 3480 1111 inseruit,
3523 1056 3583 1100 ut

2006 1137 2071 1190 ad
2103 1152 2290 1191 sonum
2316 1136 2658 1189 tintinnabuli
2689 1137 2770 1190 vir
2799 1137 2892 1190 Dei
2916 1137 3485 1207 cognosceretqnando
3506 1138 3582 1190 si-

2007 1227 2061 1280 bi
2092 1227 2362 1281 Romanus
2390 1240 2579 1293 panetn
2614 1225 2902 1293 prreberet,
2923 1242 3080 1294 quem
3110 1226 3295 1280 exiens
3322 1224 3348 1263 δ
3375 1225 3582 1294 accipe-

2008 1326 2111 1371 ret.
2147 1316 2274 1377 ,Sed
2305 1315 2557 1385 antiquus
2580 1315 2748 1369 hostis
2778 1317 2933 1369 unius
2954 1317 3201 1370 charitati
3238 1316 3500 1382 invidens,
3530 1324 3584 1370 et

2009 1407 2231 1461 alterius
2262 1405 2558 1473 refectioni,
2592 1421 2711 1459 cum
2743 1407 2971 1474 quadam
3003 1406 3090 1460 die
3120 1407 3356 1461 submitti
3392 1423 3582 1476 panem

2009 1500 2372 1570 conspiceret,
2421 1501 2642 1567 jactavit
2672 1500 2930 1568 lapidem,
2961 1511 3012 1553 et
3041 1501 3450 1555 tintinnabulum
3480 1499 3586 1554 fre-

2010 1592 2107 1663 git.
2159 1592 2430 1645 Romanus
2462 1603 2639 1646 tamen
2686 1591 2858 1644 modis
2904 1591 3324 1661 congruentibus
3357 1602 3380 1630 ε
3427 1591 3584 1644 mini-

2010 1695 2183 1739 strare
2206 1699 2310 1738 non
2342 1686 2520 1739 desiit.
2546 1683 2675 1738 Cum
2712 1684 2961 1752 verojam
2989 1686 3127 1738 Deus
3159 1687 3498 1753 omnipotens
3527 1692 3583 1738 et

2013 1774 2308 1829 Romanum
2341 1775 2500 1830 vellet
2521 1792 2549 1827 a
2579 1775 2760 1828 labore
2788 1774 3061 1842 quiescere
3080 1817 3095 1840 ,
3129 1783 3183 1826 et
3212 1773 3482 1828 Benedicti
3504 1774 3582 1825 vi-

326 1869 522 1942 ἦμερῶν
545 1879 617 1942 τῷ
642 1877 732 1924 τοῦ
759 1876 882 1924 Θεοῦ
913 1871 1160 1943 ἀνθρώπῳ
1189 1867 1458 1937 Βενεδίκτῳ
1480 1865 1631 1944 ἄρτον
1658 1864 1901 1940 ἐκόμιζεν·

2012 1878 2116 1922 tam
2149 1869 2202 1922 in
2234 1867 2867 1936 exemplum-hominibus
2889 1865 3258 1920 demonstrare
3288 1910 3302 1934 ,
3330 1875 3386 1919 tit
3412 1867 3584 1934 posita

324 1961 381 2013 ίκ
429 1959 482 2015 δὲ
531 1967 622 2015 τοῦ
675 1963 1013 2034 μοναστηρίου
1057 1966 1304 2030 Ῥωμανοῦ
1349 1957 1458 2016 ὁδὸς
1500 1957 1520 1987 ⁶
1558 1956 1907 2034 οὒχ’ῦπῆρχε

321 2052 553 2124 φέρουσα
577 2051 624 2102 ἐν
644 2058 714 2120 τῷ
736 2059 826 2105 τοῦ
851 2049 990 2104 ὁσίου
1015 2051 1266 2118 σπηλαίῳ,
1287 2048 1414 2103 διότι
1435 2046 1751 2116 ὑψηλότατος
1777 2050 1909 2121 ὑπὲρ

322 2139 511 2197 ἄνωθεν
541 2144 756 2218 κρημνός
803 2143 1068 2218 ὑπῆρχεν,
1099 2143 1272 2194 ἀλλ’ἐκ
1299 2148 1390 2194 τοῦ
1421 2143 1579 2196 αὐτοῦ
1607 2145 1827 2214 κρημνοῦ
1858 2142 1909 2194 ἐν

325 2234 632 2304 μακροτάτω
659 2237 874 2302 σχοινὶῳ
898 2233 922 2286 6
949 2235 1192 2300 Ῥωμανός
1222 2234 1455 2302 κατάγειν
1483 2233 1622 2303 αὐτῷ
1650 2233 1733 2285 τόν
1756 2229 1910 2306 ἇρτον

348 2318 531 2374 ἶθιστο.
557 2321 631 2374 ἐν
730 2323 950 2391 σχοινίῳ
986 2323 1167 2392 σεμνὸν
1194 2322 1214 2352 ⁷
1245 2320 1452 2376 κώδωνα
1477 2320 1636 2384 ἔθετο,
1665 2321 1728 2376 δι’
1750 2324 1910 2376 αὐτοῦ

323 2417 580 2483 σημαίνων
622 2421 694 2484 τῷ
734 2413 860 2484 ἁγίῳ
895 2419 988 2471 τὴν
1031 2417 1184 2466 αὐτοῦ
1238 2417 1527 2489 παρουσίαν
1565 2418 1647 2467 καὶ
1687 2420 1776 2473 τὴν
1818 2421 1909 2469 τοῦ

324 2499 485 2577 ἄρτου
514 2509 771 2574 παροχήν.
801 2503 966 2558 ’Δλλ’ό
990 2511 1089 2558 τῶν
1121 2504 1338 2558 εὐσεϐῶν
1369 2505 1553 2576 ἐχθρός
1575 2507 1774 2564 καὶτῆς
1800 2507 1911 2581 ἁρε-

328 2605 418 2656 τῆς
449 2596 709 2656 ἐπίϐουλός
735 2618 789 2651 τε
820 2601 901 2651 καὶ
925 2597 1179 2668 βάσκανος
1214 2597 1428 2667 δαίμων,
1459 2606 1533 2670 τῷ
1561 2601 1650 2669 μέν
1675 2598 1910 2668 Ῥωμανῷ

327 2682 410 2740 3ιά
456 2692 543 2743 τὴν
584 2693 674 2745 τῆς
716 2689 915 2758 ἀγάπης
941 2686 1578 2762 συμπαθῆςφιλοφροσυνην
1624 2691 1907 2755 άντέκειτο,

328 2776 593 2848 εενεδίκτῳ
621 2777 674 2833 δὲ
705 2786 777 2850 τῷ
803 2780 1069 2849 σεϐασμίῳ
1110 2781 1319 2850 ἐφθόνει,
1351 2779 1435 2835 διά
1475 2786 1566 2838 την
1593 2789 1683 2840 τῆς
1729 2783 1912 2859 χρείας

327 2866 547 2932 ἴνδειαν,
573 2872 808 2942 καί’πρός
838 2871 958 2924 Θεὸν
998 2872 1308 2942 εὐχάριστον
1339 2874 1562 2942 γνώμην.
1610 2872 1911 2941 Βουλόμενος

324 2955 410 3013 οὖν
437 2959 626 3018 ταύτην
669 2963 918 3031 άμςλῆναι
947 2963 989 3026 ⁸,
1013 2965 1096 3014 καί
1125 2964 1194 3022 εἰς
1225 2963 1475 3034 ρᾳθυμίαν
1504 2963 1652 3015 αὐτόν
1681 2963 1908 3033 ἀγαγεῖν,

327 3053 378 3105 ἐν
399 3057 490 3123 μιᾷ
512 3060 609 3106 τῶν
635 3055 831 3125 ἡμερῶν
851 3095 866 3119 ,
893 3054 945 3104 ἐν
1027 3053 1158 3107 κατὰ
1182 3053 1238 3104 τό
1268 3053 1478 3110 συνῆθες
1506 3050 1799 3122 όῬωμανός
1828 3053 1912 3106 τόν

328 3141 481 3219 ἄρτον
514 3143 598 3200 διὰ
636 3151 725 3200 τοῦ
753 3147 1014 3219 εἰρημένου
1045 3147 1278 3214 σχοινίου
1319 3151 1392 3212 τῷ
1429 3142 1556 3214 ὁσίῳ
1591 3143 1857 3208 ἐπεδίδου,
1887 3144 1912 3197 6

2011 1974 2171 2025 supra
2229 1959 2608 2013 candelabrum
2658 1960 2872 2012 lucerna
2927 1959 3268 2021 claresceret,
3322 1967 3586 2026 quatenus

2011 2051 2258 2106 omnibus
2281 2043 2370 2120 qui
2403 2051 2456 2104 in
2482 2050 2760 2122 domoZDei
2781 2061 2903 2104 sunt
2926 2051 3147 2114 luceret,
3187 2050 3401 2103 cuidam
3436 2064 3585 2117 pres-

2011 2143 2202 2212 bytero
2241 2141 2448 2211 longius
2471 2143 2726 2206 manenti,
2759 2141 2845 2209 qui
2884 2142 3226 2195 refectionem
3258 2143 3358 2196 sibi
3393 2143 3443 2194 in
3480 2141 3584 2195 Pa-

2011 2235 2183 2289 schali
2213 2235 2500 2289 festivitate
2531 2243 2844 2303 paraverat,
2889 2250 2981 2302 per
3012 2236 3180 2287 visunt
3215 2235 3468 2288 Dominus
3489 2251 3586 2302 ap-

2014 2340 2202 2395 parere
2231 2325 2481 2394 dignatus
2512 2333 2617 2390 est,
2644 2327 2830 2380 dicens
2863 2327 2978 2378 :Tu
3011 2326 3347 2391 tibidelicias
3380 2341 3586 2395 praepa-

2015 2433 2125 2482 ras,
2157 2427 2210 2472 et
2234 2431 2427 2470 servus
2467 2430 2618 2470 meus
2651 2417 2744 2470 illo
2774 2416 2826 2469 in
2858 2418 2974 2470 loco
3005 2417 3142 2470 fame
3170 2418 3458 2470 cruciatur.
3485 2417 3590 2482 Qui

2015 2511 2256 2579 protinus
2284 2510 2538 2572 surrexit,
2569 2519 2732 2578 atque
2759 2509 2809 2562 in
2835 2509 2947 2578 ipsa
2977 2509 3317 2564 solemnitate
3344 2511 3590 2564 Paschali

2011 2617 2134 2656 cum
2156 2602 2426 2655 alimentis
2448 2617 2567 2670 qua:
2596 2601 2696 2654 sibi
2722 2613 3021 2670 paraverat,
3048 2602 3113 2654 ad
3143 2602 3316 2656 locum
3341 2603 3589 2666 tetendit,

2013 2703 2068 2747 et
2096 2694 2268 2746 virum
2298 2693 2389 2746 Dei
2420 2708 2515 2760 per
2536 2695 2760 2760 abrupta
2786 2687 3071 2757 montium,
3103 2709 3196 2762 per
3222 2709 3454 2748 cnncava
3477 2696 3592 2747 val-

2014 2785 2165 2850 lium,
2189 2799 2284 2854 per
2306 2785 2516 2839 defossa
2551 2794 2813 2838 terrarum
2852 2786 3129 2854 quaesivit,
3169 2802 3397 2856 euntque
3425 2787 3594 2840 latere

2013 2876 2065 2930 in
2097 2891 2258 2945 specu
2291 2876 2515 2944 reperit.
2574 2876 2814 2944 Cumque
2842 2877 3084 2930 oratione
3124 2876 3264 2931 facta
3297 2918 3312 2939 .
3366 2878 3592 2931 benedi-

2014 2976 2198 3022 centes
2242 2967 2524 3020 Dominum
2553 2967 2977 3035 omnipotentem
3019 2968 3422 3035 consedissent,
3474 2978 3595 3036 post

2015 3059 2187 3114 dulcia
2222 3061 2345 3113 vitae
2405 3059 2706 3127 colloquia,
2761 3059 2806 3112 is
2848 3061 2937 3128 qui
2986 3059 3272 3114 advenerat
3318 3061 3595 3130 presbyter

2015 3151 2155 3205 dixit
2188 3168 2199 3202 :
2233 3152 2424 3219 Surge,
2479 3165 2752 3204 sumamus
2792 3151 2993 3214 cibum,
3042 3151 3164 3219 quia
3196 3150 3356 3204 hodie
3388 3151 3594 3204 Pascha

327 3243 426 3290 τῶν
455 3235 642 3306 ψυχῶν
671 3238 810 3307 ἡμῶν
840 3238 1047 3311 ἐχθρός,
1074 3237 1230 3309 ῥίψας
1256 3235 1386 3289 λίθον
1416 3238 1501 3290 τόν
1526 3234 1730 3289 κώδωνα
1766 3237 1911 3289 συνέ-

2017 3253 2119 3297 est.
2146 3241 2243 3296 Cui
2267 3242 2346 3296 vir
2380 3243 2474 3296 Dei
2505 3242 2804 3310 respondit,
2833 3242 3056 3296 dicens:
3095 3242 3216 3297 Scio
3239 3243 3358 3312 quia
3392 3243 3592 3298 Pa~cha

327 3325 525 3398 τριψιν.
545 3333 600 3378 '0
620 3329 924 3396 τιμιώτατος
948 3325 1000 3379 δέ
1025 3327 1274 3398 Ῥωμανός
1297 3332 1414 3385 ταῖς
1441 3323 1761 3396 πρεπούσαις
1783 3328 1912 3380 κατά

327 3417 450 3470 Θεὸν
479 3415 738 3480 ἐπινοίαις,
773 3419 859 3470 οὐκ
881 3419 1078 3474 ἀπέστη
1108 3423 1200 3471 τοῦ
1227 3418 1502 3490 θεαρὲστου
1533 3418 1716 3476 ἐκείνης
1746 3415 1914 3470 διακο-

329 3509 458 3566 νίας.
490 3503 610 3563 Ὀτε
643 3507 694 3562 δὲ
725 3507 996 3566 ηὐδόκησεν
1021 3511 1040 3540 θ
1071 3508 1096 3562 ό
1138 3507 1519 3578 παντοδύναμος
1563 3510 1684 3568 Θεὸς
1711 3511 1798 3562 τόν
1824 3511 1912 3576 μὲν

329 3597 576 3669 Ῥωμανὸν
598 3605 692 3653 τοῦ
724 3601 881 3653 κόπου
911 3607 1001 3660 τῆς
1026 3601 1250 3672 θεοφίλου
1288 3601 1473 3659 ἐκείνης
1507 3600 1791 3672 ὑπηρεσίας
1820 3622 1912 3653 κα.-

330 3698 620 3758 ταπαῦσαι,
651 3697 738 3749 τήν
767 3691 819 3746 δέ
849 3699 938 3746 τοῦ
993 3695 1246 3765 μακαρίου
1280 3692 1470 3768 πατρὸς
1501 3689 1784 3745 Βενεδίκτου
1813 3712 1913 3744 πο-

329 3780 516 3836 λιτείαν
558 3785 631 3843 είς
667 3783 858 3838 πολλῶν
895 3785 1127 3854 ὠφέλειαν
1156 3781 1428 3848 ἐπιδεῖξαι,
1454 3788 1521 3851 μή
1557 3787 1915 3857 συγχωρήσας

331 3875 416 3926 hri
435 3874 557 3926 πολύ
587 3883 658 3945 τῷ
674 3874 830 3946 μοδίῳ
865 3874 1180 3947 κρύπτεσθαι
1211 3880 1299 3932 τήν
1326 3873 1375 3938 ἐξ
1405 3877 1560 3928 αὐτοῦ
1585 3874 1625 3904 ¹⁰
1648 3876 1916 3946 ἀπαστρά-

331 3969 568 4020 πτουσαν
606 3976 706 4021 τῶν
748 3969 1018 4040 Θαυμάτων
1042 3970 1184 4034 ,θείαν
1226 3969 1414 4041 χάριν,
1450 3973 1630 4021 τοῦτον
1678 3968 1916 4041 ὑπεράνω

334 4056 375 4085 ¹¹
407 4065 497 4116 τῆς
522 4057 738 4127 λυχνίας
760 4057 922 4121 ἔθετο,
940 4058 1078 4118 ὅπως
1100 4057 1275 4130 λάμψῃ
1303 4065 1435 4112 πᾶσι
1456 4066 1566 4118 τοῖς
1594 4054 1738 4111 οὖσιν
1771 4060 1821 4113 ἐν
1843 4067 1917 4129 τῷ

333 4143 450 4226 οἴκῳ
494 4154 584 4201 τοῦ
627 4155 776 4201 Θεοῦ.
827 4149 1157 4223 Πρεσϐυτέρῳ
1181 4153 1277 4222 γάρ
1321 4170 1418 4202 τινι
1457 4150 1664 4212 μόκοθεν
1693 4147 1914 4219 διάγοντι

332 4244 423 4289 τοῦ
454 4239 727 4303 σπηλαίου,
755 4241 804 4293 ἐν
827 4237 866 4312 ᾧ
890 4239 914 4294 ό
940 4238 1165 4308 ἀοίδιμος
1191 4241 1425 4308 ἡσύχαζε
1455 4237 1752 4300 Βενέδικτος,
1785 4241 1914 4294 ἐτοι-

2017 3343 2120 3399 est,
2149 3334 2271 3401 quia
2305 3334 2488 3387 videre
2513 3343 2563 3386 te
2602 3334 2794 3388 merui.
2833 3333 3010 3402 Longe
3037 3335 3232 3403 quippe
3267 3334 3334 3388 ab
3369 3335 3597 3390 homini-

2017 3424 2117 3478 bus
2149 3423 2511 3493 positus,quia
2538 3424 2624 3478 die
2644 3425 2836 3478 eodem
2867 3424 3136 3479 Paschalis
3167 3426 3479 3479 soletnnitas
3508 3441 3596 3480 es-

2016 3524 2100 3569 set
2128 3515 2425 3584 ignorabat.
2467 3515 2803 3570 Venerabilis
2846 3530 3023 3570 autem
3075 3518 3356 3588 presbyter
3410 3534 3597 3573 rursus

2017 3607 2270 3669 asseruit,
2331 3607 2559 3659 dicens:
2615 3605 2890 3659 Veraciter
2943 3607 3100 3660 hodie
3164 3606 3595 3662 Resurrectionis

2018 3695 2309 3750 Dominica:
2339 3697 2608 3751 Paschalis
2637 3697 2754 3751 dies
2787 3707 2897 3761 est;
2947 3698 3221 3753 abstinere
3246 3699 3337 3753 tibi
3377 3700 3596 3756 ntinime

2016 3787 2280 3854 congruit,
2313 3787 2435 3854 quia
2464 3797 2519 3839 et
2549 3802 2648 3855 ego
2677 3788 2743 3839 ad
2780 3788 2880 3839 hoc
2906 3787 3101 3841 missus
3144 3802 3286 3852 sum,
3340 3801 3397 3843 ut
3421 3794 3595 3844 omni-

2019 3877 2252 3944 pmentis
2296 3877 2431 3930 dona
2470 3876 2565 3930 Dei
2622 3877 2820 3944 pariter
2861 3891 3152 3930 sumamus.
3207 3878 3595 3936 Benedicentes

2020 3965 2183 4033 igitur
2218 3966 2494 4019 Dominum
2523 3976 2870 4032 sumpserunt
2915 3965 3115 4020 cibum.
3173 3966 3390 4035 Expleta
3415 3969 3594 4037 itaque

2021 4057 2312 4112 refectione
2362 4068 2414 4111 et
2435 4058 2740 4127 colloquio,
2785 4057 2851 4110 ad
2883 4059 3172 4112 ecclesiam
3203 4061 3482 4126 presbyter
3509 4075 3597 4115 re-

2024 4156 2204 4208 cessit.

336 4351 419 4398 μαι
446 4334 524 4385 ίαν
554 4332 719 4401 ἑαυτῷ
749 4332 968 4402 δαψιλῶν
992 4334 1274 4403 βρωμάτων
1304 4332 1622 4394 πεποιηκότι,
1678 4335 1728 4384 ἐν
1757 4341 1816 4406 τῇ
1846 4341 1936 4388 τοῦ
1977 4335 2122 4409 ἁγίου
2160 4341 2352 4408 πάσχα
2395 4341 2563 4415 ἑορτῇ,
2595 4339 2658 4396 δι’
2673 4343 2929 4401 ὀπτασίας
2959 4341 2983 4396 ό
3014 4344 3190 4414 κύριος
3232 4343 3436 4414 ὀφθῆναι
3473 4365 3595 4400 κατ-

335 4423 534 4486 νέουσιν,
559 4423 762 4494 λέγων’(
793 4421 919 4489 Ἰδορ
951 4428 1041 4486 σὺ,
1070 4424 1387 4497 πρεσϐύτερε
1408 4465 1422 4488 ,
1449 4421 1738 4493 ἐδεσμάτων
1763 4425 2080 4481 πολυτέλειαν
2125 4428 2289 4500 ἑαυτῷ
2331 4431 2638 4500 ἑτοιμάζεις,
2671 4432 2696 4486 6
2741 4431 2792 4486 δέ
2844 4429 3020 4492 δοῦλός
3058 4454 3155 4505 μου
3195 4431 3472 4494 Βενέδικτος
3513 4441 3597 4488 ὑπ’

338 4514 502 4584 ἐκείνῳ
532 4513 572 4543 ¹¹
599 4522 672 4586 τῷ
701 4517 932 4584 σπηλαίῳ
963 4515 1045 4569 διά
1073 4521 1161 4573 τήν
1189 4516 1317 4584 πρὸς
1348 4516 1430 4586 ἐμὲ
1460 4516 1659 4584 ἀγάπην
1686 4515 1814 4588 λιμῷ
1844 4519 2178 4590 συνέχεται.»
2212 4519 2387 4582 Ὀστις
2411 4525 2640 4596 παρευθὺ
2672 4527 2896 4584 ἀναστάς
2923 4527 2969 4577 ἔν
2998 4528 3126 4596 αὐτῇ
3152 4533 3213 4600 τῇ
3244 4525 3286 4554 ¹³
3317 4526 3464 4600 ἑορτῇ
3503 4534 3596 4581 τοῦ

337 4603 482 4675 ἁγίου
533 4605 751 4675 πάσχα,
793 4604 1098 4680 ⁵ριεθίἶινπερ
1155 4605 1320 4677 ἐαυτῷ
1371 4603 1428 4663 ἦν
1482 4610 1765 4666 πεποιηκώς
1814 4607 2127 4676 ἐδεσμάτων,
2160 4611 2208 4666 ἐν
2233 4621 2304 4685 τῷ
2333 4615 2564 4684 σπηλαίῳ
2605 4617 2860 4682 ἐπορεύθη,
2892 4622 2971 4670 καὶ
3012 4619 3098 4671 τόν
3131 4624 3218 4670 τοῦ
3264 4624 3386 4670 Θεοῦ
3420 4616 3601 4692 ἄνθρω;

337 4716 433 4748 πον
485 4698 674 4774 ἐνστοῐς
726 4705 823 4750 τῶν
860 4699 1011 4773 ὀρέων
1064 4705 1318 4772 κρημνοῖς,
1374 4698 1420 4750 ἐν
1453 4705 1566 4758 ταῖς
1613 4696 1878 4772 διορυγαῐς
1924 4710 2021 4755 τῶν
2062 4703 2320 4766 κοιλάδων,
2375 4709 2424 4760 ἐν
2468 4715 2577 4767 ταῖς
2630 4711 2776 4767 ὀπαῖς
2821 4719 2910 4768 τῆς
2972 4718 3066 4780 γῆς
3126 4710 3316 4771 ἐζήτει,
3362 4707 3414 4762 όν
3451 4713 3497 4760 ἐν
3528 4720 3600 4782 τῷ

339 4790 572 4859 σπηλαίῳ
617 4791 773 4866 εὑρών
810 4796 1096 4849 ἠσπάσατο.
1147 4793 1415 4856 Γενομένης
1453 4788 1506 4843 δὲ
1556 4791 1719 4859 εὐχῆς
1748 4793 2185 4869 παρ’άμφοτέρων,
2240 4796 2585 4869 εὐλογήσαντες
2629 4801 2710 4853 τόν
2755 4809 2874 4854 Θεάν
2916 4803 3185 4866 ἐκάθησαν,
3242 4803 3384 4860 θείοις
3437 4801 3601 4870 λόγοις

339 4877 432 4935 τὰς
469 4877 658 4930 ἑαυτῶν
687 4880 1002 4951 ἐκτρέφοντες
1028 4881 1230 4948 ψυχάς.
1270 4878 1517 4936 ’Δναστάς
1561 4873 1644 4930 οὖν
1675 4879 1699 4931 ὁ
1727 4881 2077 4959 πρεσϐύτερος
2117 4887 2393 4958 παρεκάλει
2433 4889 2516 4940 τόν
2549 4887 2713 4958 ἅγιον,
2757 4889 2924 4960 λέγων’
2969 4909 2984 4937 ι
3021 4898 3194 4963 Δεῦρο,
3226 4894 3411 4964 πάτερ,
3441 4913 3601 4960 μεταο

339 4969 568 5033 λάϐωμεν
617 4981 831 5046 τροφῆς,
861 4970 937 5026 ότι
967 4975 1181 5046 σήμερον
1222 4974 1416 5042 πάσχα
1446 4974 1577 5027 ἔστί.
1601 4993 1617 5023 ι
1653 4977 1777 5050 Πρός
1807 4973 1858 5028 ὃν
1892 4979 2178 5052 ἀποκριθεὶς
2207 4979 2232 5032 6
2263 4978 2518 5054 ἄνθρωπος
2563 4989 2655 5036 τοῦ
2695 4991 2840 5046 Θεοῦ,
2887 4980 3047 5038 εἶπεν·
3073 5006 3086 5033 ι
3121 4982 3245 5040 Οἶδά
3293 4983 3370 5040 ὅτι
3408 4989 3602 5057 πάσχα

417 5107 429 5182 ξ
466 5108 593 5182 Reg.
620 5111 917 5182 πορευθῆναι
944 5111 1046 5163 τόν.
1944 5115 1992 5172 D

415 5180 434 5249 ξ
466 5179 604 5249 idem
633 5179 768 5245 τόπῳ
791 5181 962 5249 ἀπῄει.

416 5245 437 5324 ξ
574 5245 940 5324 mss.,atediti
973 5253 1052 5302 mi
1082 5255 1378 5324 συντροφήν.

415 5317 437 5395 ξ
465 5317 700 5395 glet‘qne
724 5323 841 5395 cod.
869 5323 1120 5395 ἀμφιάσας
1148 5317 1287 5395 αῦτῷ
1316 5325 1397 5374 καὶ
1417 5322 1490 5375 τό.

419 5386 439 5459 ἦ
465 5386 615 5459 Ctilb.
639 5388 781 5459 :ttldll
811 5386 1117 5459 ἁγιωτάτου.

421 5457 441 5486 ⁸
472 5457 594 5510 Mss.
629 5457 842 5516 εἴσοδος.

2031 5183 2057 5198 ν
2091 5116 2130 5145 ¹¹
2164 5116 2252 5171 Sic
2282 5132 2411 5172 mss.
2454 5119 2606 5173 unica
2639 5137 2786 5188 voce,
2814 5137 2934 5174 cum
2986 5121 3038 5174 in
3078 5123 3167 5176 ed.
3209 5122 3432 5192 legatur,
3465 5125 3596 5198 ὑπὲρ

2023 5208 2124 5239 ανω
2134 5225 2146 5237 ι

2169 5257 2298 5330 lleg.
2331 5260 2378 5311 ἐν
2409 5261 2593 5330 ἐκείνῳ.

2098 5326 2141 5406 ’ξ
2171 5329 2332 5406 idem,
2365 5333 2493 5406 αὐτῄ
2534 5326 2594 5405 τῇ
2625 5333 2732 5404 ὥρᾳ
2761 5334 2839 5384 καί
2877 5331 3023 5406 ἑορτῇ
3052 5339 3143 5388 τοῦ
3184 5336 3374 5404 πάσχα
3403 5335 3508 5403 μεθ’
3531 5330 3602 5388 ὧν

2022 5399 2141 5472 παρ’
2172 5401 2335 5468 ἐαυτῷ
2470 5392 2478 5404 ⁸
2572 5392 2580 5405 ⁸

420 5528 438 5604 ἶ
471 5528 599 5604 lleg.
631 5531 808 5604 μικρόν
838 5527 1064 5582 κώδωνα.

420 5598 440 5626 ⁸
473 5597 610 5649 Ideni
633 5597 914 5652 άπαλυναι.

358 5738 368 5749 ,
420 5668 751 5751 ξιεὺὸὀκησεν
801 5668 853 5721 in
897 5667 1054 5721 duob.
1093 5683 1219 5721 IIISS.
1257 5678 1311 5723 et
1350 5669 1506 5738 paulo
1535 5681 1653 5740 post
1695 5672 1917 5742 φίλοθέου

350 5757 555 5797 ικιινης.

425 5809 465 5836 ¹⁰
499 5809 626 5878 lleg.
653 5811 736 5864 τόν
763 5808 826 5864 δι’
849 5811 1019 5864 αὐτοῦ.
1045 5808 1195 5864 Colb.
1231 5815 1316 5868 τόν
1344 5808 1396 5865 δὲ
1423 5811 1597 5866 αὐτοῦ.

2097 5531 2114 5604 _'
2147 5533 2299 5604 Becc.
2332 5543 2385 5586 et
2412 5534 2675 5586 secundus
2697 5535 2860 5598 Aud.,
2892 5536 2943 5587 in
2972 5553 3072 5604 quo
3106 5537 3258 5586 etiam
3282 5536 3418 5588 renti.

2097 5602 2126 5674 δν
2154 5603 2432 5656 Secundus
2452 5607 2667 5658 Carnut.
2695 5607 2896 5674 pritnns
2919 5602 3055 5659 Aud.
3074 5605 3247 5674 Bigot.
3273 5606 3420 5674 l.yr.,
3449 5621 3600 5672 quem

2023 5673 2274 5736 accipiens
2301 5677 2486 5727 ederet.

2025 5815 2052 5866 ὑ
2101 5755 2122 5781 ε
2155 5743 2336 5799 Gertn.
2363 5746 2570 5802 Gentet.
2606 5745 2802 5816 aliique
2846 5747 3025 5800 Narin.
3047 5787 3060 5811 ,
3103 5743 3242 5795 horis
3276 5748 3605 5817 congruenti-

2060 5831 2136 5866 ειν.
3545 5821 3556 5833 ’

2060 5831 2136 5867 ξιτ.
3545 5821 3556 5833 ⁸
