4126 6362
538 319 634 375 lii
1847 314 1906 371 S.
1951 316 2011 372 Ρ.
2054 312 2500 371 ΒεΝεοιοτυε.
3702 318 3811 374 ίῖθι

538 433 693 492 ἐστίν.
719 426 796 483 ὅτι
826 428 1077 503 Θεωρῆσαί
1101 447 1158 482 σε
1189 427 1419 491 ἠξιώθην.
1446 442 1465 477 ο
1493 422 1680 498 Ἠγνόει
1720 426 1819 501 γάρ
1845 426 1870 481 6
1896 426 2053 493 ὅσιος,
2076 427 2155 482 ὄτι
2194 428 2385 487 άλῆθῶς
2415 443 2509 489 τῆς
2532 427 2859 490 ἀναστάσεως
2888 434 2981 485 τοῦ
3009 430 3182 504 κυρίου
3208 431 3346 501 ἡμῶν
3366 430 3533 491 Ἰησοῦ
3579 439 3808 488 Χοιστοῦ

537 533 569 579 ε)
592 523 739 597 ἑορτή
763 522 1022 595 ὑπῆρχεν.
1068 531 1121 573 '0
1148 516 1199 572 δέ
1228 517 1595 576 εὐλαϐέστατος
1619 518 1971 595 πφεσεύτερος
2011 521 2141 593 πρὸς
2178 521 2261 572 τόν
2294 524 2387 574 τοῦ
2412 525 2536 573 Θεοῦ
2563 514 2819 588 ἄνθρωπον
2842 516 3000 574 εἶπεν·
3039 538 3057 571 ε
3087 521 3192 575 Ἐπ’
3215 522 3462 589 ἀληθείας,
3486 506 3674 599 πάτερ.
3706 530 3808 583 σή-

539 635 689 690 μερον
728 623 821 676 τῆς
848 617 1173 674 ἀναστάσεως
1216 620 1306 668 τοῦ
1344 616 1520 687 κυρίου
1568 614 1705 683 ἡμῶν
1739 613 1770 669 ἡ
1817 612 1981 687 ἡμέρα
2012 614 2146 672 εστὶ,
2171 615 2255 665 καὶ
2277 610 2537 670 νηστεύειν
2566 632 2625 667 σε
2652 611 2885 683 οὐδαμῶς
2913 613 3142 689 ἁρμόζει.
3169 618 3259 669 Καὶ
3280 618 3383 688 γάρ
3412 618 3509 688 ἐγώ
3533 617 3615 670 ἐπὶ
3642 619 3813 684 τούτῳ

538 707 667 785 πρὸς
696 711 753 762 σί
781 709 882 762 ὑπὸ
912 714 998 762 τοῦ
1028 713 1152 762 Θεοῦ
1178 706 1392 763 ἐστάλην
1425 706 1441 736 ¹
1468 702 1607 763 ὅπως
1628 710 1727 758 τῶν
1753 702 1954 775 δωρεῶν
1972 705 2131 759 αὐτοῦ
2157 706 2428 779 ἀμφότεροι
2452 706 2833 776 μεταλάϐωμεν·
2864 723 2883 756 t
2914 708 3402 780 Εὐχάριστήσαντες
3443 703 3535 762 οῦν
3577 715 3649 777 τῷ
3673 715 3812 779 Θεῷ,

542 804 798 874 μετίσχον
843 800 1072 877 ἑκάτεροι
1108 808 1310 871 τροφῆς.
1368 798 1693 857 Τιλςσθείσης
1746 794 1800 851 δὲ
1842 805 1934 856 τῆς
1983 806 2323 865 πνευματικῆς
2365 800 2668 873 εὐφρασίας,
2720 802 2801 853 καί
2850 807 2941 859 τῆς
2982 806 3081 854 τῶν
3122 808 3328 874 γραφῶν
3377 801 3658 873 ἐπωφελοῦς
3695 798 3813 856 δια.

543 892 740 957 λέξεως,
756 896 1123 963 ἀσπασάμενος
1143 893 1294 945 αὐτὸν
1310 889 1334 943 6
1352 890 1702 965 πρεσϐύτερος
1727 890 1768 952 ⁸,
1795 890 2113 963 ἀνεχώρησε,
2144 886 2365 953 δοξάζων
2389 891 2472 945 τὸν
2495 893 2614 947 Θεὸν
2638 894 2723 946 ἐπὶ
2743 900 2806 967 τῇ
2833 898 2925 947 τοῦ
2947 891 3142 948 δικαίου
3172 896 3515 969 άκτημοσύνῃ.

614 1033 694 1087 Ἐν
737 1035 871 1105 αὐτῷ
917 1027 1005 1085 οὖν
1044 1038 1114 1100 τῷ
1161 1037 1319 1105 καιρῷ
1348 1029 1526 1099 βοσκοί
1570 1050 1702 1089 τινες
1747 1036 1925 1085 τοῦτον
1963 1030 2013 1083 ἓν
2054 1036 2127 1101 τῷ

2303 1027 2507 1083 Eodem
2534 1043 2746 1099 quoque
2784 1039 3021 1100 tempore
3052 1029 3193 1085 hunc
3233 1031 3284 1086 in
3314 1046 3479 1102 specu
3508 1032 3809 1089 latitantem

545 1124 777 1192 σπηλαίῳ
818 1121 1160 1195 κρυπτόμενον
1190 1120 1498 1194 ἑωρακότες,
1533 1120 1863 1191 ἀμφιάσμασι
1892 1118 2127 1191 δερματί-

542 1238 645 1276 νοις
670 1215 999 1285 ἐνδεδυμένον,
1027 1214 1226 1269 ἐδόκουν
1252 1216 1414 1292 θηρίον
1429 1236 1477 1267 τι
1490 1214 1709 1283 βλέπειν.
1726 1213 2125 1282 καταλαϐόμενοι

543 1304 595 1361 δί
635 1310 785 1362 αὐτόν
831 1314 959 1362 Θεοῦ
1003 1305 1176 1360 δοῦλον
1219 1308 1502 1378 ὑπάρχειν,
1528 1311 1616 1363 τὴν
1664 1305 1858 1359 ἑαυτῶν
1906 1303 2124 1379 θηριώδη

540 1403 738 1473 γνὼαην
787 1399 1159 1457 ἀποϐαλόντες.
1210 1400 1281 1456 εἰς
1332 1399 1649 1465 συμπάθειαν
1709 1398 2120 1467 μετετράπησαν.

539 1493 726 1546 Διέθεεν
744 1486 828 1545 οὖν
851 1494 879 1549 ἠ
904 1493 1019 1567 περὶ
1042 1492 1202 1545 αὐτοῦ
1232 1486 1391 1547 ἶνθεος
1419 1492 1553 1559 φήμη
1580 1489 1630 1541 ἄν
1656 1495 1761 1547 τοῖς
1784 1488 2125 1559 γειτνιάζουσι

538 1586 733 1643 τόποις.
765 1590 853 1643 Ὠς
888 1585 943 1637 ἐκ
977 1582 1161 1636 τούτου
1192 1580 1361 1635 λοιπόν
1384 1581 1621 1634 πλεῖστοι
1644 1579 1930 1651 παρέϐαλον
1953 1577 1973 1608 ³
1998 1579 2124 1655 πρός

540 1679 693 1732 αὐτὸν
714 1678 804 1735 τάς
834 1680 923 1730 τοῦ
956 1676 1198 1744 σώματος
1244 1674 1426 1743 χρείας
1456 1671 1819 1741 ἐπιφερόμενοι·
1854 1669 1878 1723 6
1905 1668 1958 1723 δὲ
1988 1668 2128 1729 ὅσιος

538 1772 708 1842 πατὴρ
736 1773 844 1827 τοῖς
872 1771 1227 1835 πνευματικοῖς
1255 1761 1470 1823 τούτους
1492 1763 1675 1833 μαλλον
1704 1760 1923 1837 διέτρεφε
1951 1758 2127 1831 διδάγ-

542 1880 718 1928 μασιν.

1186 2019 1401 2065 ΚΕΦΑΛ.
1438 2012 1500 2064 B'.

647 2128 764 2198 Περὶ
790 2130 882 2178 τοῦ
913 2125 1287 2183 ἐπαναστάντος
1315 2124 1455 2192 αὐτῷ
1483 2128 1727 2196 σαρκικοῦ
1754 2123 2014 2187 πολεμίου.

610 2243 689 2296 ἐν
713 2246 807 2310 μιᾷ
838 2234 923 2293 οὖν
963 2245 1062 2292 τῶν
1101 2238 1297 2310 ἡμερῶν
1323 2238 1641 2305 ἡσυχάζοντι
1670 2242 1741 2301 τῷ
1777 2234 1932 2306 ἁγίῳ,
1964 2232 2071 2288 ἰδοὺ
2099 2233 2125 2305 6

539 2336 822 2405 πειραστὴς
879 2332 1245 2403 παραγέγονεν,
1293 2330 1344 2380 ὲν
1391 2334 1630 2397 σχήματι
1677 2328 1843 2401 ὀρνέου
1884 2327 2123 2396 μέλανος,

538 2419 663 2497 ὅπερ
706 2425 1002 2495 επιχωρίως
1033 2418 1051 2447 ⁸
1083 2418 1333 2489 κόσσυφον
1376 2420 1869 2492 προσαγορεύουσι,
1923 2420 2007 2470 καί
2054 2424 2125 2487 τῷ

538 2516 827 2587 ἠγεασμίνῳ
855 2515 1012 2567 αὐτοῦ
1054 2514 1313 2585 προσώπῳ
1350 2513 1713 2581 περιίπτασθαι
1755 2510 1942 2583 ἤρξατο
1985 2510 2127 2563 ἀναι-

537 2602 669 2667 δῶς,
702 2608 832 2659 ὥστε
871 2602 1122 2658 δύνασθαι
1180 2610 1299 2661 ταῖς
1342 2606 1504 2673 χερσί
1543 2603 1870 2675 κρατηθῆναι,
1913 2603 1956 2654 εἰ
1999 2598 2129 2660 ὅλως

540 2702 689 2751 τοῦτο
720 2696 743 2749 6
774 2695 915 2768 ἅγιος
935 2696 1123 2753 ἢθελεν.
1149 2705 1202 2748 Ὀ
1239 2694 1290 2748 δὲ
1319 2694 1551 2765 θεοφόρος
1579 2691 1729 2752 οὗτος
1756 2695 1878 2767 ἀνὴρ
1916 2702 2005 2749 τὴν
2033 2698 2124 2747 τοῦ

538 2788 731 2859 ἐχθροῦ
781 2786 977 2862 ἐνέδραν
1020 2790 1355 2850 κατανοήσας,
1390 2793 1461 2855 τῷ
1505 2790 1697 2854 σημείῳ
1747 2793 1837 2839 τοῦ
1882 2790 2124 2849 ζωοποιοῦ

540 2885 769 2952 σταυροῦ
816 2879 993 2931 ἑαυτὸν
1040 2878 1391 2942 κατοπλίσας,
1430 2878 1516 2929 τόν
1563 2878 1613 2929 ἐν
1666 2880 1904 2947 σχήματι
1954 2878 2124 2950 ὀρνέου

539 2971 753 3040 φανέντα
794 2972 930 3039 αὐτῷ
959 2968 1173 3038 δαίμονα
1212 2966 1427 3041 ἄφαντον
1475 2970 1735 3025 πεποίηκε.
1777 2974 2027 3026 Τοσοῦτος
2071 2964 2124 3019 δέ

540 3061 825 3133 πειρασμὸς
844 3068 933 3119 τῆς
961 3061 1145 3130 σαρκός
1174 3060 1378 3115 ἐπετέθη
1416 3066 1486 3127 τῷ
1522 3059 1647 3129 ἁγιῳ
1668 3060 1804 3127 ματά
1827 3066 1917 3115 την
1943 3060 2129 3130 ζοφοείο

540 3147 661 3209 δους
689 3152 862 3224 ὀρνέου
890 3148 1357 3223 ἁναχὼρησιν,οἶος
1381 3154 1436 3201 οὐ
1456 3151 1657 3201 πώποτε
1680 3149 1699 3177 ⁸
1722 3156 1793 3218 τῷ
1817 3152 1939 3218 ὁσίῳ
1962 3148 2127 3221 ἐγεγό-

542 3258 632 3297 ut“
663 3250 875 3313 γυναῖκα
915 3244 1012 3315 γάρ
1050 3264 1163 3297 τινα
1193 3244 1250 3299 ἦν
1278 3262 1401 3296 ποτε
1431 3243 1664 3317 ἑωρακὼς
1694 3239 1751 3299 ἦν
1782 3243 1828 3294 ἐν
1866 3250 1938 3314 τῷ
1972 3250 2127 3317 κοιρῷ

540 3344 633 3395 τῆς
670 3336 895 3395 νεότητος
944 3337 1095 3387 αὐτοῦ
1153 3334 1178 3388 6
1230 3336 1429 3394 ἀπαθὴς
1480 3331 1628 3393 οὗτος
1666 3339 1747 3388 καὶ
1778 3339 1941 3406 τίμιος
1973 3338 2125 3409 ἀνὴρ,

540 3424 731 3485 ταύτην
757 3427 782 3481 6
811 3436 901 3485 τῆς
931 3430 1160 3500 πορνείας
1188 3425 1380 3497 δαίμων
1411 3430 1775 3497 σχηματίσας,
1807 3436 1912 3486 τοῖς
1942 3434 2031 3482 τοῦ
2063 3428 2131 3482 δι-

543 3523 685 3575 καίου
728 3526 1098 3593 παρεστήσατο
1140 3528 1333 3579 νοητοῖς
1371 3521 1651 3591 όφῐαλμοῖς⁸
1683 3522 1935 3577 τοσαύτην
1958 3520 2010 3575 δέ
2040 3530 2132 3581 τῆς

542 3615 730 3688 σαρκὸς
760 3612 990 3685 πύρωσιν
1018 3613 1066 3663 ἐν
1094 3613 1233 3683 αὐτῷ
1254 3612 1582 3682 ἀντικείμενος
1608 3611 1813 3681 ἀνῆψεν,
1833 3632 1964 3666 αστε
1989 3613 2133 3683 παρὰ

543 3702 727 3775 βραχὺ
760 3702 1063 3759 σαλευθῆναι
1106 3703 1259 3754 αὐτόν
1289 3703 1391 3755 ἀπὸ
1416 3710 1505 3762 τῆς
1545 3702 1775 3773 ψυχικῆς
1798 3701 2028 3769 άκηδίας,
2050 3704 2135 3755 καί

2228 1120 2390 1175 etiam
2416 1131 2657 1190 pastores
2680 1122 2998 1176 invenerunt
3029 1141 3041 1175 :
3076 1138 3233 1193 quem
3264 1123 3389 1178 dum
3412 1125 3662 1179 vestitum
3691 1127 3804 1195 pel-

2230 1212 2369 1267 libus
2418 1215 2557 1267 inter
2587 1214 2781 1268 frnteta
2809 1225 3115 1277 cernerent,
3163 1215 3395 1284 aliquam
3431 1217 3654 1269 bestiam
3685 1232 3811 1271 esse

2230 1304 2572 1359 crediderunt
2596 1320 2611 1359 :
2644 1306 2739 1359 sed
2766 1314 3150 1373 cognoscentes
3178 1305 3267 1358 Dei
3299 1305 3551 1359 famulum
3572 1344 3589 1371 ,
3622 1320 3812 1361 eorum

2230 1397 2383 1451 multi
2408 1398 2473 1451 ad
2489 1396 2698 1466 pietatis
2712 1396 2934 1466 gratiam
2960 1412 2990 1449 a
3017 1396 3223 1451 bestiali
3252 1410 3428 1451 mente
3446 1398 3631 1452 mutati
3654 1407 3804 1455 sunt.

2232 1488 2437 1543 Nomen
2479 1490 2655 1558 itaque
2682 1492 2797 1557 ejus
2825 1503 2921 1558 per
2944 1489 3114 1542 vicina
3154 1489 3270 1543 loca
3299 1487 3529 1543 innotuit
3548 1491 3757 1545 cunctis
3790 1506 3807 1544 :

2235 1578 2540 1645 factumque
2565 1592 2647 1635 est
2684 1591 2739 1634 ut
2767 1596 2831 1635 ex
2874 1580 2968 1634 illo
2988 1579 3098 1649 jam
3147 1591 3388 1650 tempore
3415 1596 3445 1635 a
3477 1581 3660 1637 multis
3706 1582 3814 1637 fre-

2230 1674 2479 1742 quentari
2507 1674 2781 1742 cmpisset,
2815 1673 2903 1744 qui
2930 1687 3050 1727 cum
3072 1673 3124 1727 ei
3174 1671 3352 1727 cibum
3398 1672 3657 1728 aﬂerrent
3692 1689 3813 1729 cor-

2231 1766 2399 1835 poris,
2423 1766 2491 1821 ab
2513 1768 2629 1837 ejus
2655 1780 2752 1822 ore
2780 1765 2835 1821 in
2862 1780 2960 1821 suo
2987 1774 3203 1835 pectore
3226 1766 3480 1820 alimenta
3505 1765 3813 1822 referebant

2230 1859 2375 1912 vitae.

2852 2009 3079 2066 CAPUT
3114 2008 3180 2065 ll.

2583 2123 2663 2179 De
2688 2126 2964 2180 tentatione
2990 2125 3162 2179 carnis
3188 2133 3453 2196 superata.

2300 2238 2539 2308 Quadam
2572 2254 2700 2294 vero
2723 2239 2811 2294 die
2839 2238 2963 2293 dum
2994 2239 3142 2292 solus
3171 2247 3337 2302 esset,
3360 2246 3593 2293 tentator
3618 2236 3809 2291 adfuit.

2230 2330 2361 2386 Nam
2396 2333 2538 2397 nigra
2589 2346 2857 2400 parvaque
2903 2329 3047 2395 avis,
3081 2346 3200 2399 qua:
3234 2339 3261 2367 ι
3291 2330 3448 2397 vulgo
3478 2330 3677 2383 merula
3717 2346 3813 2383 ttu-

2158 2401 2205 2463 B
2235 2424 2486 2483 minatur.
2520 2423 2661 2477 circa
2712 2422 2827 2490 ejus
2880 2421 3070 2476 faciem
3119 2422 3336 2475 volitare
3375 2420 3558 2489 cmpit,
3591 2420 3812 2491 ejusque

2228 2513 2392 2567 νωιυί
2425 2512 2725 2577 importune
2747 2510 2773 2549 δ
2798 2511 3069 2575 insistere,
3094 2511 3162 2565 ita
3195 2522 3251 2565 ut
3273 2527 3430 2565 manu
3458 2511 3574 2580 capi
3607 2523 3807 2581 posset,

2226 2609 2271 2663 si
2299 2608 2435 2662 hanc
2462 2606 2539 2660 vir
2562 2616 2781 2660 sanctus
2804 2614 2987 2660 tenere
3020 2604 3281 2658 viilnisset
3307 2622 3319 2656 :
3345 2605 3438 2659 sed
3462 2619 3614 2671 s-gno
3635 2606 3812 2659 crucis

2225 2700 2369 2756 edito
2395 2703 2614 2755 recessit
2646 2699 2785 2754 avis.
2836 2698 3003 2752 Tanta
3036 2708 3211 2751 autem
3240 2699 3418 2753 carnis
3450 2699 3671 2753 tentatio
3703 2714 3805 2751 ave

2226 2790 2413 2846 eadem
2456 2788 2739 2843 recedente
2789 2797 2970 2843 secuta
3022 2798 3127 2852 est,
3159 2800 3410 2858 quantam
3444 2784 3544 2842 'vir
3592 2800 3811 2843 sanctus

2228 2898 2495 2951 nunquam
2552 2882 2724 2937 fuerat
2771 2890 3045 2949 expertus.
3096 2881 3389 2949 Quamdam
3442 2897 3668 2952 namque
3716 2884 3816 2937 ali-

2226 2974 2438 3043 quando
2490 2972 2741 3028 feminam
2796 2973 3023 3037 viderat,
3069 2989 3230 3041 quam
3285 2974 3547 3043 malignus
3595 2974 3815 3045 spiritus

2227 3079 2354 3121 ante
2380 3066 2495 3133 ejus
2526 3068 2721 3120 mentis
2749 3067 2934 3121 oculos
2960 3066 3178 3121 reduxit
3202 3084 3215 3119 :
3242 3074 3494 3136 tantoque
3523 3069 3642 3137 igne
3670 3070 3817 3124 servi

2232 3159 2324 3213 Dei
2357 3159 2590 3211 animum
2625 3158 2676 3210 in
2706 3158 2887 3225 specie
2917 3157 3058 3211 illius
3089 3157 3370 3223 accendit,
3396 3168 3450 3210 ttt
3484 3168 3505 3196 °
3535 3174 3593 3213 se
3615 3158 3670 3213 ill
3699 3160 3816 3227 ejus

2232 3260 2445 3318 peetore
2491 3248 2689 3302 anmris
2734 3248 2943 3301 ﬂamma
2992 3249 3079 3301 vix
3124 3256 3360 3316 caperet,
3394 3258 3448 3302 et
3490 3250 3600 3316 jam
3652 3252 3815 3305 etiam

2234 3356 2367 3409 pene
2394 3338 2646 3393 deserere
2670 3353 2910 3392 eremnm
2938 3338 3210 3405 voluptate
3254 3339 3425 3392 victus
3468 3339 3813 3395 deliberaret.

2232 3433 2364 3486 Cum
2410 3432 2584 3486 subito
2630 3444 2861 3499 superna
2890 3427 2917 3467 ἀ
2952 3431 3121 3500 gratia
3175 3440 3455 3498 respectus
3496 3430 3564 3484 ad
3613 3440 3816 3485 semet—

2234 3523 2406 3592 ipsum
2461 3536 2709 3577 reversus
2755 3531 2870 3589 est,
2924 3530 3085 3589 atque
3139 3520 3427 3575 urticarum
3473 3529 3529 3575 et
3573 3524 3817 3588 veprium

2230 3616 2380 3685 juxta
2418 3616 2582 3669 densa
2624 3629 2965 3669 succrescere
2996 3614 3189 3668 frnteta
3235 3616 3593 3679 conspiciens,
3627 3627 3817 3669 exutus
3896 3614 3903 3617 ’

2239 3705 2553 3759 indumento
2596 3704 2794 3758 nudum
2839 3719 2899 3759 se
2944 3705 2997 3758 in
3050 3704 3152 3758 illis
3192 3706 3465 3773 spinarum
3513 3706 3717 3759 aculeis
3760 3712 3818 3760 et

542 3793 627 3846 ἐπί
655 3799 737 3847 τόν
762 3794 950 3857 κόσμον
981 3792 1405 3867 παλινδρομῆσαι⁹
1436 3794 1539 3847 ἀλλ’
1560 3796 1589 3850 ἠ
1617 3800 1705 3847 τοῦ
1728 3800 1856 3848 Θεοῦ
1882 3798 2127 3866 σωτήριος

2237 3799 2527 3851 urticarum
2574 3796 2835 3851 incendiis
2887 3796 3149 3865 proiecit:
3181 3797 3359 3865 ibique
3387 3797 3478 3850 diu
3522 3798 3812 3864 volutatus,

544 3890 703 3967 χάρις
751 3895 932 3944 τοῦτον
978 3886 1311 3959 ἕνισχύσασα
1338 3932 1352 3955 ,
1402 3894 1611 3948 νικητὴν
1642 3891 1774 3943 κατὰ
1814 3897 1914 3943 τῶν
1966 3892 2133 3944 παθῶν

540 3979 773 4043 ἀνέδειξε.
817 3986 897 4048 Τῷ
925 3982 1024 4052 γὰρ
1070 3980 1278 4035 ϐελτίονι
1306 3983 1387 4033 καί
1428 3984 1642 4052 σώφρονι
1684 3980 1911 4051 λογισμῶ
1956 3980 2132 4035 ἔαυτόν

541 4072 810 4145 ρυθμίσας,
836 4080 926 4130 τῆς
952 4078 1040 4125 τοῦ
1073 4072 1257 4147 ἐχθροῦ
1286 4078 1595 4148 πανουργίας
1622 4070 1640 4099 ⁶
1670 4072 2128 4145 περιεφρούρησεν.

544 4162 848 4234 ’Δναϐιίκῐας
876 4162 928 4217 δέ
956 4172 1061 4222 τοῖς
1090 4164 1356 4234 ὀφθαλμοῖς
1380 4165 1561 4229 αὐτοῦ,
1585 4160 1839 4237 κνιδῶνθτε
1872 4166 1957 4215 καί
1977 4165 2132 4217 ἀκανο

541 4256 636 4307 θῶν
682 4257 866 4315 πλήθος
920 4258 1169 4325 συνέγγυς
1221 4256 1543 4323 θεασάμενος,
1589 4276 1668 4307 και
1715 4252 2131 4324 ἀπεκδυσάμενος

541 4347 600 4400 τὸ
628 4348 849 4415 ἱμάτιον,
879 4349 1066 4417 γυμνόν
1100 4348 1277 4399 ἑαυτὸν
1315 4348 1366 4399 ἓν
1391 4354 1495 4405 τοῖς
1537 4354 1634 4399 τῶν
1662 4345 1836 4401 κνιδῶν
1865 4358 1944 4401 καὶ
1974 4349 2127 4401 ἀκαν-

540 4437 637 4489 θῶν
686 4439 949 4501 ὀξυτάτοις
992 4440 1211 4511 κέντροις
1251 4434 1464 4510 ἔρριψε,
1502 4440 1581 4489 καί
1611 4439 1693 4489 ἐπί
1728 4439 1939 4497 πολλαῖς
1973 4439 2129 4512 ὥραις

542 4530 592 4582 ἄν
622 4532 787 4587 αὐτοῖς
814 4529 1058 4587 κυλισθείς
1084 4530 1420 4600 ἐγκαρτερών.
1456 4530 1536 4580 καὶ
1563 4527 1701 4579 ἅπαν
1728 4530 1785 4581 τὸ
1812 4528 1994 4581 ἑαυτοῦ
2023 4535 2128 4580 σῶ-

540 4644 617 4694 μα
642 4624 822 4691 αέμασι
848 4622 1224 4697 περιρρεόμενον
1248 4620 1465 4689 βλέπων,
1484 4622 1721 4689 γενναίως
1743 4620 2017 4691 ὖπενέγκας
2037 4620 2127 4679 τὰς

541 4714 736 4768 τούτων
764 4711 1060 4784 ἀλγηδόνας.
1093 4712 1366 4783 λυτρωθείς
1409 4730 1463 4763 τε
1509 4716 1595 4764 τοῦ
1632 4730 1862 4764 τοιουτου
1907 4712 2125 4767 θανατη-

540 4807 695 4881 φόρου
716 4806 955 4877 λογισμοῦ
975 4841 989 4864 ,
1016 4812 1088 4875 τῷ
1118 4811 1227 4875 Θεῷ
1257 4802 1455 4873 μεγαλῳ
1489 4802 1507 4829 ⁷
1535 4800 1748 4872 διέμενεν
1776 4803 2123 4877 εὐχαριστεῖν·

2236 3897 2349 3943 toto
2375 3904 2439 3943 ex
2471 3888 2550 3943 eis
2575 3903 2801 3955 corpore
2831 3888 3141 3943 vulneratus
3162 3888 3314 3953 exiit,
3340 3898 3395 3944 et
3425 3903 3518 3956 per
3536 3890 3672 3943 cutis
3704 3888 3818 3942 vul-

2235 3995 2360 4033 nera
2390 3979 2571 4033 eduxit
2602 3993 2630 4031 a
2661 3993 2887 4046 corpore
2922 3980 3115 4034 vulnus
3146 3979 3370 4044 mentis;
3402 3979 3525 4049 quia
3572 3980 3818 4043 volupta-

2235 4080 2341 4125 tetn
2374 4073 2535 4125 traxit
2559 4072 2610 4125 in
2637 4071 2901 4127 dolorem.
2933 4070 3173 4139 Cumque
3203 4070 3340 4126 bene
3371 4071 3657 4141 poenaliter
3684 4070 3815 4126 foris

2234 4164 2472 4230 arderet,
2504 4163 2768 4218 exstinxit
2813 4162 2955 4234 quod
2997 4166 3139 4217 intus
3176 4164 3361 4217 illicite
3399 4162 3643 4217 ardebat.
3676 4161 3817 4217 Vicit

2235 4256 2414 4325 itaque
2468 4266 2766 4326 peccatum,
2791 4256 2912 4325 quia
2958 4258 3181 4309 mutavit
3227 4254 3550 4308 incendium.
3596 4255 3673 4309 Ex
3709 4268 3815 4322 quo

2232 4347 2479 4401 videlicet
2516 4357 2777 4414 tempore,
2809 4348 2948 4399 sicut
2995 4356 3115 4415 post
3160 4344 3438 4413 disvipulis
3484 4347 3597 4413 ipse
3630 4342 3812 4412 perhi-

2231 4437 2411 4498 bebtt,
2442 4437 2513 4489 ita
2545 4436 2595 4489 in
2627 4452 2692 4490 eo
2740 4445 2824 4492 est
2873 4438 3095 4493 tentatio
3140 4435 3429 4505 voluptatis
3467 4435 3723 4498 edomita,
3756 4441 3815 4489 ut

2236 4527 2339 4580 tale
2372 4527 2564 4596 aliquid
2605 4527 2655 4580 in
2686 4542 2745 4582 se
2776 4528 2995 4581 minime
3041 4526 3283 4580 sentiret.
3327 4524 3617 4594 Cmpsrunt
3666 4533 3815 4595 post-

2236 4618 2450 4670 modum
2505 4618 2654 4671 tnulti
2696 4620 2805 4685 jam
2853 4617 3107 4670 mundum
3163 4618 3484 4686 relinquere,
3536 4628 3698 4685 atque
3743 4616 3812 4671 ad

2233 4711 2350 4777 ejus
2380 4712 2743 4778 magisterium
2774 4710 3044 4764 festinare.
3087 4709 3243 4763 Liber
3290 4710 3484 4778 quippe
3509 4724 3538 4761 a
3566 4696 3813 4763 t'entatio-

2235 4804 2316 4855 nis
2346 4802 2627 4871 \'ilitt,jurc
2644 4802 2754 4872 jam
2784 4801 2951 4857 factus
2973 4813 3053 4856 est
3077 4804 3325 4855 virtutum
3351 4803 3623 4871 magister.
3659 4800 3812 4855 Unde

541 4902 626 4951 καί
652 4901 752 4952 άπὸ
780 4898 896 4953 τότε
927 4898 1111 4957 λοιπζν,
1141 4898 1188 4949 ἐν
1218 4900 1371 4950 παντί
1394 4904 1465 4966 τῷ
1487 4904 1575 4954 τῆς
1600 4896 1895 4958 ζωῆςαῦτοῦ
1921 4896 2120 4968 χρόνῳ,

2232 4904 2286 4949 et
2325 4909 2416 4963 per
2468 4895 2684 4965 Moysen
2734 4895 3041 4963 prtecinitur
3084 4895 3272 4966 (Num.
3306 4909 3430 4958 vni,
3462 4894 3532 4947 24
3574 4896 3723 4960 rem),
3755 4900 3813 4947 ut

540 4987 567 5041 ὁ
593 4989 642 5041 ἄν
669 4994 909 5059 σχήματι
931 4990 1137 5058 γυναίου
1160 4990 1328 5060 φανείς
1358 4988 1497 5058 αῦτῷ
1524 4976 1713 5056 δαίμων
1743 4994 1832 5045 τῆς
1862 4993 2123 5059 πορνείας,

612 5234 631 5311 ξ
660 5233 792 5311 [ξμς.
817 5236 943 5311 πρὸς
973 5238 1030 5289 σὲ
1059 5235 1362 5291 ἀπεστάλην.

610 5305 633 5378 ξ
662 5305 797 5378 Βθεο
825 5304 1050 5378 ὁλκείων·

608 5372 632 5448 ξ
660 5372 801 5448 litem
835 5372 1161 5448 παρέϐαλλον.

608 5444 632 5517 ξ
658 5446 784 5513 RPg.
815 5444 1096 5517 κῲσσνφον.

608 5515 631 5546 ⁸
663 5517 793 5569 Iltitl.
822 5515 922 5576 οἷος
953 5515 1216 5571 οῦδεποτε.

610 5588 631 5663 ξ
658 5586 887 5663 glerqtte
916 5589 1035 5639 cuti.
1069 5589 1444 5663 πριεφρόνησεν.

605 5658 626 5687 ⁷
658 5658 785 5711 Mss.
812 5656 1070 5729 διέμεινεν.

584 5771 638 5827 ἰ
673 5788 881 5847 Primus
902 5792 1218 5850 Tbeoderic.
1250 5803 1301 5850 ct
1332 5792 1495 5865 lligot.
1528 5810 1639 5864 qua:
1671 5811 1699 5846 a
1732 5793 1896 5863 t'ttlgo.

2235 4988 2411 5042 levita:
2439 5001 2470 5040 a
2496 4987 2682 5056 viginti
2728 4987 2965 5057 quinque
3011 4987 3167 5041 annis
3196 4998 3250 5042 et
3292 5002 3453 5057 supra
3498 4986 3810 5042 ministrare

2304 5235 2331 5273 ι’
2371 5236 2533 5290 Abest
2559 5239 2843 5301 importune
2869 5255 2895 5290 a
2926 5237 3221 5307 Compend.

2308 5317 2330 5345 ε
2377 5309 2445 5359 Ita
2472 5324 2598 5361 mss.
2624 5309 2832 5373 Gerttt.,
2856 5306 3375 5377 Nnrmq'llompend.
3402 5306 3807 5361 etaliimelioris

2232 5387 2391 5458 nobis.
2418 5387 2483 5431 At
2507 5381 2687 5432 ext-usi
2715 5399 2725 5431 :
2755 5392 2807 5432 ut
2831 5382 2948 5432 dum
2970 5382 3020 5433 in
3041 5382 3149 5451 ejus
3172 5393 3369 5449 pectore
3388 5380 3576 5431 amotis
3596 5380 3807 5447 ﬂamma

2230 5464 2326 5499 εἰη)
2355 5459 2553 5511 caperet
2564 5489 2575 5501 .

2300 5518 2326 5553 ι¹
2373 5522 2578 5575 imitus
2600 5517 2840 5585 Carnol.,
2872 5521 3041 5583 Prat.,
3056 5519 3288 5584 CemeL,
3306 5521 3468 5572 subito
3487 5536 3602 5585 sup.
3622 5517 3805 5588 gratia

2226 5603 2475 5654 νερεειιι.
2514 5589 2583 5641 Ιετι
2634 5592 2792 5643 etiam
2846 5597 3045 5659 primus
3097 5592 3301 5644 'l‘bend.
3335 5592 3617 5655 subrogata
3669 5602 3803 5641 voce

2222 5672 2428 5780 aspectu
2458 5676 2550 5728 pro
2577 5674 2823 5731 respectu.
2874 5663 2983 5734 Big.
3018 5660 3147 5716 Tum
3176 5661 3338 5716 subito
3366 5677 3484 5730 sup.
3520 5660 3684 5730 gratia
3722 5674 3807 5712 re-

2223 5744 2255 5780 υ
2279 5741 2409 5780 eius.

2221 5741 2409 5796 ptetus.
