4126 6362
586 311 687 368 135

1901 314 1958 368 S.
2000 311 2064 367 Ρ.
2107 300 2548 368 ΒΒΝΕΒΙΟΤὈΒ.

3733 310 3840 369 156

580 430 820 491 σείσατο,
844 422 1142 499 ἁμαρτωλὸν
1166 424 1347 480 ἑαυτὸν
1365 425 1519 497 λέγων
1545 426 1631 479 καί
1654 424 1868 489 ἀνάξιον,
1891 425 2162 497 ἑπαγαγών

2284 422 2503 490 suscepti
2534 420 2723 475 fratres
2774 421 2959 475 insane
3004 421 3286 480 stevientes
3329 427 3647 495 semetipsos
3691 428 3846 497 prius

580 523 665 573 καὶ
707 525 879 574 τοῦτο·
903 535 920 569 t
948 515 1063 574 Ὀτι
1089 519 1155 572 τά
1183 518 1278 589 ἐμοὶ
1302 518 1392 576 ἢθη
1423 512 1481 570 οὐ
1504 522 1836 588 συμφωνοῦσι
1860 522 1971 576 τοῖς
1998 516 2165 573 ἤθεσιν

580 610 775 681 ὑμῶν.»
796 610 1019 669 Νικηθείς
1039 608 1093 663 δέ
1118 611 1218 664 ὐπὸ
1242 616 1332 668 τῆς
1354 609 1656 678 συμπαθοῦς
1678 606 2011 679 φιλαδελφίας,
2026 607 2167 678 μόλις

581 704 644 773 τῇ
669 700 860 754 τούτων
882 695 979 761 εἶξε
1009 699 1345 771 παρακλήσει.
1370 706 1445 750 Ἐν
1473 694 1527 751 δὲ
1547 704 1620 766 τῷ
1648 698 1737 751 τόν
1758 703 2003 771 μακάριον
2032 696 2079 747 ἐν
2104 701 2167 767 τῇ

586 789 717 862 αὐτῇ
746 796 871 861 μονῇ
914 789 1252 862 ἐπαγρύπνως
1293 786 1551 859 φυλάττειν
1580 791 1671 844 τήν
1697 792 1789 841 τοῦ
1821 788 2167 860 μοναστηρίου

588 881 927 937 κατάστασιν.
950 882 1036 934 καί
1061 884 1129 949 μή
1159 886 1455 952 συγχωρεῖν
1479 879 1652 937 αὐτοῖς
1679 882 1785 938 τοῖς
1814 881 2011 936 οἰκείοις
2030 876 2168 935 θελή-

585 991 719 1039 μασι
738 970 981 1045 φέρεσθαι.
1006 972 1073 1029 ὡς
1098 970 1372 1023 ίθεάσαντο
1397 971 1414 999 ¹
1438 973 1529 1026 την
1556 974 1646 1021 τοῦ
1676 967 1823 1022 ὁσίου
1846 967 2089 1040 ἀγιότητά
2113 988 2169 1022 τε

588 1065 670 1115 καί
718 1061 1090 1136 ἀκριϐεστάτην
1143 1058 1361 1118 ἄσκησιν
1404 1064 1471 1130 μὴ
1526 1057 1844 1132 συνᾴδουσαν
1881 1067 1942 1129 τῇ
1982 1059 2172 1113 ἑαυτῶν

588 1154 823 1228 πονηρίᾳ,
850 1152 1065 1225 ἤρξαντο
1103 1153 1300 1210 ἑαυτοῖς
1345 1148 1715 1219 διαμάχεσθαι,
1741 1151 1823 1202 καὶ
1850 1148 2175 1218 μεταμελεῖσ·

591 1243 691 1305 θαι,
722 1240 799 1296 ότι
824 1249 1053 1297 τοιοῦτον
1081 1242 1287 1300 ἑαυτοῖς
1315 1240 1679 1310 ἀκριϐέστατον
1709 1243 1793 1293 καί
1819 1241 2175 1295 ἀσκητικὼτα-

586 1354 672 1388 τον
699 1330 861 1409 ἄνδρα
880 1337 1155 1404 ἡγούμενον
1175 1335 1504 1404 ἐξῃτήσαντο*
1529 1332 1721 1385 ἐκείνων
1749 1334 1839 1401 μέν
1861 1326 1946 1383 οὖν
1967 1332 1997 1387 ἡ
2025 1344 2176 1404 στρε-

590 1423 768 1483 ϐλότης
796 1432 867 1494 τῷ
896 1430 985 1478 τοῦ
1014 1424 1272 1496 μακαρίου
1317 1421 1595 1493 διεμάχετο
1623 1419 1779 1493 νόμῳ·
1810 1429 1917 1482 τοῖς
1957 1422 2174 1482 σκολιοῖς

587 1516 688 1589 γάρ
714 1515 856 1573 ἤθεσι
899 1515 1149 1587 βδελυκτὴ
1184 1516 1417 1590 ὑπάρχει
1462 1516 1493 1572 ἡ
1532 1522 1633 1567 τῶν
1683 1513 1881 1568 δικαίων
1928 1516 2168 1570 πολιτεία.

590 1607 794 1667 Γνόντες
823 1601 913 1660 οὖν
940 1609 985 1662 οἱ
1013 1605 1318 1666 στασιώδεις
1340 1608 1532 1671 ἐκεῖνοι,
1550 1602 1630 1658 ὅτι
1657 1607 1687 1662 ἡ
1709 1606 1879 1659 αὐτῶν
1904 1606 2177 1679 φιλοτάρα·

589 1717 693 1767 χος
719 1700 891 1769 γνώμη
921 1700 1047 1753 κατὰ
1070 1699 1127 1752 τὸ
1147 1698 1331 1757 αὐτοῖς
1358 1695 1530 1751 δοκοῦν
1558 1699 1646 1749 οὐκ
1677 1697 1938 1759 ἐτελέσθη,
1968 1697 2175 1770 φάρμα-

2268 526 2525 567 accusare
2553 522 2854 581 cmpernut,
2877 515 3001 582 quia
3033 514 3172 570 hunc
3194 516 3297 572 sibi
3326 532 3557 586 prteesse
3583 535 3851 591 poposce-

2270 612 2389 656 rant
2413 620 2426 655 :
2450 619 2674 673 quorum
2717 604 2929 659 scilicet
2975 605 3229 661 turtitudo
3254 617 3282 645 ιι
3310 608 3365 662 in
3396 625 3583 665 norma
3613 613 3729 680 ejus
3757 628 3850 668 re-

2268 692 2540 747 ctitudinis
2569 693 2889 759 offendebat.
2919 695 3158 764 Cumque
3199 696 3302 753 sibi
3330 699 3431 753 sub
3457 714 3524 755 eo
3551 703 3844 770 conspice-

2272 792 2392 837 rent
2447 784 2630 837 illicita
2684 798 2788 838 non
2843 785 3047 851 licere,
3099 795 3155 841 et
3209 802 3268 843 se
3329 789 3577 845 dolerem
3626 805 3852 851 assueta

2272 874 2590 943 relinquere,
2621 876 2917 945 durumque
2970 887 3114 931 esset
3158 880 3298 948 quod
3345 881 3400 935 in
3449 892 3627 939 mente
3675 887 3852 942 veteri

2270 968 2594 1033 Cogebantur
2651 982 2787 1020 nova
2847 969 3120 1035 meditari,
3171 972 3308 1027 sicut
3364 977 3550 1043 pravis
3602 979 3850 1035 moribus

2271 1067 2483 1122 semper
2528 1056 2703 1124 gravis
2747 1060 2829 1111 est
2868 1060 2974 1111 vita
3019 1058 3301 1126 bonorum,
3335 1071 3565 1119 tractare
3606 1067 3675 1121 de
3723 1069 3850 1137 ejus

2274 1158 2446 1202 morte
2475 1148 2633 1217 aliqui
2663 1146 2692 1186 ι’
2719 1152 2894 1203 conati
2924 1163 3049 1205 sunt
3068 1192 3083 1215 ,
3115 1153 3207 1222 qui
3253 1154 3391 1208 inito
3435 1157 3660 1213 consilio
3690 1173 3859 1216 vene-

2274 1253 2398 1292 num
2429 1240 2551 1293 vino
2583 1240 2931 1296 miscuerunt.
2986 1242 3053 1296 Et
3080 1260 3201 1299 cum
3245 1260 3339 1300 vas
3387 1248 3636 1313 vitreum,
3667 1251 3718 1303 iu
3744 1264 3859 1318 quo

2276 1329 2368 1381 ille
2401 1330 2638 1397 pestifer'
2665 1342 2821 1399 potus
2873 1333 3194 1403 habebatur,
3228 1338 3556 1393 recumbenti
3588 1340 3753 1407 Patri,
3784 1360 3861 1398 ex

2276 1433 2424 1472 more
2451 1429 2473 1456 ο
2497 1421 2827 1483 monasterii,
2852 1422 2916 1475 ad
2940 1422 3362 1480 benedicendum
3385 1428 3573 1484 fuisset
3591 1430 3859 1499 oblatum,

2275 1522 2492 1562 emensa
2546 1525 2704 1562 manu
2756 1511 3075 1567 Benedictus
3116 1516 3329 1585 signum
3374 1521 3553 1575 crucis
3583 1522 3771 1591 edidit,
3799 1534 3863 1579 et

2279 1615 2371 1653 vas
2416 1599 2559 1669 quod
2609 1601 2816 1671 longius
2867 1603 3180 1671 tenebatur,
3228 1610 3418 1664 eodem
3469 1612 3621 1681 signo
3671 1617 3860 1685 rupit:

2279 1692 2460 1760 sicque
2485 1693 2813 1748 confracmm
2856 1706 2958 1760 est,
2989 1713 3050 1751 ac
3077 1703 3119 1752 si
3153 1702 3204 1753 in
3243 1700 3335 1755 illo
3361 1716 3485 1758 vase
3511 1709 3723 1775 mortis,
3760 1724 3862 1777 pro

588 1786 674 1841 κόν
691 1807 744 1841 τι
769 1788 1037 1859 θανάσιμον
1057 1786 1170 1857 οἴνῳ
1193 1789 1555 1858 συμμίξαντες,
1584 1787 1632 1838 ἐν
1648 1788 1873 1861 ποτηρίῳ
1920 1807 1975 1840 τε
2006 1787 2178 1856 ὑελίνῳ

2284 1798 2440 1838 cruce
2483 1784 2729 1853 lapidem'
2758 1787 3012 1843 dedisset.
3056 1788 3318 1847 intellexit
3350 1796 3593 1863 protinus
3623 1798 3704 1852 vir
3737 1799 3861 1867 Dei,

589 1876 850 1946 βαλόντες,
868 1881 1175 1951 ἀνακειμένῳ
1199 1886 1271 1951 τῷ
1294 1881 1454 1953 πατρί
1477 1884 1608 1931 κατα
1627 1874 1685 1931 τό
1704 1880 1916 1939 σσνῆθες
1934 1879 1984 1931 ἓν
2006 1886 2065 1951 τῇ
2086 1885 2175 1937 τῆς

593 1966 873 2030 ἔστιασὲως
893 1973 1021 2047 ὥρᾳ,
1040 1972 1100 2026 τὸ
1121 1976 1347 2025 τοιοῦτον
1377 1970 1657 2042 θατατηφόίί
1670 1990 1723 2023 ον
1752 1971 1771 1999 ²
1804 1971 1958 2024 ποτόν
1980 1968 2181 2024 ἐπιδοῦ-

590 2088 672 2120 ναι
692 2071 765 2137 τῷ
789 2063 915 2136 ἀγίῳ
936 2062 1236 2133 ἐτόλμησαν
1255 2062 1279 2115 ὁ
1301 2059 1355 2115 δέ
1377 2061 1709 2132 σημειοφόρος
1726 2063 1810 2114 καὶ
1827 2062 1983 2132 μέγας
2010 2064 2180 2137 πάτηρ

564 2155 873 2215 ηΒενέδικτος
910 2156 1134 2213 ἐκτείνας
1164 2158 1252 2212 τήν
1281 2160 1451 2228 xciet,
1483 2154 1540 2207 τό
1575 2158 1781 2221 σημεῖον
1812 2159 1904 2206 τοῦ
1935 2157 2181 2216 ζωοποιοῦ

592 2252 818 2322 σταυροῦ
864 2247 1128 2308 πεποίηκε,
1168 2247 1252 2297 καί
1281 2245 1573 2317 παραυτίκα
1600 2244 1658 2297 τό
1696 2249 1879 2302 σκεῦος
1917 2241 2185 2317 διαρραγέν

589 2339 852 2392 πέπτωκεν
870 2338 960 2391 ἐπί
986 2342 1077 2396 τῆς
1103 2343 1218 2408 ’γῆς’
1251 2334 1384 2388 οὕτω
1406 2332 1459 2386 δὲ
1482 2332 1782 2407 συνετρίϐη,
1806 2341 1867 2402 τῇ
1893 2339 1984 2387 τοῦ
2013 2335 2182 2403 τιμίου

590 2432 672 2483 καί
698 2428 995 2483 πανσὲπτου
1024 2425 1045 2455 ³
1072 2430 1304 2500 σταυροῦ
1333 2422 1563 2495 δυνάμει,
1592 2426 1659 2482 ὡς
1678 2426 1896 2492 νομίζειν
1920 2425 2042 2483 τοὺς
2070 2425 2186 2477 θεα-

592 2521 844 2591 σαμένους
867 2521 982 2592 λίθῳ
1009 2520 1066 2574 τό
1086 2518 1307 2589 ὀλέθριον
1333 2519 1493 2570 ἐκεῖνο
1525 2516 1896 2577 συνθλασθῆναι
1923 2520 2180 2590 ποτήριον.

589 2607 750 2682 Ἐγνω
779 2606 867 2665 οὖν
896 2609 923 2665 ό
953 2616 1046 2665 τοῦ
1076 2614 1202 2662 Θεοῦ
1233 2605 1509 2685 ἅνθρωπος,
1541 2605 1618 2662 ὅτι
1646 2605 1703 2662 τὸ
1731 2608 1885 2662 ποτὸν
1912 2605 2185 2679 θανάσιμον

590 2699 671 2770 ἦν,
699 2700 829 2776 ὅπερ
854 2702 1124 2774 ὐπενέγκαι
1145 2702 1230 2753 οὐκ
1258 2698 1469 2758 ἠδυνήθη
1491 2698 1819 2758 πεποιηκότος
1841 2704 1928 2751 τοῦ
1952 2697 2095 2770 ἁγίου
2124 2700 2181 2753 τό

592 2802 798 2862 σημεῖον
831 2801 923 2853 τῆς
961 2797 1091 2857 ζωῆς
1126 2794 1285 2862 ἡμῶν.
1316 2791 1506 2852 Εὐθέως
1537 2785 1628 2843 οὖν
1659 2792 1881 2851 ἀναστάς
1911 2790 2069 2864 ἱλαρῷ
2104 2799 2176 2861 τῷ

589 2884 852 2954 προσώπῳ
876 2886 959 2938 καί
984 2882 1179 2953 γαληνῷ
1201 2889 1274 2953 τῷ
1293 2881 1538 2953 λογισμῷ,
1560 2881 2033 2952 προσκαλεσάμενος
2054 2886 2175 2944 τοὺς

2281 1876 2403 1944 quia
2435 1888 2617 1945 potum
2651 1879 2838 1932 mortis
2875 1879 3151 1945 habuerat,
3184 1885 3325 1953 quod
3376 1898 3596 1954 portare
3623 1904 3727 1944 non
3764 1905 3865 1959 po-

2284 1966 2382 2020 tuit
2422 1968 2630 2039 signum
2687 1969 2810 2022 vita:
2850 1984 3055 2040 :atque
3100 1972 3241 2026 illico
3285 1977 3554 2042 surrexit,
3608 1988 3663 2033 et
3709 1982 3866 2037 vultu

2283 2059 2512 2128 placido.
2545 2068 2723 2114 mente
2757 2063 3042 2130 tranquilla
3070 2075 3397 2120 convocatos
3428 2066 3618 2123 fratres
3649 2071 3865 2125 allocu-

2250 2182 2264 2195 ο
2287 2159 2370 2202 tus
2394 2159 2499 2215 est,
2529 2151 2753 2205 d:ceus:
2782 2152 3096 2207 Misereatur
3143 2158 3329 2223 vestri,
3374 2157 3587 2225 fratres,
3621 2166 3867 2234 omnipo-

2293 2247 2412 2293 tens
2444 2240 2581 2293 Deus
2607 2257 2622 2304 ;
2660 2257 2825 2309 quare
2869 2244 2921 2296 iu
2964 2259 3050 2298 me
3081 2246 3255 2301 facere
3286 2247 3385 2302 ista
3419 2252 3693 2306 voluistis?
3718 2254 3868 2308 Num

2290 2332 2413 2399 quid
2457 2347 2561 2385 non
2612 2336 2756 2399 prius
2805 2334 2912 2387 dixi
2970 2336 3151 2400 vobis,
3201 2340 3323 2404 quia
3378 2343 3570 2396 vestris
3615 2360 3679 2398 ac
3728 2348 3868 2400 meis

2292 2421 2525 2493 moribus
2573 2422 2794 2477 minime
2839 2427 3193 2480 conveniret?
3244 2428 3340 2491 Ite,
3369 2438 3424 2484 et
3458 2431 3610 2499 juxta
3652 2446 3869 2489 vestros

2291 2529 2470 2568 mores
2503 2515 2710 2569 Patrem
2756 2518 2908 2570 vobis
2957 2505 3204 2586 (μιωείιᾶ
3235 2522 3359 2589 quia
3392 2525 3612 2591 posthac
3653 2542 3741 2581 me
3773 2526 3869 2580 ba-

2291 2602 2419 2661 bere
2466 2607 2683 2661 minime
2729 2608 2970 2676 potestis.
3020 2610 3272 2682 Tuncque
3312 2616 3379 2668 ad
3429 2617 3605 2671 locum
3654 2619 3871 2677 dilecta

2289 2698 2591 2752 solitudinis
2622 2699 2797 2762 rediit,
2842 2709 2897 2753 et
2924 2701 3072 2756 Solus
3122 2696 3177 2757 in
3228 2709 3443 2775 superni
3492 2713 3808 2778 spectatoris
3836 2710 3870 2750 ά

2285 2792 2455 2846 oculis
2488 2791 2747 2846 habitavit
2776 2807 2981 2889 semini.

588 2968 827 3042 ἀδελφοὺς
858 2967 965 3025 εἶπε
994 2972 1126 3044 πρὸς
1157 2970 1391 3029 αὐτοὺςῚ
1412 2966 1629 3028 Ἐλεήσοι
1659 2970 1795 3040 ὑμᾶς
1819 3010 1836 3035 ν
1862 2974 2025 3037 τέκνα,
2056 2971 2082 3026 ό
2115 2972 2501 3046 παντοδνόναμος
2530 2974 2674 3037 Θεός’
2706 2975 2786 3032 διὰ
2813 2982 2864 3035 τί
2901 2980 2948 3032 ἐν
2973 2982 3083 3052 ἐμοὶ
3110 2993 3321 3043 ποιῆσαι
3353 2991 3519 3040 ταῦτα
3559 2986 3873 3053 ἠθελήσατες

588 3065 717 3132 οὐχί
741 3064 909 3140 πρώην
935 3056 1074 3115 εἷπον
1102 3061 1248 3130 ὑμῖν,
1276 3060 1354 3115 ὅτι
1393 3061 1437 3114 οί
1462 3061 1694 3137 ὑμέτεροι
1738 3062 1923 3136 τρόποι
1962 3070 2073 3123 τοῖς
2114 3066 2251 3137 ἐμοῖς
2288 3067 2452 3124 ἡθεσιν
2478 3071 2535 3122 οὐ
2558 3070 2930 3142 συνέρχονταις
2963 3076 3222 3141 ἀπέλθετε,
3244 3082 3329 3132 καὶ
3356 3081 3486 3133 κατά
3516 3080 3581 3133 τά
3611 3079 3700 3139 ἧθη
3730 3081 3873 3150 ὑμῶν

586 3159 788 3233 πατέρα
831 3159 1036 3217 ἑαυτοῖς
1079 3158 1409 3220 ἐκζητησατε’
1457 3158 1554 3227 ἐγὼ
1592 3158 1689 3229 γάρ
1723 3158 1985 3228 μεθ’ὐμῶν
2013 3153 2136 3211 εἶναι
2173 3160 2229 3212 οὐ
2257 3158 2685 3245 δύναμαιδσξῐότε
2715 3169 2843 3234 μετά
2871 3168 3044 3226 πάσης
3068 3171 3350 3241 προθυμίας
3384 3171 3410 3225 ὁ
3434 3170 3569 3242 ἅγιος
3597 3173 3683 3227 τόν
3712 3176 3873 3231 τόπον

592 3250 860 3304 κατέλαεεν
881 3249 1003 3303 ἔνθα
1028 3252 1086 3303 τὸ
1102 3254 1220 3324 πρῖν
1242 3272 1334 3304 κατ
1350 3254 1470 3321 ξικει,
1492 3257 1580 3309 την
1599 3253 1824 3324 ἀρχῆθεν
1844 3253 1995 3305 αὑτοῦ
2023 3252 2159 3323 φίλην
2195 3255 2425 3324 ἡσυχίαν
2472 3256 2847 3327 ἀσπαζόμενος,
2868 3263 2961 3313 ’καί
2988 3261 3088 3314 ὑπὸ
3129 3268 3219 3316 τοῦ
3247 3263 3297 3314 ἐν
3330 3262 3544 3332 ὑψηλοῖς
3583 3274 3872 3323 κατοικοῦν.

588 3363 677 3404 τος
703 3345 790 3397 καί
826 3344 890 3396 τὰ
914 3343 1125 3396 ταπεινά
1149 3340 1419 3415 ἐφορῶντος
1446 3349 1575 3396 Θεοῦ
1596 3344 1749 3413 μόνου
1777 3345 2170 3416 φρουρούμενος,
2211 3349 2293 3398 καί
2322 3346 2485 3417 ἑαυτῷ
2514 3351 2810 3424 προσέχων,
2843 3355 3103 3424 κατῴκησε
3125 3353 3229 3423 μεθ’
3252 3354 3460 3409 ἑαυτοῦ.

661 3464 828 3507 um.
853 3454 1046 3532 Ὀλίγον
1063 3493 1076 3514 ,
1104 3453 1374 3526 θεόρῥημον
1399 3451 1658 3517 δέσποτα,
1690 3454 1878 3526 ἀσαφὲς
1908 3455 2183 3514 καθέστηκέ

592 3564 677 3614 μοι
694 3544 752 3597 τό
776 3544 1048 3617 εἰρημένον
1077 3548 1127 3596 τί
1145 3545 1245 3617 γάρ
1276 3543 1384 3597 ἐστι
1411 3546 1468 3598 τό
1493 3546 1509 3571 ’⁵
1535 3548 1813 3617 Κατῴκησε
1841 3546 1948 3616 μέθ’
1967 3547 2179 3611 ἑαυτοῦ;

2363 3455 2507 3511 Petr.
2551 3458 2723 3513 Minus
2768 3470 3008 3527 patenter
3056 3464 3291 3535 intelligo
3313 3510 3328 3533 ,
3360 3467 3615 3537 quidnam
3643 3471 3734 3536 sit,
3764 3471 3871 3526 Ha-

2288 3548 2478 3603 bitavit
2505 3565 2709 3605 secum.

662 3669 828 3714 I‘PHP.
856 3657 952 3730 Ἐφ’
976 3656 1094 3713 ὅσον
1133 3658 1158 3712 ὁ
1189 3659 1328 3730 ἅγιος
1361 3655 1508 3720 οὗτος
1551 3661 1673 3736 ἀνὴρ
1713 3663 1835 3723 τοὺς
1876 3661 1976 3731 μεθ’
1999 3661 2181 3716 ἑαυτοῦ

2363 3662 2578 3734 (ἕτερον.
2624 3667 2678 3720 Si
2722 3676 2938 3722 sanctus
2982 3669 3062 3723 vir
3099 3682 3281 3725 contra
3311 3687 3369 3727 se
3398 3676 3719 3731 unanimiter
3740 3691 3876 3733 con-

597 3749 841 3822 ἀδελφοὺς
858 3749 1248 3823 όμοψύχουςιτε
1270 3754 1352 3804 καί
1378 3749 1427 3803 ἓν
1447 3752 1689 3810 πνέοντας
1712 3755 1781 3822 μὴ
1806 3752 2047 3826 εὑρηκώς,
2067 3752 2189 3806 ἀλλὰ

595 3844 680 3895 καί
704 3849 797 3899 τῆς
826 3841 1080 3900 πολιτείας
1110 3841 1272 3896 αὑτοῦ
1311 3842 1511 3914 μακράν
1540 3836 1719 3905 ὄντας,
1749 3844 1830 3894 καί
1853 3849 1921 3910 μη
1945 3842 2187 3912 βιαζομέ-

595 3953 712 3992 νους
742 3932 954 3991 ἑαυτοὺς
983 3934 1032 3985 ἐν
1165 3939 1256 3985 τοῦ
1290 3938 1510 4008 Χριστοῦ
1541 3939 1750 4005 ταπεινῇ
1786 3930 1887 4005 ὁδῷ
1941 3932 2188 4004 βαδίζειν,

596 4023 833 4083 πολλάκις
870 4021 923 4077 δὲ
952 4031 1040 4082 τῆς
1078 4025 1265 4083 οἰκείας
1304 4024 1657 4093 ἀμελήσαντας
1706 4028 1962 4099 σωτηρίας
2001 4026 2191 4085 αὐτοὺς

595 4116 749 4193 ὁρῶν,
778 4116 887 4170 λίαν
911 4116 1321 4189 ἑσπλαγχνίζετο
1343 4117 1420 4170 ἐπ’
1440 4118 1643 4178 αὐτοὺς,
1675 4104 1759 4170 καἹ
1776 4117 1854 4190 ὑφ’
1876 4117 2052 4171 ἑαυτὸν
2076 4118 2193 4170 σκέ-

595 4228 707 4263 πειν
739 4208 759 4238 ⁸
786 4228 839 4263 τε
869 4211 955 4260 καί
982 4212 1264 4279 ποιμαίνειν
1293 4205 1572 4262 ἔσπευδεν·
1606 4209 1749 4265 ἡνίκα
1769 4206 1822 4261 δὲ
1846 4209 1950 4262 καθ’
1969 4208 2190 4265 ἑκάστην

598 4302 733 4376 ὑπὲρ
756 4308 848 4359 τῆς
879 4302 1069 4354 ἐκείνων
1100 4299 1418 4375 διορθώσεως
1443 4302 1641 4365 ἐκοπία,
1669 4302 1804 4377 ἑώρα
1825 4300 1877 4357 δὲ
1900 4303 2078 4357 ἑαυτὸν
2103 4312 2194 4362 τῆς

597 4392 727 4465 πρὸς
761 4393 883 4444 Θεὸν
925 4391 1221 4451 ἀναϐάσεως
1267 4392 1663 4462 ἐλαττούμενον,
1710 4391 1972 4454 πλεονάκις
2018 4394 2196 4448 ἑαυτὸν

600 4482 964 4551 κατελίμπανεν
981 4521 996 4544 ,
1029 4482 1243 4540 ἐκείνους
1273 4481 1326 4536 δὲ
1358 4483 1480 4551 οὐχ’
1508 4484 1742 4560 ηὕρισκεν
1764 4484 1783 4513 ⁰
1802 4500 1815 4513 ·
1847 4486 1959 4538 ἐπεί
1983 4488 2197 4545 ποσάκις

600 4571 686 4628 διά
720 4578 959 4633 κινήσεως
986 4574 1241 4645 λογισμῶν
1283 4576 1525 4650 ἀπρεπῶν
1549 4618 1562 4640 ,
1609 4575 1790 4640 ἔξωθεν
1832 4579 1970 4646 ἡμῶν
2006 4577 2200 4631 ἑαυτῶν

602 4665 930 4735 ἀπαγόμεθα,
965 4668 1050 4717 καί
1091 4666 1240 4735 ἡμεῖς
1282 4667 1371 4737 μέν
1412 4668 1592 4737 ἐσμεν,
1644 4667 1750 4735 μεθ’
1784 4668 1977 4722 ἑαυτῶν
2013 4665 2067 4722 δέ
2115 4668 2200 4720 οὐκ

602 4755 772 4817 ἐσμέν·
817 4756 884 4809 τά
918 4761 1017 4831 γάρ
1064 4757 1168 4810 καθ’
1200 4757 1415 4817 ἑαυτοὺς
1458 4762 1528 4829 μή
1574 4765 1909 4819 σκοποῦντες.
1940 4762 2011 4819 εἰς
2049 4760 2200 4835 ἕτερα

677 4894 692 4922 ¹
718 4891 850 4961 Reg.
883 4895 929 4946 οἱ
952 4892 1005 4948 δέ
1035 4895 1102 4955 ὡς
1127 4894 1418 4948 ἐθεάσαντο.

676 4963 696 5038 ξ
724 4963 866 5038 idem
889 4969 1149 5038 mw-

677 5031 697 5111 ξ
730 5033 784 5085 lu
806 5034 962 5111 ιρυιδ.
994 5031 1208 5087 additur
1228 5038 1311 5088 καί
1335 5040 1583 5098 ζωοποιοῦ
1615 5042 1875 5111 σταυροῦ.

678 5100 698 5131 ⁸
728 5103 878 5156 Culb.
908 5114 1228 5164 κατοικῆσαι.

682 5173 703 5202 ⁸
736 5176 812 5226 Ita
836 5190 961 5228 mss.
990 5176 1110 5230 licet
1136 5178 1187 5227 in
1216 5175 1376 5238 editis
1416 5176 1616 5244 legatur
1652 5177 1906 5237 σκέπτειν,
1941 5184 2193 5244 usurpato

607 5246 815 5317 σκίπτω
845 5260 951 5317 ιη’(ὶΔ
967 5256 1266 5317 σκέπτομαι.

681 5316 701 5344 ⁸
734 5321 865 5383 iieg.
897 5315 1148 5390 s5ptcm.

681 5414 707 5441 ⁸
741 5404 932 5458 Excusi
955 5413 1111 5473 plen,
1132 5408 1399 5474 fortitudo,
1421 5421 1578 5473 quem
1602 5421 1838 5459 errorem
1861 5405 2188 5459 Bollandiani

611 5477 946 5529 relitmeruttl
996 5479 1045 5528 in
1100 5489 1248 5530 textu
1272 5517 1285 5538 ,
1319 5479 1673 5530 ettlendaruttt
1700 5478 1751 5529 in
1782 5477 1942 5529 nmis.
1989 5481 2189 5530 Umues

609 5562 741 5615 mss.
764 5548 954 5615 AAugI..
980 5546 1197 5613 Gallic,
1227 5560 1354 5610 etc.,
1389 5547 1584 5599 habent
1604 5549 1865 5599 tortitudo.

596 5630 601 5639 '
680 5614 705 5652 δ
748 5613 928 5669 Germ.
958 5619 1087 5675 duo.
1116 5618 1322 5672 'l‘ttcutl.
1355 5626 1409 5669 et
1432 5618 1827 5685 Nortn.,‘longe
1862 5617 1970 5668 alio
1998 5630 2181 5679 sensu,

610 5684 823 5764 aliquid.
847 5688 1045 5764 Otuues
1066 5688 1123 5764 i_n_
1151 5688 1345 5741 Bened.
1367 5687 1708 5764 conspirasse
1738 5684 2184 5764 persuadet-quod

610 5754 747 5810 infra
806 5758 1029 5826 legitur:
1062 5758 1123 5814 Si
1172 5769 1381 5813 sanctus
1435 5761 1509 5812 vir
1553 5754 1827 5814 contra‘se
1876 5755 2187 5811 unanimiter

2297 3756 2598 3824 spirantes,
2646 3775 2864 3830 suaeque
2908 3764 3300 3818 conversatioui
3349 3767 3504 3835 longe
3549 3769 3870 3838 dissimiles,

2296 3862 2513 3904 coactos
2542 3854 2632 3906 diu
2665 3856 2767 3906 sub
2806 3869 2865 3908 se
2896 3864 2919 3893 ο
2954 3865 3139 3912 leuem
3178 3860 3466 3925 voluisset,
3509 3860 3751 3917 fortassis
3791 3864 3877 3918 sui

2297 3942 2502 4011 vigoris
2546 3958 2697 3997 usum
2728 3955 2783 3999 et
2812 3948 3026 4000 modum
3070 3950 3464 4017 tranquillitatis
3502 3953 3792 4007 excederet
3825 3953 3871 4022 τ,

2296 4043 2456 4101 atque
2484 4048 2514 4087 a
2542 4037 3007 4104 contemplationis
3035 4038 3235 4094 lumine
3275 4054 3387 4093 sute
3442 4044 3633 4096 mentis
3661 4043 3875 4097 oculum

2297 4125 2637 4181 declinasset.
2683 4126 2922 4197 Dumque
2948 4130 3186 4198 quotidie
3228 4118 3440 4185 illorum
3487 4133 3879 4189 incorrectione

2295 4202 2543 4285 fatigatus
2575 4218 2751 4272 minus
2779 4231 2991 4275 curaret
3020 4237 3112 4276 sua
3135 4266 3148 4289 ,
3181 4232 3235 4276 et
3260 4240 3319 4278 se
3350 4224 3567 4280 forsitan
3603 4228 3879 4296 relinque-

2296 4318 2412 4373 ret,
2447 4318 2502 4362 et
2530 4309 2652 4363 illos
2681 4325 2786 4363 non
2821 4311 3103 4366 inveniret.
3135 4313 3266 4367 Nam
3297 4317 3513 4385 quoties
3552 4334 3646 4387 per
3673 4321 3878 4389 cogita-

2300 4398 2461 4451 tionis
2501 4408 2706 4452 motum
2749 4400 2969 4454 nimium
3011 4412 3158 4455 extra
3203 4418 3300 4458 nos
3341 4408 3602 4471 ducimur,
3645 4419 3698 4462 et
3727 4417 3752 4454 8
3780 4424 3880 4464 nos

2301 4501 2487 4539 sumus
2507 4525 2524 4551 ,
2556 4496 2610 4541 et
2639 4487 2917 4542 nobiscum
2951 4505 3055 4543 non
3088 4507 3273 4547 sumus
3298 4537 3313 4559 ,
3359 4496 3483 4563 quia
3524 4499 3881 4568 nosmetipsos

2301 4578 2519 4632 minime
2548 4578 2790 4633 videntes
2810 4623 2823 4643 ,
2852 4598 2946 4648 per
2972 4584 3070 4635 alia
3101 4598 3370 4652 vagamur.
3399 4591 3479 4640 Au
3510 4587 3661 4642 illum
3691 4605 3877 4645 secum

2306 4668 2471 4723 fuisse
2508 4668 2771 4735 dicimus,
2813 4673 2903 4738 qui
2945 4674 2993 4725 in
3038 4674 3377 4744 longinquam
3409 4680 3681 4748 regionem
3709 4681 3877 4747 abiit,

2307 4758 2607 4827 portionem
2637 4774 2794 4826 quam
2823 4773 3103 4830 acceperat
3131 4769 3495 4836 consumpsit,
3528 4779 3582 4823 et
3613 4770 3704 4824 uni
3734 4771 3786 4824 in
3817 4785 3881 4826 ea

2224 4895 2279 4956 D
2303 4894 2673 4963 conspirantes,
2700 4903 2805 4948 etc.
2840 4893 2907 4947 Et
2946 4911 3080 4963 pene
3118 4895 3170 4971 in
3202 4898 3309 4971 fine
3337 4898 3562 4963 capitis:
3599 4899 3689 4955 Vir
3713 4903 3882 4971 itaque

2302 4972 2748 5041 sanctus-promer
2784 4980 2933 5033 quem
2974 4970 3363 5021 custodiendum
3386 4980 3555 5041 staret
3590 4978 3676 5041 qui
3708 4989 3881 5027 omnes

2300 5034 2610 5087 unanimiter
2654 5051 2707 5087 se
2753 5048 3104 5104 persequentes
3138 5040 3399 5091 cerneret?
3442 5034 3637 5096 Verum
3685 5046 3877 5098 veneni

2304 5108 2425 5157 \iltO
2451 5104 2611 5157 infu~i
2647 5105 2871 5159 fortasse
2898 5122 3003 5160 non
3035 5119 3190 5162 erant
3218 5111 3420 5164 conscii
3451 5128 3660 5167 omnes.
3704 5144 3705 5151 η

2377 5185 2398 5242 ς
2441 5171 2630 5242 Cump.
2660 5189 2764 5227 non
2798 5176 2975 5242 habet,
3007 5193 3069 5230 ex
3092 5193 3249 5232 more.

2369 5240 2608 5320 diiigot.
2669 5248 2893 5314 primus,
2934 5240 3073 5302 Aud.
3125 5259 3179 5302 et
3237 5250 3373 5320 plur.
3428 5249 3648 5320 Norm.,
3704 5253 3875 5318 inspe-

2299 5326 2473 5368 0101⁸18.

2370 5395 2394 5453 9
2437 5385 2711 5440 Secundus
2740 5387 2900 5440 Carn.
2926 5426 2942 5453 ,
2971 5389 3236 5444 sustinere.

2369 5452 2389 5492 ί
2428 5456 2507 5529 ita
2548 5472 2701 5522 mss.,
2744 5456 2895 5526 cujus
2928 5452 3079 5513 verbi
3121 5462 3262 5525 loco,
3302 5463 3484 5517 excusi
3530 5461 3749 5529 habent,
3778 5463 3872 5518 eb-

2290 5543 2333 5579 ει
2345 5526 2559 5580 iuderet.

2364 5605 2389 5642 κ
2430 5597 2486 5649 In
2516 5596 2677 5655 Gilot.
2700 5637 2715 5660 ,
2744 5606 2793 5650 et
2822 5614 2920 5650 non
2951 5616 3147 5653 sumus.
3179 5599 3442 5656 Gussanv.
3475 5643 3491 5668 ,
3523 5613 3570 5657 et
3614 5604 3873 5658 nobiscum

2290 5682 2485 5744 fumus.
2528 5668 2716 5744 Melius
2756 5670 2808 5723 in
2830 5671 3036 5737 .\'atic.,
3064 5676 3148 5725 cui
3181 5672 3359 5726 favent
3383 5671 3592 5744 Germ.,
3624 5677 3866 5741 Carnot.,

2290 5735 2476 5795 Norut.
2510 5747 2565 5793 et
2595 5742 2729 5808 pler.
2761 5755 2921 5809 tnss.,
2954 5753 2999 5796 et
3024 5735 3124 5796 nos
3153 5757 3350 5797 sumus.
