4126 6362
592 346 693 401 159

1960 344 2034 397 'S.
2083 340 2522 397 BENEDICTUS.

3764 337 3862 392 M0

585 463 786 532 γνώμην
814 460 1140 528 κεκτημένους
1186 461 1410 525 κάματον
1449 458 1634 510 πολυν·
1670 457 1784 509 ἀλλ’
1824 451 1911 509 οὖν
1948 454 2172 513 διάκονος

2282 456 2332 507 in
2378 455 2559 508 animo
2600 452 2955 522 perfectorum
2996 450 3160 523 (quod
3192 444 3403 507 silentio
3433 450 3865 522 praetereundum

586 554 894 627 εὑρίσκεται.
925 550 1057 618 Μέγα
1085 544 1174 602 οὖν
1202 553 1454 621 ὑπάρχει,
1487 548 1568 600 ἐάν
1597 548 1638 599 οἰ
1667 548 1799 601 οἶτω
1828 548 2040 604 σκολιῶς
2070 544 2175 598 δια-

588 646 820 714 κείμενοι,
850 648 921 709 τῷ
952 648 1059 711 Θεῷ
1089 638 1389 698 δυνήσονται
1422 646 1774 711 προσαγαγεῖν
1800 638 1986 691 καρπόν
2011 638 2175 709 κρείτ-

586 730 797 785 τονα.“0
822 734 1063 805 μακάριος
1090 724 1180 782 οὖν
1208 731 1395 787 ἐκεῖνος
1420 730 1545 802 ἀνὴρ
1575 731 1708 787 τίνος
1734 730 1893 800 χάριν
1920 728 1932 755 ¹
1966 729 2060 780 σὺν
2090 728 2177 778 az)-

584 832 688 883 τοῖς
711 820 823 893 εἶχε
849 831 1166 883 κατοικῆσαι,
1202 821 1390 877 ὁπόταν
1419 824 1612 880 πάντας
1638 822 1853 879 ἐκείνους
1876 818 2177 888 ὁμοψύχους

588 913 995 972 καταδιώκοντας
1020 915 1173 967 αὑτὸν
1193 914 1357 987 ἑώρα;
1383 911 1631 986 διαφόρως
1658 907 1745 963 οὖν
1771 911 2034 964 τελοῦνταί
2065 931 2177 964 τινα

592 1005 635 1056 ἐν
655 1013 774 1064 ταῖς
797 1014 898 1058 τῶν
919 1004 1120 1058 δικαίων
1147 1012 1374 1074 ψυχαῖς,
1405 1004 1537 1079 ἅπερ
1567 999 1810 1056 ἀδύνατόν
1834 1003 1943 1057 ἐστι
1963 1005 1981 1032 ¹
2007 1014 2177 1075 σιωπῇ

588 1094 1131 1173 παραδραμεῖν.’οταν
1160 1100 1260 1169 ⁴γάρ
1290 1098 1569 1150 θεάσωνται
1586 1102 1684 1149 τῶν
1708 1097 1900 1147 οἰκείων
1927 1097 2093 1148 κόπων
2120 1100 2176 1151 τὸ

586 1187 794 1263 ἀκερδὲς
836 1193 917 1241 καὶ
950 1188 1155 1245 ἀνόητον
1179 1190 1221 1250 ⁸,
1242 1189 1290 1240 ἐν
1326 1187 1481 1257 ἑτέρῳ
1526 1186 1665 1255 τόπῳ
1683 1189 2171 1256 μεταναστεύουσιν,

587 1284 637 1334 ὶν
729 1288 1110 1357 καρποφορῆσαι
1135 1278 1450 1337 δυνήσενται.
1486 1279 1729 1351 Καθάπερ
1761 1280 1844 1330 καί
1877 1275 1901 1330 ὁ
1931 1286 2021 1336 τῆς
2062 1278 2177 1335 ἀλη-

562 1375 719 1432 ’θείας
744 1373 932 1445 κῆρυξ,
976 1370 1115 1429 ὅστις
1152 1370 1454 1424 ἀναλύεσθαι
1492 1369 1686 1434 ἐπόθει,
1729 1372 1812 1422 καί
1851 1372 1946 1423 σὺν
1975 1379 2178 1444 Χριστῷ

588 1459 713 1516 εἶναι
744 1462 965 1521 ὁεὶπών,
996 1482 1014 1511 ‹
1041 1461 1175 1531 Ἐμοὶ
1215 1463 1273 1514 τό
1311 1465 1397 1533 ζῇν
1441 1463 1679 1535 Χριστὸς,
1712 1465 1790 1514 καί
1823 1462 1881 1514 τὸ
1908 1464 2177 1517 ἀποθανεῖν

581 1554 815 1616 κέρδος-ἰ
840 1555 864 1608 ὁ
894 1558 1015 1614 τοὺς
1054 1558 1245 1625 ἀγῶνας
1286 1562 1384 1609 τῶν
1424 1555 1737 1624 παθημάτων
1760 1557 1817 1608 οὐ
1848 1556 1997 1623 μόνον
2028 1557 2175 1617 αὐτὸς

586 1648 895 1715 ὑπομείνας,
938 1646 1058 1697 ἀλλὰ
1098 1648 1180 1699 καί
1210 1646 1415 1719 ἐτέρους
1442 1653 1609 1700 ταῦτα
1640 1649 1903 1715 ὑπομένειν
1944 1645 2145 1709 διδάξας

582 1738 632 1788 ἂν
660 1743 914 1805 Δαματκῷ
942 1756 1065 1795 ποτε
1098 1734 1315 1808 διωγμὸν
1356 1738 1636 1805 ὑπομείνας
1655 1777 1670 1799 ,
1701 1739 1781 1790 ἵνα
1819 1737 1997 1809 δυνηθῇ
2030 1741 2172 1809 ἐκφυ-

2280 559 2387 600 non
2418 546 2547 614 est),
2589 545 2713 614 quia
2744 558 2871 598 cum
2911 545 3148 599 laborem
3190 559 3344 599 suum
3386 547 3501 599 sine
3540 546 3711 600 fructu
3749 559 3869 600 esse

2280 637 2661 703 considerant,
2694 637 2746 690 in
2778 636 2951 691 locum
2984 636 3146 691 alium
3178 637 3246 691 ad
3275 636 3512 690 laborem
3540 651 3663 691 cum
3697 638 3869 692 [ructu

2282 726 2533 795 migrant.
2567 724 2721 779 Unde
2760 724 2849 779 ille
2878 739 3091 795 quoque
3150 726 3400 794 egregius
3432 726 3753 793 praedicator
3778 726 3871 795 qui

2278 817 2498 871 dissolvi
2526 817 2709 887 cupit,
2747 824 2946 876 etcum
2971 816 3189 870 Christo
3213 830 3354 881 esse,
3400 817 3485 869 cui
3511 816 3696 869 vivere
3720 816 3874 869 Chri-

2280 918 2394 963 stus
2417 917 2534 976 est,
2563 918 2616 963 et
2643 909 2779 962 mori
2812 908 3018 962 lucrum
3039 906 3208 977 (Phil.
3233 922 3283 970 ι,
3309 904 3529 975 25),ηυὶ
3562 906 3872 974 passionum

2278 1000 2570 1055 certamina
2603 1013 2707 1053 non
2739 999 2914 1053 solum
2948 998 3064 1067 ipse
3089 996 3347 1065 appetiit,
3375 995 3468 1049 sed
3497 994 3563 1048 ad
3595 996 3871 1048 toleranda

2281 1090 2397 1146 haec
2426 1101 2481 1146 et
2506 1090 2641 1145 alios
2671 1088 2961 1155 accendit,
2998 1088 3241 1141 Damasci
3282 1087 3709 1156 persecutionem
3752 1100 3875 1151 pas-

2280 1197 2400 1246 sus,
2435 1191 2492 1235 ut
2520 1190 2701 1251 posset
2726 1180 2975 1246 evadere,
3004 1194 3213 1234 murum
3234 1218 3252 1242 ,
3282 1180 3459 1232 tunem
3482 1221 3496 1245 ,
3528 1187 3875 1247 sportamque

2279 1275 2527 1345 quaesivit
2548 1275 2687 1344 (Act.
2718 1276 2823 1341 Ix),
2852 1287 3017 1343 seque
3043 1273 3272 1327 latenter
3295 1271 3492 1339 deponi
3522 1269 3707 1322 voluit.
3734 1268 3876 1321 Nun-

2281 1366 2532 1436 quidnam
2560 1366 2780 1420 Paulum
2804 1373 3031 1420 mortem
3057 1365 3283 1418 dicimus
3314 1363 3593 1426 timuisse,
3623 1374 3780 1429 quam
3811 1374 3876 1412 se

2266 1459 2398 1528 ipse
2440 1475 2534 1527 pro
2575 1473 2765 1531 amore
2797 1458 2923 1513 Jesu
2966 1466 3194 1514 testatur
3223 1466 3476 1526 appetere
3507 1454 3593 1526 (II
3633 1452 3752 1508 Cor.
3777 1468 3871 1517 ιι,

2278 1550 2425 1617 22)?
2454 1550 2559 1605 Sed
2588 1565 2709 1605 cum
2742 1552 2795 1603 in
2827 1551 3016 1605 eodem
3051 1550 3171 1604 loco
3201 1549 3462 1603 minorem
3496 1547 3597 1601 sibi
3639 1545 3873 1599 fructum

2279 1645 2471 1700 adesse
2496 1645 2912 1713 conspiceret~et
2943 1657 3158 1710 gravem
3201 1642 3474 1705 laborem,
3516 1639 3584 1693 ad
3627 1638 3872 1693 laborem

2280 1750 2340 1791 se
2368 1735 2492 1789 alibi
2522 1750 2641 1789 tum
2674 1734 2850 1788 fructu
2882 1734 3136 1789 servavit.
3165 1732 3341 1786 Fortis
3370 1729 3568 1785 etenim
3596 1730 3875 1798 pracliator

581 1835 702 1900 γεῖν,
731 1836 939 1897 τεῖχος,
968 1832 1220 1899 σχοινίον,
1250 1832 1330 1883 καί
1359 1826 1624 1904 σπυρίδιον
1650 1831 1886 1892 ἐζήτησε,
1919 1833 2003 1881 καί
2028 1832 2172 1883 αὐτόν

2286 1828 2376 1883 Dei
2408 1828 2577 1882 teneri
2610 1828 2747 1882 intra
2778 1828 3013 1880 claustra
3044 1826 3245 1889 noluit,
3277 1823 3589 1879 certaminis
3618 1837 3872 1890 campum

580 1919 831 1995 λαθραίως
861 1922 1228 1988 κατενεχθῆναι
1256 1922 1456 1979 ἠθέλησε
1482 1920 1521 1973 ³.
1552 1925 1627 1977 Μή
1662 1921 1744 1973 τὸν
1769 1922 2013 1996 μακάριον
2041 1929 2168 1975 Παῦ-

581 2010 665 2063 λον
706 2012 911 2065 θάνατον
939 2012 1145 2082 λέγομεν
1180 2010 1472 2074 δεδοικέναι,
1509 2009 1561 2070 ὃς
1592 2012 1765 2065 ἑαυτὶν
1802 2010 1883 2065 διὰ
1924 2014 2009 2066 τόν
2050 2014 2178 2085 πρὸς

578 2098 774 2157 Ἰησοῦν
799 2105 1017 2176 Χριστόν
1045 2104 1215 2167 πόθον,
1245 2110 1512 2178 μαρτυρίῳ
1542 2104 1816 2166 ἐπέδωκεν;
1848 2107 1950 2159 ἀλλ’
1973 2108 2066 2167 ἓως
2090 2111 2179 2177 μὲν

2281 1921 2544 1991 ῳιωείνίι.
2578 1921 2729 1975 Unde
2762 1920 2900 1975 idem
2932 1934 3145 1988 quoque
3174 1915 3495 1972 venerabilis
3523 1912 3871 1977 Benedictus,

2285 2016 2330 2069 si
2378 2015 2610 2069 libenter
2651 1992 2833 2081 audis,
2880 2013 3038 2067 citius
3076 2008 3355 2079 agnoscis,
3399 2008 3522 2076 quia
3563 2016 3587 2042 ἰ
3618 2020 3723 2059 non
3754 2012 3877 2058 tan-

2287 2117 2369 2158 tos
2412 2108 2522 2173 ipse
2568 2104 2829 2159 indociles
2868 2104 3143 2166 deseruit,
3185 2108 3414 2170 quantos
3443 2098 3495 2151 in
3530 2096 3663 2151 locis
3692 2095 3812 2147 aliis
3840 2109 3873 2146 a

2288 2208 2459 2250 morte
2488 2196 2682 2250 anima:
2713 2196 3010 2249 suscitavit.

582 2194 629 2245 ἐν
669 2204 924 2267 Δαμασκῷ
955 2198 1228 2269 ὑπῆρχεν,
1266 2199 1321 2249 οὐ
1372 2206 1502 2250 πάνυ
1553 2197 1730 2252 ἑαυτὸν
1760 2207 2181 2272 καρποφοροὶντα

580 2285 731 2359 ἑώρα.
759 2283 895 2340 Ὀθεν
919 2286 1089 2341 λοιπόν
1113 2290 1383 2359 ἀναγκαῖον
1413 2289 1677 2356 ἐλογίσατο
1704 2295 2112 2357 μεταιαστεῦσαι
2135 2290 2182 2342 ἐν

579 2377 762 2453 ἑτέροις
808 2379 1005 2444 τόποις,
1049 2382 1097 2432 ἐν
1147 2378 1218 2439 οἷς
1264 2383 1606 2454 καρποφορίαν
1658 2381 2032 2443 πλεονάζουσαν
2080 2383 2172 2433 σὺν
2198 2384 2407 2452 καμάτῳ
2439 2382 2605 2450 πολλῷ
2648 2388 2721 2450 τῷ
2766 2386 2971 2454 Χριστῷ
3018 2381 3360 2451 προσήγαγεν.
3398 2382 3485 2434 Ὠς
3530 2371 3746 2449 ἄριστος
3789 2366 3877 2423 οὖν

576 2474 861 2543 ᾆγωνιστης
889 2476 1020 2545 ὑπὲρ
1049 2479 1271 2545 Χριστοῦ
1322 2470 1414 2524 οίικ
1458 2474 1712 2540 ἠνέσχετο
1744 2470 1879 2525 ἕνδςν
1920 2478 2019 2525 τῶν
2045 2472 2275 2545 κλείθρου
2327 2478 2601 2541 Δαμασκοῦ
2650 2474 2838 2541 μένειν,
2888 2470 3011 2523 ἀλλά
3058 2476 3148 2522 τοῦ
3197 2469 3387 2538 ἀγῶνος
3423 2468 3480 2519 τὸ
3521 2461 3724 2519 στάδιον
3753 2462 3873 2523 ἐζήτ-

576 2580 749 2622 τησεν,
774 2561 820 2611 ἐν
902 2563 989 2614 τόν
1011 2562 1198 2635 ἐχθρόν
1220 2562 1466 2618 ἐνίκησεν.
1488 2557 1633 2614 Ὀθεν
1676 2564 1755 2614 καί
1778 2560 1802 2613 ό
1826 2562 2040 2635 θεόφρων
2075 2570 2246 2635 πατὴρ
2287 2562 2564 2621 Βενέδικτος
2584 2604 2597 2627 ,
2632 2564 2711 2614 ἐάν
2758 2563 2990 2631 ἀσμένως
3021 2560 3295 2632 προσέχῃς
3325 2565 3437 2616 τοῖς
3480 2554 3835 2629 ῥηθησομένοις
3856 2592 3874 2614 ο

550 2652 757 2720 -τάχιον
784 2655 974 2723 γνώσῃ,
1008 2648 1087 2707 ὅτι
1110 2656 1203 2714 ζῶν
1230 2653 1439 2711 πολλοὺς
1479 2654 1525 2704 ἐν
1570 2651 1821 2728 διαφόροις
1847 2654 2023 2711 τόποις
2072 2654 2303 2708 κατέλιπε
2350 2658 2597 2725 μαθητάς,
2624 2656 2709 2707 καί
2749 2651 2968 2711 τούτους
2994 2655 3121 2706 κατά
3169 2659 3259 2710 τῆς
3301 2656 3393 2704 τοῦ
3446 2650 3638 2723 ἐχθροῦ
3680 2646 3877 2704 πλάνης

545 2783 549 2788 -
574 2742 905 2818 ivstipwcé’n
932 2747 1017 2797 καί
1045 2743 1392 2802 διανέστησεν.

644 2871 810 2914 ΠΕΤΡ.
853 2860 1029 2920 Οὕτως
1054 2861 1163 2913 ἐστὶ
1193 2860 1352 2920 καθὼς
1394 2857 1668 2921 διδάσκεις,
1700 2864 1780 2912 καὶ
1823 2862 1851 2917 ἡ
1886 2881 2173 2934 προσενεχ-

573 2956 721 3005 θεῖσα
751 2950 1007 3024 ἁρμοδίως
1028 2954 1288 3025 μαρτυρία
1314 2950 1453 3008 δηλοῖ
1477 2960 1641 3005 ταῦτα
1682 2952 1844 3013 οὕτως
1872 2951 2040 3023 ἔχειν’
2073 2954 2176 3006 ἀλλ’

575 3043 875 3112 ἑκδυσωπῶ,
902 3042 1040 3105 ὅπως
1063 3048 1112 3098 ἐν
1137 3053 1198 3118 τῇ
1225 3047 1451 3118 προτέρα
1474 3054 1564 3106 τῆς
1589 3052 1678 3099 τοῦ
1707 3044 1900 3101 δικαίου
1924 3048 2177 3104 πολιτείας

572 3135 877 3207 ψυχωφελεῐ
901 3134 1133 3209 διηγήσει
1155 3136 1514 3204 ἐπανέλθωμεν.

2355 2860 2492 2913 Patr.
2528 2861 2601 2913 lta
2633 2874 2755 2914 esse
2784 2869 2840 2912 ut
2868 2859 3051 2919 doces,
3080 2867 3133 2910 et
3165 2856 3445 2909 manitesta
3476 2855 3631 2917 ratio,
3661 2862 3717 2907 et
3743 2867 3875 2919 pro-

2282 2954 2445 3007 latum
2488 2965 2783 3019 congruum
2830 2948 3194 3003 testimonium
3226 2946 3484 3000 declarat.
3540 2944 3645 2998 Sed
3688 2957 3876 3012 quasso

2282 3054 2337 3096 ut
2361 3041 2430 3096 de
2452 3044 2559 3095 vita
2589 3038 2722 3094 tanti
2744 3038 2919 3092 Patris
2941 3037 3007 3092 ad
3036 3037 3364 3091 narrationis
3387 3034 3629 3090 ordinem
3655 3034 3868 3089 redeas.

644 3256 891 3303 FPHl‘OP.
929 3247 1008 3301 Ἐν
1053 3256 1127 3319 τῷ
1170 3248 1254 3302 τὸν
1296 3250 1545 3323 μακάριον
1586 3250 1767 3303 ἐκεῖνον
1806 3248 1993 3326 ἄνδρα,
2034 3253 2082 3304 ἐν
2107 3259 2172 3322 τῷ

2355 3247 2567 3316 Gregor.
2610 3244 2744 3299 Cum
2785 3252 3004 3298 sanctus
3042 3241 3120 3293 vir
3151 3241 3239 3293 diu
3272 3241 3321 3293 in
3353 3241 3541 3294 ca'lem
3572 3239 3868 3297 solitudine

574 3340 921 3411 προειρημένῳ
953 3339 1188 3410 σπηλαίῳ
1215 3339 1370 3398 θείαις
1394 3340 1601 3409 ἀρεταῖς
1633 3340 1995 3415 ἐξαστράπτειν
2020 3340 2171 3395 δυνά-

574 3431 693 3496 μεσί
717 3449 771 3482 τε
799 3432 883 3482 καὶ
920 3431 1169 3499 σημείοις,
1200 3424 1271 3488 οἷς
1297 3429 1457 3482 ἐποίει
1486 3427 1550 3482 δι’
1578 3432 1735 3483 αὐτοῦ
1768 3430 1792 3484 ὁ
1818 3431 1957 3491 Θεὸς,
1990 3435 2075 3483 καὶ
2103 3434 2173 3492 εἰς

576 3519 708 3590 ὕψος
731 3518 994 3591 ἀγγελικῆς
1022 3518 1167 3581 δόξης
1191 3519 1617 3577 ἀναϐιϐασθῆναι
1633 3561 1646 3581 ,
1677 3521 1850 3575 πολλοί
1874 3523 2094 3575 ἐντεῦθεν
2125 3525 2172 3575 ἐν

576 3612 711 3678 αὐτῷ
738 3617 810 3681 τῷ
838 3612 976 3679 τόπῳ
999 3610 1426 3682 παραγεγόνασιν,
1444 3614 1746 3681 αἰτούμενοι
1772 3614 1872 3666 ὑπὸ
1902 3619 1989 3672 τὴν
2017 3616 2169 3669 αὐτού

575 3699 840 3755 θεόσδοτον
868 3705 1199 3771 ποιμανθῆναι
1228 3706 1409 3776 χάριν.
1427 3715 1481 3756 '0
1509 3702 1562 3757 δέ
1592 3705 1811 3776 φιλόθεός
1840 3727 1891 3759 τε
1926 3711 2013 3760 καί
2038 3709 2174 3776 φιλό-

575 3789 757 3861 ψυχος
790 3797 961 3865 πατὴρ
1012 3790 1288 3851 Βενὲδικτος
1329 3790 1523 3846 δώδεκα
1555 3794 1724 3847 αὐτόθι
1768 3800 2081 3869 μοναστήρια
2110 3805 2170 3869 τῇ

576 3888 667 3937 τοῦ
690 3890 915 3955 Χριστοῦ
949 3882 1160 3953 δυνάμει
1194 3891 1575 3948 συνεστήσατο,
1610 3888 1657 3938 ἐν
1685 3883 1755 3946 οἷς
1785 3889 1937 3959 ὥρισε
1980 3887 2171 3941 δὼδεκκ

579 3975 599 4003 ⁵
628 3977 888 4045 μοναχούς
910 3976 959 4028 ἐν
984 3976 1175 4048 ἑκάστῃ
1205 3985 1329 4050 μονῇ
1354 3974 1505 4030 εἶναι·
1542 3978 1738 4050 ὀλίγους
1767 3977 1820 4031 δέ
1862 3980 2168 4049 μεθ’ἑαυτοῦ

577 4068 856 4137 κατέσχεν,
890 4066 979 4127 οὓς
1011 4071 1115 4122 ὑπὸ
1142 4074 1230 4126 τήν
1258 4072 1441 4123 ἑαυτοῦ
1474 4067 1829 4127 διδασκαλικὴν
1858 4070 1876 4097 ⁸
1906 4068 2173 4140 παιδαγω-

576 4161 688 4229 γίάν
715 4161 1049 4229 πημανθῆναι
1084 4158 1288 4227 ἔκρινεν.
1313 4158 1553 4230 ’Ἤρξαντο
1591 4156 1675 4212 οὖν
1700 4160 1871 4214 λοιπὸν
1909 4162 2165 4226 πλεῖστοι,

577 4254 658 4303 καὶ
686 4252 737 4302 ἐκ
759 4260 851 4310 τῆς
874 4250 1126 4320 Ῥωμαίων
1168 4251 1360 4311 πόλεως
1394 4254 1743 4323 εὐγενέστατοι
1774 4257 1855 4305 καί
1898 4253 2170 4308 σπουδαῖοι

578 4345 597 4374 ⁷
623 4346 748 4418 πρὸς
773 4346 921 4399 αὐτὸν
956 4350 1149 4416 φοιτᾲν,
1172 4348 1256 4398 καί
1294 4348 1414 4404 τοὺς
1440 4346 1635 4399 ἑαυτῶν
1664 4348 1802 4405 υἱοὺς
1834 4346 1896 4400 δι’
1919 4351 2074 4402 αὐτοῦ
2100 4354 2173 4418 τῷ

578 4441 688 4504 Θεῷ
715 4437 1038 4508 προσφέρειν.
1070 4435 1192 4489 Τότε
1227 4438 1391 4489 τοίνυν
1417 4446 1507 4496 τῆς
1537 4436 1691 4496 καλῆς
1714 4436 1910 4497 ἐλπίδος
1944 4442 2009 4491 τά
2032 4440 2173 4493 τέκνα

577 4512 828 4589 Ἐϐίτζιος
858 4529 878 4554 ⁸
902 4532 981 4581 καί
1011 4534 1220 4608 Μαῦρος
1248 4534 1377 4603 πρὸς
1399 4531 1546 4583 αὐτόν
1573 4532 1883 4593 ἀντετάξαντο
1901 4571 1914 4592 ,
1945 4535 2027 4585 καὶ
2049 4533 2173 4605 Τέρ-

577 4618 784 4679 τουλλος
830 4616 883 4672 δὲ
932 4619 957 4673 ὁ
1007 4622 1275 4692 πατρίκιος
1318 4619 1554 4675 Πλάκιδον
1598 4620 1903 4694 παρέδωκεν
1951 4623 1999 4684 ἐξ
2031 4620 2094 4674 ὧν
2133 4622 2158 4675 ὁ

2281 3337 2568 3391 vrtuiibus
2616 3334 2888 3402 signisque
2935 3339 3333 3396 succrescerct,
3384 3330 3535 3384 multi
3586 3331 3653 3385 ab
3697 3346 3766 3385 eo
3813 3332 3869 3387 in

2277 3428 2465 3482 eodem
2496 3427 2614 3480 loco
2642 3426 2709 3477 ad
2740 3420 3129 3489 omnipotentis
3159 3420 3251 3473 Dei
3285 3429 3410 3474 sunt
3438 3423 3712 3477 servitium
3740 3436 3874 3478 cou-

2277 3524 2477 3594 gregati
2507 3542 2519 3577 :
2556 3524 2627 3575 ita
2656 3530 2713 3573 ut
2742 3521 2852 3573 illic
2878 3518 3164 3572 duodecim
3190 3516 3217 3555 ιι
3246 3518 3570 3572 monasteria
3590 3531 3724 3571 cum
3753 3531 3871 3570 om-

2276 3612 2568 3682 nipotentis
2594 3611 2720 3665 .lesu
2748 3608 2945 3663 Christi
2978 3608 3187 3662 Domini
3213 3608 3567 3679 opitulatione
3591 3615 3873 3663 construe-

2277 3715 2394 3773 ret,
2431 3705 2481 3758 in
2511 3704 2707 3773 quibus
2735 3704 2949 3777 statutjs
2982 3700 3229 3755 Patribus
3256 3701 3538 3756 duodenos
3566 3700 3868 3755 monachos

2276 3795 2548 3865 deputavit
2573 3811 2588 3859 ;
2635 3807 2833 3863 paucos
2866 3808 2995 3848 vero
3024 3791 3206 3849 secum
3235 3796 3490 3861 retinuit,
3525 3810 3662 3865 quos
3690 3794 3867 3849 adhuc

2278 3888 2330 3940 in
2362 3901 2456 3939 sua
2492 3884 2779 3954 pra'sentia
2812 3888 2990 3953 aptius
3024 3896 3045 3923 ο
3078 3887 3277 3941 erudiri
3304 3886 3595 3955 judicavit.
3639 3886 3869 3955 Cmpere

2274 3981 2435 4032 etiam
2467 3990 2590 4033 tunc
2617 3978 2682 4031 ad
2711 3994 2832 4032 eum
2865 3979 3119 4033 Romana:
3146 3980 3293 4034 urbis
3316 3979 3525 4034 nobiles
3546 3979 3865 4047 et-religiosi

2276 4084 2629 4136 concurrere,
2663 4085 2898 4139 suosque
2926 4070 2975 4124 ei
3023 4070 3159 4124 ﬁlios
3205 4071 3555 4140 omnipotenti
3616 4070 3726 4124 Deo
3768 4086 3868 4125 nu-

2278 4163 2519 4216 triendos
2541 4162 2691 4216 dare.
2716 4162 2870 4217 Tunc
2900 4176 3113 4231 quoque
3138 4162 3291 4215 bona!
3319 4162 3430 4230 spei
3461 4176 3587 4215 suas
3613 4162 3827 4216 soboles
3845 4204 3860 4228 ,

2276 4256 2522 4323 Equitius
2543 4253 2568 4292 ἀ
2592 4256 2827 4311 Maurum
2847 4297 2862 4320 ,
2880 4256 3146 4311 Tertullus
3162 4273 3289 4311 vero
3312 4258 3565 4327 patricius
3584 4256 3862 4312 Placidum

2277 4349 2530 4411 tradidit;
2561 4363 2590 4401 e
2614 4363 2686 4416 qu
2712 4348 2813 4401 bus
2847 4347 3062 4401 Maurus
3090 4348 3273 4414 junior
3301 4363 3420 4402 cum
3457 4349 3611 4403 bonis
3638 4348 3864 4416 polleret

2277 4437 2553 4501 moribus,
2598 4437 2840 4505 magistri
2882 4437 3096 4506 adjutor
3125 4438 3289 4506 carpit
3316 4438 3585 4499 existere;
3618 4436 3862 4491 Placidus

2282 4545 2412 4585 vero
2446 4528 2670 4598 puerilis
2696 4528 2870 4583 adhuc
2898 4528 3093 4583 indolis
3121 4531 3337 4597 gerebat
3363 4544 3554 4584 annos.

576 4720 782 4788 Μαῦρος
806 4717 1153 4788 νεανικώτερος
1183 4717 1472 4790 ὑπάρχων,
1503 4719 1646 4773 ἡνίκα
1692 4725 1800 4777 τοῖς
1847 4718 2058 4789 ἀγαθοῖς
2109 4718 2422 4779 συνηύξησεν
2458 4715 2651 4779 ἤθεσιν,
2700 4715 2887 4790 ἤρξατο
2926 4715 3098 4768 λοιπὸν
3137 4718 3378 4789 συνεργὸς
3421 4723 3511 4771 τοῦ
3540 4715 3858 4771 διδασκάλου

576 4806 827 4877 γίνεσθαι·
861 4804 885 4859 ὁ
920 4805 973 4861 δέ
1003 4806 1229 4867 Πλάκιδος
1252 4809 1272 4838 ⁹
1299 4811 1407 4866 νέος
1449 4806 1524 4862 ἔτι
1556 4810 1816 4879 ὑπάρχων
1853 4810 2152 4867 ἀσκητικοῖς
2182 4814 2269 4867 τήν
2306 4807 2475 4868 πόνοις
2505 4807 2693 4861 ἑαυτοῦ
2718 4805 3328 4878 νεότητακατεδάμειζεν.

651 4988 668 5065 _'
698 4986 832 5057 Reg.
854 4987 974 5041 cod.
1021 4989 1177 5065 χάριν
1216 4986 1327 5061 εἶχε
1358 4998 1620 5045 κατοικεῖν.
1650 5027 1666 5043 .
1698 4988 1982 5058 (spatula);
2007 5008 2161 5041 κατα-

579 5056 870 5122 διώκοντας,
901 5067 1006 5112 etc.

649 5128 669 5201 ξ
701 5127 831 5201 ibid.
858 5126 976 5183 ἔστι
1006 5139 1273 5201 σιωπῆσαι
1300 5128 1329 5187 ἦ
1360 5126 1736 5201 παραδραμεῖν.

653 5198 672 5226 ⁸
700 5196 744 5248 M
751 5210 823 5249 ss.
850 5201 933 5251 καί
954 5199 1203 5259 ἀνόνητον.

648 5265 667 5295 ’⁸
699 5266 852 5320 Colb.
899 5269 1175 5323 ἐκέλευσεν.
1228 5267 1359 5336 Reg.
1386 5269 1774 5337 _xatt£vsxeﬁvau
1822 5272 1909 5320 τοῦ
1957 5270 2167 5337 τείχους

579 5337 828 5410 ἐκέλευσε.
850 5341 934 5410 ΔΜή
958 5341 1105 5410 τόν...
1134 5335 1355 5410 λέγωμεν
1378 5335 1641 5410 δεδοικέναι
1671 5341 1740 5398 ὡς
1766 5337 1941 5390 ἑαυτὸν
1975 5335 2168 5393 διὰήτόν

584 5408 647 5466 εἰς
676 5407 899 5482 Χριστὸν
922 5409 1076 5461 πόθον
1104 5404 1372 5483 μαρτυρίῳ
1401 5404 1675 5461 ἀπέδωκεν.

651 5476 671 5505 ⁸
700 5476 825 5529 Mss.
859 5475 934 5531 δὶς
963 5476 1099 5531 δέκα.

780 5491 825 5529 S.
859 5491 934 5534 οις
963 5491 1099 5531 δέκα.

650 5545 671 5575 ⁸
701 5544 832 5621 Reg.
857 5543 1204 5621 διδασκαλίαι
1216 5550 1301 5621 καί
1324 5544 1671 5618 παιδαγωγίαν
1697 5546 1906 5621 ἔκρινεν.

656 5632 669 5690 ξ
699 5615 845 5690 idem
872 5614 1147 5690 σπουδαῖοι
1173 5614 1371 5690 ἄνδρες.

651 5686 675 5717 ⁸
699 5683 835 5738 Ibid.
865 5685 1092 5747 Ἐϐίζιος.

653 5760 671 5787 ’
705 5752 834 5822 Heg.
854 5753 1117 5814 Πλακίδας.

2341 4991 2369 5018 ι
2411 4982 2506 5037 Hic
2534 4981 2894 5051 mirariijuvat
2919 4994 3052 5034 mss.
3084 4978 3328 5051 codicum
3359 4979 3864 5051 invicempugnan-

2276 5055 2403 5108 tium
2430 5051 2610 5107 varios
2632 5046 2843 5106 sensus.
2867 5050 3050 5105 Germ.
3080 5049 3349 5104 secundus
3368 5049 3575 5104 Theod.
3602 5046 3860 5107 Beccen’s.

2279 5124 2487 5179 Gemet.
2518 5131 2569 5177 et
2602 5122 2869 5176 secundus
2899 5120 3036 5175 Aud.
3068 5120 3267 5175 habent
3290 5137 3303 5173 :
3328 5122 3447 5188 quia
3474 5122 3612 5173 vivos
3642 5121 3755 5187 ipse
3781 5124 3863 5176 in-

2273 5194 2493 5267 dociles,
2525 5201 2630 5248 etc.
2659 5192 2883 5267 Val-cl_.,
2908 5191 3027 5267 quia
3047 5191 3091 5243 εί
3115 5191 3207 5267 hos
3231 5190 3340 5255 ipse
3365 5190 3480 5267 ind.
3503 5188 3863 5267 consentiunt

2274 5264 2382 5319 duo
2410 5262 2790 5318 Carnotenses.
2823 5261 2967 5333 Prat.
2994 5258 3121 5333 Lyr.
3152 5260 3266 5328 Big.
3294 5260 3502 5330 primus
3527 5258 3673 5317 Anii.
3699 5303 3714 5328 ,
3742 5265 3862 5333 quia

2272 5335 2409 5388 vivus
2439 5335 2546 5404 ipse
2573 5333 2869 5404 indocibiles
2900 5331 3122 5404 deserui.

2348 5405 2371 5442 ι)
2413 5398 2612 5459 Eorum
2637 5403 2850 5455 nomina
2870 5398 3408 5468 suppeditanturAct.
3435 5402 3538 5468 SS.
3561 5403 3693 5459 0rd.
3715 5405 3774 5458 S.
3801 5403 3858 5457 P.

2276 5474 2478 5529 Bened.
2508 5472 2663 5525 Tom.
2690 5471 2749 5536 l,
2777 5486 2831 5539 p.
2862 5470 2930 5533 8,
2964 5470 3017 5523 in
3046 5470 3214 5526 calce.
3330 5499 3334 5505 ~

2346 5554 2369 5582 ε
2413 5542 2606 5596 Val-cl.
2629 5580 2645 5605 ,
2677 5540 2831 5594 altius
2858 5541 3007 5594 erud.

2341 5610 2368 5683 ἐι
2406 5612 2471 5668 C.
2501 5610 2691 5683 ξενίη.
2719 5625 2842 5683 cum
2873 5608 3084 5683 Getnet.
3113 5620 3169 5668 et
3200 5613 3333 5682 pler.
3368 5607 3556 5673 Nom.
3584 5658 3598 5683 ,
3631 5614 3857 5670 Evitius.

2268 5682 2484 5738 Primus
2511 5680 2717 5737 Theod.
2741 5721 2755 5747 ,
2788 5679 3041 5735 Euticius.
