4126 6362
509 349 605 447 ιιι-ἑ

505 510 673 563 Ἰησοῦ
699 503 939 574 Χριστοῦ,
969 495 1172 565 μήκοθεν
1196 496 1323 563 πρὸς
1351 493 1502 545 αὐτόν
1534 490 1879 561 παρεγίνοντο,
1911 486 2099 537 καίτγιν
2132 480 2175 536 Α

504 600 591 650 τοῦ
627 594 739 663 βίου
771 583 1092 660 μ;.ταιότητα
1120 582 1568 652 καταλιμπάνοντες
1606 578 1707 631 ύπὸ
1742 579 1826 629 τόν
1859 574 2093 647 χρηστόν

504 693 594 744 τοῦ
633 686 810 757 κυρίου
842 681 992 752 ζυγίν
1019 677 1102 733 τόν
1122 676 1312 729 ἑαυτῶν
1334 673 1715 726 καθυπέτασσον
1738 665 2012 742 τράχηλον.
2040 674 2094 716 '0

506 776 559 833 δὲ
586 784 679 834 τοῦ
700 776 874 849 φθόνου
894 776 1163 846 γεννήτωρ.
1182 770 1264 821 καί
1284 774 1380 819 τῶν
1399 763 1620 818 εὐσεϐῶν
1644 764 1863 836 ἀρχαῖος
1880 758 2093 832 ἐχθρὸς.

508 874 577 940 μή
608 867 877 941 δυνάμενος
905 867 1065 939 φέρειν
1090 864 1183 920 τὰς
1208 857 1471 913 ἁπάύτοῦ
1499 854 1976 928 ἀπαστρυιπτούσας
1997 857 2096 903 τῶν

510 963 781 1032 θαυμάτων
811 953 1170 1031 μαρμαρυγὰς,
1199 954 1282 1004 καί
1312 949 1441 1022 ὁρῶν
1476 947 1653 1000 ἑαυτὸν
1683 947 1965 1012 ἡττώμενον
1994 943 2094 995 ύπό

511 1063 604 1113 τῆς
619 1060 707 1108 τοῦ
727 1051 871 1123 ἁγίου
888 1030 1150 1100 θεοσδότου
1169 1042 1449 1112 δυνάμεως.
1465 1037 1715 1108 ἐνσκήψας
1729 1034 1820 1107 μ’.
1836 1030 2095 1104 ἐνέσκηψε]

512 1146 562 1199 ἐν
582 1152 691 1203 ταῖς
707 1148 805 1195 τῶν
823 1136 1053 1194 ἀτάκτων
1068 1132 1410 1205 ψυχοφθόροις
1428 1130 1689 1191 διανοίαις,
1707 1129 1868 1186 καθώς
1886 1127 2096 1183 naviges;

513 1235 688 1293 αὐτοῖς
720 1234 829 1285 ἐστι
858 1230 1050 1300 φθονεῖν
1069 1233 1179 1284 τοῖς
1199 1225 1379 1298 ἑτέρων
1408 1218 1856 1297 κατορθώμασιν’ό
1886 1220 1983 1293 ’γὰρ
2005 1222 2094 1270 τοῦ

512 1320 867 1397 καθαρεύοντος
912 1317 1147 1379 ἔπαινος,
1179 1322 1276 1370 τῶν
1306 1316 1406 1368 ύπό
1446 1313 1727 1383 βασκανίας
1758 1310 2097 1377 μολυνομένων

512 1412 692 1472 ὄνειδος
717 1410 995 1483 τυγχάνει.
1025 1406 1168 1463 Ὀθεν
1191 1414 1282 1465 τῆς
1318 1401 1491 1459 αύτόθι
1518 1404 1899 1473 γειτνιαζούσης
1932 1400 2098 1455 ἐκκλη-

512 1507 624 1564 σίας
652 1503 1003 1580 πρεσϐύτερός
1028 1523 1105 1560 τις
1126 1500 1406 1573 Φλορέντιος
1425 1494 1667 1564 τοῦνομα,
1692 1494 1716 1547 6
1744 1500 1834 1547 τοῦ
1851 1495 2096 1562 ἡμετέρου

510 1594 843 1650 ύποδιακόνου
872 1595 1157 1666 Φλορεντίου
1181 1594 1413 1655 πάππος,
1442 1597 1531 1644 τοῦ
1562 1586 1831 1661 παγκοίκου
1863 1585 2097 1656 δαίμονος

509 1688 566 1742 τό
594 1696 745 1759 μῖσος
782 1690 866 1741 καί
893 1688 979 1740 τόν
1018 1686 1184 1757 φθόνον
1209 1684 1257 1736 ἐν
1290 1683 1455 1751 ἐαυτῷ
1484 1678 1853 1750 ὑποδεξάμενος
1873 1718 1886 1738 ,
1913 1677 2099 1750 ἤρξατο

508 1781 759 1834 σκώπτειν
777 1800 830 1832 τι
853 1781 938 1831 καί
959 1777 1252 1845 βασκαίνειν
1274 1783 1385 1833 ταῖς
1402 1780 1489 1826 τοῦ
1515 1772 1656 1825 όσίου
1673 1769 1850 1843 ἀνδρός
1867 1771 2094 1841 ἀρεταῖς,

509 1871 720 1926 ἐλπίζων
753 1872 803 1923 ἐκ
830 1872 1011 1925 τούτου
1041 1865 1255 1924 πολλοὺς
1283 1868 1586 1917 ἀποσπᾶσαι
1612 1867 1664 1913 ἐκ
1704 1870 1795 1919 τῆς
1824 1865 1913 1912 τοῦ
1957 1857 2099 1927 ἁγίου
2137 1852 2179 1908 Β
2206 1840 2304 1906 Q'"
2333 1855 2379 1905 ei

508 1960 850 2031 ψυχωφελοῦς
894 1957 1141 2027 διδαχῆς.
1171 1962 1258 2013 Ὠς
1290 1954 1343 2007 δὲ
1382 1963 1471 2012 τῆς
1501 1952 1861 2025 φρενοϐλαϐοῦς
1904 1947 2101 2007 ἐλπίδος

510 2039 771 2121 ἀπέτυχε,
805 2053 888 2102 καί
919 2050 1118 2122 ἐθεώρει
1142 2045 1358 2102 πολλοὺς
1393 2044 1494 2096 ύπό
1526 2049 1617 2100 τῆς
1646 2043 1805 2094 αὐτοῦ
1834 2044 1997 2111 φήμης
2020 2038 2099 2091 ἑλ-

612 2161 772 2205 ενους,
806 2144 888 2193 καί
915 2142 1047 2216 πρὲς
1076 2138 1225 2192 αύτὸν
1255 2141 1552 2208 φοιτῶντας,
1583 2135 1667 2184 καὶ
1694 2138 1806 2189 ταῖς
1841 2133 1996 2184 αὐτοῦ
2028 2128 2100 2183 δι-

510 2230 708 2302 δαχαῖς
727 2230 1144 2301 πληθυνομένους,
1162 2228 1386 2301 καθάπερ
1407 2224 1509 2277 ύπό
1532 2222 1686 2292 βελῶν
1708 2219 2101 2294 τιτρωσκόμενος

512 2325 537 2377 ὁ
562 2323 865 2395 ολορέντιος,
898 2328 987 2378 τήν
1018 2321 1104 2381 μὲν
1125 2324 1214 2371 τοῦ
1242 2316 1383 2369 όσίου
1411 2315 1608 2388 πατρὸς
1629 2312 1883 2365 πολιτείαν
1902 2307 2102 2363 διέϐαλ-

510 2414 590 2466 λεν
620 2411 955 2477 ¹,⁸ἐπαινετήν
989 2408 1042 2463 δὲ
1082 2413 1212 2472 ζωήν
1249 2406 1415 2473 ἐαυτῷ
1447 2404 1759 2457 ἐπισπᾶσθαι
1787 2400 1850 2454 δι’
1883 2403 2099 2455 ἀσκητι-

511 2509 606 2556 κῶν
626 2503 829 2573 ἀγώνων
846 2499 1081 2569 οὐδαμῶς
1104 2497 1276 2550 εἵλετο.
1292 2493 1471 2552 “Odm;
1495 2494 1596 2547 ύπὸ
1618 2498 1707 2547 τοῦ
1728 2488 1961 2545 διαϐόλου
1984 2510 2101 2543 σκο-

512 2596 698 2654 τισθείς
722 2596 841 2654 τούς
863 2601 953 2651 τῆς
973 2589 1177 2666 καρδίας
1208 2587 1481 2661 ὀφθαλμούς
1504 2587 1664 2659 μέχρι
1690 2586 1870 2640 τούτου
1900 2585 2101 2656 ἐχώρη-

514 2686 720 2752 σεν,’ίνα
734 2685 815 2739 τὸν
834 2681 1005 2738 δοῦλον
1019 2688 1108 2735 τοῦ
1127 2687 1256 2735 Θεοῦ
1269 2678 1855 2756 δηλητηρίῳνθανατὼσῃ·
1873 2678 2100 2747 φυράσας·

513 2780 607 2853 γάρ
637 2774 869 2851 ἄλευρον,
900 2770 1007 2828 εἶτα
1034 2774 1281 2841 ζυμὼσας
1302 2768 1475 2837 ἄρτον.
1500 2772 1583 2833 καί
1604 2769 1656 2821 ἐν
1679 2770 1813 2839 αύτῷ
1843 2767 2100 2841 ἐγκρύψας

510 2870 852 2943 θανατηφόρον
883 2869 1169 2937 φάρμακον,
1200 2866 1282 2916 καί
1311 2864 1573 2925 ὀπτήσας,
1608 2867 1675 2920 ὡς
1706 2860 1849 2916 δῆθεν
1880 2861 2098 2931 εὐλογίας

513 2962 668 3036 χάριν
697 2968 769 3033 τῷ
789 2965 881 3014 τοῦ
909 2964 1032 3012 Θεοῦ
1062 2958 1315 3029 ἀνθρώπῳ.
1338 2955 1650 3009 ἀπέστειλεν.
1667 2964 1721 3007 '0
1737 2952 1787 3007 δὲ
1814 2951 2044 3028 διορατικ
2078 2975 2099 3011 ,-

513 3054 687 3112 ἕκεῖνος
724 3052 848 3125 ἀνήρ
878 3052 960 3105 τόν
1000 3051 1089 3120 μὲν
1121 3045 1272 3122 ἄρτον
1309 3049 1636 3121 εὐχαρίστως
1668 3045 1886 3108 ἐδίξατο’
1921 3046 1979 3097 ού
2010 3048 2109 3111 μένς

516 3169 591 3202 τοι
613 3144 666 3201 δέ
694 3144 910 3200 διέλαθεν
933 3141 1126 3198 αὐτόνό
1163 3142 1215 3193 ἐν
1238 3148 1310 3209 τῷ
1338 3137 1478 3211 ἄρτῳ
1512 3136 1854 3209 κρυπτόμενος
1883 3138 1902 3166 ¹
1932 3135 2091 3194 δόλος·

510 3238 559 3289 ἐν
590 3236 641 3291 δέ
758 3238 865 3310 ὥρα
892 3235 938 3286 ἐν
1028 3230 1235 3286 εἰώθειό
1263 3228 1405 3301 ἅγιος
1441 3236 1627 3303 τροφῆς
1653 3227 2053 3297 μεταλαμϐάνειν
2079 3269 2093 3290 ,
2126 3223 2167 3277 (Σ

510 3325 690 3406 ὄρνεον,
718 3329 775 3380 τό
802 3325 861 3385 δὴ
879 3327 1141 3394 λεγόμενον
1169 3322 1403 3395 κόραξ,ἐν
1431 3331 1492 3394 τῇ
1528 3320 1773 3391 σύνεγγυς
1793 3320 1885 3392 ῦλῃ
1915 3326 2001 3378 τὴν
2028 3318 2095 3373 οτ-

510 3442 654 3480 κησιν
683 3418 829 3489 ἕχον,
856 3419 983 3471 κατά
1010 3419 1068 3470 τὸ
1096 3418 1305 3475 συνῆθες
1336 3413 1529 3487 ἤρχετο
1550 3414 1676 3487 πρός
1697 3413 1778 3465 τόν
1805 3411 1943 3483 ἅγιον
1960 3452 1972 3473 ,
2016 3416 2098 3464 καί

509 3512 561 3564 ἐκ
589 3519 687 3565 τῶν
716 3511 894 3578 τιμίων
925 3510 1080 3562 αὐτοῦ
1119 3515 1311 3582 χειρῶν
1349 3502 1501 3579 ἄρτον
1540 3505 1664 3577 πρὸς
1706 3508 1886 3579 τροφὴν
1931 3504 2096 3572 ἐαυτῷ

509 3600 809 3669 ἐδέχετοηὉ
840 3597 892 3653 δὲ
918 3599 1048 3672 ἱερός
1081 3600 1266 3655 ἐκεῖνος
1296 3598 1418 3665 ἀνὴρ
1453 3595 1617 3647 λαϐὼν
1649 3596 1731 3647 τίν
1768 3594 2095 3662 θανατηφόρον

507 3686 681 3761 ἄρτον,
708 3685 858 3760 όνπερ
878 3684 938 3745 ἧν
963 3689 1103 3757 αύτῷ
1128 3686 1431 3744 ἀποστείλας
1452 3686 1732 3760 Φλορέντιος
1758 3682 1784 3737 ό
1812 3685 2095 3761 πρεσϐύτε-

506 3799 673 3852 τερος,
703 3776 877 3835 ἔθηκεν
900 3778 1107 3830 ἐνώπιον
1148 3783 1237 3829 τοῦ
1270 3776 1503 3849 κόρακος,
1538 3779 1619 3827 καί
1650 3774 1903 3828 ἐκέλευσεν
1932 3776 2093 3845 αὐτῷ,

506 3869 708 3938 λέγων’-ι
728 3867 807 3921 Ἐν
833 3875 907 3940 τῷ
930 3868 1139 3935 ὀνόματι
1163 3864 1333 3921 ἰησοῦ
1355 3871 1572 3941 Χριστοῦ
1597 3872 1687 3918 τοῦ
1718 3866 1832 3918 υἱοῦ
1855 3871 1943 3919 τοῦ
1967 3872 2093 3918 Θεοῦ

506 3963 599 4011 τοῦ
629 3962 813 4021 ζῶντος
832 3957 953 4012 λαϐὲ
983 3958 1065 4009 τὸν
1096 3953 1248 4030 ἄρτον
1272 3962 1472 4017 τοῦτον,
1513 3958 1593 4007 καί
1616 3956 1664 4006 ἐν
1701 3952 1915 4024 τοιούτῳ
1956 3956 2092 4024 τόπῳ

506 4049 650 4126 ρίψον
677 4050 852 4113 αὐτὸν,
879 4049 962 4103 ’ἱνα
982 4045 1155 4116 μηδείς
1186 4047 1455 4119 ἀνθρώπων
1484 4045 1673 4117 εύρήσῃ
1696 4045 1894 4098 αὐτόν.»
1917 4045 2038 4097 Τότε
2069 4045 2091 4097 ὁ

506 4141 657 4215 κόραξ
697 4142 992 4212 ἀνεῳγμένῳ
1021 4146 1093 4208 τῷ
1123 4140 1343 4207 στόματι
1372 4140 1454 4189 καί
1481 4137 1796 4207 ἡπλωμέναις
1825 4146 1943 4197 ταῖς
1970 4139 2064 4191 πντέ

504 4233 663 4304 ρυξιν,
696 4234 837 4306 πέριξ
866 4239 956 4284 τοῦ
984 4232 1143 4285 αύτοῦ
1172 4230 1532 4304 περιίπτασθαι
1560 4232 1640 4282 καί
1668 4232 1862 4303 κράζειν
1881 4229 2088 4303 ἤρξατο,

505 4330 715 4384 καὶτοῖς
743 4329 980 4393 κινήμασι
1010 4324 1209 4393 μηνύειν
1247 4327 1337 4378 τὴν
1374 4322 1421 4372 ἐν
1454 4323 1595 4392 αύτῷ
1624 4316 1780 4375 οὖσαν
1810 4320 2091 4379 διαϐολικήν

505 4419 807 4490 σκευωρίαν.
844 4415 965 4490 ιιρὸς
994 4411 1045 4465 όν
1076 4412 1100 4466 ό
1132 4419 1223 4466 τοῦ
1265 4420 1392 4466 Θεοῦ
1419 4408 1683 4488 ἄνθρωπος
1713 4414 1860 4467 πάλιν
1896 4413 2087 4483 ἤρξατο

505 4508 677 4579 λέγειν·
694 4524 709 4553 ι
728 4501 879 4577 Ἀρον
900 4510 1096 4565 τοῦτον,
1116 4496 1241 4576 ἆρον
1257 4503 1564 4576 ἀμερίμνως,
1579 4507 1663 4555 καί
1678 4505 1778 4557 ἐκεῖ
1795 4503 1941 4556 αὐτόν
1961 4500 2085 4556 ἀπό·

1884 374 1943 426 S.
1981 364 2430 422 BENEDICTUS.

3402 279 3427 299 Ι

3670 350 3775 407 168

2206 473 2513 527 saecularem
2551 472 2709 524 vitam
2738 468 2886 522 multi
2918 466 3301 534 relinquerent,
3334 471 3388 516 et
3409 460 3507 513 sub
3544 459 3646 514 leni
3672 458 3777 513 Re-

2199 564 2635 634 demptorisjngo
2657 562 2917 616 cervicem
2941 559 3119 614 cordis
3135 556 3447 611 edomareut
3463 593 3478 617 ,
3500 552 3636 605 sicut
3663 566 3779 605 mos

2201 670 2490 724 pravorum
2516 666 2600 709 est
2632 653 2871 708 invidere
2900 650 3018 703 aliis
3040 646 3251 702 virtutis
3278 644 3475 698 bonum
3505 641 3647 710 quod
3679 642 3781 709 ipsi

2202 747 2397 800 habere
2450 761 2553 798 non
2603 753 2899 813 appetunt,
2956 740 3143 793 vicina:
3192 733 3435 790 ecclesiae
3479 731 3780 801 presbyter,

2204 836 2509 890 Florentius
2540 837 2779 899 nomine,
2809 831 2965 900 hujus
2990 829 3157 885 nostri
3186 824 3495 885 subdiaconi
3527 823 3783 878 Florentii

2201 940 2354 990 avus,
2402 927 2605 994 antiqui
2652 924 2823 978 hostis
2855 922 3053 976 malitia
3077 932 3361 989 percussus
3395 925 3443 983 ι,
3472 914 3641 969 sancti
3682 913 3783 968 viri

2200 1017 2389 1071 studiis
2419 1020 2583 1087 coepit
2626 1017 2885 1081 mmulari,
2918 1016 3139 1083 ejusque
3189 1010 3581 1067 conversationi
3628 1008 3785 1063 dero-

2198 1121 2327 1176 gare
2351 1124 2365 1163 :
2394 1124 2635 1177 quosque
2650 1108 2811 1163 etiam
2841 1114 3041 1177 posset,
3069 1103 3136 1158 ab
3154 1102 3292 1157 illius
3316 1099 3620 1154 visitatione
3640 1113 3787 1152 com-

2204 1212 2441 1266 pescere.
2473 1202 2713 1269 Cumque
2734 1199 2845 1267 jam
2874 1212 2933 1251 se
2957 1194 3293 1260 conspiceret
3314 1192 3429 1260 ejus
3457 1189 3787 1259 profectibus

2202 1288 2420 1346 obviare
2443 1307 2547 1344 non
2575 1306 2749 1359 posse,
2775 1299 2829 1343 et
2856 1286 3279 1342 conversationis
3309 1283 3451 1336 illius
3480 1280 3786 1348 opinionem

2200 1399 2470 1450 crescere,
2502 1391 2663 1451 atque
2695 1382 2890 1434 multos
2921 1378 2986 1431 ad
3014 1385 3208 1432 statum
3240 1376 3362 1428 vita:
3390 1372 3646 1434 melioris,
3672 1372 3788 1431 ipso

2202 1490 2413 1547 quoque
2434 1472 2702 1545 opinionis
2720 1470 2834 1539 ejus
2858 1468 3123 1538 praeconio
3149 1465 3514 1519 indesinenter
3534 1460 3710 1515 vocari
3731 1459 3783 1525 ι’,

2204 1567 2416 1622 invidia:
2457 1563 2663 1618 facibus
2706 1561 2874 1631 magis
2924 1562 3199 1627 magisque
3262 1568 3593 1615 succensus.
3638 1551 3790 1605 dete-

2203 1659 2314 1712 rior
2343 1656 2497 1710 [iebat
2535 1672 2548 1706 2
2581 1654 2703 1721 quia
2733 1649 3156 1705 conversationis
3187 1648 3325 1699 illius
3376 1643 3658 1712 appetebat
3691 1640 3788 1695 lia-

2205 1751 2331 1803 bere
2364 1748 2596 1807 laudem,
2630 1744 2723 1797 sed
2759 1744 2957 1795 habere
2997 1740 3316 1794 laudabilem
3358 1740 3521 1789 vitam
3550 1734 3786 1790 nolebat.

2389 1840 2571 1893 usdem
2603 1836 2815 1889 invidia:
2840 1834 3082 1889 tenebris
3110 1842 3364 1890 ca-catus,
3393 1829 3456 1882 ad
3488 1828 3590 1882 hoc
3620 1841 3789 1897 usque

2208 1929 2493 1999 perductus
2530 1937 2637 1991 est,
2681 1935 2737 1977 ut
2774 1939 2931 1977 servo
2969 1919 3353 1988 omnipotentis
3404 1917 3493 1970 Dei
3534 1917 3787 1971 infectum

2207 2038 2414 2077 veneno
2444 2034 2637 2089 panem
2665 2019 2814 2086 quasi
2848 2030 2942 2083 pro
2971 2011 3345 2067 benedictione
3375 2008 3783 2063 transmitteret.

2205 2116 2373 2179 Quem
2404 2117 2483 2165 vir
2516 2111 2603 2164 Dei
2645 2124 2763 2163 cum
2811 2106 3099 2176 gratiarum
3128 2102 3337 2157 actione
3380 2099 3614 2168 suscepit
3642 2138 3659 2163 ,
3691 2100 3785 2152 sed

2204 2221 2326 2260 eum
2356 2218 2474 2272 quze
2501 2200 2664 2270 pestis
2692 2200 2881 2252 lateret
2908 2198 2959 2251 in
2986 2210 3119 2264 pane
3141 2208 3247 2247 non
3295 2193 3468 2246 latuit.
3494 2189 3572 2244 Ad
3600 2191 3787 2243 horam

2206 2311 2332 2348 vero
2360 2290 2665 2348 refectionis
2701 2289 2842 2342 illius
2883 2303 2949 2342 ex
2996 2286 3167 2340 vicina
3201 2286 3335 2340 silva
3367 2299 3560 2338 corvus
3603 2282 3790 2336 venire

2206 2393 2583 2449 consueverat,
2629 2392 2681 2437 et
2709 2396 2896 2450 panem
2933 2380 3001 2434 de
3032 2395 3189 2433 manu
3221 2380 3336 2447 ejus
3366 2376 3631 2445 accipere.
3684 2374 3787 2441 Qui

2205 2496 2326 2533 cum
2387 2492 2537 2531 more
2566 2477 2725 2530 solito
2755 2473 3015 2539 venisset,
3076 2486 3268 2541 panem
3298 2486 3455 2540 quem
3506 2468 3790 2539 presbyter

2208 2569 2592 2629 transmiserat,
2640 2565 2724 2620 vir
2771 2565 2861 2619 Dei
2908 2574 3030 2618 ante
3072 2578 3293 2618 corvum
3338 2561 3588 2630 proiecit,
3630 2559 3788 2628 eique

2208 2663 2477 2733 praecepit,
2522 2662 2705 2716 dicens
2749 2679 2761 2714 :
2805 2658 2862 2712 In
2904 2659 3120 2713 nomine
3160 2660 3289 2713 Jesu
3333 2657 3532 2712 Christi
3577 2656 3787 2710 Domini

2208 2755 2371 2808 nostri
2404 2754 2528 2807 tolle
2557 2753 2694 2805 hunc
2728 2766 2940 2815 panem,
2970 2760 3024 2803 et
3057 2750 3147 2802 tali
3177 2764 3299 2802 eum
3326 2750 3379 2802 in
3413 2748 3531 2801 loco
3561 2746 3784 2815 projice,

2207 2848 2293 2901 ubi
2341 2863 2369 2897 a
2402 2844 2548 2898 nullo
2596 2843 2870 2896 hominum
2915 2843 3085 2910 possit
3124 2840 3370 2893 inveniri.
3403 2839 3553 2892 Tunc
3592 2853 3787 2892 corvus

2202 2946 2389 3005 aperto
2415 2951 2530 3001 ore,
2556 2936 2809 3002 expansis
2836 2934 2937 2987 alis
2966 2935 3110 2987 circa
3130 2932 3377 2985 eumdem
3410 2944 3597 2997 panem
3623 2929 3787 2995 coepit

2204 3034 2528 3094 discurrere,
2559 3030 2844 3091 crocitare,
2875 3044 2937 3082 ac
2961 3027 3006 3081 si
3037 3037 3220 3095 aperte
3240 3027 3462 3087 diceret,
3484 3035 3539 3077 et
3568 3022 3787 3076 obedire

2202 3142 2260 3179 se
2285 3124 2445 3189 velle,
2478 3133 2533 3176 et
2556 3131 2732 3176 tamen
2761 3120 2908 3188 jussa
2952 3118 3171 3184 implere
3211 3131 3315 3170 non
3349 3130 3526 3184 posse.
3569 3114 3667 3167 Cui
3707 3112 3788 3165 vir

2205 3215 2414 3268 Domini
2468 3210 2809 3280 praecipiebat
2860 3210 3049 3261 iterum
3095 3216 3256 3274 atque
3293 3207 3511 3271 iterum,
3559 3203 3783 3257 dicens:

2204 3307 2365 3373 Leva,
2396 3306 2512 3359 leva
2541 3317 2783 3366 securus,
2812 3309 2971 3369 atque
3002 3298 3070 3351 ibi
3091 3297 3291 3366 projice
3320 3298 3408 3351 ubi
3432 3296 3656 3351 inveniri
3680 3310 3785 3348 non

2202 3400 2390 3468 possit.
2418 3396 2586 3463 Quem
2611 3394 2702 3446 diu
2733 3391 3071 3455 demoratus,
3105 3388 3426 3457 quandoque
3455 3401 3651 3442 corvus
3671 3399 3786 3439 mo-

2201 3489 2418 3554 mordit,
2452 3484 2667 3547 levavit,
2691 3493 2745 3537 et
2777 3482 3019 3537 recessit.
3048 3481 3174 3535 Post
3191 3484 3348 3534 trium
3376 3493 3505 3534 vero
3534 3475 3782 3531 horai-um

2199 3581 2427 3649 spatium
2454 3578 2666 3647 ahjecto
2698 3590 2834 3643 pane
2868 3574 3049 3639 rediit,
3075 3583 3129 3627 et
3158 3574 3224 3626 de
3253 3589 3412 3627 manu
3439 3572 3669 3625 hominis
3689 3570 3783 3624 Dei

2198 3689 2463 3729 annonam
2491 3687 2653 3741 quam
2682 3678 3031 3724 consueverat
3076 3670 3302 3734 accepit.
3340 3667 3667 3723 Venerabilis
3690 3682 3785 3720 au-

2200 3779 2305 3823 tem
2338 3770 2493 3822 Pater
2524 3752 2708 3821 contra
2741 3766 2907 3819 vitam
2935 3780 3086 3819 suam
3116 3764 3456 3818 inardescere
3486 3764 3782 3817 sacerdotis

2197 3860 2431 3912 anitnum
2463 3856 2670 3919 videns,
2707 3856 2781 3910 illi
2814 3856 2980 3925 magis
3007 3871 3166 3925 quam
3189 3855 3288 3909 sibi
3311 3854 3496 3909 doluit.
3521 3854 3626 3908 Sed
3651 3869 3777 3922 pra:-

2196 3952 2369 4003 dictus
2419 3948 2457 4003 F
2482 3938 2751 4011 orentius,
2784 3947 2907 4015 quia
2941 3946 3174 4016 magistri
3216 3960 3408 4013 corpus
3444 3958 3638 3999 necare
3673 3958 3783 3997 non

2198 4041 2390 4109 potuit,
2423 4055 2483 4094 se
2511 4040 2576 4092 ad
2604 4038 3018 4107 exstinguendas
3043 4038 3422 4104 discipulorum
3461 4037 3672 4090 animas
3692 4050 3781 4089 ac-

2195 4132 2378 4186 cendit
2410 4150 2421 4184 :
2459 4134 2529 4185 ita
2561 4143 2615 4185 ut
2644 4132 2694 4185 in
2726 4134 2882 4184 horto
2910 4130 3077 4191 cellar,
3123 4131 3207 4181 cui
3238 4125 3557 4181 Benedictus
3588 4129 3776 4187 inerat,

2195 4235 2319 4280 ante
2350 4241 2535 4278 eorum
2584 4224 2770 4276 oculos
2821 4221 2987 4274 nudas
3034 4229 3238 4286 septem
3288 4218 3490 4285 puellas
3520 4220 3775 4281 mitteret,

2196 4338 2314 4392 qua:
2356 4337 2543 4381 curaui
2585 4320 2663 4373 eis
2710 4318 2811 4371 sibi
2865 4319 3091 4371 invicem
3124 4331 3313 4369 manus
3360 4328 3602 4369 tenentes
3636 4325 3681 4377 α,
3724 4326 3782 4368 et

2194 4412 2393 4465 diutius
2444 4410 2709 4470 ludentes,
2766 4408 2975 4463 illorum
3010 4416 3215 4460 mentes
3259 4406 3323 4458 ad
3372 4408 3775 4474 perversitatem

2197 4500 2428 4554 libidinis
2453 4499 2863 4552 inllanimarvnt.
2888 4498 3039 4565 Quod
3061 4499 3142 4550 vir
3164 4509 3379 4553 sanctus
3399 4500 3467 4551 de
3493 4498 3621 4551 cella
3648 4514 3779 4551 con-

503 4601 590 4653 θου
610 4597 727 4652 ἔνθα
740 4598 1001 4671 εὑρεθῆναι
1020 4598 1074 4649 ού
1097 4594 1328 4650 δύναται.
1344 4613 1363 4646 ι
1379 4596 1502 4649 Τότε
1517 4595 1540 4648 ό
1554 4596 1705 4670 κόραξ
1723 4600 1809 4653 τήν
1829 4603 1919 4651 τοῦ
1942 4596 2086 4665 ἁγίου

2200 4600 2447 4668 spiciens,
2502 4600 2813 4667 lapsumque
2862 4598 3035 4651 adhuc
3086 4600 3447 4653 tenerioribus
3495 4600 3774 4668 discipulis

504 4691 722 4745 κίλευσιν
752 4689 971 4759 ἐπλήρου
989 4729 1001 4749 ,
1034 4692 1114 4740 καί
1156 4690 1249 4740 σιν
1278 4686 1411 4758 φόϐῳ
1440 4686 1604 4756 πολλῷ
1632 4686 1796 4744 λαϐὼν
1824 4689 1909 4739 τόν
1940 4683 2090 4760 ὅρτον

504 4788 575 4852 τῷ
604 4781 851 4852 στόματι,
884 4779 1097 4837 ἀπῆλθε,
1140 4781 1224 4832 καί
1262 4784 1441 4832 τοῦτον
1466 4778 1624 4853 ῥίψας
1656 4778 1705 4829 ἐν
1740 4778 1881 4845 τόπῳ
1918 4777 2086 4844 ἀϐάτῳ

505 4874 749 4932 παντελῶς
764 4880 870 4932 τοῖς
891 4873 1190 4944 ἀνθρώποις.
1210 4870 1339 4940 μετά
1361 4876 1498 4941 τρεῖς
1521 4870 1651 4941 ὥρας
1672 4867 1984 4940 ὑπέστρεψε,
2002 4871 2089 4921 καί

502 4964 556 5017 ἐκ
581 4971 679 5017 τῶν
701 4970 787 5016 τοῦ
812 4964 956 5034 ἁγίου
989 4970 1178 5037 χειρῶν
1205 4966 1293 5019 τὴν
1324 4964 1552 5017 εἰωθυῖαν
1576 4966 1758 5036 τροφήν
1789 4959 2003 5024 ἐδέξατο.
2031 4972 2085 5013 '0

502 5053 555 5108 δὲ
593 5052 949 5113 ἁπλούστατος
990 5057 1069 5106 καί
1120 5054 1251 5106 κατὰ
1306 5055 1473 5107 πάντα
1538 5054 1913 5113 ἐπιεικέστατος
1959 5057 2082 5125 ἀνὴρ

501 5146 521 5175 ³
555 5143 861 5208 Βενίδικτος,
896 5146 1195 5215 θεασάμενος
1224 5150 1313 5202 τὴν
1337 5150 1429 5198 τοῦ
1459 5144 1746 5214 Φλορεντίου
1777 5143 2080 5214 δολοφονίαν,

499 5234 576 5291 ὅτι
606 5237 713 5306 ούχ
734 5233 832 5296 οἷός
855 5257 906 5293 τε
928 5238 1094 5307 γέγονε
1113 5244 1201 5293 τήν
1219 5237 1400 5287 τούτου
1422 5237 1663 5308 πονηρίαν
1683 5233 2081 5308 διορθώσασθαι.

500 5327 631 5401 όπέρ
660 5328 849 5385 ἐκείνου
875 5329 1080 5398 μᾶλλον.
1108 5327 1138 5386 ἦ
1164 5328 1294 5401 ύπέρ
1323 5329 1482 5381 αὑτοῦ
1504 5336 1574 5397 τῷ
1594 5336 1700 5396 Θεῷ
1722 5331 2076 5405 προσηύχετο.

577 5494 589 5522 ¹
622 5494 749 5548 MSS.
778 5500 869 5548 τοῦ
894 5492 1032 5546 ὁσίου
1059 5487 1241 5561 ἀνδρὸς
1268 5491 1519 5545 πολιτείαν
1541 5488 1791 5544 διέϐαλεν..

571 5565 589 5635 ξ
625 5563 753 5635 lieg.
779 5564 962 5622 όέντός
992 5561 1339 5635 κρυπτόμενος

570 5633 589 5661 ³
624 5633 750 5699 Reg.
790 5638 980 5705 πατὴρ.

572 5798 597 5868 _‘
629 5787 880 5868 german.
909 5788 1020 5868 5!th
1052 5790 1187 5843 Attd.
1212 5799 1266 5844 et
1296 5790 1666 5868 pler._Nornt.,
1693 5791 1975 5860 perculsus.

568 5857 595 5898 δ
623 5859 787 5917 Gilot.
820 5868 872 5913 ct
909 5859 1101 5924 Vatic.,
1126 5876 1321 5913 vocare.
1370 5862 1564 5917 Aliuui.
1592 5857 1791 5912 vincere.
1942 5872 1945 5875 '

2199 4688 2612 4757 pertimescens,
2660 4688 2817 4756 idque
2862 4702 2956 4755 pro
2998 4705 3091 4741 sua
3136 4691 3302 4742 solius
3345 4688 3369 4729 ἀ
3405 4692 3787 4759 persecutione

2198 4780 2309 4834 ﬁeri
2342 4789 2693 4848 pertractans,
2717 4778 2928 4832 invidiae
2958 4779 3130 4832 locum
3152 4781 3319 4845 dedit,
3350 4792 3509 4851 atque
3537 4783 3782 4837 oratoria.

2194 4880 2384 4924 cuncta
2434 4885 2551 4938 qua:
2604 4880 3010 4932 construxerat,
3066 4870 3375 4933 substitutis
3426 4876 3775 4944 praepositise

2192 4961 2455 5029 adjunctis
2483 4960 2737 5013 fratribus
2764 4960 3053 5019 ordinavit.
3089 4974 3141 5015 et
3175 4964 3355 5030 paucis
3377 4980 3557 5019 secum
3590 4982 3777 5021 mona-

2193 5052 2309 5106 chis
2364 5050 2553 5104 ablatis
2595 5051 2977 5106 habitationem
3026 5054 3246 5107 mutavit
3281 5055 3402 5111 loci.
3438 5057 3661 5122 Moxque
3717 5069 3778 5112 ut

2192 5146 2272 5196 vir
2307 5144 2398 5196 Dei
2423 5143 2537 5210 ejus
2566 5143 2685 5195 odia
2715 5144 2986 5197 humiliter
3011 5143 3321 5209 declinavit,
3358 5150 3495 5202 hunc
3519 5149 3767 5217 omnipo-

2196 5246 2311 5287 tens
2342 5234 2480 5286 Deus
2510 5232 2815 5286 terribiliter
2841 5235 3121 5301 percussit.
3158 5235 3283 5288 Nam
3316 5253 3434 5291 cum
3483 5239 3769 5308 praedictus

2195 5326 2470 5393 presbyter
2514 5333 2657 5379 stans
2702 5322 2752 5384 in
2796 5323 2991 5379 solatio
3023 5321 3040 5360 ί
3072 5324 3415 5388 Benedictum
3458 5328 3771 5386 discessisse

2263 5496 2286 5523 ο
2312 5484 2387 5537 Ita
2426 5496 2553 5535 mss.
2586 5492 2787 5546 magno
2814 5490 3085 5532 consensu,
3111 5477 3372 5535 Gussanv.
3403 5498 3525 5542 cum
3559 5485 3768 5541 caeteris

2192 5554 2304 5610 fere
2333 5553 2511 5615 editis,
2544 5565 2724 5601 manus
2752 5548 3031 5601 tendentes.

2263 5622 2289 5661 ἀ
2321 5624 2416 5677 Hic
2445 5624 2605 5676 etiam
2650 5632 2783 5694 mss.
2811 5618 3026 5694 codices
3055 5624 3425 5694 consentiunt;
3456 5626 3594 5694 quod
3637 5642 3762 5693 pau-

2194 5697 2356 5760 lisper
2384 5700 2652 5745 mutantes
2682 5689 2768 5743 ed.
2812 5688 3012 5742 habent
3042 5707 3134 5759 pro
3161 5693 3240 5744 sui
3266 5694 3446 5747 solius.

2262 5776 2282 5801 ο
2320 5764 2562 5831 Plerique
2592 5761 2800 5826 Norm.,
2835 5759 2924 5812 sub
2951 5763 3171 5815 statutis.

2263 5842 2280 5877 ί
2308 5842 2569 5893 Solarium
2590 5838 2763 5891 editus
2787 5838 3063 5892 eratlomis
3091 5841 3138 5892 in
3163 5858 3266 5910 quo
3305 5852 3514 5899 veteres
3541 5845 3767 5899 hiberno
