4126 6362
302 339 404 395 M9

1676 327 2181 388 PROLEGOMENA
2194 367 2208 381 .

3474 329 3591 409 150;

296 456 457 516 ’Δλλ’ό
481 456 777 530 προλεχθείς
802 455 1085 528 Φλορέντιος
1108 459 1199 507 τοῦ
1228 450 1374 523 ἀγίου
1399 450 1456 503 τό
1488 455 1638 519 σῶμα
1662 456 1884 503 θανατῶ-

1992 454 2338 516 cognosceret
2354 456 2406 499 et
2427 443 2741 510 exsultaret,
2761 442 3083 512 perdurante
3098 443 3444 502 immobiliter
3466 457 3587 504 total

294 568 387 604 σαι
415 552 483 617 μή
515 543 780 615 ἰσχύσας,
815 544 989 618 έτέραν
1015 542 1165 596 πάλιν
1195 539 1445 593 κακόνοιάν
1481 558 1533 592 τε
1568 541 1646 591 καὶ
1673 559 1883 590 autau-

296 641 386 696 κήν
408 636 719 711 πανουργίαν
740 635 875 687 κατά
901 639 1000 686 τῶν
1018 637 1105 687 τοῦ
1132 631 1278 702 ἁγίου
1306 630 1543 699 μαθητῶν
1569 627 1880 697 ἐτεκτῄνατο.

297 730 464 784 Αὐτῶν
492 729 589 802 γὰρ
613 729 662 781 ἐν
690 734 763 798 τῷ
785 737 929 797 κήπῳ
970 725 1341 798 ἐργαζομένων,
1366 719 1392 774 ό
1418 727 1508 776 τοῦ
1537 717 1767 772 διαϐόλου
1800 721 1885 791 ἑρ-

294 819 457 890 γάτης
483 816 761 891 Φλορέντιος
782 815 914 869 έπτά
939 814 1090 885 κόρας
1120 816 1309 887 ὡραίας
1327 818 1401 884 τῷ
1430 809 1571 875 εἴδει,
1590 815 1674 865 καί
1692 814 1888 882 γυμνὰς

298 910 396 983 ὅλῳ
422 918 497 981 τῷ
518 912 720 979 σώματι
751 909 799 961 έν
827 914 898 979 τῷ
918 911 1063 976 κήπῳ
1082 906 1371 969 ἀπέστειλε,
1391 905 1699 964 καίταύταις
1723 925 1887 981 προσ-

297 1001 443 1063 έταξε
478 1005 568 1053 τοῦ
601 1003 843 1071 στρηνιᾷν
878 1001 962 1051 καὶ
1003 1002 1200 1061 παίζειν
1242 999 1448 1050 ἐνώπιον
1487 1003 1585 1051 τῶν
1613 1003 1887 1066 μοναχῶν,

300 1088 602 1162 βουλόμενος
628 1095 711 1144 καί
737 1092 786 1144 ἐν
812 1088 978 1161 τούτῳ
995 1094 1085 1148 τήν
1109 1096 1207 1144 τῶν
1225 1088 1420 1165 ἀνδρῶν
1440 1091 1738 1160 ἀχρειῶσαι
1754 1109 1888 1162 παρ·

297 1182 631 1237 θενίαν.’Λλλά
652 1186 733 1237 καί
754 1184 803 1235 έν
833 1186 995 1251 τούτῳ
1023 1184 1055 1241 η
1074 1183 1410 1258 παμπόνηρος
1434 1184 1587 1237 αὐτοῦ
1619 1181 1889 1255 διήμαρτεν

298 1274 577 1350 ἀφροσύνη.
594 1278 693 1331 Τὴν
714 1274 813 1347 γάρ
829 1274 1015 1326 τούτου
1040 1270 1323 1329 δαϐολικήν
1342 1272 1558 1326 ἐπίνοιαν
1582 1273 1889 1337 θεασάμενος

299 1364 324 1415 ὁ
354 1370 446 1417 τοῦ
475 1371 698 1435 Χριστοῦ
727 1367 945 1435 μιμητής
965 1361 1269 1422 Βενέδικτος.
1301 1366 1386 1415 καί
1414 1363 1643 1433 φοϐηθεὶς
1670 1368 1760 1419 τήν
1788 1369 1887 1427 τῶν

297 1459 533 1524 μαθητῶν
554 1456 782 1527 ψυχικήν
802 1455 1014 1525 βλάϐην,
1040 1455 1171 1529 ὑπέρ
1197 1452 1251 1508 δὲ
1279 1456 1428 1523 μόνου
1458 1461 1546 1508 τοῦ
1576 1452 1679 1505 καθ’
1707 1453 1889 1506 ἑαυτὸν

298 1550 476 1618 φθόνου
505 1550 854 1620 λογισάμενος,
888 1553 1056 1603 ταῦτα
1084 1549 1172 1601 τὸν
1201 1549 1518 1620 μιαρώτατον
1545 1547 1731 1599 ἐκεῖνον
1777 1544 1893 1598 Φλο-

1988 538 2179 593 domus
2209 537 2430 602 fabrica,
2461 538 2564 592 hoc
2591 538 2766 606 ipsum
2791 538 2844 592 in
2863 552 2969 606 quo
2999 537 3175 592 stabat
3204 539 3459 595 solarium
3487 556 3594 610 ce-.

1990 628 2139 693 cidit,
2162 636 2216 684 et
2245 627 2515 682 Benedicti
2545 627 2751 682 hostem
2795 636 3083 683 conterens
3110 628 3388 684 exstinxit.
3421 630 3577 697 Quod

1991 720 2089 773 viri
2122 719 2216 772 Dei
2236 718 2549 787 discipulus,
2580 718 2794 773 Maurus
2822 719 3040 773 nomine
3063 729 3110 785 ιι,
3142 720 3324 774 statim
3352 736 3577 776 venera-

1992 812 2086 867 bili
2120 812 2264 866 Patri
2296 810 2587 867 Benedicto
2616 813 2706 882 qui
2736 812 2908 867 adhuc
2934 827 2965 866 a
2994 812 3113 868 loco
3138 814 3326 870 eodem
3356 816 3445 870 vix
3479 816 3577 871 de-

1994 918 2111 960 cem
2134 903 2367 957 millibus
2387 901 2594 967 aberat.
2626 906 2912 959 testimavit
2940 919 3059 961 esse
3085 906 3462 974 nuntiandum,
3495 908 3579 964 di-

1992 1012 2159 1052 cens:
2191 997 2503 1062 Revertere,
2537 995 2658 1063 quia
2691 997 2970 1067 presbyter
2998 998 3089 1066 qui
3128 1005 3182 1053 te
3221 997 3579 1067 persequeba-

1994 1098 2099 1146 tur.
2130 1087 2427 1143 exstinctus
2449 1096 2552 1142 est.
2582 1087 2735 1155 Quod
2758 1088 2840 1141 vir
2865 1089 2958 1141 Dei
2992 1088 3311 1144 Benedictus
3330 1090 3576 1154 audiens,

1992 1196 2114 1237 sese
2144 1181 2197 1235 in
2228 1180 2481 1251 gravibus
2510 1181 2982 1236 lamentationibus
3011 1182 3181 1247 dedit,
3208 1184 3293 1239 vel
3321 1183 3444 1253 quia
3477 1184 3580 1238 ini-

1995 1273 2163 1326 micus
2184 1271 2450 1334 occubuit,
2484 1271 2570 1325 vel
2596 1270 2717 1340 quia
2760 1272 2829 1326 de
2861 1271 3063 1328 inimici
3094 1283 3265 1328 morte
3292 1273 3581 1343 discipulus

1993 1362 2299 1417 exsultavit.
2328 1362 2444 1427 Qua
2485 1361 2554 1418 de
2584 1376 2645 1417 re
2682 1360 2879 1415 factum
2924 1371 3028 1427 est,
3061 1373 3121 1418 ut
3145 1364 3323 1419 eidem
3368 1380 3581 1434 quoque

1996 1451 2259 1520 discipulo
2280 1451 2651 1520 pmnitentiam
2683 1451 2964 1516 indiceret,
2982 1453 3123 1521 quod
3152 1455 3410 1510 mandans
3430 1454 3577 1518 talia,

1996 1541 2226 1612 gaudere
2251 1542 2320 1598 de
2347 1541 2547 1597 inimici
2579 1542 2797 1597 interitu
2814 1546 3281 1612 'prznsumpsisset.

296 1643 486 1712 ρέντιον
515 1639 780 1714 πράττειν,
804 1638 994 1706 βέλτιον
1019 1636 1208 1712 ἔκρινεν
1231 1636 1256 1691 ό
1276 1644 1372 1691 τοῦ
1401 1646 1527 1690 Θεοῦ
1551 1638 1782 1709 θεράπων
1802 1634 1887 1690 διά

295 1741 388 1791 τῆς
420 1734 604 1786 ἑαυτοῦ
635 1734 1021 1805 ἀναχωρήσεως
1050 1735 1258 1788 τὴντῶν
1305 1729 1496 1782 οἰκείων
1537 1729 1772 1797 μαθητῶν
1814 1729 2215 1784 πολιτεύσασθαι
2258 1732 2274 1760 ⁸
2324 1735 2601 1806 σωτηρίαν.
2650 1734 2874 1794 Καλέσας
2902 1728 2989 1787 οὖν
3032 1736 3152 1793 τοὺς
3189 1741 3289 1789 τῶν
3331 1755 3583 1804 μοναστηο

296 1824 413 1897 ρίων
454 1820 697 1893 ἀδελφοὺς
725 1822 746 1851 ¹
783 1824 867 1874 καί
909 1820 1218 1889 οἰκονόμους,
1252 1820 1424 1877 αὐτοῖς
1464 1819 1875 1888 ἐγκαταστήσας,
1918 1818 2262 1893 παραθέμενός
2310 1842 2363 1876 τε
2405 1824 2589 1883 αὐτοὺς
2639 1831 2713 1893 τῷ
2763 1832 2891 1893 Θεῷ,
2921 1824 3087 1877 λαϐὼν
3118 1824 3227 1893 μετ’
3248 1826 3430 1880 ἑαυτοῦ
3479 1826 3584 1879 ὀλί-

293 1935 416 1986 γους
444 1917 583 1974 τινὰς
610 1921 708 1967 τῶν
737 1920 979 1983 μοναχῶν
1005 1912 1332 1982 ἀνεχώρησεν
1360 1909 1413 1962 έκ
1437 1915 1524 1963 τοῦ
1556 1910 1744 1963 ἑαυτοῦ
1778 1908 1983 1970 κελλίυ,
2032 1910 2089 1964 τὸ
2133 1920 2283 1980 μῖσος
2332 1916 2416 1965 καί
2464 1918 2552 1971 την
2594 1916 2779 1967 ἐκείνου
2835 1912 3127 1986 δυσμένειαν
3182 1916 3585 1987 ταπεινοφρόνως

292 2004 533 2063 έκκλίνας.
558 2000 727 2055 ’Δλλ’ό
768 2004 856 2070 μέν
903 2000 1191 2071 Φλορέντιος
1233 1998 1486 2066 ἡνόμησεν
1520 1997 1826 2069 ἁμαρτήσας
1869 1996 2120 2063 διακενῆς,
2169 2000 2193 2052 ό
2243 1999 2295 2054 δέ
2321 2002 2440 2057 Θεὸς
2463 2003 2546 2056 τόν
2573 2006 2746 2057 οἰκεῖον
2775 2006 3059 2079 θεράποντα
3093 2005 3484 2079 λυτρωσάμενος
3513 2013 3588 2072 εἰς

292 2094 489 2148 πολλῶν
536 2094 793 2165 σωτηρίαν
843 2088 1122 2159 διεφύλαξε,
1152 2089 1382 2150 πατάξας
1418 2088 1502 2140 τὸν
1534 2088 1804 2161 ἀλιτήριον.
1842 2094 1943 2141 Τοῦ
1990 2091 2090 2162 γὰρ
2138 2090 2444 2159 θεοστυγοῦς
2492 2095 2671 2146 ἐκείνου
2726 2094 3014 2167 Φλορεντίου
3067 2094 3151 2148 ἐπί
3186 2103 3249 2169 τῇ
3289 2103 3379 2151 τοῦ
3420 2120 3585 2169 μακα-

292 2189 407 2261 Ρίον
436 2182 615 2259 ἀνδρὸς
643 2184 983 2256 ὑποχωρήση
1021 2181 1458 2252 ἀὝαλλεασθέντοςο
1487 2185 1568 2233 καί
1615 2180 1664 2233 ἐν
1706 2187 1779 2251 τῷ
1824 2180 2009 2250 ἡλιακῷ
2032 2180 2050 2209 ³
2082 2188 2168 2236 τοῦ
2211 2180 2341 2236 οἵκιν
2361 2223 2374 2247 ν
2402 2186 2450 2237 έν
2574 2188 2806 2255 κατῴκει,
2857 2185 3098 2251 ἑστῶτος,
3131 2187 3307 2261 ἀθρόον
3332 2192 3353 2219 ⁸
3382 2193 3478 2245 σὺν
3512 2202 3587 2266 τῷ

293 2278 488 2350 ῥηθέντι
507 2278 692 2346 ἠλισκῷ
710 2275 791 2344 ἀφ’
808 2273 972 2343 ὕψους
993 2273 1211 2345 μεγάλου
1235 2274 1518 2334 πέπτωκεν,
1533 2273 1673 2335 ἀξίαν
1692 2280 1782 2331 τῆς
1813 2272 1998 2327 ἑαυτοῦ
2022 2276 2269 2350 πονηρίας
2299 2273 2439 2335 δίκην
2469 2279 2646 2343 τίσεις,
2664 2280 2746 2331 καί
2773 2278 2981 2331 θάνατον
3003 2277 3220 2350 ὀλέθριον
3238 2281 3585 2354 ἀπενεγκάμε-

294 2389 396 2429 ηρς,
434 2372 594 2421 Τοῦτο
616 2364 919 2432 θεασάμενος
945 2362 971 2417 ό
997 2364 1232 2439 ἀνωτέρω
1246 2362 1481 2421 πολλάκις
1510 2363 1860 2433 μνημονευθείς
1888 2371 2093 2441 Μαῦρος
2122 2363 2147 2418 ό
2170 2371 2264 2419 τοῦ
2291 2364 2437 2439 ἀγίου
2464 2369 2663 2441 πατρὸς
2685 2374 2940 2439 φοιτητης,
2964 2367 3058 2427 ἤδη
3081 2378 3152 2440 τῷ
3173 2371 3303 2444 ἀγίῳ
3333 2376 3585 2446 ἀπέχοντι

295 2461 415 2519 όόοῦ
438 2458 692 2523 διάστημα
721 2462 940 2521 σημείων
966 2453 1085 2510 δέκα
1110 2456 1373 2511 ἀπέστειλε
1401 2455 1531 2527 πρὸς
1551 2456 1724 2520 αὐτόν,
1751 2456 1924 2526 λέγων·
1949 2473 1967 2506 ι
1995 2456 2361 2535 Ὑπέστρεψαν,
2385 2462 2572 2534 πάτερ,
2600 2460 2953 2535 ὑπόστρεφον,
2980 2459 3004 2513 ό
3036 2465 3384 2539 πρεσϐύτερος
3414 2470 3514 2542 γάρ
3558 2470 3583 2524 ,3

295 2555 459 2625 μάτην
480 2570 537 2604 σε
559 2545 875 2610 ’καταδιώξας
893 2546 1111 2604 τέθνηκε.
1147 2564 1164 2596 ι
1191 2552 1368 2600 Ταῦτα
1395 2547 1616 2605 ἀκούσας
1642 2545 1777 2599 ότοῦ
1800 2554 1925 2600 Θεοῦ
1955 2544 2220 2623 ἅνθρωπος
2261 2549 2568 2617 Βενέδικτος,
2612 2550 2794 2605 ἑαυτὸν
2818 2553 2868 2605 ἐν
2891 2556 3093 2628 μεγάλω
3116 2556 3281 2609 πένθει
3296 2556 3583 2625 κατέτηξεν,

296 2644 380 2701 διὰ
417 2644 502 2698 τόν
532 2642 720 2707 ἐκείνου
750 2636 1007 2693 οἴκτιστον
1053 2639 1284 2693 θάνατον’
1329 2638 1548 2696 ἐλυπήθη
1594 2635 1646 2691 δὲ
1689 2638 1772 2693 ἐπὶ
1816 2647 1888 2711 τῷ
1927 2642 2090 2709 οἰκείῳ
2136 2643 2371 2714 μαθητῇ,
2405 2646 2474 2703 ὡς
2516 2642 2656 2702 δῆθεν
2703 2646 3003 2719 ἐπιχαρέντι
3050 2654 3123 2715 τῷ
3165 2654 3257 2702 τοῦ
3296 2648 3584 2720 Φλορεντίου

298 2740 485 2808 ἐλεεινῷ
511 2745 770 2800 πτώματι,
794 2730 1135 2801 ἑντειλάμενος
1162 2731 1298 2801 αὐτῷ
1318 2736 1585 2800 μετανοεῖν
1614 2730 1747 2801 όπίρ
1791 2738 1881 2785 τοῦ
1921 2734 2155 2788 τοιούτου
2190 2734 2500 2806 σφάλματος,
2543 2738 2612 2797 ὡς
2664 2740 3067 2811 χαραποιηθέντι
3088 2739 3109 2769 ⁸
3131 2741 3214 2794 ἐπὶ
3242 2747 3315 2813 τῷ
3348 2748 3439 2797 τοῦ
3467 2741 3586 2795 φλοι-

299 2829 494 2901 ρεντίου
525 2822 745 2889 θανάτῳ.

372 2927 544 2975 ΠΕΤΡ.
578 2913 869 2983 Θαυμαστά
904 2914 1033 2966 εἰσιν
1074 2909 1233 2971 ὅντως
1270 2916 1353 2965 γαί
1391 2909 1732 2968 ἐκπλήττοντά

301 3011 435 3085 ἅπερ
458 3004 724 3081 ἔφης.Ἐπί
744 3002 845 3077 γάρ
869 3010 958 3059 τοῦ
980 3001 1168 3062 ὕδατος
1187 3009 1279 3057 τοῦ
1308 3002 1394 3058 διὰ
1421 3009 1513 3060 τῆς
1531 3008 1621 3056 τοῦ
1644 3006 1897 3074 μακαρίου

300 3114 620 3180 προσευχῆς,
638 3108 693 3160 ἐκ
718 3111 810 3160 τοῦ
832 3100 986 3176 ὅρους
1005 3096 1300 3168 ποταμηδόν
1319 3098 1624 3167 βλύσαντος.
1647 3096 1733 3150 τὸν
1759 3106 1896 3152 Μοῦ-

303 3204 399 3254 σῆν
437 3202 682 3261 κατανοῶ,
722 3196 769 3248 ἐν
803 3192 857 3249 δέ
895 3199 968 3265 τῷ
999 3189 1195 3263 σιδηρῷ
1233 3190 1501 3261 ἐργαλείῳ,
1543 3196 1615 3259 τῷ
1653 3191 1705 3242 ἐκ
1737 3189 1896 3263 βυθοῦ

298 3295 402 3339 τῶν
425 3286 623 3342 ὑδάτων
651 3292 741 3340 τοῦ
766 3286 944 3339 λάκνου
974 3282 1242 3348 ἀνελθόντι,
1274 3279 1562 3335 Ἐλισσαῖον
1597 3280 1720 3355 όρῷ’
1752 3282 1801 3334 ἐν
1827 3290 1889 3354 τῇ

298 3384 391 3433 τοῦ
414 3378 597 3439 ὕδατος
618 3381 798 3452 πορείᾳ
820 3378 1003 3450 Πέτρον
1023 3382 1138 3427 νοῶ’
1163 3377 1213 3428 έν
1238 3371 1292 3428 δὲ
1404 3379 1498 3427 τοῦ
1516 3375 1725 3448 κόρακος
1747 3375 1886 3430 ὑπα-

300 3477 410 3541 κοῇ,
428 3468 793 3539 Ἣλίανοβλέπω.
819 3477 905 3525 Ὠς
926 3461 1012 3519 οὖν
1035 3464 1400 3534 ὑπολαμϐάνω.
1420 3463 1586 3538 όάνήρ
1608 3461 1754 3525 οὗτος
1786 3487 1889 3535 χα-

298 3566 551 3635 ρίσματος
596 3565 687 3614 τοῦ
732 3559 1023 3627 πνεύματος
1063 3558 1266 3611 πάντων
1306 3562 1405 3610 τῶν
1444 3553 1646 3609 δικαίων
1693 3558 1888 3612 τούτων

294 3651 558 3711 ἀνάπλεως
585 3656 844 3721 ὑπῆρχεν.

368 3754 607 3799 ΓΡίΠῸΡ.
646 3742 702 3797 Ὀ
745 3747 861 3796 τοῦ’
883 3746 1007 3795 Θεοῦ
1027 3731 1290 3815 ἄνθρωπος
1337 3738 1650 3801 Βενέδικτος,
1692 3742 1844 3817 Πέτρε
1868 3779 1882 3801 ,

298 3836 407 3895 ένός
426 3835 446 3866 ⁷
470 3842 670 3905 πνεῦμα
695 3829 857 3905 εἶχεν,
879 3829 1006 3909 ὅπερ
1029 3830 1109 3885 διά
1131 3839 1223 3891 τῆς
1249 3830 1555 3904 δωρηθείσης
1590 3832 1888 3908 ἀπολυτρώ-

300 3946 432 3986 σεως
461 3927 659 3979 πάντων
692 3932 792 3979 τῶν
818 3923 1056 3978 ἐκλεκτῶν
1081 3925 1177 3983 τὰς
1216 3922 1429 3995 καρδίας
1460 3923 1743 3996 ἐπλήρωσε.
1773 3928 1887 3997 Περὶ

299 4013 360 4069 οὗ
374 4016 398 4070 ό
412 4017 771 4089 εὐαγγελιστὴς
783 4015 1009 4074 Ἰωάννης
1025 4012 1235 4089 εἴρηκεν
1249 4032 1266 4064 ε
1285 4010 1374 4066 Ἦν
1393 4016 1451 4068 τὸ
1470 4022 1572 4085 φῶς
1589 4014 1648 4067 τό
1663 4014 1886 4072 ἀληθινόν

300 4106 328 4161 ὃ
364 4113 561 4175 φωτίζει
604 4110 769 4162 πάντα
813 4103 1074 4176 ἄνθρωπον
1116 4105 1397 4179 έρχόμενον
1437 4107 1506 4163 είς
1551 4107 1637 4159 τὸν
1676 4105 1882 4175 κόσμον.

1834 2934 1896 2981 με
1931 2914 1980 2973 Β
2080 2913 2225 2969 Petr.
2262 2914 2391 2969 Mira
2440 2920 2651 2971 suntet
2691 2918 2917 2972 multum
2961 2919 3220 2987 stupenda
3266 2934 3386 2988 qua:
3425 2920 3583 2976 dicis.

2001 3002 2133 3057 Nam
2162 3004 2215 3058 in
2246 3020 2380 3075 aqua
2403 3020 2469 3061 ex
2494 3015 2640 3074 petra
2664 3007 2945 3077 producta,
2976 3009 3193 3084 Moysen
3221 3009 3409 3079 (Num.
3441 3013 3590 3080 xm);

2003 3094 2057 3150 in
2095 3094 2239 3151 ferro
2269 3112 2421 3161 vero,
2464 3099 2608 3167 quod
2641 3114 2706 3153 ex
2751 3099 3016 3168 profundo
3054 3116 3207 3170 aqua:
3258 3101 3437 3169 rediit,
3474 3103 3584 3157 Eli-

2005 3203 2171 3244 saeum
2218 3189 2327 3259 (IV
2382 3191 2510 3261 Reg.
2560 3191 2648 3262 vr.)
2671 3193 2760 3262 7);
2810 3193 2864 3247 in
2910 3207 3065 3262 aquae
3105 3193 3320 3258 itinere,
3368 3195 3586 3250 Petrum

2003 3280 2216 3349 (Matth.
2261 3297 2370 3347 xlv,
2420 3281 2554 3352 29);
2606 3282 2660 3335 in
2700 3285 2846 3337 corvi
2890 3284 3214 3348 obedientia,
3248 3284 3415 3338 Eliam
3458 3283 3585 3354 (111

2004 3373 2130 3443 lleg.
2164 3389 2291 3431 xvu.
2326 3374 2416 3443 6);
2446 3374 2498 3428 in
2531 3374 2672 3429 luctu
2700 3384 2879 3430 autem
2929 3376 3117 3431 mortis
3148 3376 3373 3444 inimici,
3419 3378 3586 3433 David

1998 3464 2153 3519 video
2184 3463 2275 3536 (II
2306 3464 2434 3537 Reg.
2454 3481 2493 3531 ι,
2514 3467 2571 3519 ll
2599 3484 2613 3530 ;
2641 3482 2791 3529 xvtu,
2822 3468 2935 3538 55).
2964 3467 3028 3521 Ut
3055 3468 3353 3538 perpendo,
3379 3467 3461 3522 vir
3484 3468 3584 3524 iste

1998 3557 2191 3627 spiritu
2216 3557 2482 3626 justorum
2514 3559 2750 3613 omnium
2782 3560 2973 3629 plenus
3000 3559 3118 3615 fuit.

2065 3739 2283 3813 Gregor.
2331 3742 2424 3796 Vir
2463 3743 2553 3797 Dei
2585 3743 2922 3809 Benedictus,
2958 3743 3137 3808 Petre,
3169 3744 3324 3799 unius
3355 3744 3445 3800 Dei
3477 3744 3587 3813 spi-

1993 3831 2153 3886 ritum
2208 3832 2396 3887 habuit
2432 3831 2457 3869 δ
2495 3834 2585 3903 qui
2617 3848 2714 3903 per
2738 3848 3012 3890 concessa:
3042 3833 3424 3905 redemptionis
3464 3851 3587 3905 gra-

1993 3924 2120 3977 tiam
2174 3924 2466 3978 electorum
2524 3923 2688 3977 corda
2744 3924 2985 3978 omnium
3046 3924 3322 3993 implevit,
3366 3920 3435 3978 de
3479 3939 3602 3993 quo,

1988 4015 2223 4070 Joannes
2254 4015 2427 4070 dicit:
2461 4014 2591 4070 Erat
2639 4016 2729 4069 tua:
2757 4032 2876 4069 vera
2922 4031 3037 4086 qua:
3079 4016 3337 4069 illuminat
3384 4031 3584 4069 omnem

1991 4105 2243 4159 hominem
2274 4106 2552 4159 venientem
2577 4105 2630 4158 in
2659 4105 2795 4156 hunc
2826 4104 3071 4157 mundum
3091 4102 3270 4173 (loan.
3304 4118 3341 4165 ι,
3370 4102 3449 4172 9).
3509 4102 3584 4157 De

298 4168 416 4274 Περὶ
444 4168 509 4254 ου
535 4199 683 4254 πάλιν
720 4168 1019 4273 γέγραπται,
1041 4215 1059 4247 ι
1089 4168 1297 4250 Ἐκνῖτόῦ
1347 4196 1687 4271 πληρώματος
1729 4168 1885 4250 αυτοῦ

1992 4210 2098 4263 quo
2146 4209 2330 4248 rursus
2382 4194 2637 4262 scriptum
2690 4201 2775 4247 est
2812 4210 2825 4245 :
2878 4193 2955 4247 De
2979 4192 3297 4261 plenitudine
3338 4193 3451 4262 ejus
3490 4209 3583 4246 nos

298 4298 486 4355 πάντες
514 4295 767 4365 ἐλάθομεν
786 4309 805 4343 ι
835 4296 925 4347 Καὶ
966 4294 1064 4367 γάρ
1095 4292 1139 4343 oi
1169 4294 1263 4345 τοῦ
1302 4295 1429 4344 Θεοῦ
1461 4286 1714 4365 ἄνθρωποι
1757 4288 1888 4360 ἅγιοι

298 4391 580 4453 ἠξιώθησαν
609 4390 751 4459 παρά
796 4390 976 4461 κυρίου
1008 4384 1353 4458 χαρισμάτων
1388 4381 1600 4453 δύναμιν
1626 4381 1885 4446 δέξασθαι.

299 4480 358 4533 οὐ
383 4483 479 4549 μὴν
510 4477 562 4532 δὲ
592 4481 670 4531 ναὶ
692 4476 855 4537 ἄλλοις
879 4472 1221 4548 παραδοῦναι.
1256 4474 1413 4532 Αὐτὸς
1442 4471 1497 4527 δέ
1524 4481 1711 4540 σημεῖα
1739 4471 1889 4528 δυνά-

298 4590 432 4639 μεως
462 4567 669 4624 δέδωκεν
700 4575 805 4626 τοῖς
833 4566 1255 4638 ὑποτεταγμένοις
1275 4604 1289 4625 ,
1322 4562 1462 4624 ὅστις
1492 4564 1671 4618 ἑαυτὸν
1698 4562 1888 4639 δοτῆρα

295 4667 386 4713 τοῦ
433 4662 567 4713 κατά
604 4660 689 4713 τὸν
722 4658 893 4711 ἰωνᾶν
947 4658 1158 4725 σημείου
1208 4655 1478 4725 ὑπέσχετο
1520 4663 1626 4713 τοῖς
1674 4654 1887 4728 ἐχθροῖς

298 4755 493 4815 δοῦναι,
523 4751 661 4811 ὅπως
692 4750 897 4806 ἐνώπιον
934 4758 1032 4805 τῶν
1061 4750 1395 4825 ὑπερηφάνων
1422 4749 1684 4801 ἀποθανεῖν
1724 4769 1885 4802 κατα-

294 4846 474 4916 ξιώσῃ,
507 4846 592 4897 καί
637 4839 879 4910 ἐπ’ὅψεσι
925 4848 1023 4896 τῶν
1049 4839 1449 4909 ταπεινοφρόνων
1480 4840 1777 4901 ἀναστήναι,
1809 4839 1888 4890 ἵνα

300 4942 475 5000 έκεῖνοι
498 4936 609 5003 μὲν,
637 4931 760 5008 ὅπερ
790 4930 1089 5001 καταλεῐψαι
1124 4930 1147 4961 ⁸
1189 4929 1389 5001 ὤφελον,
1442 4931 1723 4983 θεάσωνται
1742 4968 1755 4990 ,
1806 4932 1890 4983 καί

370 5135 386 5208 ξ
417 5132 538 5208 MSS.
562 5134 1071 5208 πραγματεύσασθαι

368 5206 388 5275 ξ
582 5203 866 5275 μοναχῶς.

372 5274 390 5347 ἶ
422 5273 589 5347 l_lle_in.
612 5277 670 5347 riu
801 5274 1056 5347 σωλαρέῳ.

367 5342 548 5418 ξςριι)
598 5342 789 5418 areum
846 5358 849 5361 ν

368 5416 389 5445 ⁸
419 5414 547 5469 MSS.
576 5417 643 5474 ὦς
661 5410 754 5469 ὀἷα
790 5415 1202 5484 χαροποιηθέντι.

369 5486 391 5516 ⁸
418 5484 578 5539 Iidem
604 5490 689 5539 καί
712 5479 845 5538 πάνυ
867 5479 1011 5537 ἓκπλ.
1036 5483 1176 5551 quod
1202 5481 1389 5551 majori
1414 5480 1519 5535 ﬁde
1540 5479 1656 5534 Lat.
1677 5488 1880 5533 textum

292 5562 667 5622 rrprmseutat.

364 5621 382 5657 ⁷
428 5626 555 5696 βες.
587 5626 694 5686 ἑνός
723 5627 1003 5696 πνεύματος
1030 5621 1451 5696 ὑπῆρχεν,ό’περ;

365 5699 383 5726 ³
426 5689 657 5761 υιὲταιιο
702 5710 801 5749 ms.
851 5689 1051 5766 ὤφειλον
1077 5689 1509 5748 θιάἓιίηνταιδὸἰε
1550 5689 1708 5745 etiam
1744 5690 1876 5742 inl‘ra

291 5766 542 5821 scribitur
564 5767 751 5839 ῶγεελοι
774 5767 825 5819 in
859 5775 1102 5832 utroque.

1994 4302 2163 4341 omnes
2192 4287 2479 4356 accepimus
2504 4284 2695 4354 (11254.,
2722 4285 2834 4353 i6).
2854 4285 2987 4340 Nam
3013 4285 3185 4340 sancti
3212 4285 3307 4341 Dei
3339 4285 3582 4341 homines

1993 4384 2278 4446 potuerunt
2307 4390 2337 4429 a
2371 4374 2598 4429 Domino
2626 4375 2853 4429 virtutes
2883 4374 3104 4440 habere,
3133 4389 3239 4429 non
3274 4373 3436 4428 etiam
3458 4374 3579 4427 aliis

1996 4467 2225 4524 tradere.
2256 4468 2349 4523 Ille
2379 4478 2563 4522 autem
2606 4467 2759 4538 signa
2793 4466 3005 4521 virtutis
3034 4466 3182 4521 dedit
3210 4465 3458 4530 subditis,
3490 4465 3580 4531 qui

1990 4578 2050 4619 se
2080 4563 2327 4616 daturum
2361 4562 2570 4631 signum
2616 4559 2767 4615 Jonaa
2800 4558 3046 4627 promisit
3091 4559 3324 4613 inimicis
3359 4546 3607 4629 (Matt/if

1997 4671 2090 4720 xu,
2121 4653 2213 4723 59)
2245 4671 2257 4707 :
2291 4663 2349 4708 ut
2377 4667 2557 4708 coram
2589 4653 2837 4722 superbis
2866 4651 2999 4705 mori
3033 4650 3366 4721 dignaretur.
3395 4664 3579 4705 coram

1998 4746 2288 4801 humilibus
2317 4760 2599 4816 resurgere
2636 4766 2648 4799 :
2680 4753 2945 4814 quatenus
2975 4753 3029 4799 et
3065 4745 3141 4799 illi
3173 4745 3413 4801 viderent
3437 4747 3583 4817 quod

1996 4845 2423 4901 contemnerent,
2456 4843 2511 4889 ct
2540 4836 2622 4888 isti
2651 4835 2793 4904 quod
2819 4844 3136 4890 venerantes
3157 4851 3338 4892 amare
3361 4838 3578 4893 debuis-

1997 4935 2135 4981 sent.
2176 4925 2253 4980 Ex
2285 4940 2392 4994 quo
2438 4923 2698 4996 mysterio
2744 4933 2922 4979 actum
2972 4934 3077 4991 est,
3102 4935 3161 4980 ut
3187 4925 3314 4982 dum
3361 4942 3509 5000 super
3526 4931 3585 4984 bi

1914 5126 1967 5184 Di
1990 5134 2226 5196 tempore
2272 5123 2595 5196 valetudinis
2621 5125 2789 5196 gratia
2818 5124 2873 5196 in
2903 5126 3020 5180 sole
3047 5127 3276 5196 apricart
3306 5118 3572 5185 solebant.

1994 5195 2123 5249 llinc
2145 5211 2173 5247 a
2199 5196 2312 5249 sole
2341 5195 2529 5249 Graece
2557 5195 2756 5249 dicitur
2791 5195 3007 5253 ἡλιακὸν.

2063 5275 2087 5300 κ
2126 5265 2279 5319 Alius
2306 5280 2336 5318 a
2365 5265 2427 5336 Si
2454 5265 2636 5336 Mauro
2664 5264 2887 5336 Equitii
2926 5266 3034 5320 lilio
3064 5267 3297 5336 videtur,
3327 5284 3448 5324 cum
3481 5269 3575 5323 ille

1990 5336 2365 5405 eommigranti
2406 5334 2546 5388 Patri
2587 5335 2876 5405 Benedicto
2914 5351 3128 5405 semper
3156 5334 3460 5400 adhaéserit,
3500 5353 3567 5392 ex

1989 5406 2124 5461 actis
2152 5404 2210 5462 8;
2246 5405 2467 5476 Placidi,
2496 5421 2641 5459 num.
2679 5405 2770 5476 ll.
2793 5404 2991 5460 Verum
3019 5404 3153 5461 actis
3190 5410 3293 5462 illis
3336 5410 3575 5476 interpo-

1992 5476 2111 5530 latis
2143 5477 2225 5530 vix
2260 5475 2391 5546 ﬁdes
2440 5475 2686 5529 debetur.
2736 5475 2955 5529 Censuit
3003 5477 3267 5546 interpres
3299 5492 3421 5531 enim
3452 5492 3573 5532 esse

1991 5546 2226 5600 Maurum
2258 5544 2411 5615 cujus
2432 5560 2594 5612 supra
2627 5548 2867 5599 meminit
2887 5546 2943 5600 S.
2976 5544 3155 5615 Greg.‘
3572 5560 3587 5573 κ

2063 5616 2088 5653 ι)
2120 5615 2309 5670 Val-cl.
2355 5616 2477 5685 Lyr.
2519 5625 2573 5670 et
2614 5616 2815 5685 primus
2844 5616 3007 5677 Aud..
3050 5631 3206 5685 unum
3244 5633 3325 5680 sp.
3375 5616 3569 5671 habuit.

1992 5687 2105 5742 Duo
2131 5684 2725 5754 Theoder.’Cnmpeud.
2774 5695 2831 5740 ct
2874 5686 3113 5754 plerique
3156 5684 3365 5754 Nnrm.,
3418 5690 3569 5743 unius

1986 5760 2222 5826 spiritum
2252 5758 2449 5812 omisso
2474 5755 2586 5809 Dei.
