4126 6362
544 360 649 418 £55

1157 486 1371 534 [EOAA.
1413 478 1480 532 IA'
1493 516 1504 529 .

640 575 761 646 Περί
782 577 871 625 τοῦ
902 572 1251 645 συντριϐέντος
1273 570 1455 631 παιδός
1482 572 1529 623 έν
1556 578 1627 639 τῷ
1657 574 2027 641 συμπτώματι.

613 750 757 806 Πάλιν
784 748 1175 821 οἱκοδομούντων
1196 757 1295 804 τῶν
1322 747 1543 821 ἀδελφῶν
1564 755 1762 819 τοῖχον,
1794 752 1878 801 καί
1899 752 1972 808 εἰς
1998 748 2141 818 ὕφος-

542 844 601 897 τό
627 847 819 913 κτίσμα
846 838 985 913 ἄγειν
1007 839 1350 902 σπευδόντων,
1374 839 1399 894 ὁ
1433 846 1522 894 τοῦ
1554 847 1679 893 Θεοῦ
1720 841 1951 913 θεράπων
1983 842 2053 899 εἰς
2076 842 2133 893 τὸ

545 933 730 989 έειυτοῦ
773 933 957 986 κέλλιον
999 932 1275 1002 σχολάζων
1313 928 1371 989 ἦν
1411 932 1457 983 έν
1491 940 1551 1001 τῇ
1594 941 1894 1006 προσευχῇ·
1934 928 2132 1002 ᾧτινιό

548 1028 845 1098 παμμίαρος
867 1024 1053 1096 ἐχθρὸς
1079 1022 1475 1097 ὶπιχαιρόμενος
1500 1029 1572 1091 τῷ
1593 1020 1753 1076 δοκεῖν
1770 1021 1925 1095 ὤφθη,
1950 1025 2035 1075 καί
2055 1021 2133 1076 ὅτι

547 1117 675 1189 πρὸς
704 1118 821 1175 τούς
852 1117 899 1168 έν
918 1122 980 1190 τῇ
1012 1112 1242 1186 οἰκοδομῇ
1272 1115 1634 1189 ἐργαζομένους
1654 1114 1667 1142 ¹
1687 1115 1982 1187 ἐπορεύετο,
2008 1114 2133 1184 ἐμη-

546 1225 714 1259 νυσεν.
728 1202 887 1261 Ὀπερ
909 1207 1056 1273 γνούς
1074 1208 1098 1255 ό
1112 1204 1343 1276 θεοφόρος
1365 1204 1489 1276 ἀνὴρ
1504 1200 1587 1257 διὰ
1608 1206 1873 1273 μηνύσεως
1894 1206 2137 1275 ταχυτά-

550 1316 638 1355 της
658 1303 770 1355 τοῖς
793 1293 1016 1367 ἀδελφοῖς
1039 1296 1258 1365 ἐσήμαινε
1279 1295 1488 1365 λέγωνί
1510 1297 1682 1359 Τέκνα,
1701 1300 1992 1371 προσέχετε
2016 1298 2136 1351 έαυ-

548 1398 660 1447 τοῖς
708 1387 786 1441 ὄτι
814 1391 943 1463 πρὸς
973 1390 1112 1459 ὑμᾶς
1233 1390 1343 1461 ὥρᾳ
1373 1390 1538 1461 ταύτῃ
1567 1388 1593 1442 ό
1626 1392 1881 1463 πειράζων
1907 1387 2138 1449 διάϐολος

552 1477 583 1532 ἴ
584 1501 613 1553 ρ
620 1500 796 1548 χεται.
812 1497 830 1530 ε
848 1488 904 1531 '0
928 1478 980 1533 δέ
1004 1484 1093 1537 την
1109 1479 1344 1549 ἀγγελιᾍιν
1369 1487 1475 1539 τοῖς
1496 1479 1723 1551 ἀδελφοῖς
1744 1482 1962 1553 ἀγαγὼν,
1986 1486 2139 1550 μήπω

548 1573 736 1630 ταύτην
764 1573 1045 1645 ἐξαγγεῖλαι
1079 1574 1276 1644 φθάσας
1304 1573 1347 1637 ⁸,
1380 1571 1486 1626 ίδού
1508 1574 1565 1626 τό
1587 1574 1801 1646 πονηρόν
1828 1579 2029 1645 πνεῦμα
2052 1575 2140 1628 τὸν

553 1662 835 1735 κτιζόμενον
857 1672 1037 1735 τοῖχον
1062 1664 1370 1739 κατέστρεψε
1398 1664 1438 1729 ³,
1465 1669 1547 1718 καί
1570 1668 1653 1719 ἕνα
1680 1666 1907 1735 μοναχὸν
1930 1663 1961 1719 ἕ
1962 1689 2009 1721 τι
2031 1667 2142 1720 νέαν

551 1752 739 1827 ἄγοντα
768 1761 857 1815 τὴν
880 1757 1092 1818 ἠλικίαν,
1124 1759 1228 1810 υἱόν
1269 1758 1524 1829 γενόμενον
1546 1758 1810 1833 ,κοριαλίου
1839 1758 1859 1787 ⁸
1884 1761 2041 1823 τινός,
2082 1760 2139 1813 τό

1912 361 1967 415 S.
2012 352 2453 414 BENEDICTDS.

2152 476 2203 532 Δ

3718 342 3828 397 I56

2841 463 3067 522 CAPUT
3108 463 3196 519 XI.

2232 560 2310 616 De
2348 560 2563 627 puerulo
2587 557 2837 610 monacho
2868 557 3080 624 parietis
3107 555 3263 609 ruina
3302 556 3599 626 confracta,
3630 564 3678 607 ει
3708 556 3829 623 ejus

2790 645 3021 699 oratione
3048 654 3252 698 sanato.

2304 740 2508 795 Rursus
2528 740 2654 794 dum
2682 740 2870 793 fratres
2895 737 3178 807 parietem,
3197 734 3320 805 quia
3337 748 3426 789 res
3446 734 3519 789 ita
3544 733 3827 803 exigebat,

2235 832 2394 902 paulo
2420 831 2578 885 altius
2618 829 2969 892 aedificarent,
3001 827 3087 883 vir
3127 826 3226 882 Dei
3263 826 3320 881 in
3349 825 3614 881 orationis
3640 826 3829 880 studio

2235 923 2372 977 intra
2413 922 2566 978 cella:
2606 936 2717 976 sum
2747 921 2981 975 claustra
3036 918 3367 973 morabatur.
3415 918 3512 973 Cui
3567 918 3828 987 antiquus

2236 1013 2407 1067 hostis
2437 1012 2703 1067 insultans
2733 1011 3005 1081 apparuit,
3050 1019 3106 1064 et
3141 1010 3193 1065 ei
3232 1008 3376 1079 quod
3407 1008 3476 1063 ad
3518 1008 3830 1063 laborantes

2235 1102 2429 1156 fratres
2458 1108 2704 1170 pergeret
2725 1097 3005 1153 indicavit.
3039 1096 3195 1164 Quod
3217 1096 3301 1151 vir
3332 1097 3427 1151 Dei
3459 1112 3556 1165 per
3578 1096 3828 1151 nuntium

2239 1190 2526 1246 celerrime
2556 1188 2811 1243 fratribus
2840 1187 3117 1254 indicavit,
3146 1186 3333 1241 dicens
3360 1202 3374 1239 :
3402 1185 3642 1253 Fratres,
3671 1189 3832 1240 caute

2238 1299 2333 1336 vos
2370 1284 2546 1353 agite,
2591 1282 2715 1352 quia
2750 1280 2815 1334 ad
2847 1296 2943 1335 vos
2972 1279 3071 1333 hac
3116 1278 3249 1333 hora
3292 1278 3562 1348 malignus
3603 1278 3830 1346 spiritus

2241 1375 2405 1430 venit.
2434 1376 2482 1428 Is
2502 1374 2590 1444 qui
2617 1373 2929 1427 mandatum
2958 1371 3172 1436 detulit,
3205 1370 3301 1425 vix
3332 1370 3496 1424 verba
3522 1368 3831 1437 compleve-

2246 1478 2349 1528 rat,
2372 1474 2428 1517 et
2452 1464 2717 1534 malignus
2745 1463 2963 1531 spiritus
2991 1460 3240 1516 eumdem
3272 1460 3530 1529 parietem
3556 1458 3832 1529 quisedifi-

2241 1556 2464 1611 cabatur
2500 1556 2715 1619 evertit,
2763 1564 2923 1624 atque
2978 1569 3141 1608 unum
3174 1554 3458 1623 puerulum
3508 1550 3830 1605 monachum

2242 1648 2519 1717 cujusdam
2544 1646 2765 1701 curialis
2799 1646 2965 1700 [ilium
2997 1646 3333 1714 opprimens,
3363 1645 3518 1698 ruina
3558 1644 3831 1697 contriviz.

2242 1738 2554 1794 Contristati
2585 1752 2775 1793 omnes
2819 1752 2882 1793 ac
2911 1737 3267 1791 vehementer
3287 1735 3468 1790 afﬂicti
3500 1749 3605 1790 non
3635 1734 3836 1822 damno

550 1849 752 1920 γεγονός
780 1850 1077 1919 σύμπτωμα
1111 1824 1519 1923 συνέτριψεν.οί
1548 1824 1721 1903 δέίτοῦ
1752 1848 1897 1920 ἁγίου
1934 1853 2146 1918 μαθηταί

2252 1830 2488 1900 parietis,
2512 1830 2605 1884 sed
2635 1828 2964 1884 contritione
2994 1828 3201 1891 fratris,
3232 1825 3529 1881 venerabili
3562 1824 3704 1879 Patri
3734 1824 3837 1879 Be-

551 1944 703 1993 τοῦτο
742 1940 1019 2012 ἑωρακότες
1051 1943 1141 1993 καί
1162 1940 1183 1969 ⁸
1213 1941 1457 2013 πρίλυποι
1495 1940 1767 2010 γενόμενοι,
1804 1941 1863 1992 ού
1896 1946 2142 1994 τοσοῦτον

553 2030 639 2086 διά
664 2038 751 2090 τήν
778 2038 868 2086 τοῦ
897 2035 1084 2101 τοίχου
1121 2039 1490 2105 καταστροφὴν,
1520 2031 1638 2087 ὅσον
1660 2030 1742 2087 διά
1771 2034 1857 2087 τόν
1886 2039 1977 2088 τοῦ
1999 2032 2141 2087 ἀδελ-

554 2127 647 2193 φοῦ
673 2120 913 2187 κίνδυνον,
927 2130 998 2193 τῷ
1015 2123 1284 2195 σεϐασμίῳ
1306 2128 1461 2200 πατρί
1479 2123 1739 2196 Βενεδίκτῳ
1761 2127 1891 2194 μετὰ
1912 2123 2145 2199 δακρύων

555 2214 856 2286 προσῆλθον,
874 2214 932 2267 τὸ
962 2215 1163 2286 συμϐὰν
1190 2218 1597 2289 ἀναγγέλλοντες.
1622 2227 1676 2269 ‘0
1697 2215 1748 2271 δὲ
1776 2218 2143 2286 συμπαθέστα-

556 2326 642 2366 τος
662 2310 831 2380 πατὴρ
861 2308 1144 2381 προσίταῗε
1171 2314 1350 2361 τοῦτον
1371 2310 1499 2381 πρὸς
1528 2308 1709 2361 ἑαυτὸν
1731 2308 2025 2377 ἐνεχθῆναι,
2064 2305 2145 2360 ὅν-

554 2417 664 2451 τινα
690 2404 799 2457 ταῖς
829 2401 1013 2470 χερσὶν
1036 2392 1159 2469 ἆραι
1187 2401 1276 2452 ούκ
1301 2397 1555 2469 ἴσχυσαν,
1588 2398 1787 2453 καθ’ὅτι
1810 2401 1852 2453 oi
1879 2401 2145 2456 πεπτωκό-

554 2509 636 2549 τες
652 2490 774 2545 λίθοι
796 2492 1011 2545 ἀπὸ.τοῦ
1036 2494 1218 2561 τοίχου
1240 2494 1295 2544 ού
1310 2493 1455 2560 μόνον
1479 2495 1631 2547 αὐτοῦ
1654 2494 1711 2547 τό
1728 2500 1900 2563 σῶμα,
1917 2493 2039 2547 ἀλλά
2064 2497 2146 2546 καί

555 2582 620 2635 τὰ
642 2584 772 2635 ὀστᾶ
788 2582 1115 2656 συνέτριψαν.
1143 2582 1423 2644 Ἀδυνάτως
1445 2581 1529 2638 οὖν
1550 2583 1763 2655 ἔχοντες
1785 2593 1903 2645 ταῖς
1934 2589 2143 2659 χερσίν,

558 2675 627 2733 ὡς
659 2672 874 2749 εἴρηται,
901 2683 1082 2731 τοῦτον
1112 2671 1256 2751 ἆραι,
1291 2680 1564 2750 ἀναγκαῖον
1586 2683 1838 2737 ητήσαντο
1866 2678 1885 2708 ⁸
1914 2680 1960 2731 ἐν
1984 2682 2145 2750 σαγίῳ

559 2764 811 2819 ἀνακλῖναι
838 2767 1011 2826 αὐτόν.
1037 2770 1131 2819 καί
1152 2768 1313 2827 οὕτως
1343 2770 1470 2841 πρὸς
1492 2770 1577 2822 τόν
1598 2770 1925 2844 σημειοφόρου
1946 2772 2146 2840 ἀγαγεῖν

560 2854 857 2912 Βενέδικτον.
886 2863 1129 2935 Παραυτά
1162 2859 1213 2915 δέ
1254 2864 1509 2916 ἐκέλευσεν
1542 2866 1696 2918 αύτὸν
1734 2866 1966 2921 ἀναϐῆναι
1997 2866 2047 2917 ἐν
2075 2872 2147 2931 τῷ

558 2945 739 3001 έαυτοῦ
762 2948 945 3019 ψιαθίῳ
967 2951 1017 3003 έν
1095 2949 1340 3021 εὔχεσθαι
1366 2956 1542 3008 :ch.-
1570 2957 1652 3008 καί
1674 2955 1889 3007 ἐκϐαλὼν
1909 2953 2004 3018 ἔξω
2028 2958 2148 3014 τούς

557 3037 818 3109 ἀδελφούς,
852 3045 931 3096 καί
957 3048 1046 3100 τὴν
1083 3046 1236 3118 θύραν
1274 3051 1363 3099 τοῦ
1395 3046 1583 3099 κελλίου
1616 3046 1937 3107 ἀποκλείσας,
1972 3047 2149 3100 ἑαυτὸν

557 3133 628 3190 εἰς
648 3140 947 3204 προσευχήν
967 3133 1223 3189 έκδέδωκε·
1247 3141 1330 3190 καί
1351 3137 1517 3195 κλίνας
1539 3137 1661 3208 γόνυ
1677 3138 1761 3189 τὸν
1782 3146 1845 3189 Bs
1860 3140 1903 3188 ιν
1935 3138 2149 3190 ἱκέτευεν

2248 1925 2463 1980 nedicto
2478 1923 2794 1978 studuerunt
2814 1921 3067 1977 celeriter
3082 1936 3202 1975 cum
3222 1920 3375 1990 gravi
3398 1920 3544 1973 luctu
3566 1918 3831 1972 nuntiare.

2247 2015 2396 2069 Tunc
2419 2014 2560 2069 idem
2593 2013 2753 2067 Pater
2782 2012 3104 2067 Benedictus
3132 2012 3481 2065 dilaceratum
3508 2023 3735 2078 puerum
3766 2009 3837 2063 ad

2246 2119 2305 2159 se
2331 2102 2530 2159 deferri
2546 2102 2719 2173 jubet.
2745 2104 2915 2169 Quem
2942 2112 3160 2171 portare
3190 2115 3298 2155 non
3327 2099 3433 2154 nisi
3462 2098 3517 2154 in
3538 2113 3667 2167 sago
3694 2106 3720 2134 κ
3743 2113 3839 2168 ρει-

2247 2210 2462 2255 ειεεειιηι
2493 2218 2505 2255 :
2538 2203 2662 2271 quia
2692 2200 2914 2268 collapsi
2941 2213 3069 2253 saxa
3094 2197 3338 2269 parietis,
3379 2211 3485 2252 non
3520 2197 3694 2251 solum
3720 2196 3838 2262 ejus

2247 2300 2509 2362 membra,
2540 2297 2635 2352 sed
2666 2296 2827 2351 etiam
2858 2310 2981 2351 ossa
3041 2294 3426 2349 contriverant.
3463 2291 3838 2360 Praecepitque

2248 2392 2329 2447 vir
2357 2391 2452 2446 Dei
2482 2391 2658 2445 statim
2704 2402 2826 2443 eum
2872 2386 2925 2441 in
2957 2386 3095 2441 cella
3130 2400 3222 2441 sua
3255 2384 3309 2440 in
3351 2384 3583 2455 psiatbio
3607 2379 3664 2448 ι’,
3695 2381 3836 2452 quod

2248 2484 2405 2555 vulgo
2449 2493 2611 2538 matta
2654 2491 2875 2535 vocatur
2924 2491 2973 2546 ε,
3017 2479 3069 2534 in
3110 2495 3215 2551 quo
3261 2493 3421 2533 orare
3462 2485 3837 2537 consueverat,

2251 2578 2456 2647 projiei,
2489 2576 2774 2646 missisque
2806 2574 2949 2630 foras
2981 2574 3235 2628 fratribus
3280 2572 3468 2627 cellam
3499 2568 3725 2626 clausit:
3749 2569 3838 2638 qui

2258 2668 2489 2723 orationi
2521 2668 2809 2723 instantius
2835 2681 2995 2736 quam
3028 2664 3239 2720 solebat
3270 2662 3531 2719 incubuit.
3567 2662 3696 2715 Mira
3728 2675 3835 2719 res.

2249 2768 2437 2824 eadem
2466 2767 2597 2823 hora
2643 2767 2787 2821 hunc
2817 2764 3162 2828 incolumem,
3191 2773 3352 2833 atque
3382 2771 3442 2815 ut
3472 2760 3620 2830 prius
3648 2757 3839 2813 valen-

2252 2873 2359 2917 tem
2397 2862 2463 2915 ad
2488 2861 2737 2916 eumdem
2768 2861 2960 2915 iterum
3002 2856 3242 2913 laborem
3284 2854 3451 2919 misit,
3479 2861 3538 2907 ut
3564 2851 3679 2920 ipse
3706 2865 3841 2917 quo-

2248 2970 2353 3023 que
2410 2955 2672 3025 parietem
2724 2966 2845 3006 cum
2898 2948 3155 3004 fratribus
3203 2946 3506 3016 perficeret,
3569 2941 3637 2996 de
3687 2939 3841 3009 cujus

2250 3061 2309 3099 se
2341 3045 2558 3099 interitu
2589 3044 2842 3114 antiquus
2873 3041 3049 3096 hostis
3079 3039 3375 3095 Benedicto
3419 3034 3680 3092 insultare
3721 3046 3840 3087 cre-

2252 3137 2496 3191 didisset.

560 3226 684 3297 imr'p
715 3232 803 3285 τῆς
843 3232 933 3280 τοῦ
969 3228 1327 3299 συντριϐέντος
1358 3227 1574 3298 ἀδελφοῦ
1598 3230 1804 3287 ίάσεως.
1828 3232 1924 3281 Καὶ
1948 3226 2004 3285 ἦν
2030 3227 2149 3282 ίδεῐν
2176 3214 2221 3274 C

556 3312 605 3363 iv
630 3320 692 3385 τῇ
720 3315 829 3387 ὥρᾳ
859 3315 1016 3385 inim
1052 3318 1227 3386 θαῦμα
1264 3316 1461 3377 ἀληθῶς
1504 3320 1681 3391 φρίκης
1718 3320 1805 3370 καί
1848 3319 2143 3379 ὶκσ-τάσεως
2184 3317 2336 3383 ἄξιον·
2362 3321 2489 3390 μετά
2535 3321 2637 3390 γὰρ
2679 3323 2769 3376 τήν
2807 3325 2897 3380 τῆς
2934 3324 3214 3389 πρσιυχῆς
3245 3316 3517 3377 τελείωσιν,
3551 3314 3842 3384 παραυτίκα

557 3404 584 3459 ό
606 3409 802 3467 νεανίας
845 3408 989 3479 μόνος
1016 3410 1203 3469 ἀνέστη
1240 3410 1387 3483 ὑγιής
1417 3408 1516 3479 ὅλῳ
1544 3418 1617 3480 τῷ
1650 3409 1954 3480 σώματι.,⁶0
1975 3409 2030 3465 δέ
2061 3411 2203 3484 ἅγιος
2240 3420 2420 3466 τοῦτον
2447 3413 2597 3466 πάλιν
2622 3411 2883 3465 ἀπέστειλε
2906 3410 3036 3485 πρὸς
3069 3410 3194 3468 τούς
3226 3405 3488 3479 ἀδελφούς,
3522 3402 3607 3458 ἐπὶ
3634 3410 3705 3471 τῷ
3747 3404 3845 3454 σὺν

555 3497 726 3555 αὐτοῖς
756 3498 1054 3570 ἔργάζεσθαι
1083 3504 1130 3551 ἰν
1154 3507 1216 3572 τῇ
1240 3505 1329 3555 τοῦ
1357 3501 1788 3571 συμπεπτωκότος
1812 3503 1995 3572 τοίχου
2039 3502 2295 3577 οἰκοδομῇ.
2326 3501 2384 3555 ’0
2409 3502 2461 3558 δέ
2507 3504 2692 3575 ἐχθρός
2735 3501 3095 3575 προσδοκήσας
3122 3509 3185 3573 τῇ
3225 3500 3407 3553 ἑαυτοῦ
3449 3501 3677 3567 δ’πατηὶηῇ
3704 3496 3843 3567 ἔνερ-

555 3591 692 3662 γείᾳ,
723 3587 807 3643 διά
844 3596 933 3645 τοῦ
966 3591 1089 3665 παρ’
1114 3593 1267 3645 αὐτού
1292 3594 1628 3654 ἐπινοηθέντος
1657 3593 1885 3650 κινδύνου
1920 3597 2134 3651 Θάνατον
2174 3597 2445 3667 ἐπαγαγεῖν
2492 3604 2564 3664 τῷ
2606 3594 2820 3667 ἀδελφῷ,
2853 3596 3035 3664 μᾶλλον
3082 3592 3146 3648 δι’
3173 3594 3329 3647 αὐτοῦ
3379 3586 3736 3661 κατησχύνθη,
3759 3595 3845 3642 καί

558 3679 770 3749 χλεύην,
795 3682 948 3755 ἥνπερ
988 3690 1061 3753 τῷ
1077 3687 1311 3754 μακαρίῳ
1352 3686 1625 3755 ἡτοίμασεν
1643 3686 1806 3757 έαυτῷ
1837 3690 2174 3743 ἐπεσπάσατο
2197 3728 2210 3749 ,
2253 3684 2437 3748 ὄνειδός
2458 3710 2512 3743 τε
2547 3690 2630 3741 καί
2663 3687 3032 3761 καταφρόνησις
3059 3686 3203 3761 παρὰ
3242 3692 3352 3742 τοῖς
3379 3688 3467 3737 τοῦ
3503 3682 3649 3751 ἀγίου
3678 3682 3844 3750 paene

558 3776 672 3827 ταῖς
699 3770 957 3841 γενόμενος
992 3771 1033 3824 7-
1065 3769 1311 3827 Ἐντεῦθεν
1353 3776 1521 3830 λοιπὸν
1565 3777 1602 3832 ὀ.
1633 3784 1725 3833 τοῦ
1765 3785 1892 3833 Θεοῦ
1941 3775 2205 3853 ἄνθρωπος
2244 3783 2553 3853 προφητείας
2581 3780 2737 3853 χάριν
2773 3782 2919 3853 παρά
2948 3783 3075 3833 Θεοῦ
3095 3778 3364 3848 ἐκομίσατο
3379 3780 3468 3831 τοῦ
3497 3773 3757 3846 προλέγειν
3781 3776 3847 3827 τὸ.

562 3859 823 3930 μέλλοντα,
852 3865 933 3915 καί
962 3866 1164 3933 μηνύειν
1190 3868 1256 3926 ὡς
1289 3868 1571 3926 ένεστῶται

1194 3992 1401 4039 κΕοΑΛ.
1444 3989 1527 4039 tts'.

597 4075 715 4143 Περὶ
746 4079 843 4125 τῶν
862 4082 1100 4144 μοναχῶν
1121 4082 1220 4128 τῶν
1248 4080 1736 4149 μεταλαμϐανόντων
1757 4089 1941 4154 τροφῆς
1970 4084 2124 4155 παρὰ

1197 4174 1279 4226 τὸν
1309 4177 1507 4229 κανόνα.

631 4258 909 4331 Παράδοσις
931 4268 1155 4320 κανονική
1185 4263 1288 4317 ὑπὸ
1317 4271 1406 4319 τοῦ
1442 4264 1588 4337 ἁγίου
1616 4269 1663 4321 ἑν
1699 4274 1760 4341 τῇ
1786 4276 1908 4341 μονῇ
1937 4268 2148 4344 ὑπῆρχε

559 4354 901 4422 νομοθεθεῖσα,
926 4354 1010 4407 ἵνα
1046 4357 1490 4426 ἀποστελλομένων
1518 4357 1737 4430 ἀδελφῶν
1770 4361 1839 4418 είς
1868 4358 2116 4413 διακονίαν
2134 4401 2148 4417 .

561 4448 685 4511 μήτε
714 4444 977 4517 βρώσεως,
1007 4450 1131 4513 μήτε
1163 4447 1361 4506 πόσεως
1397 4448 1758 4518 μεταλάϐωσι,
1791 4451 1980 4519 μέχρις
2015 4445 2073 4502 ἂν
2102 4451 2152 4503 ἐν

560 4542 623 4605 τῇ
653 4542 774 4607 μονῇ
810 4536 1196 4610 ύποστρέψωσν
1230 4543 1311 4591 καί
1350 4538 1511 4599 οὕτως
1545 4538 1570 4593 ό
1608 4544 1764 4593 κανὼν
1794 4541 2004 4613 ἀκριϐής
2030 4538 2155 4613 παρ’

638 4686 655 4760 ξ
692 4683 920 4760 _A_dditur
950 4686 1193 4760 ἀδελφούς
1223 4690 1273 4742 in
1304 4698 1531 4759 utroque
1560 4704 1663 4744 ms.

636 4755 656 4834 ξ
696 4753 820 4834 Mss.
852 4763 942 4810 τοῦ
978 4756 1036 4834 δέ
1074 4753 1511 4834 τὴνάγγελίανλ..
1550 4760 1848 4834 ἀγαγόντος,
1892 4764 1974 4815 καί
2002 4765 2155 4831 μήπω

562 4826 752 4901 ταύτην
779 4825 1057 4901 διαγγεῖλαι
1085 4825 1382 4901 φθάσαντος.

604 4895 657 4969 ο
858 4895 1105 4968 έχόιλασεξ

637 4964 658 5042 ξ
694 4968 850 5042 (λου).
880 4964 1162 5042 κυριαλίου.

639 5036 659 5117 ξ
701 5036 821 5117 Tria
856 5036 1021 5117 verba
1050 5041 1163 5093 tunc
1206 5041 1565 5117 nostris‘mss.
1609 5043 1905 5117 delentur;
1937 5046 2158 5100 deerant

570 5108 793 5182 rnim_in
828 5112 1053 5182 excusis
1092 5119 1213 5182 ante
1260 5112 1349 5165 ed.
1396 5112 1554 5169 Guss.
1610 5115 1699 5182 qui
1762 5131 1821 5169 ea
1864 5116 2064 5182 legerat
2107 5119 2157 5171 iu

571 5193 672 5260 ius:
709 5177 1113 5260 Regio,_in_quo
1141 5181 1364 5260 legimus
1393 5194 1447 5238 et
1476 5186 1607 5253 ipsi,
1630 5177 1638 5182 ⁷
1661 5203 1757 5240 uec
1785 5202 1889 5241 non
1916 5177 1970 5241 in
1999 5189 2153 5242 Coll».

564 5250 665 5329 Alii
698 5251 879 5329 excusi
908 5250 1123 5329 habent,
1156 5252 1430 5329 έωρακότες
1453 5250 1512 5311 ού
1537 5264 1799 5313 τοσοῦτον.

634 5318 655 5400 ξ
696 5320 821 5400 pfss.
852 5324 1127 5394 ἡγήσαντο,
1160 5318 1232 5361 —-'
1257 5341 1377 5400 qua:
1404 5342 1527 5380 vera
1554 5337 1638 5381 est
1665 5329 1845 5383 lectio.
1884 5328 2035 5383 Enn.

635 5390 654 5419 ⁷
696 5388 856 5445 Iidem
889 5388 1143 5464 ἶροιτηταῖς
1172 5388 1453 5467 γενόμενος.

598 5483 869 5607 ἀῗιὶἒηᾳιιί
899 5500 965 5539 ex
994 5484 1199 5551 Norm.,
1247 5489 1297 5541 in
1327 5506 1498 5553 sacco,
1532 5497 1590 5544 ut
1620 5491 1782 5545 etiam
1818 5492 1872 5545 in
1907 5490 2153 5560 plurimis

564 5568 742 5607 CUIUS.

633 5624 1006 5707 b_l’siatltium,
1030 5628 1182 5707 cujus
1214 5630 1349 5698 apud
1375 5631 1784 5707 llieronymum,
1812 5633 2149 5694 Cassianum,

563 5704 617 5776 et
642 5694 1113 5776 aliosﬁeiluenter
1145 5700 1201 5753 fit
1228 5694 1446 5776 mentio.
1482 5715 1558 5756 est
1579 5694 2063 5776 storea’seuteges
2086 5719 2149 5757 ex

560 5768 878 5847 junco...Pro
912 5771 1071 5832 lecto,
1120 5774 1379 5847 stragulo,
1411 5789 1473 5825 ac
1514 5772 1668 5847 sedili
1701 5768 2143 5847 monaclﬁsﬁerat.

569 5838 860 5895 l‘siutltium
892 5858 1104 5913 quoque
1134 5838 1680 5901 sibi‘substvruebant
1720 5844 1939 5897 oraturi.
1976 5846 2147 5915 Supra

2856 3989 3081 4046 CAPUT
3123 3988 3235 4043 ΧΙΙ.

2421 4082 2499 4137 De
2529 4082 2793 4135 monachis
2816 4098 2901 4151 qui
2928 4092 3078 4137 extra
3113 4081 3293 4135 cellam
3327 4080 3673 4134 comederunt;

2326 4260 2502 4330 Coepit
2526 4276 2655 4317 vero
2676 4261 2817 4316 inter
2845 4261 2946 4315 ista
2978 4260 3057 4314 vir
3092 4259 3183 4313 Dei
3218 4258 3515 4327 praphetiae
3542 4257 3703 4312 etiam
3726 4256 3838 4322 spio

2258 4354 2362 4408 ritu
2393 4354 2620 4422 pollere,
2660 4362 2886 4407 ventura
2937 4351 3252 4421 prmdiccre,
3296 4349 3653 4417 prtesentibus
3679 4348 3863 4405 etiam.

2259 4446 2500 4499 absentia
2527 4445 2773 4499 nuntiare
2799 4441 2852 4498 δ.
2886 4442 3002 4497 Mos
3035 4443 3235 4496 etenim
3277 4440 3576 4503 cellte-fuit,
3620 4450 3679 4494 ttt
3706 4454 3841 4509 quo-

2261 4535 2361 4590 ties
2388 4533 2452 4589 ad
2477 4548 2796 4605 responsum
2824 4544 2849 4571 υ
2874 4532 3087 4603 aliquod
3112 4532 3494 4603 egrederentur
3524 4529 3733 4592 fratres,
3767 4529 3845 4582 ci-

2183 4694 2237 4754 D
2261 4690 2327 4743 ad
2351 4705 2470 4759 cap.
2499 4690 2552 4756 2,
2583 4690 2676 4746 lib.
2707 4707 2722 4744 ι
2754 4689 3091 4744 laudavimus
3114 4688 3333 4744 Hieron.
3360 4690 3415 4743 iu
3436 4688 3587 4757 praef.
3619 4689 3685 4743 ad
3710 4690 3841 4756 Reg.

2259 4760 2318 4817 S.
2351 4761 2625 4817 Pachomii
2648 4761 2713 4814 de
2736 4760 3179 4815 Tabennensibus
3199 4762 3278 4816 sic
3306 4761 3610 4829 loquentem
3641 4777 3657 4813 :
3690 4759 3842 4814 Nihil

2263 4832 2448 4886 habent
2466 4834 2519 4885 in
2546 4831 2747 4885 cellulis
2766 4841 2951 4888 praeter
2977 4831 3277 4900 psiathium,
3309 4843 3415 4885 etc.

2336 4914 2359 4942 ο
2393 4905 2514 4958 Haec
2535 4903 2694 4957 verba
2722 4902 3031 4956 Mabillouin
3054 4901 3302 4956 videntur
3333 4903 3523 4955 lemma
3555 4915 3651 4956 seu
3680 4901 3841 4955 inter-

2263 4976 2493 5044 pretatio
2513 4990 2545 5028 e
2573 4974 2811 5041 margine
2835 4974 2887 5027 in
2918 4982 3119 5027 textum
3150 4975 3377 5027 invecta.
3405 4974 3547 5044 Sane
3576 4974 3629 5025 in
3652 4972 3845 5044 Graeco

2263 5046 2459 5114 interp.
2494 5059 2598 5097 non
2628 5046 2896 5112 leguntur,
2940 5053 2996 5097 et
3032 5060 3057 5093 a
3093 5044 3275 5097 multis
3324 5043 3600 5097 codicibus
3628 5043 3841 5096 absunt.

2269 5113 2461 5171 Verum
2510 5116 2563 5169 in
2596 5114 2983 5181 antiquissimis
3012 5129 3141 5167 mss.
3173 5115 3455 5177 habentur,
3503 5114 3758 5167 nimirum
3792 5113 3849 5165 in

2270 5185 2477 5241 Gemet.
2515 5185 2738 5251 aliisque
2764 5184 2973 5247 Norm.,
3006 5184 3224 5240 Carnnt.
3272 5185 3473 5251 primo,
3509 5184 3598 5252 qui
3645 5185 3845 5252 saeculo

2272 5273 2413 5312 nono
2440 5266 2691 5312 exaratus
2721 5255 2964 5315 videtur;
3009 5256 3062 5309 in
3092 5256 3266 5322 primo
3294 5254 3504 5308 'l‘lteml.
3531 5251 3585 5307 et
3617 5254 3667 5307 in
3688 5251 3845 5306 Com-

2269 5331 2428 5393 pend.
2456 5329 2509 5381 In
2535 5326 2764 5381 laudatis
2810 5336 2986 5378 tamen
3028 5325 3304 5380 codicibus
3334 5323 3625 5395 aliquando
3658 5323 3847 5390 legitur

2268 5400 2440 5467 matha
2471 5411 2517 5449 et
2566 5406 2710 5448 natta
2757 5411 2853 5464 pro
2894 5405 3077 5450 malta.
3118 5396 3171 5449 In
3202 5396 3333 5467 Reg.
3363 5394 3515 5451 S.P.
3564 5394 3763 5449 Bened.
3795 5410 3845 5449 ο.

2264 5466 2364 5529 55,
2393 5477 2549 5519 multa
2581 5467 2720 5520 inter
2750 5476 3043 5520 stramenta
3068 5466 3327 5522 lectorum
3352 5476 3687 5521 numeratur.

2333 5536 2358 5575 ἀ
2391 5538 2472 5590 AI.
2485 5580 2499 5603 ,
2524 5552 2758 5590 narrare.

2338 5620 2359 5645 θ
2390 5608 2503 5662 Hoc
2530 5615 2636 5671 est,
2667 5608 2736 5661 ad
2782 5609 3058 5677 negotium.
3094 5609 3225 5663 Vide
3272 5609 3402 5674 Reg.
3454 5606 3512 5662 S.
3556 5608 3617 5662 Ρ.
3648 5605 3846 5662 Beued.

2262 5693 2381 5747 cap.
2415 5678 2503 5743 51,
2538 5677 2626 5732 ubi
2660 5678 2711 5733 id
2734 5678 3074 5734 cnnstituitur
3102 5680 3167 5734 de
3195 5680 3450 5734 fratribus
3474 5680 3562 5748 qui
3594 5692 3692 5747 pro
3717 5693 3848 5748 qun-

2264 5752 2391 5805 libet
2424 5766 2669 5821 responso
2716 5750 3081 5821 egrediuntur.
3118 5752 3172 5807 Ci
3198 5752 3352 5806 nsule
3394 5750 3556 5806 etiam
3591 5756 3771 5803 notam
3800 5747 3853 5811 lt,

2263 5822 2414 5877 initio
2449 5822 2657 5885 MoraL,
2688 5824 2792 5875 col.
2833 5822 2881 5874 l.
