4126 6362
232 368 343 425 157

1608 340 2165 428 raonccoussa.

3413 376 3513 433 158

222 483 398 538 αὐτῶν
439 483 757 557 ἐφυλάττετο.
797 484 875 536 Ἐν
914 490 1006 552 μιᾷ
1049 477 1134 537 οὖν
1174 489 1270 536 τῶν
1308 484 1676 553 ήμερῶν,τινές
1724 491 1817 536 τῶν

1932 485 2053 537 bum
2075 492 2365 553 potumque
2383 494 2533 539 extra
2555 484 2744 540 cellam
2774 486 2994 541 minime
3024 498 3327 543 sumerent.
3352 493 3511 545 Cum-

225 572 460 647 ἆδελφῶν
483 577 552 633 εἰς
574 572 823 629 διακονίαν
844 576 947 629 ύπό
967 581 1053 629 τοῦ
1074 575 1242 645 τιμίου
1269 575 1454 628 τούτου
1475 572 1656 644 ἀνδρὸς
1679 577 1828 630 ἐστα-

224 667 416 725 λησαν·
451 668 637 727 συνέϐη
682 663 771 721 οὖν
802 654 928 729 τούς
966 668 1239 727 σταλέντας
1262 671 1523 736 μοναχούς
1568 666 1828 739 διάστημα

224 758 364 825 πολύν
392 767 482 819 τῆς
512 757 630 813 ὁδοῦ
662 758 1024 819 διανύσαντας,
1056 762 1138 812 καὶ
1164 764 1232 827 μή
1266 761 1563 831 φθάσαντας
1583 760 1829 812 ἐπαναλῦ-

228 871 328 903 σαι
356 852 408 904 ἰν
435 859 497 926 τῇ
526 860 648 926 μονῇ
679 851 825 922 ὀψίας
853 850 948 909 ἤδη
971 853 1259 923 γενομένης,
1285 856 1367 904 καὶ
1392 860 1482 911 τῆς
1518 854 1654 926 ὧρας
1679 873 1829 906 κατε-

225 945 513 1006 πειγούσης
532 986 546 1006 ,
595 945 875 999 καταλῦσαι
907 946 1041 1019 πρός
1066 967 1177 999 τίνα
1214 948 1520 1017 σεμνοτάτην
1551 947 1825 1022 παρθένον,

228 1036 321 1087 καί
352 1036 400 1087 ἐν
432 1042 505 1104 τῷ
546 1036 720 1106 κελλίῳ
752 1037 915 1096 αύτῆςπ
938 1037 1245 1108 μεταλαϐεῖν
1272 1044 1478 1110 τροφῆς.
1501 1039 1826 1093 ’Δπὲστειλαν

228 1122 286 1178 δὲ
315 1125 404 1179 ἕνα
424 1133 525 1181 τῶν
545 1125 764 1200 ἀδελφῶν
793 1130 921 1201 πρὸς
950 1130 1036 1182 τόν
1058 1130 1360 1201 ἡγιασμένον
1387 1131 1585 1202 πατέρα
1609 1129 1827 1185 Βενέδικ-

226 1243 318 1277 τον
344 1224 473 1298 πρός
493 1223 550 1278 τό
575 1226 882 1282 αἰτήσασθαι
911 1227 1070 1295 εύχην
1092 1218 1221 1279 κατὰ
1250 1226 1309 1281 τό
1346 1222 1475 1287 ἔθος,
1502 1226 1581 1279 ἶνα
1610 1226 1824 1297 μεταλά-

230 1316 367 1369 ϐωσε
389 1325 597 1391 τροφῆς⁸
624 1316 721 1372 όδέ
748 1320 1121 1390 προγνωστικός
1153 1320 1343 1375 ἐκεῖνος
1366 1321 1535 1392 πατὴρ
1563 1321 1824 1392 ἠρώτησεν

226 1408 404 1471 αὐτὸν,
422 1409 623 1481 ίλέγων³
637 1425 655 1460 t
679 1416 777 1463 Ποῦ
798 1411 1097 1480 μετελάϐετε
1114 1418 1302 1483 τροφῆς
1317 1425 1330 1473 ;
1347 1428 1363 1460 ι
1382 1409 1407 1463 ό
1425 1406 1479 1463 δὲ
1492 1411 1819 1483 ἁπεκρίνατο,

233 1516 253 1549 ο
284 1499 545 1571 Ούδαμοῦ,
568 1504 755 1574 πάτερ’
785 1522 802 1554 ι
821 1504 947 1574 πρός
973 1502 1106 1563 οῧςό
1139 1502 1279 1575 ἅγιος
1309 1500 1419 1573 ἔφη·
1442 1519 1460 1551 t
1491 1500 1602 1556 Ἵνα
1621 1505 1670 1557 τί
1691 1502 1829 1556 οὕτω

225 1589 475 1660 ψεύδεσθε
494 1608 508 1656 ;
532 1595 658 1664 οὐχὶ
683 1595 729 1646 ἐν
750 1600 821 1666 τῷ
843 1595 1014 1664 κελλὶῳ
1034 1592 1188 1652 τῆσδε
1202 1602 1292 1653 τῆς
1309 1595 1558 1670 παρθένου
1576 1595 1595 1622 ²
1613 1593 1825 1647 κατελύ-

225 1701 380 1747 σατε,
405 1687 487 1736 καί
509 1693 696 1757 τροφῆς
717 1685 1050 1757 μετελάϐετε,
1074 1688 1201 1755 ούχὶ
1242 1684 1432 1740 τούτων
1466 1687 1701 1758 κᾴκείνων
1724 1693 1824 1740 τῶν

225 1769 518 1841 ἰδεσμάτων
534 1776 812 1845 ἐγεύσασθε
830 1792 843 1838 ;
863 1778 990 1845 οὐχί
1008 1782 1243 1830 τοσαῦτα
1266 1779 1486 1848 ποτήρια
1511 1777 1672 1828 ἐπίετε
1697 1783 1822 1849 ;›Τῇ

1931 590 2036 642 que
2070 575 2171 630 hoc
2197 575 2264 629 de
2296 591 2397 630 usu
2429 578 2628 646 regulae
2657 577 2889 633 sollicite
2918 588 3245 642 servaretur,
3282 582 3512 651 quadam

1928 667 2015 720 die
2041 666 2105 720 ad
2139 680 2452 739 responsum
2488 668 2680 723 fratres
2717 670 2921 739 egressi
2952 680 3098 734 sunt,
3127 679 3183 724 et
3224 671 3276 725 in
3307 686 3375 725 eo
3404 681 3515 725 tar-

1929 759 2065 813 diori
2086 760 2347 828 compulsi
2376 773 2498 814 sunt
2528 762 2655 816 hora
2677 762 2966 818 demorari.
2990 765 3091 831 Qtti
3117 780 3337 820 manere
3355 766 3513 835 juxta

1931 850 2233 920 religiosam
2265 850 2522 906 feminam
2551 864 2842 915 noverant.
2892 854 3043 925 cujus
3097 856 3321 926 ingressi
3363 857 3515 912 babi-
3552 906 3554 909 .

1930 948 2160 1001 taculum
2189 954 2533 1013 sumpserunt
2559 947 2757 1004 cibum.
2790 948 3031 1017 Cumque
3056 948 3164 1018 jam
3196 950 3399 1004 tardius
3445 949 3511 1003 ad

1931 1040 2121 1094 cellam
2156 1038 2471 1104 rcdiissent,
2501 1039 2925 1096 benedictionem
2957 1042 3131 1095 Patris
3155 1057 3219 1096 ex
3238 1057 3388 1095 more
3410 1056 3511 1111 pe-

1932 1132 2155 1184 tierunt.
2187 1130 2334 1197 Quos
2365 1130 2455 1184 ille
2481 1130 2727 1198 protinus
2774 1140 3118 1200 percontatus
3148 1141 3252 1192 est,
3282 1131 3469 1184 dicens
3494 1145 3507 1181 :

1933 1221 2033 1276 Ubi
2076 1220 2423 1277 comedistis?
2452 1220 2550 1286 Qui
2583 1220 2980 1289 responderunt
3012 1239 3025 1274 :
3054 1220 3349 1290 Nusquam.
3382 1218 3509 1287 Qui.

1929 1311 2028 1365 bus
2073 1311 2161 1363 ille
2205 1311 2280 1364 ait
2314 1328 2326 1363 :
2358 1311 2537 1377 Quare
2570 1311 2640 1363 ita
2695 1311 3033 1365 mentimini?
3062 1310 3310 1381 Nunquid
3362 1310 3510 1365 illius

1933 1403 2053 1457 talis
2082 1402 2294 1457 feminze
2321 1402 2680 1457 habitaculum
2710 1417 2816 1456 non
2846 1403 3129 1458 intrastis?
3151 1401 3390 1472 nunquid
3412 1401 3511 1456 bos

1927 1505 2089 1565 atque
2115 1495 2233 1549 illos
2260 1496 2414 1550 cibos
2444 1510 2549 1549 non
2596 1495 2915 1565 accepistis?
2944 1496 3179 1563 nunquid
3215 1505 3291 1548 tot
3314 1494 3511 1548 calices

1929 1605 2035 1642 non
2068 1588 2312 1643 bibistis?
2341 1588 2582 1659 Cumque
2608 1588 2688 1642 cis
2718 1587 3041 1642 venerabilis
3073 1589 3226 1642 Pater
3250 1598 3304 1641 et
3330 1587 3511 1654 hospi-

1928 1680 2061 1734 tium
2095 1680 2359 1744 mulieris,
2396 1690 2451 1734 ct
2478 1695 2673 1751 genera
2702 1680 2966 1745 ciborum,
2996 1689 3051 1732 et
3096 1695 3377 1733 numerum
3408 1693 3507 1746 po-

1928 1774 2131 1826 tionum
2160 1772 2384 1838 diceret,
2416 1781 2869 1841 recognoscentes
2891 1781 3082 1825 cuncta
3108 1787 3225 1839 quae
3263 1780 3507 1840 egerant,

225 1866 465 1941 ἐπαύριον
486 1864 541 1920 δὲ
563 1868 926 1923 ἐπανελθόντων
949 1876 1046 1922 τῶν
1062 1875 1308 1937 μοναχῶν
1322 1865 1341 1895 ³
1355 1868 1408 1919 ἐκ
1424 1874 1514 1925 τῆς
1537 1886 1817 1941 προσταχ-

1923 1863 1989 1918 ad
2013 1863 2127 1932 ejus
2158 1864 2320 1932 pedes
2351 1863 2647 1918 tremefacti
2672 1862 3017 1925 ceciderunt,
3048 1869 3101 1913 et
3127 1877 3185 1914 se
3215 1859 3508 1928 ἀειιιιιιίεεθ

223 1957 398 2016 θείσης
444 1959 618 2019 αύτοῐς
659 1958 939 2021 διακονίας,
977 1968 1142 2029 σοφῶς
1178 1958 1199 1989 ⁸
1238 1981 1291 2015 τε
1343 1963 1422 2013 καί
1476 1960 1818 2030 ἐπιστημόνως

223 2048 327 2101 ύπό
358 2054 450 2102 τοῦ
478 2052 675 2123 πατρὸς
698 2048 1068 2122 διελεγχθέντες
1100 2051 1140 2117 ⁸,
1164 2055 1253 2109 τήν
1274 2071 1326 2105 τε
1357 2053 1512 2105 οἰκίαν
1533 2060 1623 2108 τῆς
1643 2074 1819 2122 γυναι-

222 2141 310 2198 κός
337 2143 425 2193 καί
458 2142 519 2194 τὰ
547 2139 654 2199 εἴδη
680 2148 778 2194 τῶν
815 2144 1118 2219 βρωμάτων,
1137 2147 1219 2197 καί
1239 2145 1296 2198 τό
1323 2146 1504 2216 μέτρον
1537 2143 1557 2173 ⁸
1586 2150 1686 2197 τῶν
1715 2164 1813 2197 πο-

222 2232 412 2303 τηρίων
468 2235 874 2305 φανερώσαντες,
919 2233 1134 2292 ἑαυτούς
1176 2235 1507 2304 καταγνόντες
1539 2234 1668 2293 πρὸς
1698 2237 1818 2294 τούς

1926 1953 2159 2009 confessi
2188 1965 2331 2007 sunt.
2356 1954 2474 2022 Ipse
2498 1964 2675 2007 autem
2702 1953 2944 2021 protinus
2967 1950 3176 2020 culpam
3206 1949 3509 2019 pepercit“,

1928 2044 2262 2114 perpendens
2285 2044 2427 2113 quod
2455 2044 2506 2097 in
2533 2044 2651 2112 ejus
2676 2044 2918 2101 absentia
2943 2042 3079 2097 ultra
3114 2056 3223 2095 non
3248 2042 3506 2105 facerent,

1924 2159 2081 2213 quem
2112 2152 2431 2213 praesentem
2464 2143 2567 2198 sibi
2594 2157 2714 2199 esse
2739 2144 2791 2196 in
2820 2143 3008 2213 spiritu
3035 2142 3255 2196 scirent.

222 2320 425 2389 τιμίους
461 2320 615 2373 αὑτοῦ
654 2318 817 2379 πόδας
848 2318 1065 2387 ἔπεσαν,
1107 2324 1448 2397 ἡμαρτηκέναι
1489 2322 1872 2394 ὁμολογοῦντες·
1916 2328 2071 2385 αύτός
2106 2324 2159 2381 δὲ
2191 2324 2215 2380 ό
2244 2328 2532 2401 πρᾳότατος
2576 2332 2746 2400 πατὴρ
2780 2328 2959 2387 εὐθέως
2995 2329 3053 2381 τό
3097 2325 3301 2399 σφάλμα
3338 2328 3513 2383 αὐτοῖς

224 2415 563 2488 συνεχώρησε
590 2454 607 2481 ,
648 2413 1041 2489 πληροφορηθεὶς
1092 2420 1241 2469 τοῦτο
1270 2456 1280 2470 .
1328 2416 1395 2473 ὡς
1434 2416 1653 2474 ἀπόντος
1701 2417 1856 2470 αύτοῦ
1882 2456 1896 2478 ,
1938 2418 1995 2470 ού
2034 2423 2103 2487 μή
2142 2425 2233 2471 τοῦ
2269 2417 2446 2470 λοιποῦ
2484 2418 2758 2492 παραϐῶσι
2802 2422 2890 2475 τὴν
2927 2416 3301 2492 παραδοθεῖσαν
3341 2417 3513 2473 αὐτοῖς

224 2508 326 2562 ύπό
348 2512 438 2561 τοῦ
471 2505 614 2576 ἁγίου
640 2506 855 2572 ἐντολὴν,
891 2504 1045 2579 ὅνπερ
1077 2507 1124 2558 ἐν
1156 2508 1405 2574 πνεύματι
1435 2507 1562 2578 ἁγίῳ
1591 2509 1933 2581 συμπαρόντα
1957 2511 2125 2567 αὐτοῖς
2164 2512 2246 2563 καί
2275 2512 2497 2564 ἀποῦσιν
2525 2507 2779 2581 ἔγνωσαν.
2808 2510 2826 2539 ’⁵

850 2628 1058 2673 asotia.
1102 2617 1189 2672 tr”.

333 2716 449 2787 Περὶ
484 2719 572 2767 τοῦ
602 2719 841 2786 σαρκικοῦ
876 2709 1088 2781 ἀδελφοῦ
1119 2712 1408 2765 Βαλεντίνου
1448 2718 1702 2781 μοναχοῦ.

293 2893 438 2968 ’Δνηρ
466 2914 541 2953 τις
569 2894 803 2967 ὑπῆρχε,
831 2894 1073 2963 κοσμινός
1099 2896 1188 2964 μὲν
1226 2902 1298 2961 τῷ
1347 2898 1588 2963 σχήματι
1607 2934 1620 2956 ,
1647 2915 1814 2947 σπου-

2518 2621 2744 2679 CAPUT
2787 2622 2919 2677 XIII.

1930 2712 2002 2766 De
2034 2715 2192 2783 fratre
2226 2713 2576 2768 Valentiniani
2604 2717 2871 2781 monac/ti,
2909 2731 3060 2785 quem
3098 2715 3173 2768 vir
3204 2714 3297 2769 Dei
3336 2716 3387 2767 in
3430 2714 3511 2767 uia

2432 2808 2711 2859 comedisse
2742 2807 2993 2876 cognovit.

1998 2892 2185 2949 Frater
2214 2912 2434 2975 quoque
2466 2897 2826 2951 Valentiniani
2877 2898 2993 2966 ejus
3040 2899 3309 2964 monachi,
3354 2899 3509 2969 cujus

225 2984 367 3045 δαῖος
390 2983 443 3039 δὲ
471 2992 576 3044 τοῖς
608 2985 820 3059 τρόποις
841 2989 920 3038 καί
943 2985 1050 3038 λίαν
1080 2985 1435 3058 φιλομόναχος,
1461 2984 1667 3057 ἀδελφός
1688 3007 1816 3058 τυγ-

1925 2986 2171 3055 superius
2201 2990 2515 3041 memoriam
2547 2987 2667 3051 feci,
2702 2989 2785 3041 vir
2812 2998 2927 3042 erat
2956 2988 3144 3054 laicus,
3171 2988 3266 3042 sed
3296 2990 3509 3058 religio-

226 3076 397 3144 χὰνων
418 3074 703 3128 Βαλεντίνου
727 3074 1052 3143 μονάζοντος,
1080 3070 1137 3127 οὗ
1168 3077 1253 3127 καί
1281 3077 1337 3129 τὸ
1367 3074 1612 3148 πρότερον
1644 3078 1815 3144 μνείαν

225 3167 521 3234 πεποίημαι.
544 3160 637 3223 ’Ὃς
664 3186 742 3224 τις
775 3166 883 3219 κατ’
913 3166 1138 3219 ἐνιαυτόν
1167 3166 1423 3239 παρέϐαλε
1454 3166 1584 3236 πρός
1612 3167 1697 3220 τόν
1723 3186 1815 3224 σηο

225 3254 487 3328 μειοφόρον
508 3257 710 3327 πατέρα
739 3253 1018 3310 Βενέδικτον
1040 3259 1124 3309 ἐπὶ
1142 3257 1201 3311 τό
1220 3257 1491 3311 ἀπολαύειν
1511 3264 1601 3315 τῆς
1631 3261 1813 3310 τούτου

224 3345 567 3417 ψυχωφελοῦς
597 3342 949 3413 διδασκαλίας,
979 3350 1061 3400 καί
1089 3347 1407 3417 ἐπισκέψεως
1436 3349 1593 3418 χάριν
1641 3350 1813 3401 Βαλεν-

224 3440 358 3491 τίνου
382 3444 468 3490 τοῦ
497 3438 676 3491 ἑαυτοῦ
706 3436 939 3509 ἀδελφοῦ.
956 3435 1117 3500 Οὗτος
1138 3442 1304 3493 τοίνυν
1326 3439 1351 3493 6
1372 3441 1495 3513 ἀνὴρ
1516 3441 1814 3508 νομοθεσίαν

225 3528 391 3601 ίαυτῷ
417 3525 474 3586 ἦν
500 3526 749 3589 δεδωκὼς,
777 3530 855 3583 ἵνα
885 3530 1221 3604 ἐξερχόμενος
1255 3533 1308 3584 ἐκ
1331 3540 1421 3590 τῆς
1451 3531 1634 3585 ἑαυτοῦ
1661 3534 1815 3591 οἰκίας

225 3619 471 3691 μηδαμῶς
526 3621 782 3690 μεταλάϐῃ
826 3629 1032 3691 τροφῆς,
1069 3623 1261 3696 μέχρις
1303 3615 1361 3674 ἂν
1401 3630 1492 3681 τῆς
1541 3628 1633 3674 τοῦ
1671 3622 1813 3693 ἁγίου

226 3713 409 3785 ἀξιωθῇ
431 3713 614 3781 εύχῆς,
642 3714 699 3770 ἣν
719 3716 801 3765 καί
831 3709 1170 3781 διεφύλαττεν.
1212 3722 1286 3765 Ἑν
1316 3719 1409 3783 μιᾷ
1437 3707 1522 3765 οὖν
1553 3711 1813 3773 ὶδεύοντος

226 3808 383 3860 αὐτοῦ
409 3807 491 3861 ἐπὶ
508 3807 567 3860 τό
588 3810 944 3880 μοναστήριον,
964 3804 1200 3876 αἰφνίδιον
1219 3808 1383 3878 γέγονέ
1404 3828 1480 3867 τις
1510 3808 1644 3880 αύτῷ
1668 3829 1814 3863 συνυτ

225 3899 485 3975 δοεπόρος,
519 3897 777 3973 ἄγνωστος
802 3902 1083 3964 παντελῶς,
1116 3899 1260 3961 ὅστις
1298 3902 1562 3976 ἐπεφέρετο
1597 3900 1816 3969 ἐδεσμά-

226 4012 322 4044 των
355 3993 621 4047 ποικιλίαν.
657 3990 975 4065 Βραδυτὰτης
1012 3987 1097 4045 οὖν
1139 3995 1273 4066 ὥρας
1313 3994 1675 4059 παρελθούσης,
1708 3990 1813 4045 εἷπε

227 4084 347 4158 πρὸς
378 4085 526 4139 αὐτόν
554 4083 580 4137 6
610 4084 991 4158 συνοδοιπόρος’
1013 4103 1030 4134 ε
1062 4093 1233 4158 Δεῦρο.
1254 4084 1451 4154 ἀδελφέ.
1481 4088 1811 4158 γευσὼμεθα,

226 4180 406 4245 μήπως
434 4179 760 4247 ἀτονησωμεν
788 4179 835 4229 ἐν
856 4186 915 4251 τῇ
942 4175 1056 4245 ἐδῷ·
1083 4197 1099 4227 t
1120 4178 1244 4251 πρὸς
1267 4173 1319 4229 όν
1345 4178 1634 4249 ἀποκριθεὶς
1657 4171 1811 4228 εἶπεν·

234 4288 250 4318 ε
282 4268 528 4331 ’Λπίστω,
546 4268 743 4341 ἀδελφέ,
761 4272 817 4322 ού
840 4274 909 4339 μὴ
935 4273 1132 4327 ποιήσω
1149 4276 1326 4326 τοῦτο.
1341 4266 1471 4322 διότι
1488 4269 1616 4341 πρός
1634 4270 1715 4322 τόν
1730 4288 1817 4320 σε·

228 4361 441 4430 ϐάσμιον
470 4362 666 4434 πατέρα
695 4358 973 4413 Βενέδικτον
1006 4367 1183 4418 νῆστις
1210 4356 1323 4429 ἔχω
1351 4359 1618 4415 συνήθειαν
1650 4360 1812 4431 ἀπέρ-

226 4452 411 4522 χεσθαι
446 4471 463 4502 t
480 4449 680 4509 Ταύτην
701 4456 789 4510 τήν
804 4449 1069 4524 ἀπόκρισιν
1084 4449 1343 4519 δεξάμενος
1365 4452 1492 4525 πρὸς
1509 4451 1670 4521 ὀλίγον
1684 4452 1812 4509 ἡσύ-

228 4561 414 4615 χασεν·
447 4544 748 4604 ὁδεύσαντος
777 4544 829 4599 δὲ
857 4545 1014 4615 ὀλίγον
1034 4552 1126 4602 τῆς
1157 4540 1272 4597 ὁδοῦ
1302 4542 1581 4611 διάστημα,
1613 4544 1761 4598 πάλιν
1787 4543 1812 4598 ό

228 4633 583 4708 συνοδοιπόρος
619 4643 795 4690 τοῦτον
842 4643 1029 4709 τροφῆς
1058 4633 1357 4703 μεταλαϐεῖν
1391 4636 1753 4711 προετρέπετο,
1788 4634 1812 4687 ό

226 4727 280 4785 δὲ
310 4730 600 4782 ὑπακοῦσαι
641 4730 822 4783 τούτου
873 4729 961 4781 οὐκ
999 4728 1271 4797 ἠνέσχετο,
1314 4728 1438 4781 ἀλλὰ
1479 4732 1568 4783 τήν
1606 4736 1811 4800 πορείαν

224 4828 396 4880 νῆστις
415 4817 634 4876 διήνυσε.
652 4822 800 4873 Πάλιν
832 4814 917 4873 οὖν
939 4818 1198 4889 διάστημα
1220 4820 1449 4873 πλεῖστον
1483 4817 1808 4884 ὁδεύσαντες,

225 4914 283 4965 ix
306 4916 495 4981 μήκους
520 4911 571 4966 δέ
594 4920 684 4967 τοῦ
710 4917 1054 4986 μοναστηρίνιυ
1078 4907 1230 4972 ὄντες,
1250 4910 1387 4969 ἦλθον
1417 4916 1498 4965 ἐπί
1527 4934 1636 4965 τινα
1661 4912 1813 4965 τόπον

226 5007 456 5079 τερπνόν,
484 5007 531 5059 ἐν
555 5003 593 5078 ᾧ
624 5014 760 5078 πηγή
787 5004 1155 5077 διαυγεστατου
1182 5004 1202 5034 ⁸
1228 5002 1413 5065 ὕδατος
1446 5006 1655 5079 ύπῆρχε
1680 5045 1690 5063 ,
1734 5009 1815 5057 καὶ

225 5095 446 5162 λιϐάδων
475 5099 690 5167 εὐανθές.
722 5101 843 5162 Τότε
872 5098 896 5152 ό
926 5095 1289 5173 συνοδοιπόρος
1319 5104 1496 5152 τοῦτον
1517 5093 1653 5155 αὖθις
1685 5119 1814 5172 προ·-

303 5279 321 5307 ⁵
338 5350 341 5351 ν
360 5270 488 5351 Iic’g.
516 5277 720 5351 λὲγωνμ
742 5280 812 5329 Ού
832 5276 1129 5351 μετελᾴίῖετξ
1153 5284 1401 5351 τροφῇςμ
1424 5274 1448 5327 ό
1469 5272 1521 5351 δέ
1546 5276 1811 5351 ἀπεκρίθη,

233 5368 252 5399 ε
285 5343 540 5420 Ούδαμοῦ,
565 5343 744 5419 πάτερ·
772 5369 789 5397 ι
815 5343 943 5420 πρὸς
977 5343 1029 5398 όν
1099 5345 1163 5415 ἆγ
1185 5343 1395 5416 οςήὲφη,
1426 5363 1442 5394 t
1470 5343 1812 5420 'lva_-ré_:o-3:rr.t

228 5417 421 5488 ψεύδῃς
442 5420 499 5472 ού
506 5422 568 5487 χί
660 5415 733 5488 τῷ
754 5415 922 5485 κελλίῳ
944 5416 1094 5475 τῆσδε
1114 5415 1379 5489 παρθένου,
1402 5436 1418 5467 ι
1439 5427 1543 5468 etc.
1563 5415 1718 5469 Coll).
1737 5416 1815 5469 ἵνα

226 5487 280 5545 τί
304 5489 465 5551 οὕτως
490 5487 784 5558 ψεύδεσθαι.

301 5560 321 5588 ²
359 5558 510 5612 Coll).
545 5559 837 5621 δεσποίνης.

303 5629 322 5658 ³
361 5629 485 5701 Mss.
516 5624 755 5701 ἀδελφῶν.
778 5630 882 5684 Sed
907 5635 1157 5693 corrupte
1182 5628 1232 5680 in
1255 5628 1413 5701 Guss‘.
1440 5639 1553 5701 post
1581 5630 1679 5684 hoc
1705 5643 1819 5681 ver-

229 5704 354 5774 lruttt
386 5699 575 5769 legitur
606 5698 660 5755 ἐκ
690 5712 776 5761 τῆς
818 5701 1234 5774 πρεταχθείσης.
1281 5698 1489 5766 Optima
1535 5700 1691 5751 lectio
1740 5708 1818 5751 cst

227 5771 379 5827 Coll).

301 5843 322 5871 ⁸
361 5843 492 5914 lleg.
526 5850 717 5915 σαφῶς.

1845 4420 1895 4477 1)

1866 3085 1885 3099 ⁴
1922 3092 2037 3131 sus.
2068 3079 2167 3146 Qui
2217 3088 2273 3132 ut
2299 3081 2439 3134 servi
2470 3080 2563 3132 Dei
2607 3080 2904 3133 orationem
2940 3082 3265 3148 perciperet,
3300 3090 3353 3133 et
3380 3095 3505 3149 ger-

1921 3183 2139 3222 manum
2190 3170 2409 3224 fratrem
2440 3170 2666 3235 videret,
2699 3173 2852 3224 annis
2891 3171 3114 3238 singulis
3138 3171 3206 3225 de
3242 3171 3360 3224 loco
3408 3186 3509 3225 suo

1918 3259 1985 3313 ad
2023 3260 2214 3314 cellam
2245 3260 2363 3330 ejus
2388 3261 2607 3330 jejunus
2639 3264 2824 3317 venire
2852 3271 3225 3317 consueverat.
3266 3262 3506 3331 Quadam

1919 3350 2077 3421 igitur
2105 3353 2195 3408 die
2222 3355 2347 3407 dum
2380 3356 2481 3408 iter
2506 3356 2571 3409 ad
2605 3358 2996 3411 monasterium
3027 3355 3250 3423 faceret,
3282 3371 3403 3412 sese
3431 3357 3508 3411 illi

1923 3443 2058 3498 alter
2084 3444 2255 3498 viator
2289 3445 2561 3515 adjumtit,
2589 3448 2679 3516 qui
2735 3447 3027 3502 sumendos
3057 3447 3206 3502 cibos
3237 3448 3289 3502 in
3317 3448 3508 3502 itinere

1922 3539 2185 3607 portabat.
2240 3538 2488 3609 Cumque
2534 3538 2644 3608 jam
2706 3538 2835 3592 hora
2888 3538 3090 3593 tardior
3137 3539 3461 3594 excrevisset
3490 3582 3506 3607 ,

1919 3629 2061 3683 dixit
2094 3646 2108 3683 :
2142 3628 2275 3683 Veni
2319 3628 2503 3693 frater,
2528 3643 2804 3683 sumamus
2831 3628 3029 3695 cibum,
3062 3644 3131 3683 ne
3161 3628 3427 3683 Iassemur
3454 3627 3510 3681 in

1919 3719 2026 3774 via.
2055 3719 2155 3774 Cui
2205 3721 2296 3775 ille
2336 3722 2655 3789 respondit:
2690 3721 2865 3785 Absit,
2921 3720 3104 3784 frater,
3161 3720 3264 3774 hoc
3293 3734 3397 3773 non
3431 3717 3515 3772 fa-

1926 3814 2089 3879 ciam,
2120 3812 2243 3881 quia
2269 3812 2333 3865 ad
2357 3812 2713 3866 venerabilem
2742 3811 2949 3865 Patrem
2983 3810 3323 3865 Benedictum
3350 3808 3497 3878 jeju-

1920 3921 2022 3959 nus
2051 3920 2267 3973 semper
2298 3905 2584 3973 pervenire
2615 3904 2893 3958 consuevi.
2924 3903 3042 3969 Quo
3080 3916 3343 3970 responso
3386 3914 3507 3968 per-

1919 4008 2096 4067 cepto,
2121 3996 2183 4050 ad
2217 4000 2401 4049 horam
2443 3997 2722 4050 conviator
2751 3996 2934 4049 tacuit.
2968 3993 3074 4048 Sed
3101 4007 3221 4046 cum
3253 4000 3375 4063 post
3403 3990 3513 4047 hoc

1919 4082 2301 4156 aliquantulum
2332 4088 2542 4140 itineris
2570 4086 2802 4153 spatium
2829 4083 3086 4151 egissent,
3116 4098 3300 4135 rursus
3322 4080 3507 4134 admo-

1920 4180 2036 4232 nuit
2069 4188 2125 4231 ttt
2172 4178 2576 4232 manducarent.
2610 4175 2791 4231 Noluit
2818 4172 3125 4229 consentire
3164 4173 3252 4241 qui
3289 4169 3507 4240 jejunus

1918 4269 2208 4339 pervenire
2238 4270 2575 4322 decreverat.
2610 4268 2797 4321 Tacuit
2824 4264 3041 4333 quidem
3072 4263 3161 4334 qui
3185 4262 3249 4316 ad
3275 4260 3503 4316 mandu-

1918 4360 2144 4415 candum
2172 4361 2508 4424 invitaverat,
2540 4368 2595 4414 et
2614 4374 2733 4414 cum
2757 4373 2822 4413 eo
2841 4356 3059 4427 jejunus
3082 4354 3257 4408 adhuc
3278 4352 3510 4422 pergere

1922 4457 1985 4511 ad
2011 4455 2278 4511 modicum
2311 4455 2605 4510 consensit.
2636 4456 2877 4522 Cumque
2907 4450 3009 4505 iter
3036 4448 3245 4519 longius
3263 4455 3508 4516 agerent,

1920 4558 1975 4602 et
2003 4562 2098 4601 eos
2130 4548 2335 4600 tardior
2364 4548 2493 4599 ltora
2522 4544 2764 4613 fatigaret
2794 4541 3150 4605 ambulantes,
3186 4540 3506 4592 invenerunt

1922 4640 1973 4692 in
2007 4639 2199 4693 itinere
2231 4645 2438 4707 pratuttt
2469 4647 2524 4689 et
2548 4635 2767 4700 fontem,
2813 4646 2865 4688 et
2889 4646 3115 4702 qumque
3159 4638 3408 4700 poterant
3440 4627 3509 4681 ad

1922 4731 2266 4784 reficiendum
2300 4743 2497 4797 corpus
2523 4725 2855 4781 delectabilia
2888 4723 3077 4778 videri.
3108 4720 3259 4777 Tunc
3284 4720 3505 4775 convia-

1920 4833 2003 4875 tor
2031 4823 2103 4874 ait
2134 4839 2147 4873 :
2184 4821 2324 4875 Ecce
2353 4836 2509 4889 aqua,
2550 4832 2676 4873 ecce
2709 4826 2935 4884 pratum,
2980 4830 3108 4869 ecce
3147 4826 3391 4868 amamus
3422 4810 3504 4864 lo-

1921 4929 2036 4977 cus,
2070 4915 2122 4968 in
2169 4930 2274 4982 quo
2306 4925 2591 4982 possumus
2621 4908 2766 4964 reﬁci
2815 4916 2869 4961 et
2900 4922 3083 4976 parum
3125 4903 3425 4975 quiescere,
3453 4911 3509 4954 ttt

1926 5007 2198 5061 valeamus
2244 5011 2344 5059 iter
2395 5014 2634 5058 nostrum
2688 5000 3029 5071 postmodum
3085 4998 3379 5050 incolumes
3410 5010 3495 5049 ett-

1930 5100 2096 5168 plere.
2126 5097 2259 5151 Cum
2284 5099 2441 5168 igitur
2473 5107 2525 5151 et
2551 5095 2709 5149 verba
2741 5093 2853 5147 lucc
2883 5091 3121 5154 auribus,
3146 5099 3201 5143 et
3230 5088 3346 5143 loca
3384 5101 3486 5139 ocn

1990 5275 2010 5304 ⁸
2051 5273 2171 5328 For.-
2186 5290 2252 5327 an
2271 5274 2680 5345 διελεγχθέντων.

1991 5346 2011 5375 θ
2051 5346 2183 5404 Reg.
2218 5350 2301 5399 καὶ
2325 5334 2419 5397 τζν’
2436 5334 2636 5416 ⁷μέτρον
2662 5344 3059 5416 τῶνῌποτηρίων.
3084 5370 3154 5381 -—
3178 5337 3294 5391 Mox
3328 5334 3508 5401 legen-

1921 5416 2291 5489 dum‘Vidctttt‘
2329 5412 2730 5489 φανερώσαντος.
2764 5412 2911 5489 Ευιτ.

1995 5488 2012 5516 ⁷
2054 5486 2271 5553 Reliqua
2304 5479 2629 5553 d'ialo'gorunt
2661 5484 2857 5537 desunt
2883 5482 2934 5535 in
2967 5479 3122 5535 Colb.

1997 5559 2016 5585 ⁸
2058 5557 2187 5625 lleg.
2220 5555 2498 5612 διειδεστατ
2509 5576 2586 5608 ου.

2002 5702 2024 5727 ⁸·
2053 5693 2123 5745 lta
2156 5704 2295 5761 tuss.
2344 5690 2478 5761 miro
2505 5702 2793 5761 consensu,
2844 5687 2923 5737 vel
2952 5682 3127 5761 culpat.
3165 5674 3409 5761 pepercit.
3450 5670 3508 5761 In

1928 5764 2090 5817 Gilot.
2127 5760 2293 5813 Vatic.
2328 5769 2382 5812 et
2429 5757 2610 5818 Guss..
2662 5758 2826 5829 culpa:
2873 5756 3216 5829 paenitentiam
3243 5756 3505 5829 prmceptt.

1928 5832 2167 5888 Lectioni
2187 5845 2317 5885 mss.
2336 5829 2534 5897 optime
2554 5827 2838 5895 respondet
2865 5822 3049 5879 Graeca
3075 5822 3468 5887 interpretatio.
