4102 6360
592 316 722 421 ριϐδ
1977 369 2037 427 S.
2083 369 2192 426 BE!

2298 370 2523 428 ilCTUS.
2918 384 2921 389 ‘
3801 375 3877 427 16
3893 375 3917 425 ι

613 482 1043 551 καταχωσθέντας
1089 481 1289 543 οἴκους,
1322 483 1581 543 ἄνοιλησίας
1624 484 1967 559 έρημωθείσας
1996 484 2079 540 διὰ
2126 494 2223 540 τῶν
2271 487 2627 559 ἐπιγεγονότων
2672 495 2893 558 σεισμῶν
2947 496 3286 557 κατανοοῦμεν
3310 530 3323 552 ,
3396 491 3481 542 καὶ
3523 492 3589 542 τά
3639 492 3919 559 κτίσματα

614 574 774 631 αὐτῆς
818 573 1182 630 παλαιωθέντα⁸
1249 576 1351 631 ῦπό
1385 577 1482 649 γὰρ
1527 583 1625 633 τῶν
1683 580 2110 648 συμπτωμάτων,
2157 583 2241 633 καί
2292 588 2391 635 τῶν
2433 588 2669 650 συνεχῶν
2712 588 2934 648 σεισμῶν
2983 583 3013 638 ἡ
3062 588 3161 634 τῶν
3207 578 3617 651 οἰκοδομημάτων
3677 581 3919 633 ποικιλία

613 662 999 737 κατερρυπώθη.
1039 667 1236 727 Ταύτης
1286 676 1376 725 τῆς
1410 664 1679 722 θεοσδότου
1727 674 1820 722 τοῦ
1869 667 2010 723 ὁσίου
2050 667 2235 739 ἀνδρὸς
2273 673 2579 744 προφητείας
2626 675 2716 728 τήν
2764 671 2996 741 ἐξήγησιν
3026 671 3293 729 ἐποιήσατο
3336 670 3467 745 πρός
3509 690 3571 739 με
3615 678 3921 744 ιΟνωρὸὶαινος

611 749 637 804 ό
678 758 770 807 τοῦ
813 752 960 825 ἀγίου
1005 759 1262 825 φοιτητήςο
1310 754 1449 829 ἔλεγε
1498 755 1551 811 δέ
1599 764 1764 811 ταῦτα
1812 757 1836 810 ό
1881 762 2031 820 αὐτὸς
2072 761 2446 819 εὐλαϐέστατος
2504 767 2785 834 Ὀνωρᾶτος
2828 762 2886 815 οῦ
2924 746 3087 836 ’παρά
3122 768 3215 816 τοῦ
3255 762 3403 831 ἀγίου
3448 762 3734 823 ἀκηκοέναι,
3776 762 3918 814 ἀλλὰ

611 848 755 919 παρά
781 846 1004 919 ἀδελφῶν
1032 848 1365 906 ἀληθευὸντων
1388 851 1660 909 πιστωθεὶς
1687 853 1961 925 ἐμαρτύρει
1990 859 2176 906 ταῦτα.

1236 976 1445 1021 ΚΕΦΛΛ.
1492 968 1585 1031 Ῐς·’.

613 1060 730 1132 Περὶ
768 1065 857 1114 τοῦ
904 1057 1273 1127 δαιμονιοῦντος
1297 1060 1313 1089 ¹
1346 1058 1600 1132 κληρικοῦ,
1646 1061 1732 1112 καὶ
1768 1056 1855 1113 διά
1892 1068 2200 1130 προσευχῆς

1187 1149 1343 1202 αὐτοῦ
1375 1150 1621 1208 ίαθέντος.

682 1247 752 1289 Ἐν
781 1238 922 1306 αὐτῷ
963 1238 1127 1292 τοίνυν
1155 1245 1228 1309 τῷ
1258 1244 1417 1314 καιρῷ
1459 1238 1685 1311 κληρικός
1726 1260 1798 1299 τις
1834 1240 1887 1293 ἐκ
1916 1248 2007 1300 τῆς
2033 1240 2202 1295 ’Δκυι-

610 1337 702 1381 νῶν
750 1329 1013 1389 ἐκκλησίας
1053 1330 1339 1401 ἐτύγχανεν
1377 1331 1476 1383 ῦπὸ
1506 1328 1745 1400 δαίμονος
1778 1332 2066 1405 ἀκαθάρτου
2098 1334 2203 1385 ἔνου

611 1420 909 1490 χλούμενος·
942 1419 968 1473 ό
996 1418 1050 1474 δέ
1088 1423 1276 1475 τούτου
1317 1419 1600 1482 ὁσιώτατος
1629 1422 1904 1482 ἐπίσκοπος
1935 1424 2198 1478 Κωνστάν-

607 1530 710 1569 τιος
740 1512 787 1563 ἓν
828 1509 1085 1581 διαφόροις
1112 1519 1212 1565 τῶν
1240 1511 1396 1581 άγίων
1421 1518 1767 1587 κοιμητηρίοις
1796 1514 2034 1575 πολλάκις
2077 1521 2167 1570 τοῦ
2184 1543 2198 1552 ·

607 1620 692 1655 τον
744 1604 1060 1668 ἀπέστειλεν,
1094 1603 1232 1665 ὅπως
1276 1603 1468 1679 δυνηθῇ
1522 1608 1709 1666 ἰάσεως
1751 1616 1936 1676 τυχεῖν
1965 1625 1978 1637 °
2022 1608 2126 1662 ἀλλ’
2157 1610 2202 1662 οἱ

608 1693 745 1766 ἅγιοι
780 1700 869 1749 τοῦ
908 1702 1038 1749 Θεοῦ
1082 1698 1340 1771 μάρτυρες
1385 1705 1477 1756 τῆς
1525 1699 1712 1758 ἰάσεως
1741 1700 1797 1753 τό
1838 1697 1999 1769 δῶρον
2034 1704 2201 1769 τούτῳ

605 1793 907 1860 παρασχεῖν
945 1787 1066 1856 οὐχ’
1096 1788 1301 1851 ε’ίλοντο,
1342 1787 1585 1853 ἐπιδεῖξαι
1616 1795 1748 1844 πᾶσι
1786 1790 2082 1852 θελήσαντες
2111 1801 2201 1851 τήν

604 1879 658 1931 ἂν
708 1888 782 1951 τῷ
819 1882 1052 1954 μακαρίῳ
1099 1877 1369 1950 Βενεδίκτῳ
1406 1882 1816 1946 ἐπιπολάζουσαν
1858 1886 1998 1938 θείαν
2042 1887 2201 1957 χάριν

605 1977 704 2024 τῶν
731 1970 975 2041 ίάματων.
1006 1969 1291 2043 ’Δπηνέχθη
1328 1976 1493 2028 τοίνυν
1534 1974 1558 2028 ό
1590 1977 1811 2029 ἀσθενῶν
1838 1978 1967 2051 πρὸς
1996 1978 2081 2031 τὸν
2109 1986 2197 2032 τοῦ

606 2067 734 2115 Θεοῦ
764 2059 939 2115 δοῦλον
967 2061 1248 2117 Βενέδικτον
1271 2104 1285 2127 ,
1322 2062 1470 2125 ὅστις
1501 2073 1576 2134 τῷ
1611 2067 1770 2140 κυρίῳ
1799 2071 1961 2122 Ἰησοῦ
1988 2076 2199 2139 Χριστῷ

605 2151 702 2210 τάς
730 2148 929 2211 δεήσεις
948 2155 1296 2226 προσενέγκας
1320 2194 1334 2217 ,
1366 2156 1424 2209 τὸ
1454 2156 1738 2230 ἀκάθαρτον
1768 2163 1968 2225 πνεῦμα
1996 2159 2086 2211 ἀπ’
2104 2161 2198 2213 αῦ-

601 2247 694 2294 τοῦ
717 2243 1004 2306 ἀπελάσας,
1039 2245 1155 2314 ὑγιῆ
1179 2251 1362 2300 τοῦτον
1391 2253 1453 2318 τῇ
1485 2252 1575 2300 τοῦ
1598 2254 1729 2301 Θεοῦ
1763 2250 1947 2321 χάριτι
1968 2250 2197 2302 ἀποκατ-

2230 973 2283 1028 Α

2900 964 3127 1021 CAPUT
3167 964 3308 1019 XVI.

2487 1056 2566 1112 De
2589 1058 2773 1111 clerico
2805 1075 2839 1111 α
2875 1056 3127 1110 dtemonio
3156 1057 3224 1108 ad
3255 1065 3449 1126 tempus
3483 1053 3716 1107 liberato.

2379 1147 2579 1202 Eodem
2610 1163 2821 1217 quoque
2851 1158 3091 1215 tempore
3122 1147 3337 1217 quidam
3370 1146 3695 1214 Aquinensis
3732 1154 3757 1181 ι
3792 1143 3911 1197 Ec-

2305 1238 2483 1293 clesia:
2518 1240 2747 1294 clericus
2777 1238 3047 1293 dmmonio
3084 1238 3399 1300 vexabatur,
3426 1238 3515 1306 qui
3543 1252 3572 1289 ι
3606 1233 3909 1289 venerabili

2307 1330 2420 1383 viro
2468 1328 2784 1383 Constantio
2833 1328 2862 1367 δ
2912 1330 3150 1398 ejusdem
3202 1328 3459 1383 Ecdesite
3511 1326 3747 1379 antistite
3801 1338 3910 1391 per

2303 1421 2469 1476 multa
2500 1422 2674 1476 fuerat
2694 1433 2987 1493 martyrum
3023 1432 3045 1460 ο
3078 1421 3194 1474 loca
3223 1420 3589 1478 transmissus,
3629 1425 3688 1470 ut
3714 1416 3909 1469 sanari

2305 1517 2589 1584 potuisset.
2621 1516 2726 1570 Sed
2758 1492 2927 1572 sancti
2973 1517 3067 1571 Dei
3099 1492 3363 1587 martyres
3394 1514 3681 1569 noluerunt
3711 1511 3760 1564 ei
3807 1524 3908 1563 sa-

2306 1607 2486 1661 nitatis
2516 1608 2602 1660 do'
2628 1624 2714 1661 um
2742 1608 3010 1671 tribuere,
3044 1619 3100 1661 ut
3128 1616 3322 1678 quanta
3350 1613 3494 1661 esset
3522 1604 3575 1657 in
3600 1600 3904 1657 Benedicto

2304 1697 2471 1765 gratia
2502 1698 2953 1753 demonstrarent.
2988 1699 3187 1753 Ductus
3216 1699 3393 1764 itaque
3434 1703 3517 1749 est
3545 1694 3611 1746 ad
3642 1690 3898 1757 omnipo-

2307 1794 2467 1848 tentis
2502 1794 2593 1847 Dei
2624 1792 2881 1849 famulum
2913 1794 3264 1848 Benedictum
3320 1809 3335 1845 :
3387 1790 3476 1858 qui
3523 1789 3649 1843 Jesu
3680 1785 3903 1840 Christo

2304 1884 2532 1939 Domino
2583 1899 2773 1952 preces
2822 1884 3078 1949 fundens,
3126 1883 3401 1949 antiquum
3460 1881 3669 1932 hostem
3700 1877 3765 1930 de
3795 1876 3900 1927 ob-

2302 1989 2453 2031 sesso
2483 1976 2698 2030 homine
2730 1975 2970 2043 protinus
2999 1973 3221 2041 expulit.
3251 1970 3349 2024 Cui
3380 1976 3570 2023 sanato
3603 1966 3857 2036 praecepit
3878 2008 3894 2029 ,

2301 2066 2489 2122 dicens
2520 2084 2534 2119 :
2570 2068 2715 2121 Vade
2737 2107 2751 2129 ,
2783 2075 2836 2119 et
2869 2065 3092 2134 posthac
3119 2078 3337 2118 carnem
3369 2075 3474 2114 non
3505 2058 3791 2122 comedas;
3837 2066 3901 2109 et

2302 2159 2369 2212 ad
2404 2173 2625 2217 sacrum
2674 2157 2918 2211 ordinem
2962 2170 3232 2224 nunquam
3263 2151 3525 2207 accedere
3557 2161 3890 2217 praesumis:

2302 2263 2621 2319 quacunque
2647 2256 2824 2302 autem
2850 2247 2936 2301 die
2960 2261 3170 2301 sacrum
3200 2244 3443 2298 ordinem
3467 2251 3732 2296 temerare
3757 2252 3897 2306 prte-

602 2332 837 2391 έστησεν,
868 2335 1020 2388 εἰπὼν
1047 2337 1239 2389 αῦτὼ’‹
1262 2332 1498 2400 "Andes,
1527 2336 1636 2390 ἰδού
1659 2338 1806 2407 ὑγιής
1824 2340 2053 2410 γέγονας,
2080 2346 2192 2407 κρέο

2308 2338 2605 2407 sumpseris
2634 2336 2661 2374 ά
2692 2339 2868 2392 statim
2893 2338 3000 2407 juri
3030 2335 3226 2391 diaboli
3256 2336 3448 2389 iterum
3475 2327 3893 2397 mancipaberis.

600 2428 671 2491 μὴ
700 2421 883 2495 φάγῃς,
917 2423 1044 2496 μηδέ
1075 2427 1307 2501 ίερατικῷ
1331 2427 1509 2497 βαθμῷ
1537 2430 1737 2500 ἐπιϐῇς*
1769 2431 1874 2484 οἷαν
1900 2429 1945 2485 δ’
1977 2427 2035 2485 άν
2070 2434 2195 2503 ἠμέ-

599 2532 693 2585 ραν
721 2512 741 2542 ³
773 2514 1016 2591 ἱερατικὸν
1058 2516 1258 2585 ἀξίωμα
1287 2516 1359 2587 ἐφ’
1399 2516 1580 2572 ἑαυτὸν
1616 2516 1857 2581 δέξασθαι
1898 2521 2190 2590 τολμήσεις,

600 2603 776 2661 εὐθέως
815 2603 919 2657 ῦπό
967 2608 1057 2661 τήν
1098 2607 1329 2668 ἐξουσίαν
1367 2614 1455 2660 τοῦ
1498 2608 1722 2681 ἀκαθάρτ
1754 2632 1784 2662 υ
1815 2607 2051 2679 δαίμονος
2081 2614 2195 2667 ἀνε-

599 2693 848 2762 λεημόνως
872 2696 1216 2770 ῦποϐληθήσῃ.
1240 2716 1258 2749 s
1276 2695 1579 2752 Ἐπανελθὼν
1595 2698 1649 2754 δὲ
1670 2702 1743 2761 εἰς
1767 2703 1834 2756 τά
1853 2698 1997 2757 ἴδιαό
2016 2706 2189 2770 ἰαθεὶς,

599 2786 867 2841 έπελάθετο
896 2796 987 2848 τῆς
1013 2792 1155 2863 παρά
1195 2797 1282 2844 τοῦ
1330 2791 1474 2864 ἁγίου
1522 2791 1751 2853 δοθείσης
1798 2796 1936 2867 αὐτῷ
1968 2796 2189 2859 ἐντολῆς,

601 2878 685 2927 καί
713 2877 841 2946 μετά
889 2879 1012 2931 ἐτῶν
1051 2879 1245 2932 πολλῶν
1286 2880 1521 2957 περίοδον
1544 2922 1559 2945 ,
1594 2884 1745 2940 ἡνίκα
1786 2885 2032 2939 ἐθεάσατο
2072 2890 2193 2947 τοὺς

601 2966 996 3039 προτερεόοντας
1046 2968 1096 3020 ίν
1145 2976 1215 3040 τῷ
1246 2970 1481 3043 ίερατικῷ
1525 2973 1789 3045 καταλόγῳ
1817 2975 1871 3028 έκ
1911 2975 2057 3030 τοῦδε
2100 2986 2192 3032 τοῦ

596 3055 711 3126 βίου
741 3058 1127 3127 μεταστάντας,
1160 3064 1244 3112 καὶ
1279 3063 1401 3122 τοῦς
1439 3062 1622 3118 ἑαυτοῦ
1653 3066 1935 3127 έλάσσονος
1976 3066 2027 3121 ἐν
2057 3070 2193 3143 ἱερα-

596 3154 720 3232 una?
737 3146 1101 3219 προϐαίνοντας
1122 3150 1369 3221 τάγματι,
1392 3152 1559 3215 λήθην,
1584 3156 1653 3213 ὡς
1675 3153 1889 3231 εἴρηται,
1913 3158 2194 3228 ὑπομείνας

2307 2428 2568 2485 Discessit
2594 2430 2756 2497 igitur
2782 2429 3009 2483 clericus
3035 2442 3196 2481 sanus
3215 2470 3231 2492 ,
3263 2434 3318 2479 et
3362 2424 3500 2479 sicut
3531 2433 3737 2476 terrere
3757 2416 3898 2471 solet

2308 2521 2545 2576 animum
2581 2535 2737 2590 ptena
2765 2533 2971 2583 recens,
3003 2533 3065 2573 ea
3108 2532 3227 2585 qua:
3272 2517 3353 2568 vir
3394 2514 3488 2569 Dei
3530 2517 3893 2582 praeceperat,

2306 2614 2520 2670 interim
2547 2614 2855 2667 custodivit.
2883 2612 3017 2667 Cum
3046 2627 3174 2667 vero
3204 2618 3326 2681 post
3354 2622 3523 2663 annos
3545 2606 3743 2662 multos
3768 2619 3893 2657 om-

2306 2722 2401 2762 nes
2432 2708 2636 2775 priores
2660 2706 2805 2759 illius
2828 2704 2898 2760 de
2919 2707 3020 2758 hac
3045 2703 3164 2771 luce
3189 2703 3545 2772 migrassent,
3572 2708 3627 2753 et
3652 2700 3893 2752 minores

2303 2812 2432 2852 suos
2461 2798 2683 2852 sibimet
2712 2796 3000 2867 superponi
3032 2794 3084 2849 in
3115 2794 3281 2849 sacris
3306 2791 3587 2847 ordinibus
3616 2800 3893 2851 cerneret,

2303 2889 2468 2943 verba
2514 2888 2617 2942 viri
2646 2888 2743 2941 Dei
2774 2888 2921 2954 quasi
2951 2902 3019 2941 ex
3049 2886 3207 2955 longo
3239 2894 3483 2952 tempore
3511 2881 3709 2936 oblitus
3741 2889 3894 2947 post-

2306 2980 2513 3049 posuit,
2564 2987 2725 3048 atque
2773 2978 2839 3032 ad
2880 2992 3091 3032 sacrum
3138 2976 3384 3031 ordinem
3416 2973 3644 3027 accessit
3687 2983 3893 3049 Equem

2305 3045 2431 3125 mox
2476 3045 2522 3123 is
2568 3045 2658 3138 qui
2706 3068 2998 3138 reliquerat
3038 3066 3283 3121 diabolus
3323 3066 3512 3126 tenuit,
3541 3045 3773 3131 eumque
3802 3075 3895 3113 ve-

2306 3175 2437 3215 xare
2468 3174 2747 3229 quousque
2769 3160 2997 3213 animam
3031 3157 3148 3226 ejus
3178 3165 3483 3218 excuteret,
3513 3170 3618 3209 non
3639 3155 3890 3208 cessavit.

596 3246 696 3292 τῶν
725 3242 870 3316 παρά
912 3248 1003 3296 τοῦ
1047 3240 1193 3314 ἁγίου
1234 3244 1363 3318 πρὸς
1403 3246 1551 3300 αὐτόν
1595 3250 1869 3317 γενομένων
1898 3252 2201 3316 νουθεσιῶν,
2227 3255 2463 3327 ίερατικῷ
2493 3253 2647 3310 έπέϐη
2688 3254 2929 3324 τάγματι’
2962 3253 3203 3326 παραυτά
3227 3249 3279 3304 δὲ
3302 3252 3372 3311 εὶς
3416 3251 3563 3304 αὑτὸν
3602 3248 3626 3301 ό
3673 3245 3891 3319 δαίμων,

597 3332 790 3413 ὧσπερ.
814 3334 1060 3405 ἀνήμερος
1087 3336 1178 3409 θήρ
1209 3336 1541 3397 εἰσοικισθεὶς.
1578 3340 1800 3401 ἀνηλεῶς
1830 3349 2008 3397 τοῦτον
2031 3341 2370 3418 διεσπάραττε
2402 3349 2569 3423 μέχρι
2590 3348 2831 3400 θανάτου.

665 3431 843 3480 ΠΕΤΡ.
872 3423 929 3479 ⁸0
957 3428 1292 3502 προορατικὸς
1324 3434 1413 3483 τοῦ
1437 3437 1564 3484 Θεοῦ
1613 3427 1763 3490 οὗτος
1804 3430 2098 3507 ἄνθρωπος,
2130 3439 2192 3498 ὡς

2376 3438 2522 3492 Petr.
2566 3439 2670 3493 lste
2696 3438 2780 3491 vir
2808 3436 2903 3491 Dei
2947 3435 3276 3501 Divinitatis,
3305 3444 3361 3489 ut
3387 3435 3565 3499 video,
3609 3435 3772 3489 etiam
3800 3450 3891 3490 se-

597 3519 725 3595 όρῶ,
748 3520 1174 3593 ἀποκεκρυμμένα
1203 3526 1463 3597 μυστήρια
1488 3521 1765 3595 διέγνωκεν,
1782 3524 1923 3587 ὅστις
1953 3530 2052 3582 ὑπὸ
2074 3537 2196 3583 Θεοῦ

598 3611 898 3679 φωτισθείς,
944 3615 1143 3667 τουτονί
1183 3614 1269 3667 τὸν
1301 3614 1530 3689 mpm»
1564 3614 1649 3670 διά
1686 3624 1838 3671 τοῦτο
1866 3626 1938 3691 τῷ
1978 3618 2193 3690 διαϐόλῳ

598 3701 942 3777 παραδοθέντα
970 3714 1151 3763 συνῆκε
1171 3750 1184 3770 ,
1218 3707 1346 3780 πρὸς
1371 3706 1391 3736 ⁸
1421 3710 1473 3760 τὶ
1512 3714 1583 3777 μή
1625 3703 1769 3768 αὖθις
1798 3710 2047 3780 τολμῆσαι
2074 3718 2191 3765 τοῦο

596 3818 681 3853 τον
706 3800 932 3873 ίερατεκῇ
961 3800 1345 3874 έγχειρισθῆναι
1370 3804 1505 3875 ἀξίᾳ.

666 3900 832 3946 ΓΡΗΓ.
864 3892 955 3944 Διά
981 3895 1031 3946 τί
1058 3893 1259 3963 ἀγνοεῖν
1292 3890 1405 3963 εἶχε
1444 3896 1508 3949 τά
1535 3904 1627 3955 τῆς
1666 3896 1896 3955 θεότητος
1926 3901 2187 3972 μυστήρια

598 3980 745 4036 ότοῦ
783 3990 1004 4057 Χριστοῦ
1036 3984 1101 4036 τά
1139 3986 1516 4059 προστάγματα
1555 3987 1844 4057 φυλάττων;
1886 3989 2050 4049 καθώς
2105 3993 2192 4060 γέ-

596 4087 844 4147 γραπται’
858 4089 877 4122 t
897 4071 953 4127 Ὀ
969 4074 1411 4148 πρωκολλώμευος
1426 4083 1500 4147 τῷ
1521 4076 1680 4149 κυρίῳ
1700 4075 1749 4129 ἓν
1770 4077 1973 4147 πνεῦμά
1995 4080 2154 4135 ἐστιν.
2171 4099 2189 4130 s

666 4175 833 4218 ΠΕΤΡ.
866 4165 922 4217 Ei
950 4162 999 4218 ἓν
1025 4167 1214 4237 γίνεται
1243 4163 1264 4193 ⁸
1292 4167 1387 4220 σῦν
1416 4172 1489 4234 τῷ
1518 4168 1677 4239 κυρίῳ
1704 4173 1906 4236 πνεῦμα
1936 4167 1961 4221 ό
1989 4176 2061 4240 τῷ
2090 4177 2196 4239 Θεῷ

593 4256 1077 4330 προσκολλὼμενος,
1120 4258 1171 4311 τί
1196 4257 1333 4310 ἔστιν
1368 4253 1490 4330 ὅπερ
1528 4257 1677 4311 πάλιν
1703 4256 1728 4310 ό
1754 4260 1908 4318 αὐτὸς
1936 4260 2195 4331 πάνσοφος

594 4347 751 4416 κήρυξ
781 4342 1197 4421 ε’ίρηκεν,φήσας’
1218 4364 1236 4395 t
1264 4348 1351 4404 Τίς
1374 4344 1505 4415 ἔγνω
1525 4354 1640 4400 νοῦν
1664 4353 1874 4421 κυρίου;
1905 4347 1935 4407 ἦ
1964 4352 2039 4409 τίς
2061 4354 2195 4421 σύμ-

599 4436 775 4495 ϐουλος
800 4440 958 4490 αὐτοῦ
983 4436 1205 4507 έγὲνε;ο;
1231 4454 1247 4485 ι
1265 4437 1373 4491 λίαν
1394 4440 1695 4509 άσύμφωνόν
1719 4462 1804 4510 μοι
1831 4438 1957 4496 εἶναι
1979 4441 2132 4507 δοκεῖ,
2152 4447 2194 4497 εἰ

596 4527 762 4585 ὁνοῦς
793 4534 890 4581 σῦν
926 4534 1001 4598 τῷ
1044 4530 1197 4604 κυρίῳ
1233 4527 1282 4580 ἓν
1322 4535 1523 4598 πνεῦμα
1554 4532 1813 4601 γενόμενος
1851 4537 1914 4587 τά
1951 4536 2190 4603 μέλλοντα

595 4620 857 4689 ἀγνοήσει.

664 4722 905 4767 ΓΡΗΓΟΡ.
934 4711 1001 4803 οξ
1033 4709 1167 4783 ἅγιοι
1197 4709 1403 4787 ἄνδρες,
1446 4713 1522 4785 έφ¹
1557 4714 1673 4771 ὅσον
1719 4721 1813 4773 σῦν
1837 4726 1910 4789 τῷ
1939 4720 2096 4790 κυρίῳ
2138 4719 2187 4771 ἓν

671 4901 683 4930 ¹
728 4897 889 4969 Forte
916 4896 1293 4969 δαιμονιῶντος.

666 4971 688 5052 ξ
729 4967 828 5052 Et).
860 4967 1065 5052 ozg‘yﬁe
1090 4972 1270 5052 ἡμέρα.
1303 5014 1318 5027 .
1345 4980 1624 5052 τολμήσῃς.

668 5038 689 5118 ξ
729 5038 827 5118 με.
1009 5042 1067 5118 τό
1178 5038 1523 5118 ἀῦτομολῆσαι
1546 5038 1742 5104 τοῦτον.

667 5108 690 5138 ¹
730 5110 827 5163 MS.
856 5107 993 5163 διάτί
1013 5110 1064 5164 ἓν
1089 5107 1298 5184 γίνεται.

669 5210 696 5239 ι
740 5199 1026 5279 Aquinum,
1067 5207 1191 5259 urbs
1228 5209 1553 5279 episcopalis
1580 5211 1660 5263 cis
1686 5210 1934 5265 Casinum
1969 5209 2003 5263 5
2047 5211 2177 5265 mill.

597 5270 845 5349 ναβεῤ.-
862 5271 1093 5349 Thoante
1105 5270 1442 5335 celeberrimi
1472 5282 1725 5336 Ecclesiae
1757 5281 1901 5335 doct.
1936 5281 2125 5349 patria.

670 5342 695 5381 δ
733 5342 938 5420 ροιὶιιιτ
966 5346 1023 5398 8.
1055 5345 1397 5404 Constantinus
1424 5353 1446 5405 1
1485 5352 1834 5420 Septembris.

668 5423 692 5451 σε
734 5413 843 5467 Hoc
867 5424 948 5489 est
975 5429 1267 5489 martyrum
1292 5413 1587 5475 conditoria
1611 5431 1666 5476 et
1689 5432 2054 5485 monumenta,
2078 5437 2174 5477 seu

593 5499 776 5560 sacras
807 5485 954 5540 mdes
981 5485 1168 5543 eorum
1200 5490 1439 5560 reliquiis
1467 5492 1805 5547 asservandis
1844 5502 1935 5546 aut
1974 5509 2174 5547 memn-

596 5556 688 5610 riae
715 5554 935 5610 dicatas.

664 5625 692 5664 α
756 5625 892 5679 Ειίὶιί
940 5641 1076 5694 pene
1115 5643 1343 5695 omnes,
1406 5634 1475 5685 ad
1528 5649 1730 5686 sacrum
1777 5634 1890 5685 ord.
1940 5637 2178 5688 accedere

594 5699 997 5767 praesumpseris,
1045 5700 1427 5756 reluctantibus
1474 5718 1619 5757 omn.
1663 5719 1795 5758 mss.
1838 5706 1893 5757 lu
1942 5706 2177 5759 secundo

593 5768 777 5831 Carm,
805 5783 1009 5821 sacrum
1036 5772 1150 5824 ard.
1176 5775 1439 5827 temerarie
1458 5789 1609 5841 pnes.
1638 5774 1906 5828 Caeterum
1939 5785 2043 5828 tam
2075 5778 2171 5827 mi-

598 5853 758 5894 nores
795 5851 952 5906 quam
999 5841 1231 5909 majores
1269 5842 1486 5903 ordines
1517 5845 1603 5899 hic
1636 5856 1861 5916 possunt
1891 5846 2112 5914 intelligi
2153 5865 2162 5898 :

2302 3538 2448 3585 creta
2478 3530 2799 3598 penetravit,
2860 3529 2981 3598 quia
3014 3529 3286 3596 perspexit
3332 3530 3472 3582 hunc
3501 3528 3759 3583 clericum
3810 3529 3891 3581 id-

2300 3622 2448 3676 circo
2490 3620 2710 3675 diabolo
2740 3621 3014 3687 traditum,
3065 3635 3133 3674 ne
3160 3619 3225 3673 ad
3276 3633 3487 3674 sacrum
3520 3620 3765 3675 ordinem
3797 3636 3887 3673 au-

2299 3712 2454 3766 deret
2483 3712 2761 3767 accedere.

2371 3902 2587 3973 Gregor.
2628 3902 2809 3969 Quare
2840 3902 3146 3958 Divinitatis
3175 3912 3381 3959 secreta
3418 3918 3524 3958 non
3557 3916 3761 3973 nosset,
3794 3908 3883 3973 qui

2302 3992 2610 4047 Divinitatis
2637 4003 2903 4063 praecepta
2929 3997 3185 4057 servavit,
3210 4010 3332 4049 cum
3366 3999 3620 4064 scriptum
3645 3997 3717 4050 sit
3742 4014 3755 4048 :
3784 3997 3883 4064 Qui

2300 4086 2527 4140 adhaeret
2553 4086 2792 4150 Domino,
2817 4103 2949 4140 unus
2970 4087 3182 4156 spiritus
3203 4098 3277 4141 εει
3301 4098 3323 4125 ε
3346 4087 3395 4156 (Ι
3423 4086 3541 4143 Cor.
3567 4104 3640 4152 vr,
3668 4088 3793 4153 l7)?

2376 4178 2518 4231 Petr.
2561 4176 2617 4232 Si
2647 4193 2783 4234 unus
2805 4178 2861 4232 ﬁt
2889 4193 3008 4232 cum
3041 4177 3271 4232 Domino
3299 4179 3518 4247 spiritus
3545 4180 3635 4248 qui
3660 4180 3881 4234 Domino

2302 4268 2562 4333 adhaeret,
2594 4270 2719 4338 quid
2759 4281 2843 4323 ρει
2883 4268 3027 4337 quod
3075 4269 3266 4323 iterum
3302 4270 3440 4323 idem
3472 4271 3718 4340 egregius
3747 4287 3879 4341 pne-

2298 4360 2506 4413 dicator
2532 4360 2659 4412 dicit
2685 4377 2695 4410 :
2727 4359 2854 4424 Quis
2882 4361 3018 4413 novit
3042 4377 3242 4414 sensum
3262 4360 3493 4427 Domini,
3519 4371 3605 4415 aut
3625 4364 3740 4432 quis
3761 4379 3877 4417 con-

2296 4448 2523 4501 siliarius
2544 4450 2655 4518 ejus
2682 4449 2780 4517 fuit
2809 4446 2985 4518 (Rom.
3024 4466 3097 4516 XI,
3130 4451 3261 4521 34)?
3292 4450 3457 4506 Valde
3481 4453 3625 4507 enim
3652 4468 3773 4509 esse
3800 4456 3878 4508 in-

2296 4539 2620 4593 conveniens
2650 4538 2858 4593 videtur
2878 4539 2997 4609 ejus
3019 4556 3237 4596 sensum
3266 4558 3386 4598 cum
3411 4558 3515 4612 quo
3546 4560 3684 4599 unus
3706 4545 3875 4600 factus

2296 4626 2455 4680 fuerit
2490 4624 2507 4662 τ
2519 4667 2534 4691 ,
2568 4628 2834 4696 ignorare.

2367 4715 2581 4787 (ἔνεμον.
2624 4718 2807 4774 Sancti
2853 4720 2952 4775 viri
2984 4722 3037 4775 in
3082 4732 3339 4790 quantum
3384 4738 3506 4779 cum
3554 4725 3667 4781 Deo
3711 4743 3871 4780 unum

2216 4907 2265 4964 D
2294 4922 2413 4960 nam
2440 4909 2492 4962 in
2518 4908 2981 4964 Sacramentorum
3010 4910 3146 4964 libro
3173 4909 3369 4979 legitur
3395 4927 3409 4963 :
3438 4909 3628 4975 Incipit
3650 4916 3777 4965 ordo
3807 4918 3873 4966 ad

2292 4992 2467 5050 sacros
2497 4978 2700 5031 ordines
2744 4981 3147 5043 benedicendos;
3176 4978 3261 5033 cui
3295 4980 3446 5034 titulo
3488 4980 3826 5050 subjungitur
3858 5003 3870 5038 :

2294 5046 2522 5121 lilajores
2567 5051 2761 5121 gradus
2806 5061 2924 5105 ante
2971 5050 3338 5120 Euangelium;
3370 5046 3732 5105 minoresver'a
3759 5066 3873 5121 post

2291 5118 2813 5187 Communfdantur,
2864 5134 2971 5175 etc.
3019 5118 3221 5175 Deinde
3270 5122 3509 5188 sequitur
3552 5139 3565 5172 :
3602 5118 3874 5177 Ordinatio

2291 5189 2516 5253 ostiarii,
2558 5199 2612 5244 et
2642 5192 2713 5244 ita
2744 5190 2810 5245 de
2853 5193 3061 5246 caeteris
3106 5190 3403 5245 minoribus
3446 5190 3743 5247 ordinibus.
3778 5194 3870 5247 His

2288 5260 2584 5334 succedunt
2607 5262 2973 5317 ordinationes
3004 5261 3243 5323 diaconi,
3290 5261 3610 5332 presbyteri,
3654 5272 3710 5318 et
3754 5268 3871 5334 epi-

2287 5343 2455 5397 scom.

2362 5410 2384 5436 ο
2431 5402 2633 5471 Vulgati
2680 5402 2980 5467 adduntest
3011 5418 3127 5454 cum
3156 5418 3233 5456 ea.
3268 5402 3361 5457 His
3393 5416 3497 5456 non
3524 5417 3871 5460 accensemus

2286 5471 2573 5527 editionem
2608 5474 2802 5527 Mabill.
2830 5511 2845 5536 ,
2877 5472 2965 5539 qui
2998 5488 3130 5527 mss.
3163 5473 3379 5533 codices
3428 5488 3616 5543 magna
3657 5475 3759 5528 ﬁde
3788 5492 3873 5531 re-

2286 5553 2591 5610 praesentat.
2623 5544 2786 5597 Abest
2813 5559 2926 5595 cum
2955 5559 3012 5595 eo
3040 5557 3070 5596 a
3097 5558 3229 5597 mss.
3261 5555 3312 5598 et
3341 5558 3371 5597 a
3402 5560 3542 5597 vers.
3571 5544 3773 5599 Graeca.

2364 5612 2381 5649 ἶ
2426 5615 2481 5666 In
2529 5614 2776 5675 excusis,
2823 5630 2936 5685 enm
2968 5631 3066 5681 quo
3109 5632 3242 5668 unus
3287 5631 3444 5668 unum
3490 5620 3655 5683 [actus
3694 5616 3866 5685 fuerit.

2288 5682 2384 5737 llic
2423 5685 2629 5737 variant
2678 5700 2806 5739 mss.
2839 5684 2969 5738 Nam
3009 5685 3154 5739 Prat.
3188 5686 3377 5747 habet,
3429 5702 3543 5737 cum
3573 5682 3870 5753 quo'unum

2289 5754 2463 5819 fuerit.
2508 5753 2858 5809 Consentium
2904 5756 3010 5809 duo
3052 5755 3266 5811 Gemet.
3314 5759 3380 5808 At
3415 5757 3614 5821 primus
3659 5756 3864 5811 Themi.

2283 5824 2405 5894 Lyr.
2432 5834 2486 5880 et
2518 5825 2671 5880 Becc.
2697 5870 2710 5893 ,
2742 5842 2855 5878 cum
2884 5842 2983 5896 quo
3006 5843 3159 5880 unum
3188 5827 3353 5896 [actus
3386 5826 3557 5897 fuerit.
