4102 6360
292 329 411 405 ἰοε

1660 327 2167 390 PROLEGOMENA
2178 374 2193 388 .

3486 328 3587 382 166

302 462 423 525 εισι,
438 457 524 514 τὸν
544 463 656 510 νοῦν
682 458 860 530 κυρίου
887 455 974 507 οῦκ
1005 455 1295 524 ἀγνοοῦσιν,
1325 452 1351 505 ὸ
1385 454 1484 525 γὰρ
1515 451 1671 509 αὐτὸς
1698 452 1713 479 ³
1744 450 1899 503 Ἀπό-

2023 458 2156 513 sunt,
2188 462 2407 502 sensum
2443 445 2650 501 Domini
2685 459 2788 498 non
2821 445 3089 513 ignorant.
3120 441 3252 498 Nam
3290 443 3430 499 idem
3460 460 3594 514 quo-

300 550 482 611 στολος
497 550 679 621 λέγει’(
699 550 786 607 Τίς
808 542 939 610 οἶδεν
959 546 1232 619 ἀνθρώπων
1253 546 1319 597 τά
1341 549 1434 598 τοῦ
1460 544 1748 616 ἀνθρώπου,
1767 545 1813 594 εἰ
1834 547 1903 611 μή

298 645 361 698 τὸ
380 648 584 713 πνεῦμα
607 646 697 695 τοῦ
735 639 999 712 ἀνθρώπου
1027 638 1083 691 τὸ
1110 638 1275 689 οἰκοῦν
1303 637 1353 688 ἐν
1377 635 1539 705 nimii;
1567 632 1701 688 οὕτω
1734 636 1905 687 καὶτὰ

298 738 392 788 τοῦ
411 735 539 786 Θεοῦ
562 728 728 788 οὐδεὶς
751 726 900 801 ἔγνω,
920 730 963 780 εἰ
982 732 1051 797 μή
1074 728 1133 781 τὸ
1154 731 1357 795 πνεῦμα
1376 730 1468 779 τοῦ
1494 730 1642 778 Θεοῦ.
1656 742 1676 774 ι
1692 720 1797 776 ἰνα
1817 718 1905 776 οὖν

301 822 482 877 ἑαυτὸν
521 817 747 889 ἐπιδείξῃ
778 820 845 872 τά
882 823 974 871 τοῦ
1018 822 1146 871 Θεοῦ
1191 822 1262 886 μή
1300 815 1589 887 ἠγνοηκέναι
1624 816 1904 887 μυστήρια,

300 914 625 987 προσέθηκεν
639 928 658 961 ι
679 908 845 980 Ἡμεῖς
863 906 917 962 δὲ
937 909 1062 977 οὐχί
1083 907 1141 961 τὸ
1160 911 1363 976 πνεῦμα
1386 910 1480 959 τοῦ
1500 904 1694 974 κόσμου
1717 904 1905 956 τούτου

304 1004 572 1072 ἕλάϐομεν,
603 1003 728 1056 ἀ).λά
758 1003 817 1055 τὸ
858 1006 1060 1070 πνεῦμα
1087 999 1144 1053 τὸ
1176 999 1229 1051 ἐκ
1254 1004 1351 1052 τοῦ
1379 1004 1530 1053 Θεοῦ*
1554 1016 1573 1047 ι
1609 994 1715 1051 ὅθεν
1741 994 1905 1070 εἴρηκε

305 1093 503 1146 πάλιν⁰ε
523 1090 583 1145 ’Δ
605 1091 852 1162 ὀφθαλμὸς
875 1091 962 1143 οὐκ
988 1084 1111 1155 εἶδε,
1136 1091 1223 1143 καί
1247 1082 1341 1148 οῦς
1370 1089 1461 1141 οῦκ
1483 1087 1693 1149 ἤκουσε,
1712 1090 1798 1141 καί
1825 1088 1910 1141 ἐπὶ

309 1182 524 1261 καρδίον
566 1184 834 1256 ἀνθρώπου
866 1182 956 1235 οὐκ
982 1180 1168 1242 ἀνέϐη,
1213 1178 1246 1232 ά
1275 1181 1549 1251 ἡτοίμασεν
1580 1177 1605 1231 6
1646 1179 1770 1237 Θεὸς
1798 1184 1909 1237 τοῖς

308 1279 579 1348 ἀγαπῶσιν
608 1275 761 1329 αὐτὸν
779 1313 794 1337 ,
829 1274 944 1343 ἡμῖν
972 1271 1026 1327 δὲ
1056 1271 1351 1341 ἀπεκάλυψε
1383 1270 1468 1325 διὰ
1495 1276 1586 1325 τοῦ
1618 1267 1909 1340 πνεύματος

308 1370 466 1422 αὐτοῦ
475 1403 488 1419 .
503 1384 522 1416 s

380 1464 553 1513 llETP.
604 1457 657 1510 Ei
705 1463 778 1526 τῷ
817 1455 1110 1525 ’Δποστόλῳ
1157 1456 1293 1510 αὐτά
1336 1455 1401 1509 τά
1445 1460 1535 1510 τοῦ
1576 1458 1703 1506 Θεοῦ
1744 1452 1913 1528 ὐπάρ⁹

316 1570 504 1621 χοντα,
533 1545 618 1602 διὰ
647 1554 737 1601 τοῦ
768 1556 1056 1618 πνευματος
1083 1552 1175 1601 τοῦ
1222 1550 1346 1599 Θεοῦ
1377 1542 1510 1603 ἦσαν
1553 1542 1913 1610 ἀποκεκαλυμ-

310 1640 439 1707 μένα
500 1645 609 1697 πώς
638 1640 737 1711 πρὸ
767 1639 958 1693 τούτων
989 1636 1053 1691 ὧν
1081 1638 1363 1712 προεθέμην
1392 1637 1553 1707 λεγειν
1572 1674 1586 1700 ,
1615 1634 1917 1710 προφθάσας

312 1720 471 1780 εἶπεν
496 1742 515 1776 t
551 1723 622 1776 Ὦ
649 1726 802 1799 βάθος
827 1728 1051 1781 πλουτου
1083 1730 1167 1780 καί
1198 1730 1375 1797 σοφίας
1398 1728 1481 1779 καὶ
1501 1728 1735 1796 γνώσεως
1758 1728 1883 1777 Θεοῦ
1899 1762 1916 1785 ,

2007 555 2111 608 que
2136 541 2409 608 apostolus
2437 538 2568 593 dicit
2602 556 2614 590 ε
2652 536 2778 603 Quis
2806 537 2939 590 enim
2960 538 3054 590 scit
3084 536 3347 591 hominum
3373 552 3487 606 qua:
3506 534 3595 589 Ito-

2008 633 2160 686 minis
2187 642 2326 695 sunt,
2359 632 2460 687 nisi
2483 632 2691 702 spiritus
2715 630 2935 683 hominis
2962 630 3050 698 qui
3070 636 3143 683 est
3171 630 3222 682 in
3243 630 3393 699 ipso?
3423 627 3510 681 Ita
3549 639 3598 683 et

2005 740 2120 794 qua:
2135 722 2231 778 Dei
2252 735 2389 789 sunt,
2408 739 2556 777 nemo
2577 723 2831 794 cognovit,
2854 722 2953 776 nisi
2976 720 3203 790 Spiritus
3220 720 3315 775 Dei
3331 720 3380 791 (I
3400 722 3520 775 Cor.
3539 735 3598 785 tt,

2010 814 2123 887 11).
2152 814 2277 880 Qui,
2328 822 2384 867 ut
2423 829 2483 867 se
2512 814 2821 867 ostenderet
2853 827 3011 866 nosse
3040 829 3156 881 qua:
3200 812 3292 866 Dei
3324 824 3469 880 sunt,
3500 812 3601 865 ad-

2005 907 2184 970 jttnsit
2217 922 2231 956 :
2266 903 2378 957 Nos
2404 913 2576 957 autem
2602 919 2705 956 non
2726 903 2964 972 spiritum
3003 905 3158 975 hujus
3188 903 3365 955 mundi
3394 903 3603 970 accepi-

2010 1012 2144 1058 mus,
2170 996 2260 1049 sed
2301 995 2540 1064 spiritum
2561 994 2649 1063 qui
2673 1009 2738 1048 ea:
2760 994 2867 1047 Deo
2889 1004 2960 1047 est
2989 991 3178 1062 (Ibid.,
3204 992 3315 1059 12).
3345 992 3478 1045 Hinc
3503 992 3603 1045 ite-

2011 1103 2128 1142 rum
2157 1087 2287 1142 dicit
2318 1102 2332 1140 :
2368 1085 2520 1152 Quod
2548 1078 2729 1139 oculus
2757 1100 2859 1138 non
2884 1084 3034 1149 vidit:
3078 1101 3170 1137 nec
3201 1086 3343 1137 auris
3381 1083 3599 1147 audivit,

2012 1194 2103 1232 nec
2137 1180 2192 1231 in
2228 1194 2316 1231 cor
2341 1177 2563 1230 hominis
2589 1176 2837 1243 ascendit,
2874 1191 2988 1244 qua:
3013 1176 3321 1245 prteparavit
3353 1174 3491 1229 Deus
3518 1174 3603 1227 di-

2013 1267 2288 1338 ligentibus
2314 1283 2400 1332 se;
2431 1266 2576 1320 nobis
2615 1275 2787 1318 autem
2807 1264 3041 1318 reuelauit
3063 1281 3151 1334 per
3179 1266 3433 1333 Spiritum
3456 1280 3605 1319 suum

2012 1358 2199 1429 (Ibid.,
2230 1358 2311 1429 9).

2087 1450 2234 1505 Per.
2275 1450 2334 1505 Si
2361 1464 2488 1519 ergo
2509 1448 2682 1504 eidem
2708 1448 2957 1518 apostolo
2980 1462 3044 1503 ea
3071 1464 3189 1517 quae
3215 1448 3308 1503 Dei
3339 1458 3481 1511 sunt,
3509 1461 3605 1515 per

2022 1544 2116 1599 Dei
2150 1543 2408 1614 Spiritum
2440 1542 2655 1599 fuerant
2703 1543 2961 1605 revelata,
2995 1541 3264 1611 quomodo
3311 1554 3473 1609 super
3506 1538 3606 1592 ltoc

2028 1631 2170 1705 quod
2218 1633 2472 1704 proposui
2503 1642 2553 1699 α,
2588 1634 2846 1701 praemisit
2882 1632 3072 1686 dicens
3106 1650 3117 1684 :
3156 1630 3199 1684 Ο
3228 1630 3450 1684 altitudo
3482 1629 3610 1682 divi-

2024 1729 2215 1781 tiarum
2252 1727 2519 1797 sapientia:
2548 1736 2596 1780 et
2625 1727 2849 1781 scientia:
2881 1725 3014 1778 Dei!
3043 1741 3195 1794 quant
3226 1723 3611 1794 incomprehen-

312 1820 379 1877 ὡς
402 1819 755 1890 ἀνεξερεύνητα
784 1818 847 1871 τά
878 1821 1103 1890 κρίματα
1129 1819 1311 1878 αὐτοῦ,
1338 1819 1418 1869 καί
1449 1816 1835 1884 ἀνεξιχνίαστοι
1863 1812 1914 1865 αί

2023 1818 2191 1871 sibilia
2212 1830 2328 1872 sunt
2342 1819 2548 1890 judicia
2568 1822 2702 1889 ejus,
2728 1826 2774 1872 et
2796 1816 3164 1887 ittvestigabiles
3186 1817 3278 1869 via:
3296 1818 3409 1887 ejus
3430 1813 3610 1884 (Rom.

312 1904 420 1961 ὁδοί
458 1908 633 1961 αὐτοῦ.
660 1925 677 1957 ε
704 1917 740 1961 ιι
773 1906 847 1959 λιν
875 1902 929 1959 δέ
958 1926 1045 1975 μοι
1073 1911 1243 1961 ταῦτα
1271 1904 1473 1977 λέγοντι
1501 1904 1650 1980 ἑτέρα
1678 1902 1915 1975 ὑπεισέρ-

314 2017 473 2066 χεται
504 1998 773 2068 ἐρὼτησις’
806 1998 891 2048 καί
919 1998 1020 2067 γάρ
1052 1994 1208 2049 Δαυίδ
1239 1994 1264 2049 6
1306 1999 1559 2075 προφήτης
1587 2002 1661 2067 τῷ
1700 2001 1808 2063 Θεῷ
1843 1994 1939 2045 ἐν-’

309 2089 593 2159 τυγχάνων
618 2084 840 2159 ἔλεγενθι
866 2086 946 2139 Ἐν
968 2094 1075 2147 τοῖς
1105 2087 1306 2159 χείλεσί
1330 2109 1428 2158 μου
1463 2086 1719 2158 ἐξήγγειλα
1747 2087 1915 2139 πάντα

310 2180 382 2232 τὰ
415 2181 636 2253 κρίματα
666 2185 757 2232 τοῦ
779 2176 1039 2248 στόματὸς
1067 2200 1185 2232 σου.
1213 2195 1231 2228 ι
1256 2183 1316 2229 Εἰ
1339 2173 1426 2231 οὖν
1455 2179 1511 2232 τὸ
1530 2184 1715 2249 γνῶναι
1736 2176 1800 2231 τά
1827 2186 1912 2230 τον

314 2277 445 2325 Θεοῦ
474 2272 695 2345 κρίματα
723 2270 899 2339 μεῖζὸν
941 2271 1050 2323 ἐστι
1078 2276 1167 2324 τοῦ
1199 2270 1521 2341 ἀναγγεῖλαι,
1552 2275 1660 2327 πῶς
1691 2267 1717 2322 ὸ
1744 2270 1913 2339 μακά-

313 2382 421 2436 ριος
444 2362 637 2420 Παῦλος
670 2361 1034 2437 ἀνεξερεύνητα
1059 2363 1125 2416 τά
1151 2368 1241 2415 τοῦ
1270 2368 1398 2416 Θεοῦ
1431 2363 1648 2436 κρίματα
1674 2362 1916 2435 ἀναγγέλ-

312 2454 414 2515 λει,
456 2452 481 2507 ὸ
512 2452 565 2507 δὲ
594 2450 750 2508 Δαυὶδ
792 2454 852 2507 οὐ
880 2453 1029 2524 μόνον
1067 2460 1234 2509 ταῦτα
1272 2462 1492 2526 γνῶναι,
1537 2452 1662 2509 ἀλλὰ
1697 2458 1914 2513 καὶτοῖς

316 2544 546 2615 χείλεσιν
574 2543 862 2616 ἀναγγεῖλαι
890 2552 1143 2621 μαρτυρεῖ
1158 2560 1171 2608 ἶ

388 2649 545 2693 l‘PHl‘.
577 2637 653 2692 Ἐν
684 2639 946 2714 ἑκατέραις
988 2636 1205 2700 ταύταις
1245 2661 1339 2692 σου
1380 2646 1490 2699 ταῖς
1519 2640 1823 2713 ἐρωτήσεσιν
1864 2640 1912 2691 ἐν

315 2736 423 2788 τοῖς
448 2730 682 2802 ἀνωτέρω
712 2730 991 2804 εἰρημένοις
1030 2733 1097 2791 ὡς
1149 2727 1201 2785 ἕν
1225 2728 1464 2799 συντόμῳ
1491 2731 1765 2803 ἀπεκρίθην
1783 2771 1798 2795 ,
1830 2730 1911 2783 λέ-

313 2843 447 2893 γων,
490 2820 567 2876 ὅτι
612 2823 657 2875 οἱ
688 2820 829 2893 ἅγιοι
877 2819 1055 2899 ἄνδρες
1096 2822 1167 2894 ἐφ’
1207 2819 1324 2875 ὅσον
1370 2823 1498 2893 μετά
1536 2827 1628 2876 τοῦ
1657 2826 1831 2897 κυρίου
1861 2822 1911 2876 ἓν

314 2916 476 2978 εἰσιν,
507 2915 591 2968 τὸν
628 2920 739 2967 νοῦν
765 2917 938 2989 κυρίου
970 2916 1057 2967 οὐκ
1079 2916 1368 2988 ἀγνοοῦσιν.
1404 2916 1585 2973 Πάντες
1612 2916 1711 2986 γάρ
1742 2916 1783 2967 oi
1830 2913 1913 2968 διά

314 3014 621 3083 προσευχῆς
650 3007 1047 3079 ἀπερισπάστου
1089 3015 1162 3079 τῷ
1190 3010 1345 3079 κυρίῳ
1377 3007 1786 3072 ἀκολουθοῦντες,
1819 3006 1909 3065 δη-

315 3096 481 3151 λονότι
502 3096 521 3125 ³
551 3099 601 3151 ἐν
629 3106 691 3172 τῇ
721 3099 853 3172 εὐχῇ
883 3094 1021 3157 ὄντες
1059 3100 1153 3151 σὺν
1187 3106 1258 3169 τῷ
1298 3102 1454 3173 κυρίῳ
1489 3101 1616 3153 εἰσίν
1635 3116 1647 3128 ·
1685 3100 1731 3152 oi
1758 3097 1811 3154 δὲ
1838 3107 1911 3173 τῷ

2024 1910 2219 1981 χι,-55)
2244 1913 2257 1965 !
2290 1910 2396 1966 Sed
2425 1925 2639 1966 rursum
2678 1910 2811 1965 mihi
2840 1910 2955 1965 haec
2984 1909 3181 1964 dicenti
3209 1908 3313 1962 alia
3342 1908 3615 1962 suboritur

2021 2003 2267 2072 quaestio.
2311 2001 2441 2057 Nam
2476 2002 2637 2056 David
2686 2001 2945 2071 pr0pheta
2991 2001 3220 2055 Domino
3248 2002 3501 2067 loquitur,
3533 1999 3616 2053 di-

2020 2110 2153 2150 cens
2185 2111 2198 2149 :
2233 2094 2299 2148 In
2327 2095 2477 2149 labiis
2504 2096 2629 2149 meis
2652 2095 2978 2166 pronuntiavi
3002 2096 3174 2148 omnia
3196 2095 3390 2165 judicia
3421 2095 3523 2147 oris
3544 2092 3617 2146 tui

2026 2182 2195 2254 (Psal.
2216 2199 2404 2252 cxvtu,
2434 2185 2551 2253 13).
2583 2186 2782 2240 Etcum
2801 2185 2981 2241 minus
3007 2186 3079 2239 sit
3100 2200 3259 2240 nos~e
3278 2201 3436 2255 quam
3452 2186 3614 2239 etiam
3664 2180 3669 2187 ’

2021 2277 2397 2344 pronuntiare,
2426 2276 2552 2347 quid
2582 2286 2667 2332 est
2695 2279 2837 2348 quod
2873 2278 3070 2333 Paulus
3097 2278 3617 2346 incomprehensibi-

2020 2366 2088 2421 lia
2116 2383 2238 2423 esse
2263 2366 2358 2422 Dei
2375 2367 2576 2455 judicia
2606 2370 2836 2434 asserit,
2870 2367 3040 2422 David
3071 2377 3249 2423 autem
3282 2369 3397 2422 lucc
3426 2383 3484 2423 se
3504 2384 3620 2422 om-

2020 2461 2107 2513 nia
2133 2475 2237 2514 non
2263 2460 2438 2515 solum
2467 2474 2649 2523 nosse.
2676 2459 2770 2516 sed
2798 2461 2957 2515 etiam
2983 2461 3036 2515 in
3063 2460 3220 2515 labiis
3244 2461 3621 2530 pronuntiasse

2020 2550 2285 2604 testatur?

2091 2634 2308 2720 (ἔνερθε.
2354 2649 2432 2704 Ad
2462 2660 2688 2721 utraque
2736 2651 2849 2705 htec
2878 2650 2970 2705 tibi
3003 2652 3250 2720 superius
3290 2652 3391 2706 sub
3437 2651 3615 2706 brevi-

2019 2752 2129 2797 tate
2144 2742 2420 2811 respondi,
2450 2741 2657 2809 dicens,
2682 2744 2823 2812 quod
2840 2745 3010 2797 sancti
3029 2742 3128 2797 viri
3155 2743 3466 2811 inquantum
3484 2758 3605 2798 cum

2017 2832 2243 2888 Domino
2274 2848 2441 2886 unum
2484 2843 2611 2886 sunt
2633 2872 2648 2896 ,
2689 2848 2905 2887 sensum
2937 2833 3147 2886 Domini
3195 2849 3299 2886 non
3332 2833 3602 2902 ignovant.

2016 2923 2219 2978 Omnes
2248 2924 2393 2977 «nim
2424 2924 2513 2993 qui
2547 2924 2740 2977 devote
2771 2923 3057 2976 Dominum
3105 2935 3422 2993 sequuntur,
3453 2924 3613 2978 etiam

2023 3016 2309 3069 devotione
2334 3029 2454 3069 cum
2484 3013 2595 3068 Deo
2623 3023 2772 3076 sunt,
2802 3024 2856 3066 et
2888 3012 3061 3066 adhuc
3094 3013 3271 3065 carnis
3298 3012 3620 3082 corruptibi-

2023 3106 2089 3160 lis
2115 3108 2322 3176 gravati
2363 3105 2629 3175 pondere,
2662 3119 2782 3158 cum
2816 3104 2925 3158 Deo
2953 3118 3057 3158 non
3088 3114 3233 3158 sunt.
3264 3104 3487 3158 Occulta
3516 3104 3622 3159 ita-

317 3189 523 3261 ὶφολκίῳ
551 3196 641 3245 τοῦ
680 3188 905 3262 γεώδους
933 3190 1119 3247 τούτου
1151 3194 1237 3243 καὶ
1267 3190 1510 3265 ἐπικήρου
1543 3194 1787 3261 σώματος
1814 3199 1917 3251 τοῖς

2026 3212 2130 3267 que
2156 3197 2248 3252 Dei
2267 3180 2470 3266 judicia
2497 3197 2809 3265 inquantum
2834 3192 3106 3263 conjuncti
3133 3202 3278 3258 sunt,
3305 3194 3512 3260 sciunt;
3542 3196 3625 3249 in—

317 3283 527 3337 πὰθεσιν
554 3283 879 3357 βαρούμενοι,
907 3284 1002 3337 σὺν
1028 3291 1101 3355 τῷ
1128 3288 1283 3356 κυρίῳ
1313 3278 1438 3337 εἶναι
1468 3284 1525 3335 οὐ
1555 3280 1817 3337 δύνανται.
1846 3285 1921 3337 Τά

318 3373 592 3446 ἀπόκρυφοι
614 3368 704 3426 οὖν
723 3380 815 3428 τοῦ
840 3380 968 3428 Θεοῦ
998 3377 1246 3448 κρίματα,
1272 3371 1393 3429 ὅταν
1413 3375 1654 3446 ήνωμένοι
1672 3381 1744 3444 τῷ
1766 3378 1922 3448 κυρίῳ

319 3471 483 3531 εἰσίν,
517 3470 837 3524 ὶπίστανταν
872 3467 994 3523 ὅταν
1033 3466 1086 3522 δέ
1116 3469 1217 3523 ὑπὸ
1246 3477 1339 3528 τῆς
1373 3475 1465 3523 τοῦ
1493 3472 1729 3538 σώματος
1773 3469 1923 3521 ἀσθε-

318 3560 459 3619 νείας
493 3559 697 3631 κώλυμα
724 3559 1032 3623 ῦποστῶσι,
1064 3562 1149 3613 καί
1178 3560 1276 3614 ἀπὸ
1307 3564 1432 3613 Θεοῦ
1463 3558 1771 3633 πρόσκαιρον
1797 3560 1925 3612 ἀπα·

321 3650 624 3720 σχοληθῶσι
664 3651 748 3706 τὸν
774 3656 921 3715 νοῦν,
955 3652 1021 3705 τά
1051 3653 1275 3725 κρίματα
1304 3657 1394 3705 τοῦ
1443 3653 1618 3726 κυρίου
1649 3652 1922 3722 ἀγνοοῦσι,

325 3744 408 3795 καί
430 3743 495 3796 τὰ
524 3742 792 3817 ἀπόκρυφοι
813 3744 969 3796 αὐτοῦ
994 3745 1254 3813 μυστήρια
1282 3738 1445 3799 ἄδηλα
1464 3744 1631 3800 αὐτοῖς
1652 3743 1924 3795 καθίσταν-

322 3849 428 3885 ται*
461 3835 546 3885 καί
593 3832 766 3887 λοιπὸν
807 3833 921 3888 τότε
954 3835 1315 3907 άνεξερεύνητα
1340 3834 1406 3886 τά
1430 3835 1649 3905 κρίματα
1674 3838 1765 3885 τοῦ
1796 3838 1923 3886 Θεοῦ

316 3919 450 3977 εἶναι
476 3922 725 3993 λέγονται.
752 3922 920 3977 Ἠνίκα
951 3922 1002 3977 δὲ
1031 3931 1103 3995 τῷ
1132 3930 1241 3996 Θεῷ
1271 3932 1333 3999 τῇ
1362 3922 1560 3998 διανοίᾳ
1593 3924 1816 3977 ένωθῶσι
1844 3921 1927 3977 διά

323 4020 416 4073 τῆς
448 4020 546 4067 τῶν
572 4014 715 4068 θείων
741 4022 945 4091 γραφῶν
973 4016 1321 4079 ἀναπτύξεως,
1354 4018 1437 4069 καὶ
1465 4022 1703 4090 κρυπτῶν
1730 4036 1928 4084 μυστη-

318 4106 446 4178 ρίων
466 4105 860 4177 ἀποκαλύψεως,
876 4105 896 4135 ³
910 4103 1031 4161 ὅσον
1050 4107 1194 4181 παρά
1214 4114 1337 4161 Θεοῦ
1365 4111 1649 4176 κομίζονται
1670 4108 1726 4160 τὸ
1749 4109 1927 4181 μέτρον

658 4196 683 4229 ⁵
710 4203 794 4252 καὶ
823 4200 943 4253 αὐτὸ
995 4196 1170 4253 οἴδασί
1214 4219 1269 4252 τε
1316 4202 1401 4253 καὶ
1441 4200 1817 4272 προμηνύουσι.
1855 4199 1931 4251 Τά

322 4201 635 4268 γινώσκουσι

322 4296 590 4367 μυστήρια
613 4298 802 4360 τοίνυν,
834 4293 966 4367 ἅπερ
995 4296 1141 4367 παρά
1162 4302 1236 4367 τῷ
1259 4303 1367 4367 Θεῷ
1398 4295 1445 4347 ἐν
1472 4296 1748 4371 ἀποκρύφῳ
1779 4296 1927 4359 εἰσίν,

326 4383 620 4453 ἀγνοοῦσιν,
652 4383 685 4437 ἃ
710 4382 767 4437 δὲ
807 4383 832 4437 ὁ
869 4387 997 4443 Θεὸς
1032 4385 1412 4448 ἀποκαλύπτει,
1443 4388 1791 4457 γινώσκουσιν⁶
1823 4382 1930 4439 ὅθεν

325 4477 405 4528 καί
430 4474 586 4529 Δαυίδ
620 4474 645 4529 6
686 4480 946 4550 προφήτης
978 4480 1177 4546 φησίνέ
1198 4474 1272 4529 Ἐν
1295 4484 1405 4537 τοῖς
1436 4477 1632 4546 χείλεσί
1659 4498 1755 4547 μου
1785 4479 1931 4549 ἐξήγ-

2028 3307 2285 3364 quantum
2315 3291 2571 3361 disjuncti
2597 3298 2741 3355 sunt,
2774 3290 3041 3345 nesciunt.
3076 3289 3213 3355 Quia
3244 3289 3387 3343 enim
3418 3296 3626 3343 secreta

2027 3386 2147 3456 ejus
2173 3385 2351 3440 adhuc
2394 3385 2633 3453 perfecte
2664 3398 2768 3438 non
2814 3388 3121 3452 penetrant,
3157 3382 3625 3451 incomprehensi-

2030 3476 2154 3531 bilia
2186 3475 2303 3545 ejus
2335 3474 2536 3544 judicia
2568 3489 2690 3527 esse
2721 3481 2984 3527 testantur
3016 3490 3027 3523 :
3061 3472 3183 3541 quia
3208 3486 3337 3526 vero
3369 3481 3549 3527 mente
3576 3473 3627 3526 ei

2029 3568 2319 3630 inhaerent,
2339 3574 2503 3633 atque
2537 3562 2875 3627 inhterendo,
2897 3562 2982 3617 vel
3012 3562 3185 3617 sacris
3201 3561 3495 3630 Scriptura:
3515 3564 3629 3618 elo-

2027 3657 2169 3726 quiis
2196 3657 2276 3709 vel
2307 3654 2533 3710 occultis
2562 3653 2985 3709 revelationibus
3016 3654 3329 3723 inquantum
3359 3655 3629 3723 accipiunt

2028 3754 2350 3815 agnoscunt,
2385 3754 2441 3798 et
2470 3755 2735 3799 noverunt
2768 3746 2881 3798 hinc
2926 3752 2980 3797 et
3011 3745 3375 3813 pronuntiant.
3418 3744 3628 3800 Judicia

2031 3838 2212 3907 itaque
2245 3853 2365 3907 qua:
2404 3838 2546 3891 Deus
2591 3845 2733 3891 tacet
2778 3837 3042 3901 nesciunt,
3078 3853 3197 3905 quae
3227 3837 3369 3891 Deus
3398 3837 3630 3908 loquitur

2030 3930 2231 3985 sciunt.
2262 3912 2415 3985 Unde
2444 3937 2499 3983 et
2522 3928 2693 3982 David
2731 3928 2991 3998 prOpIteta
3016 3944 3136 3983 cum
3158 3928 3384 3983 dixisset
3414 3945 3428 3983 :
3466 3930 3528 3981 In
3554 3930 3630 3981 la-

2031 4021 2126 4075 biis
2146 4021 2273 4073 meis
2296 4020 2626 4089 pronuntiavi
2651 4021 2823 4073 omnia
2843 4020 3047 4091 judicia
3079 4019 3252 4088 (Psal.
3281 4035 3470 4083 cxvnt,
3502 4021 3589 4090 15)
3610 4063 3626 4083 ,

2033 4111 2276 4179 pratinus
2299 4109 2525 4175 addidit,
2558 4111 2661 4165 oris
2690 4111 2790 4175 tui,
2821 4126 2884 4164 ac
2912 4111 2959 4164 si
2989 4120 3174 4179 aperte
3200 4111 3377 4163 dicat:
3406 4110 3495 4163 Illa
3528 4126 3629 4179 ego

2032 4203 2233 4271 judicia
2264 4213 2317 4258 et
2343 4218 2504 4258 nosse
2531 4213 2588 4257 et
2617 4203 2997 4270 pronuntiasse
3025 4202 3193 4270 potui,
3213 4216 3333 4270 quae
3364 4214 3412 4255 te
3428 4202 3633 4259 dixisse

2035 4291 2282 4362 cognovi.
2310 4292 2440 4346 Nam
2472 4307 2533 4346 ea
2561 4306 2681 4361 qua:
2710 4292 2825 4362 ipse
2856 4307 2964 4347 non
2992 4292 3247 4361 loqueris,
3280 4294 3478 4347 nosu'is
3507 4310 3631 4364 pro-

2035 4383 2119 4439 θυι
2168 4383 2331 4437 dubio
2357 4382 2760 4451 cognitionibus
2802 4382 3112 4438 abscondis.
3148 4383 3454 4439 Concordat
3501 4402 3631 4457 ergo

2037 4477 2347 4548 prophetica
2379 4478 2785 4549 apostolicaque
2830 4481 3095 4535 sententia
3130 4498 3144 4534 :
3178 4481 3299 4551 quia
3343 4492 3397 4537 et
3427 4485 3631 4539 incom-

323 4566 467 4638 γεὺει
492 4570 660 4623 πάντα
691 4571 758 4623 τά
794 4570 1037 4641 κρίματα·
1070 4587 1088 4620 ι
1116 4571 1365 4643 παραυτά
1409 4573 1646 4645 προσθείς
1687 4572 1908 4644 ἐπήγαγε

2040 4570 2420 4640 prehensibilia
2454 4580 2579 4627 sunt
2611 4572 2703 4627 Dei
2732 4572 2954 4638 judicia,
3002 4580 3058 4627 et
3087 4582 3265 4628 tamen
3295 4589 3412 4643 que
3440 4576 3510 4629 de
3534 4590 3630 4631 ore

327 4674 351 4708 ε
369 4666 460 4712 τοῦ
486 4661 748 4731 στόματὸς
765 4677 882 4716 σου⁶
906 4679 924 4713 ε
940 4665 1217 4733 μονονουχὶ
1234 4664 1391 4734 λέγων
1416 4663 1546 4737 πρὸς
1574 4663 1715 4717 Θεόν⁹
1740 4662 1927 4717 Ἐκεῖνα

325 4752 426 4821 ἐγὼ
469 4754 696 4825 κρίματα
735 4756 919 4824 γνῶναί
963 4775 1018 4809 τε
1058 4758 1145 4809 καί
1175 4755 1459 4828 ἀναγγεῖλαι
1487 4753 1766 4817 ἠδυνήθην,
1799 4754 1929 4831 ἅπερ

323 4842 617 4902 λαλήσαντά
641 4867 701 4901 σε
730 4848 861 4923 πρὸς
888 4850 951 4918 μί
987 4846 1171 4919 ἔγνων,
1206 4848 1318 4902 ἐπεί
1345 4847 1510 4902 ἐκεῖνα
1537 4846 1670 4917 ἅπερ
1698 4846 1850 4907 αὐτὸς
1873 4848 1928 4899 οὐ

321 4932 505 5004 λέγεις.
530 4937 654 5013 παρ’
666 4940 783 5007 ἡμῖν
801 4935 964 4996 ἄδηλοι
983 4939 1299 5011 ὑπάρχωσι
1327 4940 1409 4991 καί
1434 4939 1775 5012 ἀνίκφραστα.
1803 4949 1936 5009 Συμ-

2038 4661 2158 4730 ejus
2184 4663 2392 4731 prolata
2437 4663 2663 4729 fuerint,
2695 4664 2948 4719 humanis
2980 4664 3136 4719 labiis
3180 4667 3589 4733 pronuntiantur
3615 4688 3626 4720 :

2041 4755 2293 4825 quoniam
2324 4756 2449 4811 sciri
2469 4756 2539 4810 ab
2570 4755 2881 4812 hominibus
2898 4766 2953 4811 et
2980 4756 3186 4827 prolata
3204 4772 3300 4827 per
3327 4758 3490 4812 De'um
3510 4773 3631 4828 pos-

2043 4858 2188 4917 sunt,
2220 4860 2276 4905 et
2304 4850 2510 4905 occulta
2544 4865 2650 4906 non
2683 4861 2905 4921 possunt
2932 4849 2980 4905 δ.

325 5035 479 5098 φωνεῖ
500 5028 669 5085 λοιπὸν
710 5032 753 5093 ἦ,
788 5052 842 5085 τε
873 5037 1154 5105 προφητική
1193 5035 1279 5085 καί
1314 5030 1649 5088 ’Δποστολική
1688 5037 1971 5106 μαρτυρία,
2011 5032 2092 5089 ὅτι
2136 5037 2216 5088 καί
2253 5036 2617 5107 ἀνεξιχνίαστοί
2654 5040 2752 5092 εἰσι
2790 5040 2855 5092 τὰ
2893 5046 2981 5093 τοῦ
3024 5047 3154 5095 Θεοῦ
3181 5044 3433 5118 κρίματα,
3462 5048 3540 5101 καί
3568 5050 3631 5103 τὰ

325 5118 379 5171 ἔκ
423 5126 517 5175 τοῦ
564 5121 826 5194 στὸματος
873 5128 1025 5180 αὐτοῦ
1069 5126 1437 5200 προερχόμενα
1473 5132 1580 5185 τοῖς
1624 5125 1955 5200 ἀνθρωπίνοις
2002 5127 2226 5197 χείλεσιν
2270 5126 2471 5184 ἔσονται
2517 5132 2890 5205 προφερόμενα⁶
2934 5136 3017 5187 καί
3058 5136 3158 5206 γάρ
3205 5136 3305 5191 ὑπὸ
3354 5138 3630 5212 ἀνθρώπων

320 5210 488 5265 ἕκεῖνα
521 5214 791 5273 λαληθῆναί
827 5236 881 5272 τε
911 5220 994 5271 καί
1020 5220 1300 5289 γνωσθῆναι
1329 5215 1592 5280 δύνανται,
1624 5216 1759 5291 ἅπερ
1804 5217 1830 5271 6
1869 5218 1993 5281 Θεὸς
2033 5218 2379 5287 ἀποκαλύψει,
2408 5225 2487 5276 καί
2519 5224 2666 5278 πάλιν
2710 5225 2877 5278 ἐκεῐνά
2924 5227 3023 5279 εἰσι
3068 5225 3195 5282 παο⁹
3221 5230 3337 5297 ήμῐν
3364 5210 3549 5303 κρῦφιά
3573 5250 3627 5283 τε

326 5306 413 5357 καί
442 5307 601 5377 ἀφανῆ
619 5352 632 5375 ,
667 5306 797 5385 ἅπερ
826 5310 974 5371 αὐτὸς
1020 5317 1128 5371 τοῖς
1166 5310 1351 5365 ἑαυτοῦ
1379 5312 1659 5382 ἀνεφίκτοις
1686 5310 1920 5387 κρίμασιν
1959 5312 2009 5365 is
2039 5309 2203 5381 ἀδήλῳ
2230 5308 2384 5367 ἔθετο.

402 5523 423 5604 ξ
461 5523 563 5604 bis.
591 5526 740 5604 αὐτὸς
764 5529 940 5604 κύριος
967 5525 1051 5583 διὰ
1076 5533 1170 5581 τοῦ
1200 5528 1488 5584 ἀποστόλου
1511 5529 1662 5604 λέγει.

402 5594 423 5623 ¹
467 5593 565 5648 MS.
599 5593 746 5653 δῆλον
774 5593 872 5651 ὅτε.

403 5662 423 5737 ξ
465 5663 561 5737 _M_s.
590 5667 977 5737 ἀποκαλύψεων.

404 5731 425 5762 ⁵
464 5732 560 5788 Ms.
594 5731 936 5807 γινώσκουσιν
966 5739 1097 5793 αὐτὰ
1128 5736 1297 5793 οἴδασί
1321 5760 1393 5795 τε.

2116 5540 2140 5567 ³
2183 5530 2255 5584 Ita
2286 5529 2628 5608 Germ..Adun
2655 5535 2865 5608 Gemet.
2913 5545 2969 5593 et
3012 5539 3247 5608 plerique
3278 5537 3461 5592 Norm.
3503 5539 3627 5594 Suf-

2041 5601 2278 5669 fragatur
2297 5608 2473 5658 versio
2495 5606 2700 5660 erca.
2732 5607 2786 5661 In
2813 5601 3025 5663 excusis
3050 5620 3107 5664 ut
3129 5601 3180 5663 in
3205 5607 3473 5664 nonnullis
3494 5623 3625 5666 mss.

2041 5673 2256 5740 legitur,
2286 5677 2571 5740 proposuit.

2109 5739 2138 5779 δ
2171 5739 2330 5819 _Gilot.
2371 5745 2537 5799 Vatic.
2563 5756 2615 5801 et
2639 5757 2744 5803 vet.
2776 5748 2889 5814 cd.,
2912 5748 3114 5818 prolata
3145 5751 3295 5819 prodi
3323 5765 3555 5815 possunt,
3581 5764 3629 5808 et

2038 5813 2287 5867 occultari
2316 5831 2417 5867 non
2450 5828 2679 5886 possunt.
2877 5813 2880 5814 ⁷
2913 5813 2920 5818 ⁷
3146 5813 3156 5819 ⁷
3325 5813 3332 5815 “
3448 5824 3463 5833 ‘
