4102 6360
306 385 3526 428 W

742 485 1348 583 Pii/EFATIO
1429 491 1546 576 IN
1608 488 2194 579 REGULAM
2272 499 2360 579 S.
2444 500 3099 585 BENEDICTL

1786 677 2075 692 μ’.

356 799 564 864 Quanto
589 778 726 863 apud
759 796 945 848 omnes
980 793 1030 844 in
1062 790 1229 861 pretio
1260 782 1319 845 S.
1362 777 1634 845 lienelicti
1666 783 1867 858 Regula
1897 789 1944 845 Α
1978 786 2091 843 ﬁeri
2118 789 2200 843 vix
2238 792 2405 859 petuit
2436 797 2559 861 quin
2585 798 2929 853 auctoritates
2952 808 3005 853 et
3034 802 3340 856 testimonia
3372 819 3561 861 eorum

288 889 445 942 fuerit
478 886 755 943 hactenus.
790 883 921 936 nulli
948 897 1052 935 non
1093 881 1429 963 esploratum
1453 894 1576 934 esse
1601 881 1871 935 existimo.

287 982 413 1037 llzec
444 978 523 1034 sui
554 977 636 1032 vel
666 977 782 1031 sola
804 976 1044 1030 auctoris
1075 975 1291 1029 nomine
1339 974 1484 1027 onmi
1528 972 1873 1027 commenda-

287 1074 438 1128 tione
477 1072 668 1142 major,
716 1084 819 1123 non
862 1067 1035 1121 solum
1079 1067 1131 1120 in
1170 1063 1415 1120 conciliis
1456 1062 1653 1134 Regula
1698 1074 1877 1117 sancta

288 1168 428 1221 dicta
460 1174 561 1230 est,
595 1162 662 1217 ab
702 1160 1001 1229 eodemque
1054 1173 1158 1227 quo
1206 1156 1346 1212 sacri
1388 1170 1621 1211 canones
1669 1156 1872 1222 Spiritu

289 1257 525 1323 comlita,
552 1264 604 1308 et
632 1253 685 1308 in
720 1252 968 1307 omnibus
991 1251 1376 1304 monachorum
1405 1247 1734 1317 promulgata
1760 1261 1872 1302 cm-

289 1351 496 1413 nohiis,
526 1362 710 1403 verum
742 1345 901 1399 etiam
933 1344 998 1397 ab
1030 1343 1157 1403 ipsis
1180 1342 1359 1394 szeculi
1393 1341 1723 1409 principibus
1763 1341 1875 1393 sin-

290 1443 459 1513 gulari
491 1440 667 1495 studio
714 1437 975 1506 perlecta,
1026 1432 1395 1503 profitentibus
1440 1443 1499 1487 se
1525 1448 1588 1485 ea:
1616 1440 1720 1483 tam
1760 1448 1877 1517 pru-

290 1533 526 1588 dentibus
549 1530 711 1584 sancti
738 1528 911 1581 Patris
938 1524 1405 1595 prwscriptionibus
1428 1527 1496 1576 ad
1527 1525 1741 1595 populos
1769 1531 1878 1577 sua!

296 1599 414 1695 ﬁdei
442 1623 755 1677 concreditos
791 1620 940 1675 valde
966 1619 1349 1672 accommodata
1376 1618 1545 1670 media
1578 1617 1873 1685 percipere.

294 1720 629 1786 Quapropter
661 1714 862 1768 nullum
888 1711 1016 1766 mihi
1041 1711 1255 1765 dubium
1290 1718 1377 1764 est
1399 1710 1526 1778 quin
1560 1723 1589 1762 a
1623 1710 1722 1776 piis
1752 1708 1875 1762 reli-

287 1807 560 1876 giosisque
589 1803 880 1870 lcetoribus
902 1812 1032 1856 ’cnttt
1067 1815 1130 1855 ea
1160 1814 1264 1869 qua
1295 1814 1389 1868 par
1415 1810 1495 1852 est
1530 1798 1690 1853 animi
1729 1814 1878 1853 reve—

293 1899 463 1952 rentia
486 1914 547 1952 ac
572 1897 835 1966 religione
853 1892 1194 1962 suscipiatur,
1229 1891 1553 1959 perlegalur,
1588 1906 1650 1943 ac
1676 1905 1879 1945 memo-

292 1990 390 2044 rias
418 1988 847 2044 commendetur.

371 2086 439 2137 At
464 2096 593 2135 vero
634 2095 792 2150 quam
825 2077 911 2131 hic
951 2076 1177 2131 exhibeo
1203 2065 1441 2145 ejusdem
1477 2068 1687 2144 Regula:
1712 2088 1879 2144 etpo-

1980 893 2172 947 magno
2200 895 2424 933 numero
2454 898 2558 935 non
2587 900 2934 954 congeri-rem
2965 906 2979 955 ;
3011 907 3129 958 qua:
3155 892 3423 947 scribendi
3472 912 3561 949 ra-

1978 969 2053 1022 tio
2073 970 2173 1024 etsi
2212 973 2448 1025 animum
2503 975 2676 1029 minus
2710 990 2941 1047 recreet,
2980 981 3137 1053 longe
3181 992 3355 1039 tamen
3388 1002 3417 1041 c
3442 988 3564 1041 lica-

1977 1060 2091 1114 cior
2120 1062 2185 1115 ad
2214 1065 2644 1133 persnailendutn
2690 1069 2931 1136 videtur,
2970 1075 3110 1142 quod
3144 1089 3307 1129 unum
3340 1076 3426 1130 hic
3457 1095 3565 1143 pra:

1977 1154 2147 1209 oculis
2179 1154 2372 1221 habui;
2423 1174 2595 1229 neque
2640 1163 2785 1215 enim
2835 1162 3139 1220 delectandi
3186 1167 3424 1235 lectoris,
3475 1174 3568 1225 seti

1978 1244 2275 1299 :ndilicandi
2307 1250 2474 1316 gratia
2514 1249 2625 1303 hzcc
2667 1268 2694 1303 a
2728 1267 2813 1307 me
2843 1255 3036 1323 scripta
3079 1270 3196 1311 sunt
3222 1273 3239 1316 ς
3269 1270 3426 1331 atque
3463 1263 3567 1315 uti-

1980 1349 2102 1389 nam
2133 1336 2181 1388 id
2216 1334 2268 1390 in
2323 1337 2593 1407 aliquibus
2623 1342 2811 1396 saltem
2857 1348 3087 1414 experiri
3142 1349 3327 1405 liceat!
3376 1354 3430 1407 Si
3480 1354 3567 1409 cui

1976 1433 2834 1492 verneommentationesnostra:
2885 1440 3154 1510 quidpiam
3207 1444 3414 1509 durius,
3474 1461 3567 1501 au-

1977 1518 2259 1588 steriusve,
2288 1535 2382 1574 seu
2413 1524 2711 1578 restrictius
2738 1526 3060 1585 videbuntur
3080 1534 3339 1590 exhibere
3362 1577 3376 1601 ,
3407 1554 3565 1594 nemo

1980 1609 2116 1664 mihi
2140 1610 2262 1680 jure
2294 1627 2632 1682 succenseat,
2662 1620 2890 1689 quiunn
2925 1638 3097 1676 meatu
3131 1626 3430 1683 doctrinam
3478 1648 3567 1685 re-

1981 1701 2114 1768 fero,
2140 1704 2232 1758 sed
2263 1719 2569 1765 sanctorum
2597 1713 2842 1782 exetnpla
2885 1728 3237 1787 veterumque
3263 1724 3566 1778 testimonia

1979 1794 2297 1863 simpliciter
2325 1812 2568 1867 expono;
2622 1818 2730 1856 non
2780 1819 2848 1858 eo
2880 1806 3096 1873 quidem
3146 1811 3326 1866 animo
3375 1823 3432 1867 ut
3475 1830 3567 1870 cas

1981 1895 2058 1938 tra
2102 1902 2251 1941 ucam
2283 1899 2337 1942 et
2378 1891 2641 1960 conligam
2681 1895 3087 1954 observationes
3137 1918 3256 1972 qua:
3306 1907 3566 1961 tantillum

1980 1980 2253 2034 abexacta
2284 1990 2339 2035 et
2382 1982 2597 2038 litterali
2647 1986 2864 2058 Regulze
2917 1990 3263 2062 intelligentia
3311 2015 3408 2067 pro
3439 2011 3565 2053 tem-

1981 2084 2110 2139 pore
2130 2081 2186 2124 et
2215 2072 2352 2139 loco,
2386 2086 2609 2144 cogente
2635 2083 2978 2147 necessitate,
3025 2098 3386 2143 recesserunt.
3436 2090 3566 2144 Nam

288 2174 548 2227 sitionem
578 2186 685 2241 quo
714 2169 884 2234 vultu,
913 2181 1087 2238 quove
1113 2168 1292 2221 animo
1321 2167 1589 2235 accepturi
1637 2166 1763 2229 sint,
1795 2177 1878 2219 res
1913 2165 1957 2227 Β
1984 2162 2077 2214 etsi
2102 2178 2202 2216 non
2229 2163 2298 2215 ad
2321 2180 2561 2234 unguem,
2594 2178 2647 2222 ut
2673 2170 2882 2240 dicitur,
2912 2189 3024 2227 eam
3059 2186 3223 2231 totam
3252 2185 3567 2247 custodiunt,

291 2270 347 2322 in
372 2267 586 2335 ancipiti
620 2275 705 2319 est
730 2282 743 2320 :
773 2265 1001 2318 maxime
1032 2278 1154 2316 cum
1185 2260 1237 2315 id
1267 2276 1437 2330 genus
1466 2262 1763 2328 argumenti
1803 2266 1884 2313 to-

292 2362 396 2413 ties
427 2359 682 2412 hactenus
711 2364 992 2410 tractatu-n1
1024 2356 1113 2421 sit,
1144 2365 1198 2407 ut
1224 2354 1314 2423 qni
1343 2354 1470 2407 illud
1500 2353 1691 2407 iterum
1724 2362 1885 2407 retra-

285 2460 441 2503 ctare
469 2448 800 2515 cogitaverit,
836 2445 1008 2515 isjam
1041 2454 1217 2499 actum
1239 2458 1398 2514 agere
1423 2458 1642 2512 prorsus
1664 2458 1886 2497 censea-

295 2549 402 2594 tur.
438 2538 631 2592 Verum
660 2536 750 2606 qui
780 2553 865 2590 mc
894 2536 963 2589 ab
998 2535 1099 2589 hac
1144 2533 1411 2589 scribendi
1457 2534 1664 2588 ratione
1708 2533 1883 2588 deter-

297 2645 421 2686 rere
448 2630 705 2685 debuerat
746 2636 1486 2699 magnus‘cotnmentatorum
1536 2641 1806 2692 numerus,
1837 2627 1883 2681 is

291 2724 361 2778 ad
399 2723 498 2777 hac
537 2739 673 2791 opus
705 2720 1102 2790 suscipiendum
1157 2735 1243 2774 me
1291 2722 1469 2787 potius
1497 2719 1723 2772 induxit.
1754 2718 1882 2771 Nam

264 2816 399 2869 etsi
433 2824 486 2867 et
535 2828 600 2867 ex
648 2812 883 2882 antiquis
932 2822 983 2866 et
1033 2826 1101 2865 ex
1151 2810 1542 2865 recentioribus
1572 2824 1674 2863 non
1710 2809 1882 2877 pauci,

295 2913 405 2959 tam
459 2905 775 2959 auctoritate
819 2919 978 2972 quam
1010 2904 1132 2956 vita:
1164 2906 1355 2956 merito
1401 2900 1699 2970 gravisimi
1747 2901 1881 2954 scri-

296 3008 478 3067 ptores
508 2996 716 3067 (quales
762 3005 886 3049 sunt
935 3011 1000 3050 ex
1034 2995 1266 3064 antiquis
1308 2992 1655 3061 Smaragdus,
1706 2991 1884 3045 llildeo

296 3106 500 3154 snarus,
527 3089 828 3144 liernardus
857 3089 1192 3142 CaSsineusis
1224 3104 1239 3151 ;
1264 3103 1330 3140 ex
1349 3086 1738 3140 recentioribus
1760 3101 1803 3137 ν.
1827 3102 1887 3139 ro

222 3192 233 3199 ‘
299 3180 581 3235 Menardus
608 3188 663 3234 et
699 3154 985 3235 liacftenus
1026 3220 1042 3244 ,
1096 3179 1195 3233 viri
1240 3178 1482 3233 doctrina
1528 3188 1579 3232 et
1626 3179 1885 3248 sapientia

299 3273 717 3343 przecellentes),
771 3271 820 3325 id
873 3286 1071 3341 magna
1105 3286 1227 3325 eum
1276 3271 1432 3326 laude
1475 3272 1710 3333 exsecuti
1741 3278 1884 3333 snt,

301 3379 463 3417 unum
499 3371 674 3417 tamen
699 3366 765 3416 ad
810 3362 1103 3432 perfectam
1132 3375 1181 3417 et
1211 3362 1510 3418 absolutam
1544 3361 1757 3431 Regula:
1787 3379 1885 3416 no-

298 3456 469 3510 titiam
498 3456 910 3510 desiderandum
939 3455 1239 3511 videbatur.
1294 3454 1425 3509 Cum
1468 3456 1610 3509 enim
1645 3466 1883 3509 veterum

1984 2254 2079 2306 etsi
2118 2271 2219 2324 qua
2259 2272 2353 2326 pro
2401 2259 2483 2321 sui
2536 2261 2750 2315 claustri
2775 2264 2879 2316 ritu
2922 2268 3000 2319 vel
3028 2279 3226 2323 mutant
3254 2275 3331 2325 vel
3359 2288 3570 2336 prmer-

1984 2347 2206 2413 ntittant,
2236 2366 2267 2402 a
2294 2354 2519 2423 regulari
2542 2362 2711 2409 tamen
2735 2359 2944 2414 omnino
2972 2366 3288 2432 professione
3322 2383 3423 2423 non
3454 2374 3559 2425 dis-

1980 2443 2191 2511 cedunt,
2225 2445 2385 2499 donec
2412 2457 2581 2502 tamen
2609 2450 2777 2506 sobrie
2806 2462 2853 2506 et
2876 2454 3019 2525 juslc
3050 2469 3096 2512 et
3127 2460 3208 2526 pie
3243 2479 3336 2531 pro
3359 2481 3569 2520 suorum

1984 2534 2210 2589 moribus
2238 2537 2399 2592 vivere
2436 2557 2539 2593 non
2587 2543 2838 2597 desistunt
2879 2546 2964 2618 (S.
2997 2546 3155 2605 Bern.
3206 2554 3269 2606 de
3320 2554 3489 2611 I’rtec.
3524 2572 3569 2612 et

1987 2625 2158 2696 [περἿ
2206 2645 2320 2695 cap.
2359 2632 2467 2703 16),
2510 2633 2615 2688 Sed
2648 2651 2680 2692 e
2710 2650 2769 2691 re
2818 2648 2996 2693 nostra
3027 2658 3132 2696 non
3181 2645 3286 2698 erit
3332 2647 3571 2703 fortassis

1985 2720 2241 2787 alienum,
2267 2724 2309 2776 δί
2337 2724 2405 2779 de
2429 2727 2509 2780 his
2537 2728 2627 2796 qui
2655 2745 2805 2784 suam
2841 2726 3179 2804 in'llegulatn
3210 2740 3268 2794 S.
3300 2741 3570 2798 Benedicti

1987 2813 2364 2884 impenderunt
2394 2835 2612 2889 operam
2646 2825 2792 2879 hreai
2823 2828 3172 2888 disseramus.

2060 2907 2167 2961 llos
2226 2910 2362 2965 inter
2414 2913 2617 2980 primus
2668 2920 3007 2975 occurritSt
3052 2922 3369 2980 Benedic-lus
3411 2928 3575 2985 abhis

1987 2997 2330 3063 Aniancnsis,
2364 3004 2611 3058 omnibus
2639 3006 2843 3062 ordinis
2875 3014 3155 3069 monastici
3201 3017 3430 3073 alumnis
3461 3022 3572 3075 sin-

1986 3091 2156 3159 gulari
2186 3096 2528 3152 veneratime
2562 3100 2843 3169 colendus,
2874 3104 2940 3156 ab
2973 3106 3204 3175 antiquis
3256 3110 3399 3165 Bene
3422 3113 3572 3168 :ictus

1987 3192 2253 3245 secundus
2284 3193 2477 3247 merito
2523 3197 2852 3265 appellatus;
2881 3208 2935 3254 et
2966 3206 3112 3255 certe
3153 3215 3271 3271 post
3329 3197 3571 3261 sanctum

1990 3280 2350 3350 legislatorem
2383 3286 2511 3340 nulli
2544 3289 2830 3344 secandus.
2866 3293 2936 3360 Is,
2978 3298 3439 3354 testanteArdnne
3456 3301 3574 3369 ejus

1989 3374 2269 3444 discipulo,
2315 3392 2462 3432 omne
2510 3379 2826 3435 desiderium
2877 3400 3027 3438 suum
3076 3387 3129 3440 in
3174 3388 3571 3446 observationem

1994 3464 2205 3535 Regula:
2230 3479 2566 3536 conuerterat,
2591 3487 2843 3544 suumque
2870 3475 2966 3529 hoc
2986 3480 3298 3548 permaxime
3319 3494 3426 3536 erat
3465 3496 3573 3538 stn-

299 3548 517 3619 chultn
541 3558 1023 3602 commentatorutn
1052 3547 1374 3615 exetnplaria
1402 3557 1492 3599 aut
1515 3562 1726 3614 perrara
1755 3546 1883 3610 sint,
1917 3547 1962 3611 C
1993 3555 2156 3623 (lium,
2188 3567 2239 3609 ut
2267 3559 2397 3613 nihil
2420 3560 2697 3633 intellectui
2718 3568 2828 3635 ejus
2854 3546 3232 3627 excederet”...
3259 3583 3304 3626 et
3336 3585 3388 3627 ut
3410 3586 3571 3629 031,".

296 3651 390 3696 aut
432 3639 483 3693 in
516 3639 758 3693 obscuris
805 3638 1249 3693 bibliothecarum
1292 3636 1514 3701 forulis.
1549 3652 1686 3705 pene
1735 3638 1877 3692 inco—

297 3733 465 3803 gnita,
510 3746 629 3786 cum
658 3730 838 3785 blattis
878 3741 933 3785 et
965 3731 1121 3785 tineis
1154 3731 1420 3793 rixentur;
1455 3745 1518 3784 ex
1567 3729 1879 3784 recentiori-

298 3825 397 3878 bus
426 3838 555 3879 vero
584 3823 820 3877 nonnulli
845 3822 984 3876 adeo
1021 3822 1249 3876 alienam
1286 3836 1314 3875 a
1347 3832 1526 3876 mente
1558 3821 1613 3877 S.
1647 3821 1878 3877 Benedi»

296 3914 368 3967 cti
397 3912 696 3968 doctrinam
721 3910 1056 3977 tradiderint,
1085 3922 1141 3966 ut
1168 3912 1299 3965 nihil
1348 3912 1525 3967 minus
1565 3928 1723 3982 quam
1764 3912 1880 3982 ejus

298 4007 553 4077 Regulam
607 4004 929 4075 esplicuisse
986 4006 1307 4070 videantur,
1376 4007 1493 4061 illos
1551 4023 1581 4062 e
1648 4007 1881 4063 tenebris

296 4113 509 4162 eruere,
535 4102 631 4151 hos
652 4111 779 4151 vero
800 4096 983 4165 aliquo
1005 4096 1163 4151 modo
1186 4099 1485 4165 revincere,
1510 4097 1640 4152 viris
1676 4099 1883 4168 aliquot

298 4192 493 4259 pietate
526 4189 876 4257 doctrinaque
904 4188 1208 4258 coaspicuis
1233 4203 1414 4256 Opera:
1447 4190 1677 4259 pretium
1706 4191 1878 4245 visum

297 4292 399 4336 est.
443 4280 778 4350 Quapropter
822 4295 943 4336 cum
973 4281 1237 4350 ejusmodi
1297 4283 1739 4336 commentarium
1786 4299 1881 4352 pro

295 4374 512 4427 modqu
541 4388 662 4427 meo
693 4373 875 4440 paucis
913 4373 1111 4427 abhinc
1165 4374 1321 4426 annis
1353 4374 1599 4444 proprios
1653 4373 1704 4427 in
1750 4390 1879 4429 usus

292 4465 667 4526 adornassem.
710 4465 870 4519 iidem
921 4464 1050 4518 mihi
1084 4478 1331 4519 auctores
1372 4465 1587 4521 luertmt
1618 4476 1673 4520 ut
1704 4465 1756 4520 id
1786 4482 1880 4535 pu-

294 4554 417 4608 blici
460 4556 593 4622 juris
626 4557 855 4609 iacerem
887 4570 901 4609 :
936 4565 994 4609 ut
1020 4565 1123 4609 tam
1153 4572 1219 4611 ex
1266 4558 1585 4613 auctoritate
1614 4568 1877 4623 veterum,

291 4659 519 4713 quorum
553 4646 638 4698 hic
667 4650 969 4715 testimonia
1000 4645 1067 4702 de
1098 4648 1263 4701 verbo
1289 4648 1595 4716 traduntur,
1626 4665 1785 4719 quam
1815 4666 1878 4705 ex

293 4735 466 4804 praxi,
520 4749 641 4805 qua:
689 4736 862 4804 legum
908 4737 1113 4804 optima
1154 4746 1240 4792 est
1293 4739 1577 4808 interpres,
1628 4750 1882 4808 appareat

289 4843 448 4898 quam
482 4828 637 4897 longe
662 4844 690 4880 a
719 4841 849 4882 \‘ero
879 4843 941 4883 ac
974 4831 1202 4899 genuino
1225 4835 1396 4885 sancti
1426 4831 1876 4886 Benedictisensu

290 4921 681 4985 aberraverint,
716 4921 804 4990 qui
838 4921 1071 4977 laxiores
1099 4923 1298 4979 docent
1329 4935 1384 4978 et
1432 4925 1731 4992 approbant
1762 4928 1878 4994 opi-

292 5017 481 5066 niones
505 5029 519 5077 ;
554 5015 820 5082 simulque
844 5016 1071 5084 perspici
1099 5018 1267 5083 possit
1296 5017 1422 5087 quid
1448 5017 1613 5071 dehis
1646 5018 1883 5071 sentien-

290 5108 416 5160 dum
472 5108 542 5162 sit
614 5124 840 5177 quorum
895 5122 1054 5163 sever
1076 5114 1213 5163 ores‘
1236 5110 1538 5174 sententia},
1596 5112 1880 5181 minusque

292 5198 511 5267 Regula:
573 5199 901 5256 discretione
969 5203 1249 5271 prtecipuie
1322 5205 1650 5269 conlormes,
1703 5204 1881 5273 ιηοοΐεδ

290 5297 499 5343 rttnlur.

362 5380 654 5435 Nommllos
684 5380 914 5436 fortasse
941 5395 1152 5438 moveat
1196 5384 1451 5455 frequens
1481 5403 1545 5441 ac
1587 5402 1873 5442 numerosa

292 5485 528 5529 veterum
560 5488 836 5530 auctorum
865 5478 1093 5544 propriis
1121 5479 1297 5531 verbis
1329 5481 1629 5549 eitpressio,
1662 5498 1779 5550 qua:
1806 5481 1881 5537 le-

289 5568 610 5621 stinantibus
637 5568 703 5622 ad
728 5568 987 5623 ulteriora
1022 5571 1331 5635 lectoribus,
1370 5583 1461 5626 aut
1490 5583 1768 5629 auctorum
1797 5575 1874 5631 le-

287 5662 466 5715 ctione
516 5662 731 5717 imbutis
784 5662 1054 5716 l'astidium
1105 5680 1210 5715 non
1259 5675 1385 5719 raro
1423 5684 1683 5736 generare
1713 5671 1873 5726 solet.

292 5750 485 5806 Verum
542 5768 664 5808 cum
715 5754 971 5823 Regulam
1031 5756 1087 5811 S.
1140 5756 1410 5811 Benedicti
1464 5763 1780 5818 auctoritate
1822 5777 1876 5820 et

230 5828 259 5857 ⁸
292 5843 439 5907 ρηκί
471 5857 709 5899 veterum
742 5845 825 5899 hic
856 5846 1043 5901 fulcire
1067 5854 1121 5903 et
1144 5860 1413 5914 exponere
1445 5847 1601 5904 luerit
1632 5852 1864 5921 animus,

1986 3649 2124 3701 deret
2147 3652 2474 3705 contentiosis
2501 3655 2645 3708 nulla
2674 3656 2861 3722 frivo.’a
2891 3676 3138 3731 cassaque
3158 3679 3190 3715 a
3214 3662 3278 3717 Β.
3301 3658 3574 3721 Benedicto

1976 3741 2121 3795 edita
2150 3731 2294 3810 fore,
2319 3744 2407 3797 sed
2433 3761 2579 3799 suam
2610 3763 2673 3801 ea:
2693 3749 2918 3803 aliorum
2949 3754 3133 3821 [ultam
3163 3771 3271 3810 esse
3302 3756 3572 3827 Regulam,

1984 3848 2139 3886 unum
2180 3836 2404 3891 collectis
2442 3840 2740 3909 regularum
2762 3846 3025 3900 sententiis
3060 3853 3342 3917 coniposuit
3367 3854 3573 3919 librarii,

1984 3925 2067 3978 cui
2094 3942 2275 3981 nomen
2305 3929 2538 3984 Concord
2551 3935 2592 3985 ἀ
2626 3932 2938 4005 Regularnm
2983 3938 3147 4005 dedit,
3175 3941 3244 3994 ita
3278 3951 3330 3993 ut
3360 3941 3423 3995 Β.
3467 3942 3569 3998 Be-

1985 4018 2170 4072 nedicti
2191 4022 2494 4089 precedent
2520 4029 2793 4090 sententia,
2822 4027 2867 4080 ei
2905 4038 3021 4081 vero
3042 4032 3414 4087 rationabiiiter
3442 4053 3571 4090 ton-

1986 4111 2235 4165 venientes
2253 4114 2599 4185 jungerentur
2623 4116 2880 4187 deinceps.

2058 4203 2134 4258 Bo
2163 4220 2325 4272 Opere
2355 4224 2458 4263 non
2501 4223 2687 4277 parum
2742 4211 2965 4278 profecit
3005 4214 3349 4286 Smaragdus,
3400 4220 3566 4277 abbas

1988 4294 2047 4349 S.
2084 4295 2355 4351 Michaelis
2397 4299 2449 4353 in
2490 4313 2622 4369 agro
2653 4301 3004 4368 Virdunensi,
3046 4305 3097 4359 in
3149 4311 3431 4363 condendo
3469 4328 3569 4365 suo

1986 4402 2148 4458 super
2190 4389 2443 4460 Regulam
2491 4406 2731 4449 sanctam
2794 4400 3202 4467 commentario,
3244 4417 3404 4472 quem
3460 4421 3570 4459 nm

1986 4485 2159 4540 solum
2200 4502 2265 4540 cx
2294 4487 2456 4543 variis
2508 4489 2847 4559 antiquarum
2895 4493 3200 4562 regularum
3247 4500 3565 4561 sententiis,

1986 4580 2080 4633 sed
2106 4593 2169 4634 es
2194 4580 2423 4636 diversis
2456 4582 2671 4651 insuper
2700 4582 2800 4639 SS.
2832 4583 3046 4640 Patrum
3077 4585 3252 4653 dictis,
3279 4604 3571 4658 suppresso

1986 4680 2262 4725 auctorum
2306 4690 2545 4739 nurnine,
2595 4678 2902 4744 contexuit,
2946 4693 3080 4747 opus
3113 4689 3259 4735 tanto
3307 4684 3570 4753 scriptore

1984 4762 2203 4832 dignum
2238 4803 2255 4828 ,
2290 4758 2540 4832 quamvis
2589 4767 2639 4820 in
2694 4769 3020 4837 assignaudo
3066 4786 3192 4826 vero
3245 4783 3298 4828 et
3338 4776 3568 4843 genuino

1987 4854 2129 4909 illius
2168 4867 2389 4924 parente
2414 4872 2518 4910 non
2543 4874 2732 4914 omnes
2768 4863 3401 4927 consentiant.Nonnulli
3426 4870 3568 4923 enim

1907 4926 1956 4984 ι)
1990 4943 2207 4998 Rabano
2241 4947 2630 5015 Moguntinensi
2663 4950 3073 5023 archiepiscopo
3098 4955 3224 5009 illud
3255 4959 3563 5024 ascribunt;

1988 5034 2083 5089 scd
2110 5050 2266 5104 quam
2289 5050 2591 5106 perperam,
2618 5040 2807 5107 probat
2832 5052 3013 5096 noster
3038 5044 3376 5101 Mahillonius
3400 5049 3453 5102 in
3477 5065 3569 5103 ve-

1991 5137 2164 5183 terum
2223 5130 2600 5185 Analectorum
2654 5142 2797 5188 torno
2831 5134 2893 5199 ll,
2934 5136 3086 5205 cujus
3115 5138 3180 5192 ad
3226 5139 3571 5208 probationes

1990 5218 2127 5274 hanc
2155 5222 2314 5275 etiam
2371 5221 2568 5277 addere
2607 5224 2750 5289 licet,
2784 5227 2925 5294 quod
2977 5227 3076 5281 sub
3124 5228 3403 5299 Smaragdi
3458 5234 3566 5285 \eri

1987 5311 2223 5365 auctoris
2252 5312 2467 5367 nomine
2486 5318 2678 5368 citetur
2708 5331 2735 5367 a
2764 5316 3037 5371 Gratiano.
3067 5319 3325 5375 Eumdem
3371 5324 3567 5375 librum

1988 5401 2283 5472 Smaragdo
2299 5403 2524 5468 Ardoui,
2547 5405 2813 5460 Benedicti
2835 5409 3154 5464 Anianensis
3169 5410 3451 5480 discipulo,
3479 5412 3573 5466 tri-

1984 5493 2097 5549 buit
2124 5495 2440 5561 illenarilns;
2473 5508 2522 5551 ei
2547 5498 2759 5567 quidem
2792 5502 3135 5557 consentiunt
3168 5520 3383 5569 nomen,
3413 5516 3571 5569 ictas,

1989 5598 2304 5658 tempusque
2344 5593 2600 5656 auctoris,
2627 5603 2784 5661 atque
2817 5610 2942 5648 usus
2974 5594 3289 5650 Concordia:
3334 5595 3569 5663 Regula-

1986 5692 2138 5739 rutn;
2169 5690 2220 5730 at
2250 5694 2288 5732 r.
2311 5678 2543 5748 fragatur
2578 5681 2860 5735 abbatialis
2893 5684 3141 5751 dignitas,
3188 5700 3352 5753 quam
3403 5701 3559 5737 com-

1986 5770 2231 5824 mentarii
2262 5770 2513 5841 scriptori
2562 5774 2801 5828 tribuunt
2850 5775 3062 5828 codices
3092 5789 3250 5844 tnss.,
3282 5792 3381 5831 nec
3420 5790 3573 5832 asse-

1982 5871 2139 5916 cutus
2170 5872 2250 5916 est
2282 5862 2608 5935 Smaragdus
2641 5864 2980 5918 Anianensis.
3006 5866 3108 5920 Alii
3151 5868 3378 5940 denique
3398 5868 3573 5927 Sitta-
