4102 6360
579 264 678 319 207

1883 268 1936 325 S.
1981 271 2043 324 Ρ.
2088 266 2525 326 ΒΕΧΕῡΙΕΤΕδ.

3730 266 3847 320 ξοδ

581 380 801 447 ragdum
830 378 1076 435 abbatem
1103 381 1568 449 Lunebuigeasem
1605 381 1761 450 hujus
1784 382 2151 437 commentarii
2184 385 2234 443 Α
2263 393 2402 436 sunt.
2431 382 2675 437 Exennte
2699 394 2874 435 tamen
2894 383 3088 437 szeculo
3113 398 3181 445 ιι,
3209 384 3391 437 beatus
3410 381 3647 448 Tlieuzo,
3675 400 3739 435 ,ο
3758 376 3844 436 in.

578 480 873 539 ngaosetmt
904 479 1198 537 auctorem,
1225 473 1314 540 qui
1344 473 1503 525 etiam
1552 482 1731 526 exstat
1775 473 1824 525 in
1865 470 2148 525 Parisiensi

577 562 635 615 S.
669 560 917 615 Germani
969 563 1286 617 bibliotheca
1343 565 1441 629 sub
1501 566 1717 619 nomine
1772 565 1833 620 S.
1896 563 2150 618 Dunstani

578 652 845 722 scriptus;
884 654 977 710 sed
1012 656 1084 708 illi
1124 655 1325 709 tardius
1372 656 1644 718 vixerunt,
1691 656 1903 711 decimo
1947 655 2153 710 scilicet

579 745 800 807 saeculo,
834 758 989 812 quam
1024 754 1080 798 ut
1109 744 1186 798 eis
1218 748 1386 813 possit
1414 746 1571 799 tribui
1624 746 1760 801 fetus
1796 761 1952 815 quem
1996 748 2152 815 longo

582 842 705 888 ante
733 844 968 903 tempore
999 835 1249 889 emissum
1280 835 1439 890 fuisse
1461 846 1685 891 constat.

655 944 1000 1013 Smaragdnm
1028 945 1273 1013 excipere
1311 944 1471 1000 debet
1517 946 1883 1009 l!ildemarns,
1935 945 2153 1000 Franet-

580 1052 714 1104 gena
748 1038 1056 1102 tnonaclius,
1085 1037 1173 1107 qui
1215 1038 1469 1093 Ludovici
1499 1038 1577 1092 Pii
1629 1038 1969 1108 imperatoris
2023 1051 2156 1093 te.u-

582 1130 799 1196 poribus
827 1128 1065 1182 ﬂorebat.
1121 1130 1166 1184 ls
1210 1132 1278 1184 ab
1307 1131 1632 1201 Angellierto
1662 1131 2045 1187 Mediolanensi
2069 1146 2155 1185 ar-

582 1217 920 1288 chLepisc0po
946 1221 1236 1274 accersitus
1269 1222 1320 1274 in
1349 1221 1572 1290 italiam,
1617 1231 1667 1275 et
1714 1222 1779 1275 ad
1808 1222 2150 1290 Rampertnm

581 1307 910 1363 Brixiensem
944 1312 1255 1380 episeopum
1288 1313 1479 1365 missus
1503 1355 1517 1378 ,
1554 1313 1675 1367 vitae
1705 1314 1891 1366 Severi:
1916 1314 1989 1366 ris
2031 1328 2154 1366 nor-

584 1414 722 1453 mam
762 1400 812 1453 in
836 1402 1162 1455 monasterio
1204 1403 1299 1458 SS.
1332 1403 1570 1458 FauSIini
1604 1414 1657 1460 et
1687 1404 1873 1459 Joritae
1902 1406 2151 1460 restituit.

582 1490 652 1545 lbi
683 1491 938 1560 optimum
963 1493 1199 1547 omnimn
1233 1496 1296 1563 (si
1324 1496 1447 1563 quid
1474 1496 1675 1563 judico)
1706 1496 2149 1569 commentarium

582 1582 633 1634 in
653 1580 906 1652 Regulam
934 1582 993 1637 8.
1021 1583 1290 1639 Benedicti
1315 1587 1631 1655 composuit,
1662 1603 1815 1654 quem
1842 1588 2004 1641 Paula
2033 1588 2153 1641 Dia-

581 1688 719 1725 cono
762 1674 869 1741 jam
922 1683 1047 1729 ante
1088 1691 1257 1729 annos
1316 1687 1598 1731 sexcentos
1643 1679 2004 1748 ascripserunt
2045 1680 2151 1733 Leo

584 1763 909 1818 Marsicanus
939 1773 993 1819 et
1035 1764 1223 1821 Petrus
1258 1768 1541 1835 Diaconus,
1570 1770 1982 1837 astipulantibns
2029 1770 2153 1823 Ber-

580 1856 745 1907 uardo
769 1855 1095 1924 Cassinensi,
1124 1869 1175 1912 et
1198 1860 1356 1913 Petro
1381 1859 1627 1913 Bolterio.
1644 1860 1714 1914 At
1738 1860 1900 1913 Paulo
1919 1860 2149 1914 Diacono

581 1947 934 1999 recentiorem
967 1962 1086 2001 esse
1117 1949 1309 2004 exinde
1340 1950 1677 2005 manifestum
1709 1959 1813 2015 est,
1845 1951 1985 2021 quod
2022 1954 2153 2005 cite-

553 2041 669 2087 rtur
694 2034 745 2087 in
777 2049 842 2089 eo
879 2038 1205 2093 celebratum
1252 2041 1576 2111 Aquisgrani
1608 2042 1707 2097 sub
1739 2041 2009 2097 Ludovico
2059 2043 2151 2099 Pio

566 2124 884 2191 concilium,
909 2141 1028 2180 cum
1058 2128 1230 2183 tamen
1264 2128 1459 2185 Paulus
1504 2133 1702 2187 sateulo
1742 2148 1836 2187 vni
1862 2134 2035 2187 vivere
2059 2135 2154 2190 de-

580 2212 750 2268 sierit.
784 2215 1039 2272 Eutndem
1096 2218 1373 2276 Ruthardo
1427 2221 1789 2294 llirsaugiensi
1840 2227 2149 2295 monacho,

572 2304 866 2361 Babani‘et
907 2311 1081 2364 Strabt
1132 2311 1359 2365 auditori
1391 2314 1610 2367 ascribit
1640 2316 1996 2381 'l'ritheniius;
2042 2318 2122 2371 lin

564 2398 769 2453 'thardo
798 2403 1324 2457 monasterii‘Eremi
1362 2405 1422 2458 Β.
1457 2405 1634 2460 Maria:
1677 2409 1727 2461 in
1764 2409 2013 2464 llelvetiis
2044 2411 2152 2464 Me-

560 2490 801 2544 ~nardus.
858 2496 924 2544 At
968 2507 1139 2560 neque
1182 2492 1498 2561 Germanus,
1546 2512 1720 2567 neque
1767 2500 2020 2554 llelvetus
2054 2502 2154 2556 fuit

564 2583 890 2650 >auctor,qui
919 2583 1230 2637 monaSterii
1257 2586 1336 2639 sui
1366 2587 1414 2638 in
1449 2584 1675 2641 Francia
1703 2605 1808 2643 non
1836 2592 2000 2646 semel
2029 2592 2155 2646 facit

566 2673 924 2727 attentionem.
954 2675 1218 2729 ‘Eumdetn
1251 2677 1410 2731 etiam
1444 2680 1773 2749 in'Augiensi
1826 2686 2154 2739 monasterio

581 2765 1130 2834 reperitblabillonins
1160 2778 1338 2822 noster
1367 2785 1486 2823 eum
1521 2771 1617 2825 hac
1637 2772 2021 2843 inscriptione:
2060 2774 2153 2831 ln-

563 2859 703 2927 --cipit
738 2857 1001 2929 Expositio
1051 2858 1234 2913 Basilii
1268 2862 1458 2917 abbatis
1488 2881 1638 2935 super
1668 2865 1918 2938 Ilegnlam
1950 2868 2010 2924 S.
2056 2869 2155 2925 Be-

580 2952 679 3003 ncd
700 2952 771 3003 cti
825 2951 1020 3005 abbatis
1079 2952 1337 3023 primitus.
1393 2957 1459 3008 At
1522 2958 1808 3024 genuinum
1866 2960 2153 3015 llildeniari

580 3040 741 3109 fetum
772 3055 891 3097 esse
941 3043 1165 3112 probant
1193 3042 1451 3100 Gallicani
1488 3048 1699 3103 codices
1754 3066 1883 3105 mss.
1918 3052 2149 3119 plurimi,

583 3133 815 3186 maxime
876 3135 1267 3188 Vetustissimos
1316 3153 1378 3189 ex
1440 3126 1759 3193 bibliotheca
1813 3143 1870 3196 S.
1934 3141 2148 3213 Benigni

582 3225 937 3288 Divioneusis,
989 3226 1055 3277 ab
1111 3224 1263 3278 annis
1310 3227 1523 3279 circiter
1578 3230 1893 3298 octingentis
1958 3247 2151 3286 exara-

580 3327 685 3379 tus,
734 3317 818 3370 eui
879 3317 991 3370 lucc
1022 3318 1310 3383 pra-figitur
1352 3319 1663 3387 inscriptio:
1700 3318 1888 3386 Incipit
1922 3321 2151 3378 Traditio

578 3423 727 3477 super
762 3406 1006 3475 Regulam
1038 3406 1099 3460 S.
1156 3406 1439 3470 Benedicsi,
1474 3427 1626 3479 quam
1680 3415 1919 3481 magister
1970 3415 2151 3469 llilde-

579 3514 748 3550 marus
780 3499 1058 3551 monac/tus
1082 3501 1291 3551 tradidit
1319 3511 1365 3552 et
1396 3500 1567 3553 docuit
1594 3503 1861 3571 discipulis
1891 3508 2017 3559 suis.
2051 3509 2147 3560 Cui

581 3590 716 3640 lavet
750 3588 974 3656 epistola
1000 3589 1167 3656 ipsius
1224 3589 1537 3657 llildemari,
1567 3610 1683 3662 qua:
1711 3596 1883 3664 capite
1919 3598 1988 3651 58
2019 3598 2152 3653 intc-

582 3694 675 3748 δι’.)
718 3682 964 3733 refertur.
995 3680 1146 3734 Adde
1174 3684 1313 3751 quod
1344 3683 1398 3736 in
1428 3695 1587 3753 caput
1630 3688 1713 3752 14,
1743 3704 1907 3756 agens
1934 3676 2001 3744 de
2030 3705 2153 3745 san-

593 3781 794 3825 rtorum
839 3772 1235 3839 festivitatibus,
1288 3774 1339 3828 in
1394 3778 1695 3845 exemplum
1748 3781 1962 3836 adducit
2012 3783 2147 3837 festa

586 3865 686 3920 SS.
717 3862 1010 3931 Ambrosii,
1038 3865 1261 3920 Protasii
1292 3876 1346 3921 et
1366 3866 1627 3935 Gervasii,
1660 3871 1906 3940 Naboris,
1943 3874 2148 3929 Nazarii

552 3956 813 4018 -etCelsi,
837 3965 1140 4009 sanctorum
1165 3957 1413 4013 dimeesis
1435 3959 1872 4025 Mediolanensis,
1903 3965 1986 4017 cui
2018 3980 2151 4032 prte-

579 4041 1083 4117 eratAngilbettus,
1117 4049 1207 4118 qui
1245 4049 1604 4105 llildemarum
1642 4068 1705 4106 ex
1740 4053 1965 4109 Francia
1989 4055 2150 4111 advo-

544 4150 811 4193 scaverat.
841 4140 1430 4205 Beniqnein-Bomanis
1461 4147 1768 4200 monasterii
1800 4150 1969 4202 sancti
1999 4148 2148 4205 Pauli

547 4263 554 4271 -
577 4231 1082 4299 Consuetudinibus,
1109 4242 1232 4288 ante
1251 4251 1417 4290 annos
1440 4239 2034 4309 sexeentosdvseriptis,
2051 4243 2151 4296 sub

582 4323 798 4377 nomine
846 4322 1137 4378 llildemari
1168 4326 1713 4384 biceommentarins
1770 4331 2039 4400 laudatur,
2090 4344 2147 4388 ιιι

578 4412 707 4466 nulli
735 4412 953 4466 dubium
996 4428 1276 4482 superesse
1324 4416 1515 4471 debeat
1569 4420 1697 4487 quin
1752 4423 1957 4491 vulgata
2002 4424 2145 4478 Pauli

2256 474 2337 527 nis
2368 472 2634 527 Gnalberti
2668 474 2981 542 discipulus,
3033 485 3085 529 et
3134 476 3298 529 abbas
3329 475 3385 530 S.
3422 475 3568 529 Pauli
3599 475 3666 529 de
3702 476 3846 529 ltaz-

2256 566 2392 630 zolo,
2412 564 2624 634 scripsit
2647 566 2697 618 in
2721 565 2962 619 eamdem
2985 564 3235 633 [tegulam
3260 566 3725 629 commentarium,
3743 567 3841 635 qui

2255 672 2358 712 ms.
2400 658 2623 712 habetur
2651 658 2702 711 in
2751 657 3161 725 locupleti-sima
3209 658 3383 726 magni
3418 657 3568 710 duc's
3600 657 3842 712 Etruria:

2255 748 2588 803 bibliotheca.

2296 840 2297 843 “
2328 840 2487 892 Paulo
2519 838 2788 893 fecundius
2814 839 3307 898 cxstiitsreculnm
3343 855 3431 899 sn.
3462 840 3514 892 in
3549 852 3653 907 quo
3701 852 3845 908 qua-

2258 936 2376 982 tuor
2405 938 2507 980 lant
2543 929 2736 994 pietate
2758 942 2913 997 quam
2947 928 3188 981 doctrina
3222 928 3462 997 insignes
3489 929 3707 997 ltegulm
3740 944 3843 981 no-

2256 1029 2376 1071 stra:
2405 1020 2738 1085 exposito:es
2767 1034 2886 1071 sese
2926 1019 3077 1072 nobis
3105 1018 3362 1087 objiciunt
3398 1036 3410 1069 :
3445 1018 3713 1088 Rnpertus
3745 1019 3846 1070 ab-

2256 1109 2348 1163 bas
2374 1108 2665 1162 Tuitiensis
2705 1108 2938 1161 ctenobii
2968 1108 3121 1177 juxta
3164 1108 3438 1161 Colooiam
3468 1108 3843 1177 Agrippinam,

2257 1201 2334 1254 vir
2363 1199 2413 1253 in
2458 1200 2651 1254 divinis
2681 1200 2972 1266 Scripturis
3002 1215 3031 1254 a
3072 1200 3275 1267 Spiritu
3308 1209 3493 1253 sancto
3541 1215 3573 1269 p
3594 1217 3634 1254 ~r
3663 1201 3846 1253 visum

2256 1292 2529 1353 eruditus;
2566 1290 2754 1345 Petrus
2787 1290 3047 1343 Diaconus
3098 1290 3389 1343 monac-lius
3420 1292 3755 1344 Cassinensis
3788 1301 3846 1343 rt

2256 1380 2731 1445 bibliothecarius;
2763 1382 2824 1435 8.
2858 1379 3213 1449 llildegardis,
3247 1381 3413 1448 prima
3440 1379 3844 1433 Montis-Sancti

2258 1471 2475 1537 Ruperti
2503 1472 2779 1540 Bingensis
2802 1470 2856 1525 in
2881 1471 3103 1526 dimcesi
3133 1469 3520 1541 bloguntinensi
3545 1471 3647 1524 abb
3683 1471 3844 1530 tissa.

2259 1564 2532 1619 Bernardo
2587 1565 2761 1618 .bbati
2812 1564 3216 1618 Clarmvallensi
3274 1566 3410 1619 bene
3462 1572 3619 1627 nota,
3660 1567 3843 1633 ~cu,'us

2256 1655 2453 1725 scripta
2502 1656 2574 1709 ab
2610 1656 2844 1723 Eugenio
2892 1656 3031 1724 Papa
3081 1655 3142 1709 Ill
3175 1670 3353 1709 corrm
3402 1656 3589 1710 eodem
3620 1656 3674 1710 S.
3715 1657 3843 1710 Ber-

2184 1769 2230 1829 Β
2260 1748 2449 1815 nardo,
2491 1748 2757 1817 episcopis
2801 1759 2858 1802 et
2896 1736 3253 1802 cardinalibus
3298 1748 3455 1809 lecta,
3495 1748 3547 1802 in
3574 1757 3843 1802 conventu

2258 1841 2561 1895 Trevirensi
2618 1842 2928 1894 c0ullr.uata
2980 1848 3138 1905 Sunt;
3197 1853 3259 1894 ac
3318 1839 3530 1894 tandem
3588 1839 3843 1909 magister

2258 1931 2561 2000 Stephanus
2608 1933 2942 1985 Parisiensis.
2980 1931 3043 1984 Et
3071 1931 3280 2000 quidem
3314 1930 3423 1984 duo
3469 1931 3693 2000 priores.
3729 1931 3840 1983 Rn-

2259 2034 2441 2095 pertns
2484 2026 2687 2078 scilicet
2725 2035 2779 2078 et
2824 2024 3031 2090 Petrus,
3064 2034 3293 2093 quatuor
3325 2023 3422 2077 hac
3465 2023 3533 2078 de
3565 2040 3622 2079 re
3673 2023 3842 2078 libros

2256 2120 2604 2187 scripserunt,
2636 2117 2693 2170 S.
2741 2115 3074 2185 llildegardis
3102 2115 3313 2168 unicum
3343 2130 3391 2169 e:
3428 2115 3667 2177 brevem,
3709 2114 3841 2169 Ste-

2258 2209 2464 2277 phanns
2494 2208 2809 2262 Parisiensis
2840 2208 2965 2259 item
3013 2207 3248 2268 unicum,
3282 2221 3439 2274 quem
3471 2204 3723 2260 Rolfredo
3758 2206 3841 2289 Iin-

2257 2299 2463 2365 sulauo,
2496 2298 2591 2353 SS.
2623 2294 2913 2352 Marcellini
2942 2305 2996 2349 et
3040 2296 3177 2350 Petri
3212 2298 3527 2367 presbytero
3551 2297 3839 2360 cardinali,

2255 2388 2591 2443 Cassinensis
2608 2389 2835 2443 etnnobii
2856 2386 3057 2451 abbati,
3090 2386 3311 2455 ejusque
3339 2387 3613 2451 fratribus,
3648 2389 3839 2441 inscri-

2261 2476 2363 2544 psit
2397 2494 2407 2528 :
2443 2475 2583 2545 quod
2614 2490 2750 2544 opus
2776 2490 2933 2528 manu
2963 2489 3239 2528 exara1um
3272 2484 3577 2529 asservatnr
3601 2476 3656 2529 in
3691 2475 3841 2528 Uni.

2257 2567 2427 2620 niensi
2455 2567 2753 2622 Germania:
2780 2567 3107 2622 monasterio
3135 2582 3297 2636 prope
3330 2569 3620 2637 Augustam
3647 2567 3837 2623 \‘iude.

2257 2658 2499 2714 licorum.

2328 2750 2420 2803 llis
2451 2749 2713 2818 subjicere
2756 2766 3033 2818 possemus
3067 2750 3400 2805 Edmundum
3430 2751 3678 2805 Stoullon
3708 2750 3839 2805 Gla-

2253 2841 2455 2894 sconite
2484 2841 2823 2904 monachum,
2849 2850 2904 2896 et
2943 2839 3284 2895 Guillelmum
3318 2840 3603 2893 Peraldum
3632 2840 3838 2893 ordinis

2258 2932 2670 2987 Prmdicatorum
2718 2944 2769 2987 et
2801 2933 3108 3002 episcopum
3155 2932 3588 3001 Lugdunensem,
3622 2934 3711 3001 qui
3745 2948 3840 2987 ex~

2257 3024 2550 3091 positiones
2579 3026 2628 3077 in
2654 3024 2906 3091 Regulam
2931 3025 2987 3078 S.
3015 3026 3281 3079 Benedicti
3314 3027 3596 3092 scripsisse
3618 3025 3838 3078 tradun-

2180 3141 2223 3204 ρ
2259 3122 2344 3167 tnr
2372 3115 2423 3167 in
2454 3114 2727 3168 Possevini
2756 3128 3011 3184 apparatu
3048 3130 3222 3169 sacro.
3247 3114 3352 3169 Sed
3384 3113 3483 3168 Gui
3512 3114 3655 3168 lelmi
3688 3116 3836 3168 lucu:

2246 3206 2427 3260 .bratio
2455 3206 2597 3259 aliud
2626 3208 2758 3259 nihil
2783 3218 3043 3276 estquam
3076 3209 3308 3275 opt’mus
3334 3215 3591 3259 tractatus
3614 3206 3683 3259 de
3713 3221 3836 3275 ιιτος

2256 3298 2488 3352 fessione
2521 3298 2936 3366 monachorum,
2993 3308 3099 3351 tres
3132 3299 3182 3351 in
3234 3308 3412 3365 partes
3466 3299 3693 3361 divisus,
3741 3299 3833 3362 qui

2256 3388 2479 3444 Parisiis
2507 3406 2647 3443 anno
2682 3390 2838 3455 1512,
2887 3406 3010 3445 cum
3045 3399 3271 3445 tractatu
3322 3391 3542 3445 Joannis
3570 3391 3731 3444 Nider
3762 3391 3835 3445 De.

2258 3480 2636 3535 reformatione
2666 3481 3056 3551 religiosorum,
3091 3483 3284 3551 prodiit
3326 3484 3375 3534 in
3411 3483 3598 3536 lucem.
3650 3481 3835 3535 Exstat

2250 3586 2354 3623 ms.
2389 3571 2440 3623 in
2489 3571 2809 3625 bibliotheca
2838 3572 2897 3626 S.
2924 3572 3173 3625 Germani
3204 3588 3232 3626 a
3286 3572 3459 3627 Pratis
3490 3572 3588 3627 sub
3620 3573 3834 3626 nomine

2250 3661 2521 3717 Guillelmi
2555 3662 2899 3716 Pictaviensis
2933 3680 2946 3716 :
2981 3662 3034 3716 in
3064 3663 3476 3718 Gemineticensi
3510 3673 3562 3716 et
3613 3663 3832 3733 Lyrensi

2246 3752 2453 3818 absque
2476 3754 2715 3806 auctoris
2744 3755 2981 3807 nomine.

2326 3843 2492 3898 Venio
2532 3844 2596 3896 ad
2646 3845 2936 3912 scriptores
2967 3843 3313 3898 Cassinenses
3348 3844 3699 3909 Bernardum,
3741 3844 3832 3897 Ni-

2252 3933 2453 3988 colaum
2489 3933 2889 3988 etBieliardum
2943 3933 3010 3989 de
3057 3935 3114 3989 S.
3149 3935 3376 4004 Angela,
3425 3936 3617 4003 quibus
3664 3951 3832 3991 annn-

2254 4044 2465 4085 merare
2494 4044 2777 4100 possumus
2810 4031 3019 4083 Petrum
3047 4027 3353 4091 Boherium,
3383 4029 3689 4097 episcopum
3735 4029 3833 4084 Ur-

2252 4120 2587 4184 bevetanum,
2623 4130 2679 4173 ut
2715 4129 2838 4187 tote
2866 4119 2952 4188 qui
2994 4117 3281 4187 aliquando
3309 4116 3515 4172 Cassini
3539 4129 3590 4173 et
3616 4119 3831 4175 Sublaci

2251 4220 2492 4264 versatus
2523 4225 2551 4263 8
2573 4217 2611 4263 ι.

2323 4300 2622 4355 Bernardns
2648 4301 2866 4353 natione
2891 4299 3095 4363 Gallus,
3118 4301 3171 4352 in
3201 4299 3488 4370 Scripturis
3512 4301 3702 4353 sanctis
3724 4313 3831 4354 stu-

2251 4392 2425 4445 diosus
2447 4403 2491 4446 et
2516 4392 2766 4457 eruditus,
2815 4394 3066 4461 regularis
3088 4394 3373 4461 disciplina?
3392 4395 3585 4447 zeloms
3606 4406 3828 4458 amator,

546 4504 789 4558 diaconi
848 4503 1063 4558 nomine
1123 4509 1506 4562 commemmo
1565 4483 1869 4566 “ﬁdem”;
1914 4516 2147 4583 genuino
2178 4485 2452 4565 Dingem’o
2480 4483 2701 4550 subtilis,
2736 4486 2947 4539 consilio
2995 4495 3282 4555 promptus,
3333 4486 3580 4539 sententia
3606 4486 3829 4553 solidus,

572 4597 780 4668 auctori
798 4598 865 4650 sit
891 4597 1223 4652 vindicanda.

650 4710 764 4766 Non
797 4706 964 4766 multo
988 4720 1125 4781 post,
1154 4713 1256 4767 sub
1297 4714 1454 4769 linem
1496 4717 1743 4774 nimirum
1777 4723 1954 4777 seculi
2002 4722 2149 4790 noni,

548 4803 886 4873 “llugboldus
918 4803 1235 4860 Elnonensis
1263 4809 1578 4876 monachus,
1611 4811 1961 4869 Remeusibns
1994 4816 2152 4869 scho-

551 4896 644 4950 -|is
674 4912 703 4949 a
735 4892 969 4953 Fulcobe
996 4897 1399 4969 archiepiscopo
1454 4902 1761 4970 prmfectus,
1805 4921 1867 4958 ex
1921 4906 2148 4960 diversis

548 4986 673 5043 ‘SS.
708 4984 925 5039 Patrum
969 4988 1252 5042 sententiis
1293 4989 1349 5042 in
1376 5006 1565 5045 unum
1617 4993 1873 5059 collectis,
1935 4997 2149 5063 exposi-

549 5077 777 5131 -tionem
811 5076 861 5129 in
892 5077 1142 5147 [tegulam
1171 5079 1227 5134 S.
1255 5080 1536 5136 Benedicti
1555 5085 1874 5152 composuit,
1906 5102 2023 5152 qua:
2046 5101 2147 5141 ms.

575 5180 889 5224 asservatur
912 5169 962 5224 in
994 5171 1286 5239 percelebri
1313 5174 1371 5230 S.
1392 5176 1625 5230 amandi
1653 5177 1788 5247 apud
1822 5177 2008 5249 Belgas
2034 5196 2151 5233 mo-

576 5259 831 5315 nasterio.
922 5286 927 5289 ι

644 5375 1099 5444 Subsequentibus
1141 5377 1349 5431 duobus
1377 5380 1587 5433 smculis
1629 5396 1659 5433 χ
1684 5388 1737 5433 et
1766 5396 1839 5446 si,
1868 5383 1949 5435 vix
1984 5383 2147 5437 ullum

577 5465 793 5534 Regula:
833 5465 1187 5521 Benedictina:
1235 5469 1581 5533 interpretem
1629 5471 1862 5539 reperire
1889 5482 1989 5526 est.
2019 5474 2149 5529 Nam

578 5557 666 5622 qui
693 5565 1037 5609 recensentur
1059 5556 1113 5609 S.
1139 5557 1441 5611 Damsmnus
1464 5568 1517 5611 et
1538 5558 1594 5613 S.
1622 5560 2014 5629 Atlielwoldns,
2042 5582 2151 5621 non

585 5655 689 5701 tam
715 5646 966 5717 Regulam
990 5649 1299 5715 exposuisse
1319 5664 1473 5717 quam
1496 5654 1871 5721 recognovisse
1897 5666 1948 5709 et
1972 5671 2155 5712 emen-

586 5735 761 5805 dasse,
806 5740 974 5795 autin
1007 5740 1279 5809 Anglicum
1298 5739 1519 5802 .idloma
1564 5746 1896 5803 transtu'isse
1945 5748 2150 5806 dicendi

2258 4576 2459 4643 eloquio
2482 4584 2689 4645 apertus
2719 4585 2762 4628 et
2785 4577 3117 4642 compositus,
3152 4584 3209 4629 ιιι
3236 4576 3307 4629 ait
3331 4576 3683 4639 Trithemius,
3725 4593 3832 4629 mo-

2257 4662 2450 4715 nachus
2479 4648 2698 4729 primum
2727 4674 2773 4715 et
2803 4664 2955 4716 abbas
2982 4666 3275 4718 monasterii
3306 4665 3367 4719 S.
3386 4652 3657 4719 'Honorati
3689 4665 3831 4717 Leri-

2256 4753 2447 4816 nensis,
2477 4753 2529 4805 in
2586 4752 2801 4818 Gallia;
2831 4754 3012 4809 deinde
3058 4757 3209 4826 jussu
3241 4755 3433 4811 Urbani
3469 4756 3628 4822 Papa:
3664 4755 3691 4808 Ι
3708 4754 3745 4808 ν
3780 4759 3830 4811 in

2254 4844 2424 4896 locum
2452 4847 2717 4916 cujusdam
2750 4844 2998 4901 Tlicodini
3037 4848 3271 4901 monachi
3310 4848 3647 4912 Cassiurnsis,
3681 4852 3834 4903 Acer-

2254 4949 2429 4985 rarunt
2455 4936 2677 5005 episc0pi
2706 4937 2885 5001 electi,
2940 4938 3004 4991 de
3057 4938 3298 4992 mandato
3330 4938 3593 5008 Manfredi
3640 4938 3835 4993 Turrit-

2254 5025 2347 5078 lini
2369 5027 2613 5096 principis
2653 5026 2804 5081 abbas
2844 5030 3295 5101 qu.’nquagcsimus
3344 5047 3507 5083 nonus
3540 5032 3836 5083 monasterii

2257 5114 2567 5169 Cassinensfs
2595 5128 2795 5172 creatus
2821 5137 2957 5173 anno
2992 5119 3145 5181 1‘265,
3170 5121 3617 5190 quemadmodum
3643 5122 3835 5176 scribit

2259 5207 2525 5262 Arnoldns
2558 5209 2733 5277 \Vion,
2768 5225 2829 5267 ae
2880 5222 3060 5280 postea
3119 5213 3174 5266 8.
3211 5214 3272 5265 ιι.
3320 5214 3381 5267 E.
3409 5214 3721 5275 earilinalis.
3767 5218 3833 5267 ad

2248 5312 2441 5367 preces
2473 5308 2526 5355 et
2556 5301 2862 5370 petitionem
2893 5302 3112 5357 Thema:
3159 5304 3342 5357 decani
3374 5312 3423 5357 i-t
3458 5304 3675 5357 fratrum
3706 5303 3833 5357 (ἓως.

2254 5390 2571 5457 sinensinm,
2622 5394 2834 5462 scripsit
2864 5398 3135 5465 egregium
3168 5412 3328 5465 super
3362 5396 3616 5464 Regulam
3637 5395 3695 5449 S.
3731 5396 3834 5448 Bc-

2257 5480 2454 5534 nedieti
2509 5494 2837 5537 commentor
2860 5500 2971 5551 Ian,
3003 5501 3157 5554 quem
3206 5488 3333 5539 tanti
3388 5486 3564 5541 fecere
3612 5486 3835 5553 ιιοει‹·ιὶ.

2257 5579 2318 5622 ιιι
2340 5570 2485 5624 illum
2524 5588 2655 5640 pene
2679 5575 2742 5627 ad
2774 5575 2989 5629 vetbnm
3025 5578 3423 5645 transcripserit
3454 5577 3504 5630 in
3535 5593 3634 5631 suo
3662 5577 3834 5644 primo

2262 5664 2649 5719 commentario
2681 5666 2870 5719 Petrus
2904 5668 3186 5733 Bolierius,
3219 5683 3449 5736 eumque
3487 5666 3723 5722 Joannes
3769 5666 3834 5719 de

2265 5752 2460 5821 Prdcis,
2495 5757 2656 5815 abbas
2712 5759 2765 5813 S.
2810 5756 3057 5814 Germani
3092 5759 3427 5828 Parisiensis,
3464 5758 3665 5816 Gallico
3698 5757 3872 5814 idio-o
