4102 6360
256 388 361 445 209

1642 379 2168 438 PROLEGOMENA.
2196 373 2198 375 l

3431 386 3538 441 2l0

255 518 398 558 male
425 501 732 567 donaverit;
756 501 912 570 cujus
957 501 1206 557 versione
1237 502 1396 556 etiam
1428 500 1718 571 aliquoties
1760 499 1836 552 usi
1877 495 1925 554 Α
1952 516 2144 572 suoque
2181 517 2330 555 sacro
2370 505 2669 571 concentui,
2704 506 2822 558 meis
2848 505 2899 558 in
2931 502 3132 558 Christo
3164 501 3424 568 Patribus,
3457 519 3544 558 oe-

258 601 476 651 lustinus.

333 689 584 743 Nicotaus
625 687 690 741 de
721 686 1000 753 Fractura,
1031 687 1268 741 Arnolda
1293 686 1447 742 Wiou
1476 686 1649 742 dictus
1680 685 1840 741 Nico-

259 786 370 838 laus
400 784 462 836 de
493 783 552 838 S.
582 782 856 848 Germano,
896 781 945 836 I.
985 781 1256 836 V..doctor
1301 783 1579 835 monachus
1623 783 1844 850 primum

257 873 598 937 Cassinensis,
655 873 837 925 deinde
889 873 1046 924 abbas
1116 873 1412 924 monasterii
1469 872 1531 925 8.
1571 871 1847 923 Δγὶιιαξιιιὶἱ

261 968 411 1038 iussa
445 963 779 1027 Vulturnum,
814 981 950 1016 anno
983 963 1192 1016 Domini
1224 962 1361 1018 1‘299
1390 963 1595 1032 scripsit
1645 963 1849 1028 exposi-

264 1057 453 1109 tioncm
480 1056 604 1108 satis
650 1055 970 1126 perspicuam
998 1064 1044 1106 et
1075 1055 1277 1107 doctam
1306 1052 1585 1108 secundum
1605 1056 1732 1124 jura
1761 1069 1849 1105 ca-

264 1149 452 1200 nonica
481 1157 528 1199 et
571 1147 738 1199 civilia
768 1163 917 1216 super
949 1146 1196 1218 Regulam
1227 1145 1288 1200 S.
1343 1145 1408 1201 P.
1445 1143 1521 1200 Ν.
1565 1144 1848 1208 Benedicti,

265 1248 322 1292 ut
355 1247 580 1293 testator
611 1239 751 1292 idem
788 1239 1076 1292 Arnoldius.
1104 1237 1181 1292 Co
1205 1242 1283 1292 lex
1324 1254 1427 1307 quo
1457 1239 1535 1292 usi
1565 1254 1746 1292 SlllllllS
1776 1238 1846 1291 ita

265 1328 502 1382 de~initz
534 1326 760 1396 Erplicit
791 1327 1057 1398 Expositio
1092 1328 1325 1398 Rx-gulte
1355 1329 1416 1382 8.
1468 1327 1730 1381 Benedicti
1769 1344 1850 1380 se-

267 1421 492 1472 cundant
526 1418 800 1473 Nicolaum
842 1420 1070 1472 abbatem
1105 1419 1166 1474 8.
1211 1419 1479 1484 Vincentii,
1535 1421 1852 1473 decretmnm

268 1511 547 1574 doctorem,
573 1527 725 1581 quam
751 1513 1062 1573 exposuit-in
1085 1511 1398 1564 monasterio
1425 1511 1552 1564 Cass
1569 1511 1737 1574 'nensi,
1762 1510 1852 1564 sub

251 1621 406 1673 .atmo
434 1603 502 1656 DL
517 1605 644 1658 mini
680 1605 838 1667 1299,
874 1605 966 1658 sub
1005 1605 1182 1658 abbate
1212 1603 1484 1667 Gallurdo,
1530 1606 1616 1674 qui
1642 1621 1699 1659 eo
1731 1615 1856 1658 tent-

269 1713 393 1764 pore
408 1699 713 1752 monasterio
747 1695 1046 1751 Cassium-si
1061 1700 1386 1768 prafsidcbat.

382 1786 482 1839 llic
508 1788 635 1841 liber
663 1799 734 1841 cst
767 1789 1008 1853 scriptus,
1037 1805 1299 1857 exponens
1331 1792 1394 1841 sit
1426 1789 1746 1850 beitcdic‘us,

381 1879 448 1934 Ut
480 1897 600 1934 rosa
627 1882 724 1949 ﬂos
753 1883 962 1951 flauum,
992 1883 1069 1936 sic
1085 1893 1162 1934 est
1189 1882 1315 1936 liber
1338 1893 1434 1936 iste
1466 1881 1733 1935 librorum.

269 1971 405 2027 Tres
437 1972 733 2027 Richardos
761 1974 828 2028 de
851 1974 932 2028 -S.
983 1976 1184 2044 Ange'o
1214 1974 1433 2043 Regula:
1479 1984 1679 2053 nostra:
1707 1988 1859 2027 com-

270 2077 605 2120 mentatores
660 2068 892 2136 reperio.
945 2068 1118 2120 Unum
1158 2065 1532 2121 Cassiucnsem
1588 2068 1858 2129 abbatem,

238 2166 414 2210 -tc.ste
463 2156 677 2210 Placido
723 2156 1035 2211 Cassinensi.
1082 2157 1347 2212 monacho
1389 2157 1442 2210 in
1477 2157 1862 2224 Supplementa

274 2246 522 2300 Virorum
551 2248 834 2301 illustrium
869 2251 948 2300 sui
997 2248 1333 2312 monaSIerii,
1384 2250 1471 2317 qui
1499 2263 1642 2302 anno
1664 2248 1802 2303 1240
1831 2265 1858 2302 a

270 2340 533 2407 Gregorio
580 2339 648 2394 l‘X
689 2353 903 2395 creatus
932 2351 1014 2395 est
1043 2342 1333 2398 cardinalis
1405 2343 1643 2396 Alterum
1678 2357 1862 2398 mona-

271 2436 434 2486 chum
483 2433 859 2488 Cassinensem
921 2443 992 2488 et
1039 2446 1219 2504 postea
1292 2445 1533 2505 tempore
1581 2438 1859 2494 leestini

274 2523 496 2592 papa-ll
529 2508 776 2579 abbatem
807 2526 867 2579 S.
911 2525 1137 2582 Justinm
1177 2527 1245 2581 de
1275 2527 1475 2593 Padna,
1525 2531 1678 2595 cujus
1725 2545 1860 2599 opus

275 2616 450 2669 laudat
484 2615 770 2684 aliquando
815 2617 1010 2671 Paulus
1057 2621 1383 2687 Augustinus
1436 2639 1462 2674 a
1507 2621 1693 2676 Janua.
1729 2622 1861 2679 Τεκτ-

276 2707 408 2760 tium
455 2706 775 2761 monachum
833 2709 958 2764 item
1009 2708 1385 2767 Cassinenseni
1431 2723 1479 2766 et
1517 2715 1859 2782 prmpositum

278 2795 601 2864 Vallislucis,
635 2814 696 2852 ac
723 2800 1070 2870 (iapellanum
1122 2800 1364 2856 Landulli
1412 2804 1470 2857 S.
1516 2805 1705 2866 Angeli
1747 2807 1860 2860 dia-

275 2889 397 2942 coni
449 2889 760 2953 eardina‘is,
812 2892 896 2946 cui
929 2893 1089 2945 etiam
1144 2894 1336 2947 libi-nm
1369 2912 1523 2949 t-tlttnl
1571 2896 1856 2953 dedicavit.

280 2979 515 3034 Duorum
549 2982 787 3047 priorum
823 2983 1224 3039 lucubrationes
1257 2986 1386 3039 mihi
1416 3002 1730 3055 percurrere
1755 3005 1858 3044 non

279 3071 453 3137 licuit,
479 3072 570 3126 sed
596 3081 802 3126 tantum
843 3075 1007 3140 tertii,
1043 3077 1094 3129 in
1137 3079 1288 3142 cujus
1314 3086 1697 3134 Commentario
1728 3078 1861 3134 inta-

278 3174 364 3219 Cla
392 3163 594 3233 aliquot
622 3169 794 3235 capta
831 3175 1084 3237 tanquam
1109 3169 1353 3225 omnibus
1383 3172 1528 3238 nota,
1554 3182 1642 3226 aut
1670 3189 1696 3225 τι
1733 3174 1863 3243 peri-

1948 608 2108 662 raque
2152 592 2400 648 charitate
2457 605 2503 649 et
2553 599 2869 666 professione
2915 597 3070 665 parili
3106 597 3358 664 'fra‘ribus
3404 614 3544 667 pra~

1951 684 2208 737 notandis.
2268 684 2525 740 Eamdt-m
2588 689 2751 742 etiam
2803 688 3225 743 Suhlaccnsihus
3265 669 3544 742 monachis

1943 776 2173 830 'Pntrnm
2209 779 2568 834 transmisisse
2597 781 2791 836 docent
2816 796 3004 838 versus
3037 782 3188 835 initio
3215 781 3288 836 lib
3323 782 3335 835 i
3368 782 3545 850 ipsius-

1939 863 2208 938 ‘appositi.
3143 869 3149 884 ‘

2023 961 2375 1016 Cass’ueuses
2406 961 2646 1031 proxime
2676 974 2969 1029 sequuntur
3010 966 3189 1034 plures
3220 980 3284 1019 ex
3319 966 3541 1019 Cermas

1957 1056 2041 1104 nia
2070 1052 2363 1106 διιοιίεείιηί
2404 1054 2817 1122 ετιινῐεείηιὶιιιιο
2843 1058 3161 1124 sciiptores,
3205 1057 3292 1125 qui
3327 1070 3452 1110 suas
3487 1058 3538 1110 in

1955 1145 2272 1212 exponenda
2317 1145 2376 1203 S.
2409 1147 2680 1201 Benedicti
2719 1147 2919 1218 Regula
2965 1165 3121 1205 curas
3161 1149 3539 1204 adhibuerunt.

1959 1236 2014 1290 In
2047 1237 2129 1290 his
2175 1237 2409 1291 Joannes
2458 1235 2802 1293 Castelleusis
2849 1240 2898 1292 in
2938 1240 3232 1308 palatinum
3277 1240 3543 1308 superiori

1959 1331 2255 1382 monachus
2308 1345 2473 1398 pr0pe
2522 1330 2875 1400 Ambergam,
2905 1330 2974 1386 de
3019 1347 3123 1401 quo
3167 1331 3544 1386 Tritheinins:

1956 1419 2186 1474 Joannes
2237 1425 2517 1475 monachus
2547 1420 2871 1476 Castellensis
2912 1422 2966 1475 in
3007 1423 3208 1476 αἱρετρεὶ
3240 1421 3543 1484 Eistetensi,

1957 1514 2035 1564 vir
2084 1513 2135 1564 in
2181 1511 2367 1565 divinis
2401 1511 2690 1582 Scriptuiis
2729 1513 2874 1566 valde
2903 1513 3163 1567 studiosus
3204 1524 3251 1567 et
3280 1514 3545 1568 scecularis

1959 1603 2260 1660 littera'urw
2309 1622 2409 1658 non
2457 1606 2686 1676 ignarus,
2734 1606 2936 1675 ingenio
2987 1606 3186 1659 subtilis
3232 1614 3278 1660 et
3325 1606 3549 1659 disertus

1959 1698 2176 1764 eloquio,
2200 1697 2360 1750 edidit
2389 1699 2685 1750 cenrrandte
2706 1698 2933 1751 lectionis
2962 1714 3060 1750 non
3085 1713 3242 1766 parva
3265 1699 3545 1760 volumina,

1961 1788 2023 1840 de
2049 1788 2229 1856 quibus
2255 1789 2350 1841 ista
2381 1786 2658 1856 feruntur:
2685 1788 2749 1841 In
2776 1789 3026 1858 chnlam
3060 1789 3121 1843 S.
3150 1787 3406 1843 Benedicti
3434 1790 3549 1842 libri

1895 1886 1939 1945 Β
1967 1882 2090 1946 duo,
2117 1891 2220 1935 etc.
2265 1881 2425 1950 quue
2456 1881 2607 1953 juxta
2651 1881 2898 1937 Wionem
2931 1899 3072 1937 anno
3102 1883 3259 1938 1390.
3297 1883 3424 1953 Ejus
3456 1900 3550 1937 ex.

1971 1973 2165 2041 positio
2196 1987 2296 2028 ms.
2325 1985 2632 2028 asservatur
2676 1974 2726 2026 in
2768 1976 3092 2030 monasterio
3127 1975 3186 2031 8.
3222 1975 3362 2030 Petri
3394 1975 3552 2044 ,8312-

1970 2063 2268 2133 burgensis,
2311 2065 2374 2117 ad
2409 2064 2562 2133 cujus
2601 2065 2802 2119 calcem
2835 2066 3061 2121 habetur
3090 2055 3267 2136 glossa
3299 2067 3351 2121 in
3387 2066 3552 2132 Regn-

1968 2155 2072 2208 lam
2103 2153 2290 2209 codem
2331 2165 2571 2224 auc-tore,
2605 2172 2724 2227 quae
2755 2157 2977 2211 forsitan
3017 2173 3112 2222 pro
3141 2155 3381 2212 secundo
3410 2158 3550 2211 illius

1969 2247 2105 2302 libro
2137 2247 2378 2303 habenda
2403 2259 2506 2304 est.
2538 2248 2770 2305 Joannes
2795 2249 2940 2305 Keck
2964 2250 3346 2317 Tegernsensis
3369 2252 3420 2306 in
3446 2251 3552 2304 lla-

1963 2339 2130 2408 joaria
2179 2339 2499 2404 monachus,
2547 2338 2628 2392 vi'r
2677 2339 2938 2404 imprimis
2984 2340 3205 2403 doctus,
3257 2343 3342 2410 qui
3388 2342 3549 2394 etfatu

1968 2429 2205 2482 interluit
2233 2430 2463 2482 concilio
2498 2429 2787 2484 Basileensi
2807 2472 2820 2495 ,
2851 2431 2938 2484 ubi
2967 2445 3146 2486 coram
3182 2445 3397 2486 summo
3429 2446 3550 2501 pou.

1967 2521 2109 2573 tilice
2140 2520 2434 2574 orationem
2471 2521 2685 2585 habuit,
2717 2522 2988 2576 eruditum
3035 2525 3197 2577 etiam
3247 2525 3552 2593 composuit

1967 2614 2020 2664 in
2053 2612 2308 2684 [ivgulum
2340 2612 2394 2666 8.
2425 2613 2694 2668 Benedicti
2732 2615 3201 2679 commentarium,
3234 2631 3391 2684 quem
3416 2615 3554 2672 Gas-

1966 2705 2079 2773 pari
2123 2703 2191 2758 de
2239 2702 2548 2759 Grandesen
2608 2707 2788 2760 abbati
2857 2708 3212 2777 nuncupavit,
3270 2717 3553 2779 exstatque

1967 2809 2066 2847 ms.
2105 2795 2156 2847 in
2205 2794 2528 2849 bibliotheca
2579 2796 2954 2865 Tegt-rnsensi.
2988 2798 3296 2866 Symbolam
3341 2815 3554 2868 quoque

1964 2886 2189 2940 cuntulit
2230 2885 2462 2941 Joannes
2510 2886 2840 2953 Ulitpacher,
2887 2889 3209 2943 Mellicensis
3243 2891 3292 2942 in
3339 2891 3554 2944 Austri:

1965 2978 2283 3040 monachus,
2317 2977 2473 3046 cujus
2502 2976 2800 3032 lucubratio
2829 2993 2932 3032 ms.
2958 2988 3262 3032 asst-rvatur
3288 2980 3338 3034 in
3372 2978 3554 3034 Wein-

1965 3071 2196 3140 gartcnsi
2250 3069 2604 3134 bibliotheca,
2647 3087 2770 3141 cum
2826 3065 2940 3139 hac~
2973 3069 3556 3140 inscriptioneiCom-

1967 3164 2244 3218 mentm-ius
2292 3165 2343 3217 in
2391 3163 2638 3234 Regulam
2673 3164 2734 3218 8.
2780 3163 3056 3228 Benedicti,
3109 3175 3315 3219 auctore
3353 3163 3557 3220 Joanne

281 3254 507 3308 tioribus
543 3257 888 3322 exponenda,
921 3261 992 3312 uti
1020 3260 1218 3329 seipse
1250 3263 1500 3331 explicat,
1524 3257 1724 3332 repeti,
1757 3265 1863 3319 sci-
1891 3261 1938 3324 C
1974 3254 2271 3324 Ul-Etpacher
2323 3254 2608 3309 Mcllicensi
2657 3256 2926 3322 monacho,
2980 3266 3091 3326 po-:t
3139 3261 3328 3329 rt-form
3347 3259 3555 3312 itionem

281 3343 332 3397 lii
353 3355 407 3398 et
433 3345 498 3400 ab
523 3357 714 3400 octavi»
745 3348 809 3401 ad
834 3348 1102 3404 decimum
1128 3366 1348 3407 uanum.

353 3437 540 3492 Petrus
572 3439 850 3503 Boherius,
890 3441 1222 3498 decretorum
1256 3447 1469 3512 doctor,
1499 3447 1728 3516 p-imum
1771 3450 1863 3502 ab-

281 3527 376 3584 bas
407 3533 714 3586 monasterii
756 3533 813 3587 S.
845 3534 1032 3587 Auiani
1064 3535 1116 3588 in
1145 3535 1361 3592 dimcesi
1502 3539 1672 3594 Pontii
1713 3542 1861 3596 Tho-

282 3627 602 3696 meriarum,
649 3638 704 3682 et
751 3638 931 3697 postea
965 3631 1248 3699 episcopus
1293 3633 1699 3700 Urhevctanus,
1748 3646 1868 3705 post

283 3717 519 3772 nit-dium
561 3720 818 3773 sa-culum
867 3735 953 3774 xiv
994 3721 1256 3789 duplicem
1299 3724 1352 3778 in
1388 3724 1646 3793 Regulam
1678 3727 1734 3783 S.
1763 3727 1863 3784 [le-

283 3809 480 3862 uedictl
530 3809 697 3864 edidit
743 3812 1140 3879 expositionem
1181 3832 1192 3868 :
1229 3831 1389 3870 unam
1438 3817 1502 3870 ad
1555 3819 1865 3887 petitionem

284 3899 525 3952 fratrum‘
559 3908 812 3965 suorum,
862 3919 1019 3972 quam
1077 3907 1486 3974 prarsidcntibus
1524 3912 1588 3964 in
1632 3912 1866 3980 capitulo

284 3990 597 4059 provinciali
629 3991 912 4047 abbatibus
952 3997 1144 4050 obtulit
1187 4000 1555 4070 corrigendam
1595 4012 1647 4056 et
1688 4018 1872 4056 emcn-

285 4079 536 4135 dandatn.
570 4083 643 4138 De
671 4099 732 4137 ea
769 4085 836 4138 ita
867 4088 1055 4142 scribit
1089 4089 1455 4151 Trithetnius:
1494 4091 1675 4149 Pttrus
1708 4095 1872 4151 Balte-

285 4174 397 4227 rius
419 4175 620 4244 scripsit
643 4193 794 4248 super
825 4177 1074 4249 Regulam
1100 4183 1160 4236 8.
1199 4183 1263 4237 Ρ.
1290 4185 1554 4239 Benedicti
1584 4205 1712 4254 opus
1741 4200 1874 4243 certe

285 4264 603 4318 laboriosum
630 4278 680 4321 et
723 4272 1146 4336 commendabile,
1179 4274 1230 4325 in
1276 4291 1374 4342 quo
1419 4276 1584 4342 ipsam
1621 4278 1871 4348 Regulam

287 4355 392 4408 iuri
427 4365 475 4409 et
516 4360 793 4413 canonibus
841 4377 968 4432 pene
1005 4363 1058 4416 in
1104 4364 1317 4433 singulis
1358 4369 1517 4422 verbis
1563 4375 1872 4425 concordare

285 4449 528 4500 ostendit.
568 4447 673 4504 Sed
716 4466 837 4504 cum
885 4453 936 4506 in
983 4454 1086 4507 ista
1127 4455 1228 4510 SS.
1262 4456 1478 4512 Patrum
1507 4462 1636 4513 scita
1683 4462 1865 4532 aliquo

287 4537 449 4590 modo
479 4539 842 4609 neglexisset,
881 4543 1105 4599 alteram
1134 4549 1242 4616 jam
1286 4537 1454 4604 tactus
1486 4553 1772 4623 episcopus
1805 4572 1869 4610 ex

1970 3349 2263 3402 monasterii
2293 3348 2405 3412 sui,
2439 3348 2538 3402 huc
2564 3357 2648 3402 est
2675 3357 2792 3416 post
2821 3362 3019 3402 annum
3053 3347 3209 3414 “21‘,
3242 3364 3346 3417 quo
3391 3349 3558 3404 refor-

1971 3446 2168 3491 niatnm
2201 3445 2282 3489 est
2313 3436 2613 3490 Mellicense
2659 3439 2948 3492 mouasteri
2991 3455 3066 3491 ιιι.
3099 3439 3281 3491 Exstat
3313 3441 3472 3493 etiam
3505 3441 3557 3495 in

1972 3527 2290 3582 bibliotheca
2319 3528 2670 3598 Tegcrnsensi
2698 3529 3114 3584 commentarius
3143 3530 3365 3586 alterius
3394 3531 3556 3586 Joan-

1971 3619 2070 3681 nis,
2108 3619 2429 3674 Melliceusis
2481 3621 2605 3675 item
2655 3619 2938 3685 monachi,
2968 3620 3352 3690 Schlippacher
3393 3623 3556 3688 dicti,

1972 3714 2126 3782 cujus
2178 3716 2360 3767 titulus
2407 3715 2478 3768 ita
2527 3712 2791 3769 cllert'ur:
2837 3713 3082 3767 Manuale
3124 3715 3358 3782 viaticum
3406 3731 3558 3786 super

1976 3804 2225 3874 Regulam
2258 3805 2318 3860 8.
2351 3803 2414 3858 Ρ.
2443 3804 2516 3858 Ν.
2551 3804 2839 3873 Benedicti,
2876 3806 3068 3859 editum
3105 3823 3191 3876 per
3225 3797 3558 3861 vcncrabileas

1977 3901 2180 3955 Patrem
2207 3911 2253 3952 et
2283 3900 2584 3968 magistrum
2614 3897 2868 3953 Joannem
2897 3898 3272 3969 Scltlippacber
3309 3900 3373 3952 in.-
3393 3915 3560 3954 ramo-

1976 3995 2055 4046 bio
2088 3991 2370 4045 Melliccnsi
2402 3992 2710 4045 monachum
2737 3979 3041 4062 professum.
3075 3989 3190 4043 Roc
3218 3993 3246 4058 Γ
3273 4001 3374 4044 c-et
3405 3990 3556 4042 vives.

1979 4086 2055 4138 lio
2082 4086 2209 4138 usus
2233 4095 2316 4139 est
2345 4083 2764 4154 Chrysostomus
2806 4083 2972 4136 abbas
3000 4081 3208 4134 Altaha:
3248 4079 3557 4150 Superioris

1977 4179 2027 4231 in
2073 4177 2411 4246 expositione
2455 4190 2644 4244 quam,
2683 4185 2739 4228 ιιι
2789 4174 2902 4240 ipse
2953 4171 3056 4237 ait,
3114 4187 3177 4224 ea:
3222 4171 3430 4223 diversis
3474 4169 3561 4239 qui

1975 4287 2130 4336 super
2156 4268 2381 4322 eamdem
2413 4267 2726 4333 scripserunt
2763 4265 3011 4332 Regulam
3053 4263 3173 4316 uir-'s
3215 4262 3449 4332 eg'eg'is,
3482 4263 3560 4316 ri-

1977 4365 2156 4417 delice:
2195 4359 2494 4415 Bernhardo
2529 4357 2711 4412 abbate
2743 4355 3063 4420 Cassinensi,
3103 4353 3368 4422 Stephano
3407 4352 3562 4406 Pari-

1976 4455 2164 4520 sicnsi,
2231 4451 2529 4506 llildemaro
2591 4447 2809 4514 abbate,
2876 4447 3080 4500 domino
3147 4445 3562 4500 reverendissimo

1975 4547 2179 4601 Joamte
2205 4543 2460 4600 cardinali
2499 4544 2633 4596 dicto
2665 4542 2726 4595 de
2758 4536 3172 4602 Turrecrcmata,
3203 4555 3295 4592 nec
3325 4555 3426 4592 non
3457 4555 3565 4591 ma-

288 4628 450 4681 variis
491 4627 590 4683 SS.
639 4630 941 4695 Pacpomii,
976 4634 1186 4702 Basilii,
1223 4638 1563 4710 Hieronymi,
1593 4643 1866 4711 Cassiani,
1903 4642 1948 4699 Ι)
1975 4640 2133 4710 gistro
2162 4637 2368 4691 Joanne
2413 4634 2547 4689 Keck
2592 4632 2959 4705 Tegernsensi,
2989 4630 3192 4684 Joanne
3223 4628 3523 4684 Castellensi
3544 4673 3559 4697 ,

284 4726 342 4769 ct
379 4732 443 4771 ex
482 4718 614 4774 Vitis
664 4721 876 4776 Patrum
909 4729 1189 4782 sententiis
1238 4736 1572 4800 composuit,
1614 4751 1771 4804 quam
1817 4737 1868 4792 in

285 4821 439 4862 sacra
484 4811 539 4865 S.
573 4812 748 4867 Bencd
773 4817 843 4870 cti
886 4820 1136 4886 spelunca
1183 4839 1393 4890 corpore
1433 4826 1733 4890 collocatus,
1767 4830 1870 4883 mi-

285 4902 502 4954 nistrato
531 4905 756 4959 candela
797 4909 1008 4977 lumine,
1040 4929 1154 4964 cum
1202 4926 1419 4970 tremore
1460 4919 1870 4974 subscribendum

249 5039 252 5042 .
284 4988 507 5060 incepit.
537 4992 685 5049 Hunc
712 5000 1000 5054 secundum
1025 5007 1465 5060 commentarium
1489 5007 1680 5064 Carolo
1705 5011 1870 5066 Fran-

284 5083 386 5136 cia:
416 5087 526 5152 regi
565 5092 918 5158 nuncupavit,
958 5093 1008 5146 in
1037 5096 1190 5164 Cujus
1223 5099 1568 5166 pr.climinari
1604 5103 1668 5157 ad
1711 5121 1866 5158 eum-

285 5175 410 5230 dem
437 5178 867 5249 Carolumepisn
891 5186 938 5238 li
980 5186 1091 5241 lucc
1117 5178 1365 5260 lt-gnntnr
1393 5211 1402 5244 :
1444 5193 1546 5246 Oro
1574 5196 1749 5266 igitur,
1783 5197 1874 5249 lie-

285 5283 374 5322 ros
411 5279 582 5322 noster
623 5283 670 5325 et
718 5275 904 5345 inclyte
948 5280 1202 5347 princeps,
1232 5286 1459 5336 eamdem
1509 5296 1872 5341 monachorum

249 5395 252 5398 λ
287 5363 466 5429 (πείρα
497 5364 775 5434 Regulam,
808 5384 897 5438 per
929 5386 1006 5422 me
1035 5381 1137 5424 tua:
1167 5375 1447 5444 majestatis
1486 5389 1739 5431 oratorem
1769 5379 1872 5433 Itu-

251 5505 258 5512 ,
291 5457 583 5522 utillimum,
604 5461 664 5513 in
694 5477 846 5528 specu
881 5462 964 5515 ubi
1005 5463 1112 5534 ipse
1142 5463 1443 5521 Benedictus
1468 5485 1580 5521 eain
1627 5471 1869 5538 edidisse,

290 5553 336 5597 et
367 5546 416 5598 in
449 5563 548 5610 qua
574 5548 664 5601 diu
693 5553 939 5603 mansisse
965 5554 1272 5622 poenitentia:
1306 5558 1469 5624 gratia
1516 5560 1719 5629 legitur,
1752 5578 1873 5615 san-

251 5684 256 5688 .
291 5647 491 5690 ctorum
522 5637 740 5693 Patrum
780 5643 931 5696 dictis
957 5645 1197 5710 salri/ia's
1224 5650 1416 5700 naviter
1458 5661 1871 5710 commcntatam.

293 5732 567 5807 Ipsumque
599 5741 730 5792 enim
757 5741 962 5795 dextera
1006 5759 1152 5805 sacra
1180 5753 1265 5797 tua
1287 5786 1299 5807 ,
1333 5762 1443 5798 cum
1478 5755 1528 5797 tu
1565 5763 1626 5798 ea
1665 5749 1874 5802 minime

265 5842 466 5896 .rgens,
501 5834 722 5899 porr'gc,
749 5849 949 5903 precor,
998 5830 1165 5888 abbiiii
1210 5836 1480 5890 venerabili
1517 5836 1567 5891 S.
1599 5835 1862 5904 Dionysii,

1974 4743 2023 4788 et
2051 4731 2254 4786 Joanne
2279 4730 2650 4798 Sclilippaclter
2683 4726 2960 4780 Mellicensi
2980 4765 2993 4787 ,
3028 4725 3177 4777 dicta:
3206 4723 3416 4793 Regula:
3444 4739 3566 4792 pro-

1975 4815 2250 4894 fessoribus
2285 4820 2515 4891 collegit.
2554 4818 2627 4872 Ea
2661 4817 2888 4872 habetur
2925 4815 3082 4871 etiam
3135 4815 3186 4868 in
3234 4816 3562 4869 monasterio

1975 4913 2295 4985 Scheyreusi
2324 4908 2658 4973 anna-I491,
2695 4909 2888 4976 scripta
2922 4908 2973 4962 in
3004 4907 3090 4960 die
3121 4907 3177 4961 S.
3200 4905 3366 4990 Marci
3393 4921 3556 4960 etau-

1975 5005 2197 5074 gvlistm.
2232 5003 2462 5057 Joannes
2504 4999 2832 5055 Trithc’mius
2876 4997 3042 5051 abbas
3091 4996 3558 5066 Spanheimensis,

1977 5101 2057 5152 vir
2089 5096 2300 5167 pietatis
2325 5104 2378 5150 et
2405 5094 2663 5148 doctrina:
2689 5109 2793 5148 non
2821 5092 3074 5162 vulgatis,
3105 5107 3256 5146 suum
3284 5108 3563 5147 commen-

1981 5191 2169 5246 talium
2210 5188 2450 5244 ediderat
2499 5187 2655 5255 paulo
2697 5194 2816 5254 post
2859 5201 3054 5238 annum
3089 5184 3257 5246 “84,
3302 5201 3407 5254 quo
3451 5185 3565 5250 pri-

1979 5302 2123 5342 mum
2156 5292 2368 5339 creatus
2397 5291 2481 5337 est
2511 5281 2693 5333 abbas.
2723 5279 2834 5333 lloc
2856 5292 2990 5348 Optts
3017 5276 3431 5332 reconditiorctn
3459 5273 3565 5328 viri
3621 5277 3628 5280 ’

1979 5373 2330 5434 eruditiOnent
2375 5372 2827 5442 multigenamque
2870 5369 2969 5425 SS.
3009 5367 3229 5422 Patrum
3276 5366 3560 5420 lectionem

1981 5469 2228 5534 exhibet;
2256 5465 2351 5522 sed
2380 5467 2519 5535 quod
2565 5463 2695 5517 satis
2722 5461 2887 5517 doleri
2932 5475 3035 5514 non
3071 5467 3277 5528 potest,
3312 5459 3562 5510 decurta-

1979 5569 2087 5612 tum
2107 5602 2119 5626 ,
2152 5568 2355 5626 septem
2383 5556 2635 5609 duntaxat
2659 5553 2941 5607 continens
2964 5551 3135 5618 Capita
3165 5564 3282 5609 cum
3318 5548 3559 5618 prologo,

1979 5653 2030 5706 in
2062 5651 2253 5723 quibus
2283 5651 2368 5704 vix
2397 5647 2595 5718 aliquid
2628 5646 2693 5700 ad
2726 5642 3120 5700 accendendum
3170 5639 3563 5706 fovendntnqvn

1980 5748 2247 5817 religiosa:
2277 5744 2575 5811 disciplina:
2606 5739 2836 5794 studium
2869 5749 2929 5787 ac
2962 5732 3223 5788 brvorcut
3260 5729 3430 5801 aptius
3475 5739 3568 5784 aut

1983 5840 2169 5895 fortius
2200 5835 2488 5892 desideres.
