4102 6360
294 320 403 379 215

1665 313 2208 379 Ριιοιεςοιιεω.

3466 317 3591 371 BIL

292 440 488 493 simum
516 435 750 491 om-iium
780 443 905 490 ante
954 449 1121 489 annos
1167 433 1308 489 mille
1364 431 1658 486 tlllcialibtls
1689 434 1881 486 litteris
1911 440 1957 494 Α
1989 434 2080 488 tim
2120 445 2175 488 et
2213 434 2506 505 Stuaragdo
2554 434 2915 490 Ploriaeensis
2965 434 3297 497 monasterii,
3340 447 3597 502 quorum.

294 529 579 596 scriptum,
611 526 761 596 cujus
791 527 966 581 varias
984 526 1251 581 lectiones
1280 540 1344 579 ex
1378 523 1695 577 bibliotheca
1740 522 1875 575 Bod-

292 620 491 687 leiana,
521 635 637 689 qua:
664 629 743 672 est
770 618 959 673 Oxonii
1003 618 1053 672 in
1092 617 1301 687 Anglia,
1352 616 1645 670 trausmis't
1674 614 1739 668 ad
1783 630 1881 669 no-

291 720 463 766 strum
514 710 871 765 blahillonium
908 709 966 763 γ.
1000 709 1081 764 Cl.
1132 708 1412 763 Eduardus
1453 704 1771 771 Bernartius,
1820 714 1879 760 et

302 803 369 857 ad
402 802 803 857 Narbonensem
854 813 976 857 att-te
1020 816 1187 855 annos
1235 810 1532 870 nongentos
1576 807 1871 863 exaratum,

287 896 442 966 cujus
466 896 639 951 varias
668 896 795 951 item
826 897 1102 961 lectiones,
1133 894 1206 949 uti
1235 902 1288 950 et
1314 894 1532 948 afterius
1564 891 1875 947 monasterii

290 987 349 1043 8.
379 988 561 1043 Sabini
593 986 934 1043 Tarheicusis
963 1001 1226 1042 annorum
1256 995 1640 1041 sexcentarum
1666 982 1879 1051 excepit

292 1090 476 1133 noster
517 1078 769 1134 Claudius
814 1079 1215 1149 Stephanutius.
1249 1078 1397 1132 Alus
1447 1077 1607 1132 etiam
1643 1077 1879 1146 quinque

290 1172 556 1237 consului,
588 1186 778 1240 nempe
805 1172 940 1226 duos
972 1171 1301 1226 Parisienses
1328 1171 1382 1225 8.
1410 1169 1660 1226 Germani
1688 1184 1719 1221 a
1746 1167 1877 1221 Pra-

295 1262 384 1324 tis,
430 1263 644 1315 tertium
699 1262 754 1316 8.
813 1260 1045 1317 Cornelii
1103 1260 1578 1329 Compendiemis,
1632 1266 1874 1328 quartum

290 1352 349 1405 S.
396 1351 536 1406 Petri
576 1351 938 1417 Conchcnsis,
983 1353 1225 1421 quintum
1272 1354 1331 1405 B.
1374 1349 1561 1405 Mari-.0
1599 1347 1873 1417 Lyrensis.

291 1441 403 1497 Sub
436 1443 541 1497 idio
566 1459 776 1513 quoque
802 1443 1014 1499 fuerunt
1038 1444 1190 1498 relati
1222 1456 1252 1495 a
1284 1442 1509 1496 vetustis
1546 1448 1875 1495 commenta-

292 1536 498 1592 toribus
526 1551 692 1592 sacra:
717 1533 931 1607 liegiilae
960 1545 1162 1605 textus,
1192 1536 1259 1593 ab
1288 1536 1595 1592 llildemaro
1640 1548 1873 1606 praeser-

1984 526 2325 581 characteres
2340 524 2407 580 ad
2430 541 2600 582 annos
2626 526 2905 582 minimum
2927 527 3264 595 octingentos
3285 524 3564 579 accedunt.
3599 580 3603 585 ,

1982 619 2186 685 Quibus
2214 619 2407 687 prurire
2437 619 2623 675 debuit
2669 618 2940 675 Benedicti
2990 618 3196 672 abbatis
3246 614 3564 673 Anianeusis

1982 709 2279 766 Concordia
2306 708 2650 781 Regularum.
2698 710 2807 766 Nec
2834 710 3049 779 insuper
3076 708 3257 763 haberi
3286 709 3455 761 visum
3480 717 3572 762 est.

1982 804 2227 874 antiquas
2270 804 2553 870 editiones,
2586 803 2841 858 Veni-tam
2874 803 2997 856 anni
3028 802 3164 858 H89
3201 811 3253 857 et
3298 800 3569 857 Parisien—

1982 910 2117 960 sem,
2150 896 2387 966 aliasque
2416 897 2739 951 recentiores
2766 896 3006 951 Balduini
3059 896 3293 961 Moreau,
3327 892 3565 962 llugonis

1984 986 2244 1055 Menardi,
2303 987 2478 1042 Bened
2503 990 2571 1042 cti
2616 988 2884 1055 llacl'tcni,
2917 1000 2969 1043 et
3000 989 3144 1043 Pauli
3196 988 3474 1058 Augustini
3531 1002 3560 1040 a

1983 1078 2152 1133 Janua
2204 1078 2495 1133 Cassinatis
2544 1080 2824 1144 monachi;
2859 1080 3001 1149 quod
3049 1078 3150 1150 ipsi
3194 1078 3449 1148 Regulam
3496 1079 3580 1137 ad.

1987 1172 2167 1241 plures
2196 1170 2411 1226 codices
2449 1186 2579 1227 mss.
2608 1171 3017 1242 diligentissime
3036 1172 3370 1227 correxerint
3395 1188 3407 1223 :
3434 1186 3567 1240 quo-

1986 1280 2102 1318 rum
2134 1273 2239 1318 tam
2261 1262 2521 1319 editiones
2548 1279 2707 1333 quam
2733 1266 3000 1317 variantes
3044 1262 3304 1317 lectiones
3336 1276 3441 1315 non
3471 1268 3585 1329 ‘pa--

1985 1372 2101 1410 rum
2151 1356 2285 1411 locis
2323 1365 2375 1410 et
2406 1356 2693 1423 adiumenti
2740 1356 3023 1409 conatibus
3072 1355 3205 1408 meis
3252 1353 3565 1408 attulerunt.

1988 1446 2109 1501 ιιευυ
2140 1446 2320 1514 paucis
2349 1446 2577 1500 lectores
2611 1445 3017 1515 prtctnoncudus
3047 1441 3363 1498 existimavi.

292 1670 3538 1694 W

1216 1794 1931 1880 TESTIMONIA
2041 1791 2638 1913 VETEBUM

1278 1996 1391 2058 DE
1435 1998 1802 2058 REGULA
1850 1996 1913 2056 S.
1959 1996 2024 2056 P.
2070 1994 2582 2059 BENEDICTI.

366 2287 594 2343 Exlibro
635 2303 667 2340 tt
705 2286 1034 2357 Dialogorum
1066 2285 1124 2340 S.
1170 2286 1401 2357 Crrgorii
1428 2302 1609 2358 papa,
1639 2302 1683 2339 ε.
1714 2286 1804 2341 56.

365 2400 476 2455 lloe
504 2413 679 2457 autem
716 2401 840 2455 nolo
891 2411 941 2455 te
969 2401 1160 2460 lateat.
1207 2401 1348 2470 quod
1382 2403 1458 2455 vir
1493 2401 1581 2455 Dei
1615 2401 1867 2469 (Benedi-

294 2474 433 2538 ctus)
464 2474 603 2525 inter
643 2482 718 2523 tot
766 2471 1021 2525 miracula
1078 2472 1267 2533 quith
1314 2471 1365 2525 in
1406 2472 1605 2524 mundo
1655 2473 1868 2533 claruit,

293 2545 549 2597 dot-triuio
579 2558 788 2611 quoque
820 2544 983 2595 vet-bo
1015 2557 1119 2594 non
1153 2541 1497 2595 mediocriter
1528 2542 1699 2595 fulsit.
1737 2541 1868 2596 Nam
1930 2599 1936 2604 _

294 2614 511 2680 scripsit
557 2614 939 2665 monachorum
993 2612 1250 2680 [tegulam
1306 2611 1630 2665 discretione
1679 2614 1869 2679 prteri-

295 2697 471 2749 p'tattt,
505 2697 751 2735 sermone
779 2682 1120 2735 luculentam.
1163 2685 1329 2745 Cujus
1371 2682 1416 2735 si
1448 2684 1567 2749 quis
1591 2682 1717 2736 velit
1745 2681 1870 2735 sub-

296 2754 441 2804 lilitts
472 2768 650 2807 mores
697 2753 965 2820 vitamque
993 2767 1319 2820 cognoscere
1341 2796 1353 2816 ,
1386 2762 1557 2819 poteSt
1580 2753 1629 2805 in
1678 2752 1868 2805 eadem

294 2821 627 2876 institutione
651 2824 863 2889 liegttlm
885 2839 917 2873 ο
941 2838 1072 2875 ones
1102 2823 1394 2889 magisterii
1425 2822 1565 2875 illius
1599 2832 1750 2877 actus
1786 2825 1865 2874 in-

294 2892 504 2955 vi-nire;
538 2893 657 2961 quia
688 2902 901 2947 sanctus
927 2895 1005 2945 vir
1033 2894 1177 2946 nullo
1209 2893 1371 2946 modo
1398 2896 1567 2960 potuit
1596 2894 1751 2948 aliter
1774 2890 1873 2947 do-

293 2976 417 3017 cere
443 2978 599 3032 quam
623 2964 775 3016 visat.

296 3076 378 3129 Is'x
402 3076 626 3132 Concilio
645 3076 1087 3148 Attgustodttnemi
1107 3076 1197 3128 sub
1216 3074 1341 3148 8.1.:
1359 3077 1599 3148 odegario
1615 3092 1750 3131 anno
1768 3075 1872 3136 670

811 3145 1061 3198 celebrato
1078 3186 1093 3208 ,
1125 3163 1239 3198 can.
1268 3146 1348 3199 15.

368 3239 441 3291 De
470 3237 749 3290 abbatibus
776 3237 855 3289 vel
883 3235 1158 3289 monachis
1189 3238 1258 3289 ita
1274 3236 1561 3291 observare
1591 3235 1868 3301 convenit,

294 3320 351 3362 ut
374 3308 624 3376 quidquid
652 3307 955 3360 Canonicus
981 3306 1146 3367 Ordo.
1176 3309 1255 3360 vel
1283 3308 1483 3377 Regvila
1509 3310 1566 3361 8.
1595 3307 1868 3361 Benedicti

250 3444 253 3449 η
294 3381 471 3443 docet,
499 3390 554 3432 et
586 3380 832 3445 implere,
871 3386 925 3449 et
958 3378 1230 3449 custodire
1268 3379 1316 3429 in
1346 3381 1591 3449 omnibus
1621 3378 1871 3432 debeant.

294 3449 351 3503 Si
382 3452 525 3503 enim
545 3448 659 3502 hmc
680 3448 855 3501 omnia
887 3448 1081 3501 fuerint
1115 3448 1346 3514 legitime
1374 3448 1510 3516 apud
1542 3450 1761 3502 abbates
1794 3450 1873 3502 vil

294 3520 613 3573 monasteria
635 3526 968 3580 conservata,
992 3526 1045 3571 et
1076 3534 1327 3572 numerus
1357 3519 1738 3573 monachorum
1768 3519 1875 3573 Deo

294 3590 526 3656 propitio
556 3588 724 3655 augeb
748 3598 853 3652 tur,
886 3596 940 3641 et
963 3588 1191 3641 mundus
1215 3590 1503 3654 omnisper
1540 3604 1723 3642 eorum
1755 3604 1878 3643 ora-

296 3663 476 3714 tiones
502 3659 741 3712 assiduas
771 3658 927 3712 malis
956 3658 1160 3712 carebit
1190 3660 1469 3727 contagiis.

298 3771 380 3825 Ex
432 3772 494 3825 S.
538 3771 785 3823 Ambrosii
826 3771 1055 3835 Autperti
1087 3770 1215 3822 libro
1252 3769 1323 3822 De
1352 3772 1605 3839 Con/(ictu
1633 3772 1871 3826 vitiorum

387 3848 438 3895 iu
468 3843 570 3910 ﬁne
592 3852 709 3894 tam.
742 3841 801 3895 VI
830 3856 1040 3907 apcrum
1083 3840 1144 3895 S.
1178 3841 1452 3912 Augustini
1484 3858 1626 3895 novin
1649 3842 1774 3895 edit.

366 3934 520 3987 Juxta
562 3932 795 4002 regulam
820 3932 1038 3986 Patrum
1083 3931 1262 3988 vivere
1292 3949 1508 4003 semp‘r
1539 3934 1718 3998 stude,
1765 3950 1877 3989 ma-

296 4007 437 4057 xime
482 4013 658 4056 autem
712 4003 1008 4056 secundum
1069 4003 1125 4057 8.
1177 4004 1502 4058 confessoris
1551 4005 1873 4059 Benedicti:

296 4090 401 4127 non
431 4073 669 4128 declines
696 4074 763 4127 ab
786 4089 851 4126 ca
879 4074 929 4125 in
957 4088 1243 4141 quoquam,
1287 4090 1384 4128 nec
1408 4075 1477 4129 illi
1512 4075 1675 4128 addas
1721 4078 1877 4143 quip-

296 4145 474 4212 piam:
505 4152 671 4197 totum
699 4144 841 4196 enim
871 4144 1011 4211 quod
1052 4145 1247 4198 suilicit
1282 4144 1475 4198 habet:
1519 4146 1673 4211 cujus
1716 4148 1875 4200 verba

295 4225 453 4339 inque
486 4215 707 4284 imperia
735 4221 1029 4269 sectatores
1059 4227 1185 4268 suos
1217 4215 1513 4282 perducunt
1542 4217 1608 4270 ad
1637 4217 1759 4273 cmli
1786 4231 1849 4285 pa
1864 4246 1887 4263 -ν

314 4297 443 4339 ana.

314 4297 443 4339 alla.

298 4374 382 4430 Ex
407 4375 675 4447 Ludovici
691 4374 773 4429 Pii
804 4375 1127 4444 imperatoris
1171 4376 1539 4447 exhortatione
1555 4376 1623 4429 ad
1657 4374 1879 4447 Eigilem

372 4448 596 4499 abbatem
628 4443 940 4500 Fuldensem
966 4449 1184 4517 electum
1204 4485 1219 4511 ,
1246 4450 1300 4499 in
1346 4449 1460 4517 ejus
1497 4444 1634 4513 Vita,
1669 4443 1879 4500 auctore

373 4516 625 4582 Candida,
656 4518 842 4570 saculo
874 4532 924 4570 tv
954 4516 1173 4580 Bened.,
1208 4526 1341 4584 part.
1372 4516 1415 4571 ⁷ι.

369 4611 428 4663 8.
462 4609 777 4664 Benedictus
814 4609 1066 4675 [tegulam
1106 4610 1488 4662 monachorum
1523 4608 1720 4678 Spiritu
1754 4624 1878 4665 san-

295 4691 383 4734 cti
408 4681 643 4749 rxpletus
672 4695 795 4733 cum
822 4694 1009 4749 magna
1040 4678 1363 4738 discretione
1389 4681 1745 4748 conscripsit.

762 4792 895 4847 Itent
926 4810 987 4848 ea:
1003 4794 1174 4847 eodem
1201 4795 1413 4852 ibidem.

370 4885 623 4953 Regulam
654 4900 779 4938 vero
804 4886 883 4938 vir
908 4884 1000 4939 Dei
1027 4886 1343 4939 Benedictus
1372 4886 1641 4939 luculento
1663 4900 1869 4942 sermo-

274 4954 724 5023 neconSeripsit,
777 4956 829 5009 in
881 4971 988 5023 qua
1012 4956 1139 5011 nihil
1170 4954 1427 5009 doctrinae
1456 4957 1695 5021 latentis,
1739 4959 1870 5012 nihil

294 5026 636 5079 obscuritatis
660 5026 1069 5093 comprehendit
1096 5043 1110 5090 ;
1136 5035 1464 5095 quaproliter
1519 5042 1627 5079 non
1676 5028 1875 5097 indiget

296 5097 651 5163 exposit'oue,
679 5097 771 5150 sed
796 5097 1179 5151 almonitioue.
1216 5097 1339 5150 Htec
1369 5107 1451 5151 est
1479 5100 1619 5151 enim
1649 5109 1869 5165 augusta

294 5142 829 5237 ᾖόἶῐεῖὲιῖἕὲιὲῐξιῆ
848 5142 1380 5237 ’ᾇῖιῖιζξεὲἦὶίἑίιίςξξέέ
1402 5142 1869 5223 ἱιίιὶἰῖῖιῖιἬέὖῖιῖἶ
1907 5142 1961 5204 Β

297 5236 422 5290 Ilaec
467 5252 596 5290 sane
652 5237 703 5290 in
756 5247 956 5290 tantum
997 5236 1415 5301 discretionem,
1463 5253 1771 5297 mensuram
1819 5250 1888 5298 et,

293 5306 610 5361 cltatitatem
639 5317 690 5360 te
715 5306 870 5360 docet
900 5307 1094 5361 habere
1115 5346 1131 5369 ,
1186 5318 1241 5360 ut
1269 5308 1432 5361 etiam
1459 5323 1579 5365 cum
1612 5308 1874 5369 charitate

298 5377 541 5431 hortatus
575 5377 863 5445 pra-valeas
888 5377 1002 5445 ip~a
1032 5378 1158 5431 vitia
1192 5394 1457 5442 reserare,
1488 5392 1648 5445 agere
1678 5390 1885 5433 cuncta.

296 5458 513 5515 propter
540 5449 902 5515 pusillanimes
928 5458 1234 5502 mensurate
1253 5489 1268 5513 ,
1294 5449 1675 5505 discretionem
1702 5452 1757 5504 8.
1786 5450 1877 5503 Jay

296 5519 401 5571 cob
422 5518 659 5589 Cogitate
680 5559 694 5582 ,
723 5526 779 5589 et
805 5532 1018 5589 semper
1047 5518 1097 5569 iu
1127 5519 1213 5589 his
1245 5521 1496 5579 omnibus
1526 5521 1873 5589 fragilitatem

302 5598 444 5642 tuam
477 5588 784 5656 tibimetipsi
814 5586 877 5639 ad
917 5588 1520 5645 memoriamrevocare.

411 5677 495 5731 Ex
527 5677 756 5733 Concilio
780 5678 1082 5733 Duziacensi
1111 5694 1185 5741 ti,
1209 5678 1458 5735 celebrato
1484 5697 1615 5734 anno
1647 5682 1768 5736 87.3.

296 5764 303 5775 ’
369 5769 564 5826 Beatus
586 5774 762 5841 gratia
803 5781 858 5830 et
878 5774 1088 5830 nomine
1113 5770 1455 5840 Benedictus,
1479 5774 1536 5828 S.
1572 5775 1770 5842 Spiritu
1796 5776 1879 5830 iit-

1914 2286 1959 2344 B
1988 2287 2222 2358 spiratus
2248 2299 2481 2358 consona
2515 2287 2685 2343 sacris
2715 2288 3007 2358 Scripturls
3039 2291 3343 2358 etaliornm
3366 2292 3556 2346 ortho-

1981 2357 2243 2479 gtitturum
2276 2355 2487 2410 Patrum
2523 2354 2992 2428 prtedit-atioitibus
3020 2358 3073 2414 in
3104 2354 3201 2415 sua
3247 2361 3444 2431 Regula
3483 2362 3537 2416 di

2422 2539 2554 2595 ltcm
2583 2558 2645 2596 ex
2671 2544 2845 2597 eodem
2869 2542 3115 2598 Concilio.
3536 2580 3571 2597 κ.

2049 2656 2105 2708 S.
2136 2656 2369 2720 Spiritus
2400 2671 2493 2723 per
2522 2656 2581 2710 Β.
2616 2656 2959 2711 Benedictum
2990 2658 3179 2711 eodem
3226 2660 3415 2726 sp'ritu
3444 2675 3553 2726 quo

1976 2736 2040 2851 et]
2050 2743 2193 2850 ᾗτιιτι
2218 2742 2450 2781 canones
2501 2728 2628 2782 editi
2676 2738 2821 2793 sunt,
2873 2727 3129 2798 Regulam
3175 2731 3563 2787 monachorum

1976 2811 2007 2851 e
2049 2814 2059 2850 ι
2106 2808 2162 2850 ιι.

1976 2808 2162 2853 eoum.

1980 2905 2063 2962 Ex
2083 2908 2299 2977 epistola
2344 2907 2526 2962 Leonis
2555 2909 2930 2976 archiepiswpi
2974 2912 3279 2965 Ravennatis
3331 2913 3401 2966 ad
3452 2914 3571 2969 Du...

2485 2980 2705 3031 randum
2740 2984 3061 3033 monacltum.

2049 3088 2109 3145 S.
2142 3087 2461 3160 Benedictus
2500 3096 2568 3144 ab
2596 3093 2784 3144 eodem
2818 3092 3017 3159 Sp'ritu
3076 3103 3261 3147 -ancto
3308 3094 3557 3160 edoctus,

1977 3173 2098 3212 cum
2122 3174 2180 3214 se
2209 3159 2277 3213 de
2300 3159 2399 3213 hac
2422 3160 2538 3215 luce
2565 3163 2835 3216 revelante
2871 3166 2977 3215 Deo
3008 3163 3209 3217 sciebat
3230 3180 3351 3219 esse
3382 3177 3557 3219 trans-

1980 3232 2198 3295 iturum,
2233 3230 2297 3283 ad
2329 3230 2636 3296 petitionem
2668 3231 2914 3300 ιΙίεοὶῃιιΙὶ
2943 3232 3027 3286 sui
3068 3234 3256 3297 Mauri,
3290 3235 3425 3289 hanc
3450 3236 3553 3290 Re-

1977 3300 2154 3375 gulam
2183 3301 2492 3375 suis_beatis
2518 3302 2782 3375 _manihtt~'
2839 3303 3169 3366 describens,
3202 3306 3359 3375 eique
3391 3307 3551 3359 tradi-

1979 3372 2090 3497 ilitl,’
2114 3381 2168 3423 ut
2196 3370 2430 3494 plerfecte
2452 3373 2616 3427 sciret
2639 3373 2867 3442 qualiter
2894 3386 2952 3427 se
2988 3389 3221 3443 suosque
3255 3370 3548 3455 discipulos

1982 3456 2049 3495 tm
2095 3457 2219 3497 uere
2248 3480 2261 3493 .

1982 3448 2261 3497 imbui-ret.
3416 3448 3428 3455 ·

2588 3553 2718 3609 Item
2758 3558 2954 3612 ibidem.

2055 3669 2132 3722 Tu
2166 3685 2311 3743 vero,
2334 3668 2685 3743 charissime,
2714 3671 2817 3743 noli
2852 3673 2999 3740 sequi
3037 3672 3377 3741 teprobatum
3420 3672 3565 3743 (sen-

1905 3761 1959 3829 ρ
1983 3744 2173 3829 sum),
2204 3742 2296 3829 sed
2331 3741 2538 3829 imitare
2579 3740 2834 3829 Regulam
2863 3740 3105 3829 electam
3129 3744 3213 3823 “ab
3240 3740 3565 3829 electouivo

1982 3811 2271 3863 Benedicto
2293 3810 2491 3881 editam
2510 3851 2522 3874 ,
2558 3826 2589 3864 a
2617 3821 2803 3865 sancto
2830 3810 3018 3880 pioque
3050 3813 3247 3881 Spiri-u
3275 3814 3553 3875 dictatam,

1980 3891 2035 3935 et
2056 3897 2082 3931 a
2110 3881 2365 3947 prmclaro
2394 3880 2614 3934 doctore
2658 3881 2906 3949 pontifice
2952 3897 3160 3943 nunmo
3191 3884 3203 3935 l
3242 3885 3481 3945 udatam,
3509 3893 3566 3935 et

1982 3967 2010 4002 a
2036 3951 2284 4017 perlectis
2316 3951 2444 4003 viris
2488 3950 2745 4005 imitatam
2774 3992 2788 4013 ,
2845 3968 2964 4021 qui:
3006 3963 3301 4007 sectatores
3342 3968 3467 4007 suos
3494 3954 3557 4005 ad

1983 4034 2203 4088 regnum
2234 4020 2490 4075 caelorum
2525 4022 2786 4090 perducit.

1984 4131 2068 4193 Ea:
2095 4131 2296 4187 Joanne
2321 4134 2567 4186 monacho
2598 4134 2651 4186 in
2681 4132 2877 4213 Vita'S.
2910 4133 3103 4189 Orionis
3128 4134 3327 4188 abbatis
3356 4134 3567 4188 Clunia-

2679 4220 2840 4263 εβηιιε
2849 4244 2866 4264 ς

2057 4317 2359 4371 'l‘besauros
2393 4318 2442 4371 in
2475 4316 2689 4383 Regule
2720 4318 3094 4371 observatione
3126 4317 3354 4372 latentes
3384 4332 3566 4369 mona-

1985 4386 2102 4442 cliis
2130 4386 2451 4454 explicuit,
2501 4389 2811 4456 nullumque
2854 4388 2996 4440 illius
3043 4389 3285 4455 apicem,
3319 4388 3563 4456 prudenti

1987 4458 2371 4523 inconsultum,
2397 4459 2694 4527 proﬁcienti
2716 4458 2981 4521 inutilem,
3007 4458 3244 4512 credenti
3269 4459 3561 4518 dillicilem,

1986 4530 2265 4599 pmnitenti
2296 4544 2542 4598 asiierum
2572 4543 2693 4583 esse
2713 4570 2727 4593 ,
2760 4544 2855 4583 suo
2885 4538 2939 4583 et
2984 4530 3271 4582 multorum
3320 4532 3567 4597 exemplo

1985 4600 2184 4654 docuit.

1986 4716 2069 4771 Ex
2106 4715 2167 4770 V.
2196 4716 2456 4773 Benedicti
2481 4717 2673 4770 abbatis
2719 4714 2977 4786 Clusensis
3017 4716 3396 4786 exhortatione,
3452 4732 3567 4786 qua!

2358 4792 2575 4856 refertur
2600 4789 2651 4840 in
2676 4790 2790 4857 ejus
2827 4784 2954 4839 Viue
2981 4802 3096 4853 cap.
3122 4785 3175 4837 ιι.

2056 4898 2391 4965 Quapropter
2420 4896 2603 4949 hortor
2634 4896 3024 4949 fraternitatem
3056 4903 3289 4965 vestram
3324 4902 3382 4947 ut
3422 4903 3568 4962 post-

1986 4964 2183 5034 positis
2228 4967 2543 5036 quibusdam
2602 4967 3073 5033 superstitionilnu
3103 4977 3157 5018 et
3198 4964 3442 5019 humanis
3486 4967 3569 5018 itt-

1986 5037 2211 5100 stitutis,
2236 5053 2354 5105 qum
2383 5036 2448 5089 ad
2481 5051 2593 5090 rem
2628 5052 2731 5089 non
2758 5037 3041 5103 pertinent,
3072 5045 3125 5088 et
3155 5052 3184 5089 a
3211 5052 3334 5089 vera
3362 5036 3571 5105 religio-

1988 5124 2054 5160 ne
2083 5108 2396 5171 abhorrent,
2427 5106 2643 5173 Begulm
2679 5108 2737 5159 8.
2774 5106 2832 5159 Ρ.
2866 5107 2928 5159 Ν.
2966 5107 3233 5159 Bent-dicti
3262 5108 3482 5167 ειυόίιε,
3518 5106 3571 5159 iu

1976 5192 2085 5246 'qua
2114 5179 2286 5230 omnis
2311 5178 2625 5245 evangelica
2647 5186 2703 5235 et
2724 5177 3014 5245 api-Stoliea
3057 5177 3184 5244 perii
3205 5178 3310 5230 ctio
3337 5186 3567 5231 constat.

1987 5250 2221 5305 animum
2244 5248 2313 5301 ad
2338 5262 2530 5316 purum
2561 5248 2871 5301 iutendatis.

2215 5379 2301 5439 Ex
2328 5379 2464 5434 Petri
2499 5379 2745 5433 Damiani
2773 5381 3014 5447 apusrulo
3047 5380 3126 5443 l5,
3160 5394 3277 5447 cap.
3313 5379 3367 5431 7.

2053 5498 2245 5551 Sancta
2274 5496 2472 5565 Regula
2502 5495 2649 5565 quasi
2682 5496 2853 5563 ampla
2886 5494 3130 5563 qatzetlam
3161 5506 3325 5559 capax
3365 5499 3419 5544 et
3439 5502 3564 5557 Spe-

1985 5568 2123 5619 ciosa
2156 5568 2346 5621 domus
2380 5570 2510 5620 facta
2565 5577 2675 5627 est,
2730 5568 2793 5618 ad
2836 5568 3011 5618 omnia
3054 5566 3325 5615 hominum
3368 5574 3565 5626 genera

1994 5637 2273 5701 capienda,
2303 5652 2495 5705 pueros
2527 5636 2773 5690 videlicet
2799 5645 2848 5687 et
2876 5648 3053 5705 senes,
3087 5634 3247 5705 [artes
3262 5638 3315 5683 et
3341 5630 3564 5705 debiles,

1992 5698 2276 5764 deliciosos
2303 5698 2356 5765 et
2394 5706 2703 5762 multimoda
2746 5718 2952 5758 morum
2998 5700 3358 5773 inaequalitate
3395 5698 3569 5753 diver-

1994 5792 2100 5832 SOS.
