4102 6360
273 311 376 369 ΞΠ
397 373 399 375 ,

1261 319 1530 377 ΒΕΟυΙΛ
1574 321 2061 380 COMMENTATA.
2106 320 2480 386 ιιιιοιοςῑδ.

3434 339 3536 395 218

275 431 428 486 stati.
458 431 528 486 ita
555 432 697 486 enim
721 433 769 489 ei
793 435 936 488 omni
960 442 1197 505 tempore
1216 437 1284 492 de
1315 439 1464 492 bonis
1486 439 1596 492 suis
1623 441 1672 493 in
1697 438 1851 493 nobis
1887 439 1937 497 Α
1963 441 2026 494 ad
2058 438 2349 498 Clit-istum.
2381 448 2478 512 Qui
2515 449 2760 502 timentes
2794 437 3072 506 Dominum
3109 453 3175 507 de
3205 457 3336 509 bona
3367 457 3418 526 3
3442 458 3540 510 ob-

279 521 570 590 parendum
601 533 701 589 est,
737 535 792 578 ut
836 541 938 580 non
982 529 1150 581 solum
1183 538 1239 582 ut
1280 530 1442 583 iratus
1474 540 1498 567 ἰ
1535 541 1704 598 pater,
1748 545 1850 584 non

276 611 564 678 aliquando
592 614 725 669 filios
751 632 876 670 suos
899 618 1233 686 exbzeredrt,
1265 622 1356 673 sed
1391 636 1490 675 nec
1528 629 1584 674 ιιι
1615 632 1853 676 metuen-

274 705 376 760 dus
403 705 650 762 dominus
683 709 917 764 irritatus
945 712 1096 766 malis
1119 711 1144 749 δ
1169 703 1383 775 nostris,
1409 723 1466 766 ut
1495 713 1853 781 nequissimos

275 811 462 851 servos
491 809 796 868 perpetuam
843 801 1013 856 tradat
1041 801 1105 855 ad
1137 818 1370 872 pinnam,
1404 805 1490 872 qui
1536 821 1656 860 eum
1703 803 1850 873 sequi

277 889 550 943 noluerint
587 891 654 943 ad
689 893 931 960 gloriam.

350 979 710 1050 Exsurgamns
751 999 878 1050 ergo
916 983 1127 1038 tandem
1177 986 1482 1052 aliquando,
1529 988 1794 1042 excitante
1826 1000 1848 1027 α

275 1084 376 1122 nos
402 1070 675 1136 Scriptura
698 1088 759 1124 ac
785 1071 995 1128 dicente
1020 1090 1033 1126 :
1068 1073 1214 1127 Hora
1243 1085 1314 1129 est
1337 1078 1448 1145 jam
1475 1094 1568 1131 nos
1591 1079 1651 1130 de
1677 1095 1851 1134 somno

274 1176 484 1231 surgere
509 1161 686 1231 (Rom.
716 1167 828 1234 xv).
866 1166 928 1218 Et
956 1167 1153 1235 apertis
1181 1169 1348 1223 oculis
1377 1170 1572 1224 nostris
1601 1173 1666 1224 ad
1696 1170 1850 1225 deiﬁ-

273 1253 414 1303 cium
456 1253 652 1316 lumen,
693 1256 932 1310 attonitis
979 1258 1196 1312 auribus
1232 1262 1284 1329 2
1325 1258 1624 1326 audiamus,
1674 1258 1850 1316 divina

274 1342 509 1407 quotidie
551 1344 785 1397 clamans
837 1347 961 1412 quid
1009 1364 1105 1401 nos
1144 1349 1428 1404 admoneat
1465 1367 1586 1415 vox,
1619 1352 1848 1407 dicens:

277 1429 447 1484 Hodie
476 1433 519 1486 si
547 1449 715 1486 vocem
753 1439 860 1504 ejus
891 1437 1180 1501 audieritis,
1209 1440 1362 1492 nolite
1405 1440 1658 1495 obdurare
1697 1443 1854 1495 corda

274 1532 438 1574 vestra
467 1522 634 1591 (Psal.
669 1525 828 1594 χειν).
875 1526 941 1580 Ει
981 1526 1173 1581 iterum
1206 1546 1218 1582 :
1257 1529 1354 1592 Qui
1393 1527 1540 1582 habet
1575 1547 1722 1584 aures
1756 1547 1852 1583 au-

274 1609 469 1676 diendi,
498 1614 675 1665 audiat
703 1616 822 1682 quid
853 1615 1081 1684 Spiritus
1122 1620 1255 1671 dicat
1290 1617 1530 1673 Ecclesiis
1559 1622 1739 1690 (Apoc.
1768 1621 1848 1691 tt).

274 1699 344 1753 Et
388 1701 511 1766 quid
555 1703 712 1758 dicit?
757 1704 949 1774 Venite,
982 1708 1078 1774 ﬁlii
1102 1752 1116 1774 ,
1145 1707 1318 1761 audite
1355 1725 1454 1771 me,
1487 1710 1711 1763 timorem
1745 1709 1850 1764 Do-

274 1793 404 1845 mini
439 1793 625 1848 docebo
669 1813 754 1850 vos
795 1796 968 1867 (Psal.
1015 1795 1231 1862 χχχιιι).
1279 1799 1476 1853 Currite
1520 1801 1642 1854 dum
1685 1800 1852 1855 lumen
1883 1806 1930 1865 B

273 1882 386 1935 vita:
427 1884 653 1948 habetis,
695 1903 756 1939 ue
803 1889 1017 1941 tenebra:
1067 1893 1246 1942 mortis
1294 1906 1381 1943 vos
1430 1891 1868 1958 comprehendant

273 1970 452 2040 (Joan.
484 1976 578 2041 xl).
1143 1958 1157 1968 λ

343 2063 408 2117 Et
430 2081 674 2132 qmcrcm
697 2067 952 2123 Dominus
983 2069 1034 2122 in
1065 2070 1400 2126 multitudine
1426 2061 1600 2142 populi
1630 2073 1712 2126 cui
1739 2073 1852 2127 lucc

271 2154 518 2208 clamatd
566 2159 865 2224 aperariutn
913 2177 1099 2224 suum,
1149 2163 1337 2216 iterum
1377 2165 1550 2217 dicit:
1591 2163 1716 2230 Quis
1780 2175 1852 2217 est

271 2247 420 2301 homo
454 2250 541 2315 qui
571 2250 675 2302 vult
705 2252 878 2315 vitam,
910 2262 957 2305 et
993 2253 1138 2322 cupit
1168 2255 1333 2306 videre
1362 2255 1466 2308 dies
1499 2255 1654 2307 bonos
1680 2253 1847 2324 (Prol.

273 2341 503 2409 xxxiii)?
533 2341 682 2408 Quod
719 2341 764 2395 si
807 2350 860 2394 ιιι
905 2357 934 2394 a
958 2343 1125 2399 aliens
1154 2345 1507 2414 respondeas,
1540 2345 1649 2414 Ego
1677 2384 1691 2410 ,
1723 2345 1754 2398 d
1780 2346 1851 2398 cit

274 2437 369 2489 tibi
397 2437 536 2490 Deus
563 2455 575 2489 :
599 2436 654 2492 Si
678 2437 760 2491 vis
783 2437 980 2492 habere
1008 2441 1187 2503 vitam,
1221 2438 1431 2507 prohibe
1455 2440 1681 2509 linguam
1711 2449 1859 2494 tuant-

274 2543 304 2578 a
335 2529 489 2591 malo,
532 2537 578 2581 et
620 2529 753 2580 labia
799 2539 887 2581 tua
925 2545 988 2583 ne
1033 2532 1308 2597 loquantur
1351 2531 1545 2582 dolum.
1595 2531 1790 2584 Direrte
1819 2547 1851 2583 a

274 2617 429 2680 malo,
464 2628 512 2672 et
547 2621 632 2688 [ac
676 2618 858 2671 bonum
884 2635 902 2677 :_
931 2621 1126 2687 inquire
1154 2636 1328 2690 pacem
1354 2628 1400 2673 et
1426 2636 1629 2690 sequere
1659 2629 1682 2657 ο
1713 2637 1844 2674 eam.

275 2709 486 2763 Etcum
529 2709 642 2763 ltmc
689 2709 942 2773 feceritis,
976 2709 1113 2761 oculi
1155 2711 1252 2762 mei
1295 2725 1448 2776 super
1490 2726 1596 2772 ros,
1627 2724 1673 2762 et
1703 2727 1850 2768 aures

275 2818 396 2856 mea:
424 2803 491 2854 ad
521 2817 694 2872 preces
722 2813 914 2856 uestras
949 2800 1098 2871 (Isai.
1139 2809 1294 2872 va);
1338 2812 1392 2856 et
1436 2813 1720 2873 antequam
1768 2819 1851 2860 nte

275 2892 552 2961 invocetis,
592 2891 766 2947 dicam
815 2892 964 2946 vobis
991 2909 1012 2946 :7
1036 2893 1175 2948 Ecce
1221 2893 1429 2948 adsunt.
1474 2894 1608 2961 Quid
1647 2894 1853 2948 dulcius

276 2985 428 3040 nobis
451 2985 546 3039 hac
580 3000 712 3040 voce
743 2985 947 3040 Domini
980 2987 1252 3041 invitantis
1281 3001 1400 3051 nos,
1436 2985 1626 3040 fratres
1653 2987 1854 3040 charis-

275 3076 437 3130 simi?
476 3076 611 3132 Ecce
656 3077 858 3146 pietate
897 3093 994 3133 sua.
1036 3079 1367 3134 demonstrat
1407 3080 1560 3135 nobis
1599 3080 1856 3134 Dominus

275 3169 413 3222 κὶα-ιι
446 3171 584 3223 vitae.

343 3260 642 3316 Snccinctis
685 3277 815 3332 ergo
863 3262 966 3319 fide
1014 3263 1104 3318 vei
1142 3264 1478 3318 observantia
1525 3263 1542 3302 ί
1590 3267 1850 3323 bonorum

275 3362 486 3404 actuum
523 3351 716 3405 lttntbis
745 3353 943 3406 nostris
967 3363 1019 3408 et
1047 3355 1299 3409 calceatis
1329 3346 1548 3423 pedibus
1583 3367 1608 3403 κ
1635 3356 1851 3428 (Ephes.

276 3442 353 3510 Vt)
385 3457 478 3509 per
515 3441 762 3496 ducatum
805 3445 1070 3512 Evangelii
1113 3444 1137 3480 ¹¹
1181 3460 1462 3515 pergamus
1499 3448 1685 3501 itinera
1713 3449 1848 3515 eius,

277 3544 336 3586 ut
387 3549 688 3590 mereamur
749 3551 868 3590 eum
919 3540 1004 3606 qui
1058 3553 1152 3591 nos
1205 3540 1413 3592 vocavit
1451 3540 1502 3593 in
1551 3555 1712 3610 regno
1757 3556 1856 3595 suo

278 3625 479 3681 videre.
528 3629 579 3680 In
611 3629 762 3695 cuius
793 3631 939 3696 regni
985 3630 1324 3684 tabernaculo
1355 3632 1398 3684 si
1433 3632 1676 3686 volumus
1708 3633 1852 3686 habi-

282 3728 423 3783 tare,
455 3721 556 3774 nisi
586 3721 709 3775 illuc
743 3723 895 3775 bonis
921 3723 1126 3777 actibus
1155 3725 1386 3778 Curritttr
1419 3726 1462 3792 ί,
1498 3726 1714 3782 minime
1743 3743 1858 3796 per-

278 3809 513 3864 venitur.
549 3811 654 3866 Sed
689 3813 1076 3881 interrogemus
1108 3829 1229 3868 cum
1261 3816 1516 3886 proplu'ta
1553 3819 1854 3886 Dominum,

280 3904 517 3959 d'centes
538 3906 585 3960 ei
615 3924 626 3958 :
656 3905 890 3973 Domine,
915 3910 1027 3978 quis
1047 3910 1289 3964 habitabit
1310 3913 1360 3966 in
1388 3915 1717 3969 tabernaculo
1746 3925 1852 3980 tuo,

281 4003 366 4046 aut
409 3995 522 4061 quis
547 3998 835 4062 [requiescet
866 3999 918 4050 in
949 4010 1116 4052 monte
1156 4011 1331 4054 sancto
1375 4003 1675 4071 tuo.(PsaI.
1714 4006 1890 4073 xtv)‘t,

281 4085 406 4138 Post
436 4090 570 4140 hanc
598 4089 1090 4158 interrogationem,
1125 4089 1313 4145 fratres
1347 4091 1390 4156 i,
1433 4093 1710 4148 audiamus
1747 4095 1855 4148 Do-

281 4177 482 4232 minum
505 4180 910 4245 respondentem
924 4191 972 4234 et
988 4181 1356 4238 ostendentent
1373 4184 1524 4237 nobis
1545 4184 1677 4238 viam
1695 4187 1858 4253 ipsius

281 4269 630 4336 tabernaculi,
661 4286 723 4326 ac
749 4271 1011 4327 dicentem
1037 4288 1052 4325 :
1087 4272 1187 4338 Qui
1208 4273 1494 4343 ingreditur
1515 4278 1623 4328 sine
1652 4277 1858 4330 macula

281 4369 328 4412 et
358 4369 601 4427 aperatur
636 4362 911 4430 justitiam,
946 4364 1032 4430 qui
1063 4363 1285 4429 loquitur
1321 4363 1581 4416 veritatem
1621 4367 1674 4418 in
1709 4369 1859 4420 corde

281 4469 397 4518 suo,
427 4454 515 4522 qui
554 4470 653 4507 non
699 4456 796 4523 egit
841 4455 1014 4507 dolunt
1052 4457 1102 4508 in
1142 4456 1316 4527 lingua
1351 4474 1469 4523 sua,
1496 4459 1582 4525 qui
1610 4476 1710 4513 non
1740 4461 1857 4529 fecit

1958 535 2223 610 servantia
2252 549 2344 586 sua
2379 551 2483 588 non
2531 552 2590 592 se
2635 537 2863 592 reddunt
2892 541 3090 607 elatos;
3120 543 3213 598 sed
3256 545 3368 612 ipsa
3398 546 3449 598 in
3479 562 3540 600 se

1959 622 2114 683 bona,
2143 639 2247 676 non
2271 639 2298 676 a
2323 641 2382 680 se
2403 642 2578 695 posse,
2603 629 2693 684 sed
2717 646 2745 683 a
2766 631 2990 686 Domino
3018 634 3129 688 lieri
3152 636 3535 702 exiStitnantes,

1956 726 2265 782 operantem
2307 718 2357 770 itt
2402 733 2460 772 se
2512 720 2790 776 Dominum
2843 725 3200 793 magniﬁcam,
3243 728 3367 780 illud
3416 744 3538 782 cum

1957 807 2212 873 propheta
2256 808 2492 864 dicentes
2525 829 2536 863 :
2570 811 2691 866 Non
2737 815 2902 879 nobis,
2940 815 3177 880 Domine,
3231 835 3330 871 non
3373 821 3535 884 nobis,

1952 897 2041 950 sed
2080 899 2269 950 nomini
2314 910 2398 952 tuo
2444 901 2514 954 da
2556 905 2772 973 gloriam
2815 904 2986 972 (Psal.
3039 909 3211 975 CH").
3252 911 3399 963 Sicut
3442 925 3540 963 nec

1956 987 2153 1042 Paulus
2197 992 2472 1057 apostolus
2514 993 2580 1047 de
2631 996 3006 1061 praedicatione
3054 1013 3145 1051 sua
3197 1000 3295 1053 sibi
3341 1000 3536 1066 aliquid

1955 1077 2239 1158 imputavit
2265 1081 2362 1134 dic«
2385 1097 2447 1135 ns
2475 1100 2484 1134 :
2513 1081 2695 1137 Gratia
2724 1084 2814 1139 Dei
2837 1105 2946 1140 sum
2971 1089 3023 1141 id
3045 1091 3180 1156 quod
3207 1107 3317 1141 sum
3341 1089 3390 1155 (1
3414 1092 3534 1144 Cor.

1956 1170 2066 1240 xv).
2100 1171 2164 1224 Et
2206 1171 2395 1244 itcrttnt
2445 1175 2557 1242 ipse
2593 1175 2720 1228 dicit
2752 1194 2766 1230 :
2805 1178 2904 1242 Qui
2931 1181 3202 1247 gloriatur,
3235 1181 3288 1234 itt
3321 1179 3537 1234 Domino

1952 1265 2198 1334 glorietur
2228 1263 2314 1332 (ll
2352 1265 2472 1318 Cor.
2505 1267 2578 1332 κ).
2685 1251 2688 1253 ’

2027 1397 2176 1451 Unde
2195 1408 2249 1452 et
2281 1399 2532 1452 Dominus
2561 1400 2612 1452 in
2646 1401 2928 1469 Evangelio
2945 1403 3016 1456 ait
3040 1421 3052 1456 :
3082 1405 3180 1469 Qui
3207 1406 3351 1458 audit
3377 1407 3526 1459 verba

1956 1503 2064 1540 mea
2102 1488 2210 1541 Ιιωε
2243 1499 2290 1541 et
2334 1490 2459 1559 facit
2485 1507 2562 1555 ca,
2618 1493 2850 1545 similabo
2881 1511 2994 1546 eum
3025 1497 3131 1548 viro
3178 1498 3415 1567 sapienti,
3446 1500 3535 1568 qui

1953 1578 2223 1646 wdi/icavit
2242 1580 2448 1632 domum
2466 1598 2611 1632 suam
2629 1598 2784 1651 supra
2801 1596 2990 1652 petram
3009 1599 3028 1636 :
3044 1596 3280 1639 venerunt
3297 1588 3533 1654 ﬂumina,

1938 1670 2201 1737 ﬂaverant
2227 1671 2376 1733 uenti,
2413 1681 2460 1724 et
2499 1672 2809 1742 impegi-runt
2839 1675 2890 1727 in
2938 1675 3142 1728 domum
3171 1677 3335 1742 illam,
3360 1689 3403 1732 et
3434 1695 3533 1732 non

1956 1761 2136 1813 cecidit
2168 1778 2186 1827 ;
2219 1763 2436 1832 fundata
2461 1765 2592 1816 enim
2621 1776 2727 1818 erat
2757 1783 2912 1837 supra
2942 1778 3134 1835 petram
3175 1769 3388 1835 (Matth.
3418 1771 3532 1839 vn).

1962 1850 2084 1906 Hiec
2114 1854 2386 1922 complens
2417 1856 2691 1925 Dominus,
2718 1866 2997 1926 cx~pcctat
3024 1858 3284 1927 quotidie,
3309 1859 3392 1913 his
3422 1859 3534 1913 suis

1957 1946 2158 1999 sanctis
2187 1947 2420 2012 monitis,
2454 1947 2610 2002 factis
2641 1965 2738 2002 nos
2783 1951 3107 2018 respondere
3149 1947 3363 2021 debere.
3413 1951 3535 2004 Ideo

1957 2036 2110 2089 nobis
2161 2046 2378 2104 propter
2411 2039 2838 2093 emendationem
2882 2025 3171 2106 malarum,
3217 2041 3374 2108 hujus
3415 2039 3535 2094 dies

1960 2127 2080 2180 vitte
2109 2126 2174 2179 ad
2225 2126 2465 2180 induvias
2511 2128 2831 2193 relaxantur,
2881 2130 3094 2185 dicente
3136 2131 3429 2199 Aposuilo:
3457 2131 3535 2184 An

1955 2219 2115 2271 nescis
2158 2220 2275 2286 quin
2326 2219 2570 2284 patientia
2604 2219 2695 2273 Dei
2734 2221 2802 2272 ad
2845 2221 3192 2288 penitentiam
3236 2232 3284 2276 te
3328 2220 3536 2276 ridducit

1955 2310 2134 2378 (ltum.
2174 2309 2267 2364 tt?
2295 2311 2425 2364 Nam
2473 2312 2590 2379 pius
2633 2312 2888 2366 Dominus
2930 2313 3055 2366 dicit
3089 2330 3102 2365 :
3137 2311 3276 2368 Nolo
3325 2324 3535 2368 mortem

1954 2403 2254 2470 peccatoris,
2288 2405 2376 2456 sed
2401 2413 2457 2455 ut
2484 2412 2804 2457 cont'ertatur
2830 2414 2877 2456 et
2902 2406 3033 2457 vivat
3057 2403 3267 2475 (Ezech.
3299 2405 3448 2474 XVIII)

1976 2489 1982 2563 ί
2023 2493 2152 2551 Cnui
2186 2510 2313 2563 ergo
2345 2496 2826 2566 isitcrrogaSSemns
2875 2495 3178 2560 Dominum,
3219 2494 3435 2562 fratres,
3467 2496 3534 2548 de

1955 2585 2254 2640 habitatore
2298 2587 2627 2641 tabernaculi
2683 2587 2819 2655 ejus,
2871 2588 3170 2642 audivimus
3203 2587 3471 2640 habitandi
3503 2585 3528 2623 κ

1954 2691 2277 2748 praereptum
2302 2697 2314 2732 :
2343 2680 2433 2733 sed
2465 2681 2508 2733 si
2538 2694 2580 2732 c.
2607 2681 2900 2748 inpleamus
2931 2678 3245 2732 habitatoris
3274 2677 3531 2741 ofﬁcium,

1953 2771 2152 2828 erimus
2184 2769 2426 2823 haeredes
2459 2769 2605 2837 regni
2635 2769 2913 2823 caelorum.
2953 2766 2966 2804 ι
3005 2768 3143 2837 Ergo
3184 2766 3531 2838 prteparanda

1952 2870 2077 2914 sunt
2119 2860 2280 2913 corda
2309 2867 2363 2913 et
2406 2873 2628 2927 corpora
2682 2871 2864 2914 nostra
2895 2868 3093 2913 saneta:
3142 2867 3528 2926 praeceptorum

1952 2949 2270 3003 obedientia:
2319 2947 2703 3022 militatur-agn;
2736 2957 2810 3010 et,
2871 2947 3010 3016 quod
3057 2947 3230 3000 minus
3262 2945 3422 3000 habet
3471 2946 3524 2997 itt

1955 3037 2109 3092 nobis
2142 3047 2323 3090 natura
2355 3036 2626 3104 possibile,
2659 3051 2907 3105 rogemus
2940 3037 3221 3089 Dominum
3245 3043 3305 3088 ut
3346 3035 3530 3101 gratias

1956 3147 2064 3185 sua:
2087 3131 2271 3200 jnboat
2299 3129 2450 3183 nobis
2483 3130 2808 3198 adjutorium
2849 3129 3153 3183 ministrare
3185 3135 3233 3181 ι.
3269 3127 3336 3181 Et
3364 3127 3414 3187 si,
3442 3126 3527 3180 fu-

1957 3224 2160 3290 gientes
2185 3221 2446 3289 gehennae
2479 3235 2663 3288 pinnas
2708 3221 2775 3273 ad
2835 3221 2994 3275 vitam
3027 3229 3333 3289 perpetuam
3380 3216 3530 3271 volu-

1955 3330 2073 3368 nius
2105 3313 2381 3382 pervenire
2401 3353 2416 3378 ,
2439 3313 2562 3366 dum
2596 3312 2768 3367 adhuc
2797 3321 2970 3375 vacat,
3001 3321 3056 3367 et
3084 3313 3136 3365 in
3173 3311 3274 3364 hoc
3303 3321 3529 3376 corpore

1956 3419 2160 3468 sumus,
2210 3412 2261 3456 et
2292 3403 2405 3456 haec
2457 3403 2631 3456 omnia
2665 3417 2758 3470 per
2809 3401 2943 3455 hanc
2972 3401 3102 3455 lucis
3128 3401 3286 3454 vitam
3318 3410 3344 3435 ο
3375 3410 3527 3454 vacat

1958 3497 2196 3562 implere,
2243 3493 2564 3548 currendum
2614 3503 2669 3546 et
2715 3494 2976 3563 agendum
3007 3503 3088 3545 est
3120 3491 3277 3546 modo
3305 3489 3530 3572 quodin

1959 3595 2272 3655 perpetuum
2297 3584 2450 3638 nobis
2473 3584 2740 3652 expediat.

2028 3718 2408 3773 Constituenda
2438 3727 2519 3771 est
2545 3732 2673 3786 ergo
2695 3733 2724 3770 a
2758 3716 2912 3770 nobis
2937 3714 3187 3770 dominic'
3215 3713 3394 3768 schola
3423 3729 3532 3768 διϊ-

1959 3809 2092 3871 Villi,
2154 3808 2205 3860 in
2253 3822 2354 3876 qna
2410 3806 2742 3859 institutione
2791 3805 2924 3858 nihil
2973 3819 3243 3872 asperum,
3297 3803 3532 3870 niliilqnu

1959 3914 2121 3968 grave
2153 3913 2246 3950 nos
2275 3897 2447 3954 αδηειὶ
2475 3903 2604 3949 uros
2629 3909 2928 3965 speramus.
2961 3894 3065 3949 Sed
3091 3905 3141 3947 et
3173 3895 3216 3947 si
3241 3894 3364 3962 quid
3399 3907 3530 3961 pau-

1962 3992 2125 4045 lulum
2151 3989 2471 4053 restrictius,
2503 3989 2739 4042 dictante
2768 3987 3032 4057 aequitatis
3062 3988 3288 4050 ratione,
3321 3994 3533 4054 propter

1959 4081 2390 4138 emendationem
2422 4081 2690 4142 vitiorum,
2722 4080 2798 4133 vel
2829 4079 3288 4135 conservationem
3309 4077 3532 4136 Peltari-

1964 4175 2085 4227 tatis
2123 4171 2481 4240 processerit;
2517 4186 2619 4222 non
2652 4171 2795 4223 illico
2828 4184 3024 4238 pavore
3057 4167 3365 4236 perterritus
3393 4168 3532 4220 refu-

1959 4267 2070 4336 gius
2104 4267 2237 4318 viam
2292 4265 2497 4327 salutis,
2531 4278 2646 4331 qua:
2695 4278 2798 4316 non
2840 4271 2923 4316 est
2969 4260 3068 4314 nisi
3117 4270 3341 4329 angusto
3386 4261 3534 4313 initio

1965 4355 2178 4424 (Matth.
2201 4353 2294 4422 vn)
2323 4353 2640 4418 incipienda.
2668 4353 2927 4408 Processu
2957 4367 3082 4416 vero
3113 4351 3535 4406 conversationis

1961 4456 2015 4500 et
2066 4445 2207 4510 fidei,
2242 4443 2297 4515 4.
2333 4444 2552 4497 dilatato
2603 4443 2786 4505 corde,
2840 4442 3182 4497 inenarrabili
3236 4441 3536 4494 dilectionis

281 4543 516 4608 proximo
561 4559 653 4596 suo
698 4544 908 4602 malum.
941 4546 1027 4611 qui
1067 4547 1395 4611 opprobrium
1420 4564 1519 4600 non
1547 4549 1736 4616 accepit
1764 4549 1856 4601 ad-
1889 4537 2189 4616 ndulcedi:
2213 4553 2264 4599 e,
2288 4537 2518 4590 curritur
2540 4551 2621 4589 via
2647 4536 3014 4589 mandatorum
3041 4536 3167 4589 Dei:
3193 4543 3248 4588 ut
3278 4535 3344 4588 ab
3373 4534 3539 4602 ipsius

282 4645 453 4684 versus
475 4631 762 4698 proximum
792 4647 948 4684 suum
973 4631 1144 4702 (Psal.
1177 4636 1412 4701 cum).
1440 4635 1538 4700 Qui
1571 4651 1620 4688 ιιι
1642 4636 1860 4706 dignum

283 4722 552 4777 diabolum
582 4724 754 4792 aliqua
789 4725 1096 4779 suadentem
1129 4725 1248 4790 sibi,
1287 4741 1405 4779 cum
1452 4729 1561 4795 ipsa
1607 4730 1860 4784 suasione

283 4827 379 4867 sua
409 4828 439 4868 a
469 4815 838 4882 conspectibus
879 4816 1054 4869 cordis
1097 4815 1182 4873 sui
1223 4831 1499 4884 respuens,
1532 4818 1754 4873 deduxit
1796 4821 1860 4874 ad

283 4904 531 4974 nihilum,
567 4917 618 4961 et
657 4908 906 4974 parvulos
941 4912 1204 4978 cogita'us
1243 4907 1364 4972 cjns
1401 4910 1590 4972 tenuit,
1623 4919 1674 4964 et
1717 4911 1804 4964 illi.
1824 4911 1862 4966 it

359 5204 384 5232 ⁸
426 5194 536 5261 AL,
562 5194 744 5248 iratus.

361 5265 389 5304 δ
429 5267 626 5327 υιοιιη
659 5266 890 5319 irritatus
913 5283 945 5319 ιι
973 5266 1154 5319 malis.

362 5347 385 5374 ε
429 5336 535 5397 AL,
565 5337 878 5389 exhortante.

358 5407 383 5442 ά
427 5409 622 5468 υιοηη
645 5407 913 5462 exclamat.

363 5486 386 5513 ι’
429 5477 535 5537 ΑΙ..
569 5491 882 5545 persequere.

369 5547 385 5582 τ
429 5549 623 5607 υιιοιι.,
650 5546 771 5614 ﬁdei
800 5546 874 5598 vel
899 5545 1244 5598 obseruantia.

365 5626 391 5663 κ
431 5616 540 5683 ΑΙ.,
574 5613 784 5669 calcatis
822 5617 875 5669 in
913 5615 1280 5682 prteparatioue
1313 5613 1572 5684 Eugitgelii
1605 5616 1741 5679 pacis
1774 5633 1860 5677 ιρι-

293 5690 477 5751 tibus;
512 5680 606 5745 aL.
639 5685 845 5739 calceati
876 5680 929 5738 in
960 5684 1330 5754 prteparatimte
1364 5680 1628 5754 Euangelii
1662 5690 1820 5742 naris.

270 5766 272 5769 '
367 5759 393 5796 ⁸-
435 5756 537 5811 Per
563 5756 802 5810 ducatum
837 5753 1096 5815 Evanaetii
1124 5753 1272 5810 deest
1299 5753 1436 5817 apud
1463 5754 1687 5815 llildctu.

1970 4646 2236 4700 nunquam
2291 4629 2594 4698 magisterio
2631 4628 2987 4691 discedentes,
3039 4629 3090 4682 in
3135 4628 3254 4697 ejus
3297 4625 3540 4680 doctrina

1969 4738 2134 4790 usque
2183 4721 2245 4773 ad
2273 4730 2498 4774 mortem
2527 4721 2577 4772 in
2611 4721 2943 4775 monasterio
2971 4728 3392 4788 persetcrantes,
3424 4732 3539 4786 pas-

1967 4814 2207 4868 sionibns
2237 4807 2431 4864 Christi
2466 4826 2560 4878 per
2591 4812 2895 4878 patientiam
2927 4811 3302 4880 participemur
3324 4818 3374 4875 ιι,
3410 4817 3461 4861 ιιι
3489 4817 3540 4866 «ι

1971 4905 2116 4976 regni
2143 4905 2259 4973 ejus
2287 4918 2586 4956 mereamur
2612 4917 2730 4957 esse
2752 4914 3056 4956 consortes.

2047 5195 2057 5229 ¹
2105 5191 2210 5254 AL.
2243 5201 2513 5246 curratur..

2041 5265 2054 5311 i
2104 5266 2299 5326 ann.,
2335 5266 2518 5323 fratres
2547 5261 2856 5316 charissima.

2037 5331 2060 5368 ¹ι
2093 5333 2288 5396 οιιοιι.,
2322 5332 2614 5386 habitantis.

2040 5399 2055 5439 ¹
2094 5403 2216 5456 llaec
2247 5395 2411 5467 usque
2439 5403 2488 5454 in
2522 5404 2678 5456 linetn
2707 5400 3077 5456 desiderantur
3098 5399 3150 5455 itt
3172 5397 3295 5458 md.
3327 5395 3512 5452 Oxon.

2035 5482 2070 5507 η’
2105 5474 2143 5525 Α
2155 5474 2186 5525 Ι.
2199 5512 2212 5534 ,
2244 5472 2528 5525 militando.
3487 5489 3490 5496 -

2035 5550 2061 5577 '
2089 5542 2234 5611 l.yr.,
2265 5543 2526 5612 atljutorio
2558 5541 2856 5594 ministrari.

2043 5622 2067 5647 ο
2107 5615 2215 5677 AL,
2241 5615 2390 5664 viam.

2042 5693 2066 5732 P
2093 5684 2200 5743 AL.
2230 5683 2676 5736 conversationem.

2041 5754 2196 5820 1.5L,
2222 5754 2604 5821 participemus.
