4102 6360
566 342 673 398 2η

1918 339 1973 395 S.
2019 340 2076 394 P.
2122 336 2475 395 BENEDICTI

3745 343 3867 403 220

571 451 3870 484 W

1876 498 2533 560 COMMENTARIUS.

641 620 909 687 Ausculta,
934 637 968 675 ο
994 620 1117 693 ﬁli.]
1146 623 1350 676 Omnes
1379 621 1463 693 hic
1488 620 1543 672 S.
1573 619 1630 671 Ρ.
1669 618 1990 671 Benedictus
2020 592 2152 670 allo-
2180 622 2223 677 Α
2256 616 2321 669 tis
2347 605 2618 693 avidit—ate,
2643 616 3065 693 toto-desiderio.
3094 620 3325 671 maxima
3351 618 3515 673 animi
3544 623 3862 676 attentione

572 695 751 764 quitur
772 690 1342 764 sutesanctm'llegulac
1370 690 1624 764 cultores,
1648 704 1781 754 quos
1807 697 2035 764 quatuor
2057 704 2150 764 po-

572 758 836 820 tissimum
861 762 927 816 de
956 766 1129 816 causis
1181 758 1327 814 suavi
1362 761 1453 813 lilii
1483 764 1697 812 nomine
1747 758 2033 824 compellat
2063 758 2141 811 di.

571 848 701 890 cens
734 851 748 882 :
781 832 1046 890 Ausculta.
1080 851 1109 885 ο
1133 834 1230 901 ﬁli.
1268 832 1445 885 Primo
1475 830 1595 897 quia
1630 838 1708 882 tot
1740 829 1967 901 li’ioruut
1994 829 2153 894 Spiri—

573 905 695 958 talis
720 913 868 971 pater
895 904 1113 962 exstitit,
1134 900 1210 969 qu
1238 915 1267 953 -t
1296 918 1387 966 per
1403 916 1555 953 suum
1580 909 1820 971 sanetum
1850 900 2149 971 histitutum

574 976 685 1030 Deo
713 968 920 1040 peperit
958 968 1275 1031 monachos;
1312 987 1455 1034 nam,
1501 982 1555 1022 nt
1600 971 1727 1021 dicit
1756 969 1812 1021 S.
1852 968 2153 1040 Dorotheus

573 1038 845 1115 (Doctrina
888 1042 943 1107 4,
990 1061 1041 1097 η.
1083 1042 1160 1111 6),
1200 1060 1217 1093 ι
1264 1042 1437 1115 Filios
1477 1048 1668 1115 vocant
1711 1038 1880 1115 sancti
1921 1039 2016 1091 viri
2047 1053 2155 1115 eos

574 1107 708 1185 quos
737 1130 764 1164 a
784 1116 1042 1179 pravitate
1068 1107 1133 1167 et
1150 1114 1351 1185 malitia
1376 1111 1439 1164 ad
1471 1113 1606 1163 virtu
1634 1122 1794 1163 emet
1823 1107 2155 1185 bonatn_fru-

574 1178 695 1252 gem
724 1178 969 1236 sermone
994 1192 1047 1237 et
1076 1183 1455 1249 praedicatione
1484 1189 1885 1242 converterunt,
1919 1189 1986 1252 ut
2006 1178 2154 1245 Apo-

573 1250 744 1323 stolus
772 1255 871 1306 ait:
908 1252 1106 1321 Filioli,
1136 1270 1259 1323 quos
1286 1255 1464 1323 iterum
1493 1252 1743 1323 parturjo,
1770 1252 1931 1323 donec
1960 1250 2154 1317 forme-

575 1336 658 1377 tur
701 1322 928 1377 Christus
956 1325 1009 1380 in
1058 1321 1214 1376 vobis.
1251 1343 1269 1374 ι
1310 1322 1460 1376 Unde
1489 1333 1541 1375 et
1570 1322 1626 1375 S.
1662 1321 1889 1373 Basilius
1919 1335 2011 1374 eos
2038 1330 2154 1375 tan-

574 1410 734 1459 quam
767 1408 923 1448 veros
954 1402 1202 1461 parentes
1228 1396 1340 1445 vult
1368 1392 1607 1455 agnosci,
1640 1393 1728 1457 qui
1752 1406 1847 1444 nos
1871 1390 1971 1444 hoc
1998 1397 2164 1461 pacto

577 1463 688 1519 Deo
712 1459 1051 1533 genuerunt:
1085 1464 1351 1526 Parentes,
1385 1464 1574 1531 inquit,
1603 1479 1686 1515 eos
1718 1463 1802 1528 qui
1828 1462 1945 1533 t_alis
1975 1468 2048 1514 est
2075 1459 2149 1531 (id

576 1546 658 1589 est
674 1530 1001 1605 monachus)
1018 1552 1158 1588 veros
1177 1544 1433 1605 agnoscet,
1456 1530 1688 1605 aquibus
1710 1548 1797 1600 per
1821 1530 2154 1605 Drangelium

574 1607 627 1659 in
657 1604 856 1659 Christo
882 1602 1007 1658 Iesu
1038 1616 1185 1661 natus
1211 1602 1279 1658 est
1313 1602 1519 1671 (Ilequl.
1558 1604 1654 1659 lus.
1685 1618 1798 1669 cap.
1833 1602 1907 1669 8).

651 1677 897 1729 Secundo
923 1677 1061 1741 quod
1090 1676 1202 1745 oj-is
1232 1675 1487 1729 sectando
1515 1673 1789 1741 Regulam,
1816 1680 2088 1745 sectentur
2102 1681 2157 1745 et

577 1748 773 1809 vitam;
806 1756 861 1801 et
883 1761 950 1800 ex
982 1742 1343 1806 receptissima
1389 1745 1485 1799 SS.
1523 1746 1737 1799 I’alt’um
1764 1742 2009 1813 regulaii
2042 1743 2157 1795 veri

580 1826 884 1871 sanctorum
911 1817 1000 1869 lilii
1031 1820 1235 1870 censeri
1260 1817 1509 1878 debeant,
1533 1816 1620 1881 qui
1661 1829 1843 1868 eorum
1884 1812 2158 1866 imitantur

578 1888 818 1954 exempla
841 1903 855 1941 :
880 1885 949 1939 Hi
974 1887 1072 1955 lilii
1096 1896 1392 1941 sanctarum
1420 1896 1557 1948 sunt,
1578 1884 1745 1955 inquit
1777 1884 2153 1955 Hieronymus,

2258 694 2522 755 prmeepta
2554 688 2799 739 ducentis
2826 688 3029 741 audire.

2330 757 2392 809 Et
2422 758 2817 829 admonitionem
2850 758 2919 823 pii
2952 755 3126 810 Putris
3155 758 3368 811 libenter
3396 757 3619 829 πεῖρα]
3654 761 3864 817 Liben—

2254 836 2358 894 tvr,
2393 828 2443 879 id
2474 838 2555 880 est
2584 839 2773 895 sponte
2804 838 2856 880 et
2892 829 3093 892 animo,
3124 843 3317 897 magno
3348 846 3467 883 cuin
3516 833 3739 895 gaudio,
3774 834 3865 886 sic.

2256 897 2489 971 denique
2518 898 2789 971 piiPatris
2812 900 3008 971 monita
3034 903 3245 967 excipe,
3279 910 3332 952 ut
3356 901 3497 954 nulla
3522 917 3756 971 unquam
3791 921 3859 957 ea

2257 968 2437 1021 delere
2468 970 2632 1035 possit
2666 969 2887 1021 oblivio.

2328 1040 2585 1103 Qttterunt
2629 1049 2806 1111 autem
2856 1038 3110 1111 quis_ille
3156 1042 3413 1111 magister
3461 1041 3613 1107 cujus
3656 1043 3856 1096 audire

2256 1119 2545 1177 prmcepta,
2577 1108 2694 1177 quis
2725 1108 2957 1179 piusille
2987 1108 3139 1162 Pater
3172 1108 3325 1179 cnj'us
3366 1113 3588 1165 consilia
3622 1113 3860 1165 libenter

2258 1180 2509 1245 excipere
2551 1179 2700 1246 jubet
2751 1178 2808 1232 S.
2858 1178 3165 1246 legislatur?
3214 1178 3558 1245 llesiondent
3606 1184 3857 1235 nonnulli

2256 1248 2419 1321 alium
2451 1263 2670 1321 prorsus
2711 1263 2816 1301 non
2865 1264 2984 1303 esse
3010 1250 3078 1303 ab
3108 1252 3223 1319 ipso
3249 1253 3452 1317 Spiritu
3501 1260 3709 1311 sancto.
3739 1268 3858 1321 qu.-

2260 1318 2475 1372 alllante
2525 1334 2587 1373 ac
2636 1319 2871 1373 dictante
2916 1335 3069 1373 suam
3126 1322 3185 1377 S.
3236 1322 3554 1376 Benedictus
3606 1318 3859 1375 exaravit

2264 1389 2541 1455 Ilegulam.
2594 1390 2658 1441 Et
2700 1399 2845 1443 certe
2897 1390 3020 1455 quis
3062 1394 3291 1446 instituet
3338 1402 3501 1446 tanta:
3534 1393 3858 1445 humilitatis

2264 1405 2541 1455 ttegutam.
2595 1405 2658 1441 ut
2700 1405 2845 1443 certe
2937 1406 3020 1443 llts
3062 1405 3291 1446 :csuuiet
3338 1405 3501 1446 tanta:
3534 1405 3857 1445 uuuuntatis

2259 1464 2428 1514 virum
2460 1461 2671 1529 qualem
2714 1458 2877 1529 fuisse
3002 1462 3345 1516 Benedictum
3389 1464 3570 1517 nullus
3601 1478 3733 1516 sane
3756 1463 3857 1517 du-

2261 1527 2547 1603 bitaverit,
2594 1531 2671 1603 pii
2730 1527 2903 1603 Patris
2934 1546 3014 1603 ac
3064 1535 3293 1603 magistri
3342 1534 3556 1586 titulum
3602 1533 3703 1585 sibi
3748 1533 3856 1585 ad-

2260 1601 2491 1654 sciscere
2522 1600 2789 1654 voluisse?
2812 1602 3034 1655 Maxime
3058 1600 3180 1657 cum
3208 1606 3450 1659 Chrisms
3481 1605 3530 1656 in
3558 1604 3857 1664 Evangelia

2261 1683 2465 1742 patrem
2491 1672 2592 1724 sibi
2623 1686 2784 1738 super
2808 1683 3005 1726 terram
3034 1688 3225 1728 vocare
3247 1674 3524 1742 discipulis
3555 1674 3855 1742 prohibue-

2264 1740 2377 1811 rit,
2401 1757 2538 1795 neve
2585 1742 2825 1811 magistri
2870 1742 3303 1810 appellarentur;
3337 1740 3498 1799 unum
3545 1740 3749 1799 Scilicet
3793 1745 3853 1800 in

2259 1810 2411 1865 etrlis
2442 1811 2597 1866 nobis
2625 1810 2745 1866 eSSe
2778 1822 3017 1878 patrem,
3049 1829 3212 1867 unum
3245 1816 3578 1880 magistrum.
3610 1814 3855 1869 Audien-

2262 1881 2363 1954 dns
2386 1882 2484 1937 hac
2506 1884 2557 1935 in
2584 1897 2643 1937 re
2666 1882 2856 1954 Petrus
2878 1882 3117 1939 Damiani
3134 1886 3203 1940 de
3224 1885 3282 1939 S.
3313 1886 3600 1940 Benedicto
3621 1885 3855 1954 loquens

577 1940 944 2045 quinerercen't‘
964 1940 1316 2045 opera'eoi'um
1348 1940 1939 2045 (lipisr.'ad'lrlell‘od.).;
1973 1940 2160 2045 ἔειεῇηὲ
2192 1986 2238 2045 Β
2264 1952 2463 2045 italiam
2486 1954 2663 2033 ,νει-ΙΨ
2695 1952 2915 2045 (υριιξε.
2962 1956 3055 2045 l5,
3085 1971 3202 2045 cap.
3225 1956 3304 2045 “6)
3333 1973 3347 2009 :
3379 1954 3587 2045 rQqu
3637 1940 3706 2009 in.
3732 1957 3855 2024 ipso

578 2029 821 2095 gustinus
854 2044 867 2081 :
901 2026 1079 2080 Omnis
1114 2027 1265 2080 ltomo
1311 2029 1459 2094 cujus
1500 2036 1653 2089 Opera
1685 2026 1829 2089 lactt,
1867 2026 1981 2095 ejus
2016 2026 2155 2088 ﬁlius

578 2106 680 2157 est;
710 2099 754 2151 si
778 2112 900 2165 ergo
932 2114 1085 2165 opera
1111 2096 1203 2150 Dei
1234 2100 1469 2166 facimus,
1504 2095 1598 2149 Dei
1631 2096 1724 2161 filii
1754 2111 1928 2149 sumus
1959 2095 2153 2164 (Serm.

578 2168 731 2235 286).
763 2166 915 2221 Unde
943 2180 997 2219 et
1021 2168 1263 2221 (Ibrisms
1294 2168 1343 2221 in
1386 2168 1673 2229 Evangelio
1700 2166 1937 2235 Judmos,
1984 2166 2071 2233 qui
2098 2180 2158 2218 se

583 2233 861 2306 tantopere
890 2237 1117 2292 Abrahae
1146 2238 1281 2291 lilios
1311 2237 1681 2305 pr.rdicarent,
1710 2250 1806 2289 nec
1838 2233 1954 2303 ejus
1978 2244 2154 2306 tamen

581 2305 746 2363 Iidem
784 2319 838 2361 et
883 2309 1046 2361 vitam
1076 2317 1433 2371 sectarentur,
1487 2307 1771 2372 increpans
1813 2308 1885 2357 ait
1917 2323 1929 2357 :
1963 2306 2023 2358 Si
2061 2305 2157 2371 ﬁlii

585 2377 803 2432 Abraltte
825 2378 961 2442 estis,
985 2394 1139 2448 opera
1159 2378 1377 2431 Abrahae
1411 2379 1560 2447 facile
1586 2374 1779 2448 (Joan.
1800 2374 1935 2448 vui),
1966 2386 2020 2429 et
2051 2380 2159 2448 tgu-

580 2450 821 2517 gustinus
852 2443 1042 2503 iterum
1074 2464 1167 2501 seu
1197 2450 1369 2515 quivis
1396 2443 1528 2501 alius
1560 2443 2017 2517 :Sintilitudinent
2052 2443 2157 2517 Pa-

580 2514 671 2573 iris
702 2530 845 2571 artus
868 2520 1087 2572 indicent
1116 2514 1322 2582 sobolis,
1349 2518 1631 2571 similitudo
1662 2516 1828 2586 operis
1866 2514 2158 2569 similitudi-

581 2604 693 2641 nem
722 2590 910 2641 indicet
934 2589 1131 2659 generis
1157 2588 1244 2658 (In
1269 2588 1492 2657 append.
1530 2584 1866 2653 serin{5l‘2).

653 2660 837 2713 Tertio
859 2668 915 2711 ut
935 2659 1261 2729 singularem
1280 2674 1403 2727 erga
1426 2672 1612 2714 omnes
1630 2672 1857 2729 vereque
1878 2664 2153 2725 paternum

582 2727 916 2783 demonstret
952 2726 1223 2792 allectum,
1255 2738 1311 2783 et
1351 2726 1429 2793 ut,
1477 2730 1520 2783 si
1568 2730 1656 2795 qui
1698 2726 1939 2782 fortassis
1980 2728 2157 2785 adhuc

590 2799 737 2871 pueri
780 2813 903 2852 sens
927 2799 1025 2871 bus
1050 2798 1221 2855 ellccti
1253 2800 1447 2871 (neque
1475 2800 1615 2853 enim
1646 2800 1729 2852 hic
1767 2812 1859 2871 eos
1886 2800 2029 2853 solos
2065 2796 2174 2871 qui

582 2868 694 2940 jam
726 2870 1033 2924 monasticm
1080 2868 1419 2937 perfectionis
1444 2872 1654 2925 culmen
1698 2870 1940 2938 attigero,
1989 2868 2161 2924 sedet

582 2954 677 3010 eos
703 2942 933 2995 maxime
962 2940 1050 3007 qui
1076 2942 1205 2995 illud
1237 2941 1493 2996 scandere
1518 2942 1794 3008 incipiunt,
1826 2941 1933 2992 iino
1959 2954 2051 2993 eos
2069 2941 2158 3010 qui

583 3009 637 3081 id
666 3010 767 3064 sibi
799 3022 1123 3079 proponunt,
1153 3013 1483 3081 alloquitur),
1516 3027 1652 3080 quos
1680 3010 1973 3078 disciplina:
2014 3009 2159 3080 rigor

585 3080 656 3135 Ita
699 3081 989 3145 deterreat,
1034 3093 1093 3136 ut
1120 3084 1251 3153 ejus
1282 3080 1473 3153 iugum
1517 3094 1764 3151 tauquam
1811 3095 2056 3153 asperum
2096 3097 2160 3135 ac

584 3167 759 3225 grave
779 3154 938 3205 n‘mis
959 3152 1249 3225 refugiant,
1282 3150 1379 3206 hos
1409 3164 1515 3205 tam
1539 3150 1708 3225 suavi,
1735 3161 1841 3203 tam
1874 3150 1985 3225 miti
2014 3165 2160 3225 coni-

582 3220 891 3292 pellationc,
922 3222 987 3275 ad
1019 3223 1145 3277 illud
1176 3225 1381 3277 l'0ttiter
1405 3224 1739 3277 subeundum
1768 3220 2048 3275 accendat.
2069 3222 2160 3276 Sic

584 3308 687 3345 non
733 3293 947 3346 insolito
972 3295 1109 3360 apud
1147 3294 1388 3346 homines
1417 3307 1566 3345 more
1593 3292 1863 3361 parvulos,
1898 3303 1949 3343 et
1971 3307 2160 3345 omnes

584 3363 992 3436 squoscunque
1018 3367 1083 3416 ad
1102 3379 1306 3436 eaquae
1331 3360 1714 3431 cuneiipiscunt
1739 3362 2049 3436 pertrahere
2071 3363 2163 3415 de-
2190 3360 2235 3422 C

585 3431 841 3498 s'tderant,
867 3435 1001 3486 lilios
1026 3434 1296 3502 appellare
1318 3443 1730 3487 consueverunt.
1750 3431 1867 3497 Qun
1886 3433 2043 3484 etiaut
2072 3447 2165 3486 vo-

586 3504 777 3557 cabulo
805 3520 934 3558 usos
962 3520 1338 3573 nonnunquam
1371 3513 1578 3556 veteres
1607 3504 1918 3563 monachos,
1946 3502 2080 3555 lorte
2111 3504 2163 3557 iit

587 3576 797 3643 signum
817 3576 1035 3640 puerilis
1059 3575 1205 3627 illius
1217 3574 1569 3643 s'mplicitatis
1590 3588 1747 3641 quam
1776 3573 1885 3625 veri
1909 3574 2165 3626 [IIOIlaBIIr

588 3645 1037 3714 cteperfectionas
1067 3646 1403 3699 aemulatores
1455 3644 1794 3714 proﬁtentur,
1842 3653 2051 3697 constat
2098 3659 2163 3699 ex

591 3712 724 3767 Vitis
743 3715 965 3768 Patrum
996 3716 1214 3782 passim.

659 3785 862 3850 Quirto
892 3785 1121 3849 denique
1148 3799 1273 3837 suos
1300 3786 1357 3841 S.
1386 3784 1705 3840 Benedictus
1728 3783 1960 3853 appellat
1992 3784 2145 3845 litim.

594 3864 796 3922 utpote
834 3856 923 3923 qui
956 3871 1061 3910 non
1094 3866 1149 3909 ιιι
1178 3857 1423 3910 dominus
1452 3871 1756 3921 supremum
1787 3860 1837 3908 tn
1870 3870 1963 3909 eos
2001 3855 2167 3924 impe-

591 3925 727 3980 rium
754 3940 1034 3989 excreare,
1066 3928 1158 3980 sed
1194 3938 1443 3992 tanquam
1482 3928 1599 3993 pius
1641 3934 1790 3995 pater
1819 3940 1916 3980 eos
1956 3940 2163 3995 regere,

592 4004 645 4050 et
668 3996 737 4066 ad
768 4007 967 4051 :cterua
994 3998 1112 4052 ρωιί
1145 3998 1335 4065 gaudia
1368 3998 1657 4066 perducere
1686 4007 1923 4064 cuperet.

664 4065 927 4140 Praecpta
964 4068 1248 4140 ntagistri.]
1298 4065 1567 4140 lfrazcepta
1609 4068 1737 4121 dicit
1787 4082 1851 4121 ea
1897 4082 2015 4140 qua:
2059 4076 2167 4122 tota

593 4138 789 4205 passim
833 4138 1175 4194 continentur
1219 4138 1269 4193 in
1320 4138 1556 4206 llegula,
1600 4153 1657 4192 ut
1699 4147 1825 4192 sunt
1868 4139 2165 4192 voluntaria

594 4219 911 4278 paupertas,
961 4210 1286 4264 abstinentia
1337 4224 1365 4261 a
1412 4209 1692 4271 carnibus,
1739 4210 2011 4263 silentium
2058 4209 2170 4263 lere

594 4286 930 4348 perpetuum,
960 4290 1014 4334 et
1043 4282 1145 4334 alia
1176 4281 1255 4333 his
1282 4279 1492 4343 similia,
1525 4296 1643 4348 (ιιιιο
1674 4280 2022 4335 δωευιιιτίὺυε
2052 4280 2169 4349 (ιιιὶ-

594 4349 715 4404 dem
746 4361 868 4403 sunt
896 4354 1119 4413 monita,
1146 4351 1298 4404 nobis
1328 4364 1454 4403 vero
1488 4351 1764 4406 monachis
1804 4360 2093 4405 evaserunt
2118 4352 2167 4404 in

596 4431 862 4490 prapcepta
899 4437 911 4472 :
952 4440 969 4471 ι
1016 4422 1206 4475 Omnia
1252 4420 1309 4475 S.
1358 4420 1627 4474 Benedicti
1677 4421 1949 4483 instituta,
1999 4421 2171 4490 inquit

593 4489 985 4562 5.7Bernardus
1017 4491 1116 4562 (De
1145 4490 1411 4562 Pra'ccpto
1434 4494 1729 4562 etrdispens.
1762 4509 1872 4562 cap.
1912 4493 1984 4561 l),
2015 4489 2168 4545 exce-

598 4561 701 4629 ptis
732 4576 861 4615 sane
890 4561 1157 4616 nuntiu'lis
1183 4561 1250 4615 de
1281 4561 1627 4627 spiritalibus,
1661 4563 1805 4615 verbi
1825 4561 2017 4629 eausa,
2044 4563 2170 4615 cha-

597 4631 783 4694 ritate,
834 4632 1166 4697 humilitate,
1230 4632 1671 4695 mansuetudine,
1728 4650 1848 4702 qua:
1901 4650 2005 4687 non
2063 4642 2167 4686 tant

595 4712 801 4755 constat
850 4703 1021 4769 ipsum
1067 4702 1361 4757 iustitu'sse
1404 4717 1561 4770 quam
1612 4704 1807 4766 Deum,
1849 4714 1905 4757 et
1952 4705 2023 4757 ob
2068 4704 2169 4757 hoc

2263 2022 2384 2096 libri
2420 2022 2680 2096 principio
2728 2024 3010 2096 manifeste
3056 2022 3346 2096 colligitur,
3375 2027 3419 2079 si
3449 2022 3514 2079 ad
3560 2040 3721 2092 quem
3749 2022 3851 2078 sua

2262 2094 2422 2164 verba
2456 2092 2683 2160 Spiritus
2722 2103 2931 2146 sanctas
2960 2092 3470 2164 dirigat,‘snbtiliter
3495 2097 3804 2150 attendatur
3832 2115 3846 2149 :

2263 2163 2518 2233 Spiritum
2561 2165 2618 2235 6
2657 2172 2892 2217 sanctum
2924 2163 3086 2229 dico;
3109 2181 3280 2232 neque
3310 2167 3451 2219 enim
3495 2165 3577 2219 vir
3621 2176 3843 2220 sanctus
3900 2191 3907 2195 ι

2264 2244 2531 2301 tantaque
2575 2236 2751 2288 cultor
2802 2234 3115 2289 humilitatis
3157 2238 3399 2304 protinus
3432 2237 3483 2289 iu
3518 2235 3634 2290 haec
3680 2236 3850 2291 verba

2263 2314 2654 2428 prorumperet,
2688 2305 2980 2373 magisterii
3019 2308 3347 2369 cathedram,
3378 2315 3433 2360 et
3479 2307 3745 2375 prmcipue
3775 2308 3850 2373 pii

2307 2375 2438 2428 atris
2464 2377 2565 2428 διιιί
2601 2375 2934 2428 nrivileatnut
2979 2387 3286 2428 usurnaret.
3319 2378 3502 2428 dicens
3535 2394 3547 2428 :
3576 2378 3846 2428 Ausculta.

2307 2375 2438 2444 atris
2464 2377 2565 2428 sibi
2601 2375 2934 2444 privilegium
2979 2387 3286 2443 usurparet,
3319 2378 3502 2431 dicens
3535 2394 3547 2429 :
3576 2378 3846 2435 Ausculta.

2263 2443 2422 2566 of“,
2452 2443 2704 2514 pracepta
2728 2446 2978 2515 magistri,
3011 2456 3058 2499 et
3086 2448 3275 2500 inclina
3294 2464 3469 2500 aurem
3490 2448 3661 2501 cordis
3687 2449 3780 2509 tui,
3799 2456 3852 2500 et

2263 2530 2295 2566 a
2336 2517 2659 2566 munitionem
2683 2516 2753 2566 aii
2772 2514 2939 2566 Putris
2959 2517 3169 2566 libenter
3189 2519 3364 2566 excipe
3383 2534 3399 2566 :
3417 2518 3509 2566 sed
3529 2520 3615 2566 ille
3632 2534 3849 2566 servulis

2262 2514 2659 2570 admonitionem
2683 2516 2753 2586 pii
2772 2514 2939 2570 Patris
2959 2517 3169 2570 libenter
3189 2519 3364 2586 excipe
3383 2534 3399 2579 ;
3417 2518 3509 2570 sed
3529 2520 3615 2571 ille
3632 2534 3849 2573 servum

2264 2586 2498 2657 propria:
2527 2588 2672 2640 vet-is
2712 2600 2968 2653 organum
3026 2588 3169 2650 fecit,
3207 2589 3297 2657 qui
3343 2588 3589 2641 similiter
3632 2589 3682 2641 in
3731 2589 3853 2657 ipso

2264 2656 2861 2725 vaticiniiincipicntis
2926 2659 3149 2711 exordio
3215 2656 3447 2713 clamare
3512 2674 3607 2721 per
3658 2656 3852 2712 Isaiam

2264 2727 2431 2797 capit
2458 2745 2471 2782 :
2496 2724 2663 2781 Filios
2692 2728 2909 2780 enutrivi
2938 2741 2981 2781 et
3006 2730 3243 2783 exaltari.
3266 2747 3285 2780 ›
3323 2733 3389 2782 At
3422 2728 3545 2782 licet
3582 2730 3639 2782 S.
3678 2730 3852 2784 Bene-

2262 2798 2438 2853 dictus
2470 2812 2566 2867 pro
2610 2813 2819 2852 summa
2851 2813 2965 2863 qu.e
2999 2798 3054 2853 in
3088 2816 3153 2854 eo
3196 2800 3389 2854 enituit
3437 2800 3759 2866 humilitate,
3789 2810 3852 2854 et

2265 2869 2335 2934 pii
2367 2870 2553 2937 patris,
2580 2879 2635 2924 et
2662 2869 2899 2938 magiSIri
2929 2870 3137 2924 titulum
3169 2872 3465 2938 reSpuerit,
3498 2870 3639 2924 hunc
3667 2880 3849 2925 tamen

2263 2954 2453 2995 omnes
2481 2954 2579 3005 pro
2608 2955 2811 2993 summa
2861 2939 2977 3007 ejus
3026 2942 3331 3003 Sanctitate,
3357 2951 3409 2994 et
3444 2944 3493 2993 in
3528 2942 3688 2994 rebus
3735 2956 3851 2994 mo-

2264 3011 2485 3064 nasticis
2509 3010 2836 3078 experientia
2867 3020 2920 3063 et
2949 3011 3187 3063 doctrina
3218 3012 3313 3079 ipsi
3342 3012 3493 3065 facile
3522 3011 3849 3079 concedunt,

2264 3092 2421 3150 atque
2454 3082 2592 3134 inter
2617 3081 2749 3134 alios
2778 3081 2834 3134 S.
2864 3081 3153 3149 Gregorius
3182 3099 3312 3150 papa
3345 3081 3481 3151 (Lib.
3515 3097 3585 3142 tv,
3615 3100 3733 3149 cap.
3769 3084 3845 3146 ι),

2263 3166 2358 3205 seu
2388 3152 2560 3221 quivis
2605 3151 2741 3204 alius
2792 3164 2978 3204 aucmr
3022 3154 3389 3206 commenta-ii
3441 3153 3491 3205 in
3540 3152 3705 3206 libros
3751 3152 3850 3206 lte-

2264 3237 2424 3292 gttm,
2452 3222 2538 3274 ubi
2582 3237 2703 3275 cum
2751 3222 3052 3275 artissima:
3096 3224 3209 3276 vitta
3260 3225 3559 3293 magistrum
3603 3226 3853 3294 optimum

2266 3294 2517 3356 appellat.

2358 3310 2517 3345 ienai.

2303 3310 2404 3413 pIit
2426 3361 2689 3429 efficaciter
2715 3360 2962 3432 comple.]
2984 3361 3091 3416 Iloc
3108 3371 3190 3415 est
3205 3374 3457 3431 superata
3480 3377 3854 3431 quamcunque

2270 3431 2513 3486 offendes
2560 3432 2904 3496 dillicu‘tate;
2936 3431 3173 3488 offendes
3211 3451 3377 3497 enim,
3412 3435 3591 3489 audita
3642 3434 3850 3487 Domini

2270 3512 2535 3574 prmcepta
2559 3517 2881 3574 exsequere.
2906 3503 3028 3574 Tria
3055 3518 3182 3572 ergo
3202 3521 3229 3557 a
3253 3506 3529 3573 discipulis
3561 3505 3647 3559 hic
3677 3507 3851 3569 requi-

2270 3572 2341 3627 rit
2366 3572 2667 3627 arctissima:
2704 3576 2818 3629 vita:
2854 3573 3092 3641 magis'er
3120 3576 3343 3639 optintus
3368 3572 3423 3629 et
3452 3578 3675 3638 doctor;
3704 3591 3851 3635 nam,

2269 3645 2407 3698 sicut
2438 3646 2536 3697 tria
2568 3654 2693 3698 sunt
2721 3645 2985 3711 praecipue
3033 3646 3273 3700 docentis
3318 3648 3529 3710 munia,
3560 3655 3619 3698 ut
3646 3645 3853 3699 scilicet

2268 3714 2480 3778 doceat,
2532 3715 2762 3769 delectet
2813 3724 2869 3768 et
2915 3714 3132 3777 nectat,
3183 3726 3240 3768 ιιι
3288 3718 3474 3772 scribit
3523 3718 3852 3782 Augustinus

2268 3784 2409 3858 (Lib.
2441 3784 2593 3858 tvjrde
2618 3782 2865 3858 Doctrina
2905 3784 3121 3858 Clt_rist.,
3155 3804 3270 3858 cap.
3320 3788 3438 3851 Ii);
3474 3788 3544 3841 ita
3589 3787 3687 3841 tria
3730 3798 3853 3838 sunt

2270 3857 2436 3911 etiam
2464 3855 2849 3923 discipulorum
2888 3855 3302 3925 auditorumque
3340 3858 3541 3918 cilicia,
3570 3869 3621 3909 ut
3656 3872 3851 3923 nempe

2270 3926 2575 3997 auscultent
2601 3928 2905 3992 docentem,
2928 3928 3154 3982 libenter
3180 3928 3446 3997 excipiant
3468 3928 3850 3992 delectantcm,

2271 4006 2326 4051 et
2374 3996 2667 4052 ellicaciter
2708 3998 3015 4065 compleant
3059 4000 3107 4053 i.l
3152 3999 3215 4051 ad
3259 3996 3398 4066 quod
3447 4000 3609 4052 llcctit
3649 4008 3852 4063 orator,

2270 4083 2391 4135 qua:
2440 4067 2538 4122 tria
2589 4069 2889 4135 respexisse
2942 4068 3085 4122 visus
3133 4080 3212 4121 est
3257 4072 3312 4123 δ.
3357 4072 3685 4138 Augustinus
3736 4072 3852 4123 loco

2271 4139 2451 4203 citato,
2479 4152 2600 4192 cum
2634 4138 2958 4210 deducente
2989 4140 3064 4191 sic
3097 4141 3166 4191 ait
3201 4139 3384 4206 (Ibid.,
3410 4137 3529 4209 cap.
3561 4137 3649 4207 l5)
3680 4157 3690 4190 :
3723 4142 3852 4210 Agat

2275 4224 2414 4280 ergo,
2433 4225 2545 4262 cum
2567 4210 2663 4263 ista
2684 4208 2827 4272 dicit,
2848 4221 2903 4261 ut
2930 4210 3287 4277 intclligenter,
3312 4208 3539 4270 libenter,
3566 4208 3853 4262 obedien'ter

2272 4280 2537 4332 audiatur.
2610 4280 2823 4343 Verum,
2854 4280 2989 4333 sicut
3029 4281 3223 4335 docere
3261 4291 3314 4333 et
3357 4282 3627 4334 delectare
3669 4296 3849 4347 parum

2274 4361 2380 4415 est,
2415 4352 2466 4404 ni
2498 4351 2662 4404 etiam
2697 4349 2870 4404 ﬂectat
2915 4363 3131 4413 oratur,
3166 4354 3234 4404 ita
3270 4353 3431 4404 etiam
3474 4350 3775 4417 intelligere
3801 4362 3853 4404 et

2275 4422 2531 4476 memoria
2564 4422 2795 4474 retinere
2823 4436 2939 4487 qua-
2971 4424 3134 4475 semel
3168 4423 3348 4475 audita
3379 4434 3502 4474 sunt
3533 4422 3666 4474 nihil
3695 4422 3852 4489 prod-

2272 4501 2378 4556 est,
2408 4491 2509 4545 nisi
2532 4506 2695 4559 opere
2721 4493 3121 4559 compleantur;
3151 4508 3247 4543 non
3272 4496 3405 4545 enini
3426 4494 3685 4545 auditores
3703 4493 3846 4561 legis,

2273 4562 2361 4615 sed
2410 4563 2628 4632 factores
2670 4562 3112 4631 justiﬁcabttntur.
3148 4562 3329 4616 Satius
3379 4564 3597 4615 omnino
3639 4565 3845 4627 luisset,

2275 4630 2418 4686 Viam
2446 4630 2599 4698 vitae,
2634 4630 2734 4687 nisi
2785 4633 3117 4686 ambulemus
3158 4634 3208 4685 iit
3248 4647 3343 4697 ea,
3376 4648 3643 4702 nunquam
3688 4649 3848 4697 agno-

2278 4702 2451 4767 visse;
2482 4712 2660 4757 cessat
2703 4703 2897 4771 quippe
2943 4715 3066 4755 tunc
3103 4702 3281 4756 omnis
3324 4706 3618 4769 excusatio,
3647 4712 3701 4757 et
3730 4717 3848 4756 reos

598 4772 806 4841 penitus
851 4748 955 4826 lIOll
988 4785 1111 4826 sunt
1142 4748 1435 4837 mutanda;I
1457 4775 1523 4828 de
1572 4783 1768 4829 caetero
1792 4748 2018 4845 'reliqua
2054 4776 2170 4827 uni-
2205 4748 2250 4808 θ
2278 4787 2375 4828 nos
2390 4748 2614 4840 vni-upria
2641 4748 2967 4827 coiisc'ieutia
3009 4772 3321 4827 Constituit:
3350 4774 3409 4827 Si
3450 4790 3553 4826 non
3588 4748 3845 4837 tIenissent,

596 4857 746 4897 versa
778 4858 883 4897 non
916 4845 1283 4910 proﬁtentibus
1315 4845 1511 4898 monita
1557 4854 1757 4898 tantum
1778 4888 1790 4904 ,
1822 4860 1915 4899 seu
1947 4846 2168 4899 consilia

597 4915 860 4968 censenda
890 4926 1033 4977 sunt,
1056 4930 1177 4968 cum
1202 4926 1374 4969 tamen
1403 4916 1772 4982 prolitentibus
1798 4916 1849 4968 in
1877 4926 2166 4983 przccepta,

598 4986 1069 5047 praevaricatitibus
1098 4988 1148 5038 in
1175 4987 1394 5039 crimina
1427 4987 1583 5049 liattt;
1611 4986 1721 5039 sive
1741 4995 1798 5039 ιιι
1822 4998 1993 5039 vestra
2018 4987 2168 5039 vobi.

597 5054 845 5116 reddam,
877 5056 980 5108 illis
1010 5056 1307 5109 voluntaria
1338 5056 1421 5108 vel
1454 5055 1673 5119 factitia,
1710 5056 1826 5111 istis
1870 5072 2167 5110 necessara

598 5133 649 5178 et
682 5137 927 5195 l_.'tttqtt:tttt
963 5128 1217 5179 Ita'ttralin
1251 5143 1351 5179 non
1382 5127 1649 5195 immerito
1677 5136 2007 5195 reputautur.

673 5193 736 5247 Et
784 5196 974 5251 inclina
1018 5213 1194 5249 aurem
1241 5198 1408 5250 cordis
1439 5194 1558 5266 tui.]
1587 5197 1641 5251 Id
1670 5193 1751 5250 est
1780 5197 2017 5264 intellige
2048 5212 2167 5262 qua:

596 5265 702 5333 jam
748 5267 988 5321 dicturus
1034 5282 1186 5331 sum;
1216 5270 1359 5321 auris
1385 5265 1578 5335 quippe
1622 5268 1799 5321 cordis
1852 5275 1933 5319 est
1976 5267 2175 5320 intelli-

596 5338 774 5399 gentia
802 5355 813 5388 :
848 5359 863 5383 ι
902 5340 1056 5392 Auris
1082 5340 1148 5389 ab
1176 5338 1439 5392 audiendo
1484 5341 1563 5391 vel
1612 5336 1901 5392 hauriendo
1930 5346 2169 5401 vocatur,

600 5409 773 5481 inquit
824 5409 1176 5477 Sinaragdns;
1228 5411 1371 5462 auris
1404 5416 1595 5481 autem
1644 5408 2172 5481 corpoi-isjhominis

600 5478 797 5543 voces;
824 5481 1002 5533 cordis
1031 5486 1205 5533 autem
1230 5481 1373 5533 auris
1404 5478 1729 5531 intellectum
1767 5478 1939 5530 haurit
1966 5495 2172 5530 sermo-

600 5549 716 5612 nis;
757 5568 775 5600 ι
811 5560 866 5603 et
894 5566 1023 5603 sane
1072 5550 1263 5602 ltustra
1317 5548 1555 5615 pulsatur
1584 5550 1728 5600 auris
1770 5548 2033 5615 eorpoiis,
2069 5548 2169 5602 nisi

598 5634 762 5673 sonus
811 5622 1096 5674 verborum
1144 5618 1385 5673 exterior
1414 5618 1481 5670 ad
1515 5618 1821 5673 interiorem
1874 5619 2054 5673 cordis
2093 5619 2171 5671 iu-

602 5690 946 5759 tel'igentiam
995 5692 1297 5759 perveniat;
1348 5689 1431 5742 vel
1472 5693 1632 5743 etiam
1680 5689 1823 5742 auris
1869 5688 2047 5742 cordis
2093 5698 2177 5742 est

604 5758 852 5826 allectus,
877 5758 1199 5814 desiderium
1231 5770 1285 5814 et
1317 5761 1678 5828 protnptitudo
1707 5760 1992 5822 audiendi;
2024 5760 2092 5812 ita
2119 5770 2177 5813 ut

604 5833 778 5888 cordis
799 5847 979 5899 :tut'cm
1007 5830 1262 5886 inclinare
1290 5830 1434 5885 aliud
1460 5846 1490 5884 ιι
1519 5830 1587 5884 hil
1619 5830 1681 5884 sit
1712 5847 1868 5899 quam
1902 5838 2004 5886 tota
2034 5846 2172 5886 men-

1352 5974 1387 5981 ψ

1301 5986 1306 5991 .
1328 5990 1355 5999 ,Δ
1368 5988 1377 5994 ν

2275 4846 2443 4912 inquit
2477 4845 2737 4903 Christus.
2769 4852 2816 4896 et
2866 4844 3061 4896 locutus
3098 4846 3170 4896 eis
3201 4860 3300 4896 non
3330 4845 3560 4912 fuissem,
3594 4854 3849 4910 peccatum

2273 4930 2375 4968 non
2422 4914 2684 4968 haberent.
2735 4913 3025 4967 Audiamus
3066 4914 3221 4982 plane
3263 4914 3557 4967 terribilem
3610 4916 3848 4982 Apostoli

2272 4985 2592 5039 sentt-niam
2616 5003 2626 5035 :
2652 4984 2839 5040 Metius
2858 4986 2989 5037 enim
3012 4994 3116 5036 erat
3144 4985 3245 5036 illis
3269 5001 3369 5036 non
3392 5000 3697 5051 cognoscere
3722 4986 3851 5037 riam

2263 5058 2507 5126 Justitic,
2530 5072 2679 5122 quam
2719 5063 2830 5122 post
2869 5055 3177 5126 agnitionem
3218 5056 3763 5126 retrorsumlconverti
3792 5058 3852 5107 ab

2272 5123 2331 5178 eo
2362 5128 2497 5189 quod
2531 5126 2773 5177 traditum
2802 5135 2873 5177 est
2896 5124 2999 5177 illis
3028 5136 3205 5197 sauc'o
3227 5126 3468 5197 mandato
3490 5123 3577 5197 (11
3606 5124 3746 5178 Ριιν.
3769 5131 3847 5191 tt):

2275 5197 2417 5250 Deus
2446 5211 2573 5250 sane
2605 5212 2697 5264 per
2731 5197 3045 5263 prophetam
3077 5196 3232 5259 dicit,
3261 5196 3402 5263 quod
3446 5196 3668 5250 verbum
3700 5211 3849 5249 suum

2280 5281 2384 5319 non
2418 5277 2719 5320 revertetur
2758 5268 2823 5317 ad
2861 5281 2920 5319 se
2952 5280 3197 5326 vacuum,
3227 5266 3319 5318 sed
3354 5267 3775 5333 pr05pcrabitur,
3800 5275 3851 5320 et

2276 5336 2435 5391 faciet
2481 5337 2636 5402 illud,
2670 5337 2734 5387 ad
2780 5338 2921 5405 quod
2967 5337 3110 5390 misit
3154 5337 3278 5389 illud
3310 5336 3447 5406 (Isa.
3484 5338 3595 5406 ιν).
3632 5337 3700 5391 Ut
3727 5353 3850 5407 ergo

2277 5412 2497 5460 verbum
2559 5407 2766 5460 numini
2821 5423 2925 5460 non
2980 5410 3166 5460 redeat
3207 5407 3271 5459 ad
3312 5423 3372 5461 se
3422 5424 3673 5471 vacuum,
3701 5409 3850 5461 benis

2275 5478 2525 5545 operibus
2554 5478 2678 5531 illud
2725 5478 2946 5543 implere
2990 5488 3325 5547 satagantus:
3352 5497 3370 5530 ι
3398 5478 3509 5534 Νοιι
3559 5488 3851 5533 revertetur

2275 5550 2339 5601 ad
2391 5564 2476 5602 me
2520 5564 2740 5601 vacoum
2766 5590 2780 5613 ,
2813 5549 2982 5619 inquit
3022 5550 3079 5602 S.
3128 5549 3434 5604 Bernardus
3477 5550 3670 5619 (Serui.
3708 5551 3770 5601 71
3802 5551 3850 5601 in

2278 5618 2454 5681 Cunn,
2486 5637 2537 5672 η.
2588 5621 2696 5686 l5),
2730 5619 2813 5673 vel
2856 5618 3119 5688 jejunum,
3164 5619 3258 5673 sed
3305 5622 3454 5686 quasi
3489 5618 3761 5690 prospere
3802 5621 3848 5671 in

2278 5691 2524 5743 omnibus
2561 5705 2744 5760 agetis,
2776 5690 3102 5743 saturabitur
3131 5691 3285 5744 bonis
3313 5692 3521 5746 actibus
3550 5706 3734 5745 eorum
3766 5691 3850 5757 qui

2281 5761 2333 5813 in
2365 5760 2655 5815 tlilectioiie
2698 5762 3038 5827 acquiescent
3070 5761 3161 5814 illi.
3200 5761 3436 5830 Denique
3477 5778 3572 5815 usu
3606 5761 3849 5829 loquendi

2282 5847 2460 5888 sermo
2507 5834 2753 5900 impletus
2782 5841 2905 5886 tunc
2937 5832 2988 5887 di
3028 5832 3153 5902 itur,
3184 5845 3303 5887 cum
3338 5833 3493 5890 fuerit
3525 5833 3850 5901 mancipatus
