4102 6360
305 332 407 387 πει

1326 329 1590 402 βεϐυιηι
1633 326 2129 385 (ΣΟΜΜΙΞΝΪΛΤΛ.
2174 331 2554 388 PROLOGUS.

3482 339 3586 394 2‘23

302 448 538 525 effectui,
571 447 710 525 quod
764 448 1011 525 videlicet
1057 447 1239 525 ιτιιιάὶιι
1286 447 1478 507 inanis.
1506 458 1559 501 et
1589 460 1888 525 macer,_ac
1917 443 1966 503 Α
1992 444 2156 525 clima-
2179 446 2228 517 (l
2270 446 2396 525 Reg.
2426 450 2519 514 xv)
2540 464 2555 512 ;
2578 446 2723 518 quia,
2774 449 2963 525 inquit,
3001 450 3058 525 S_.
3092 453 3402 521 Gregorius,
3447 476 3465 508 ι
3491 448 3617 525 per'

301 520 701 589 quidammodo
764 519 1041 572 famelicus
1088 521 1159 573 sit
1208 518 1381 589 donec
1421 518 1894 589 onereeomplea-

304 586 411 661 nn
436 608 454 641 ι
485 590 673 645 διττὴ-ι
699 606 825 659 ergo
848 590 909 644 S.
940 589 1295 661 Hieronymus
1312 587 1607 661 (Einad
1629 586 1889 658 Celant.):

313 678 330 710 ι
373 660 479 715 Nec
510 662 757 715 siiflicerc
789 661 879 713 tibi
920 670 1074 725 potes
1106 660 1354 713 mandata
1389 660 1479 713 Dei
1523 660 1782 714 memoria
1814 671 1894 714 te-

306 746 461 796 nere,
492 743 547 786 et
587 732 840 800 operibus
872 731 1152 795 oblivisci,
1183 732 1278 784 sud
1321 731 1440 784 ideo
1480 731 1564 784 illa
1598 745 1892 800 cognosce,

310 810 367 856 ut
396 802 559 858 facias
588 801 841 869 quidquid
875 804 924 872 7
958 801 1258 856 faciendum
1303 802 1585 863 didiceris;
1619 818 1723 856 non
1750 804 1891 857 enim

308 874 585 927 auditores
618 872 747 941 legis
773 872 900 935 justi
929 885 1081 926 erunt
1102 917 1116 938 ,
1145 872 1241 927 sed
1280 873 1511 926 factores
1538 874 1669 942 legis
1696 872 1893 940 justiﬁ-

308 944 602 1005 cabuntur;
636 963 653 994 ι
686 952 739 995 et
771 943 829 997 8.
865 943 1181 998 Betiedictus
1204 958 1223 1003 ξ
1243 943 1508 1011 efﬁcaciter
1534 943 1747 1011 compte.

382 1017 449 1068 At
479 1016 615 1069 forte
639 1015 871 1068 movebit
899 1015 1127 1082 aliquem
1152 1016 1293 1084 quod
1329 1028 1517 1068 omnes
1570 1014 1655 1067 hic
1712 1014 1769 1069 8.
1829 1015 1888 1069 Ρ.

317 1084 638 1138 Benedictus
662 1086 963 1152 alloquens,
988 1085 1079 1155 qui
1101 1086 1423 1138 exstiterunt
1448 1084 1661 1151 llegulze
1690 1095 1891 1140 sancta:

315 1156 644 1219 profitentes.
664 1156 813 1223 quasi
830 1167 1007 1208 tamen
1039 1155 1282 1209 adunum
1318 1156 1890 1211 duntavatscrmonem

311 1226 720 1297 dir'geret,dicit
746 1227 1041 1289 :Ausrulta,
1060 1242 1088 1279 ο
1106 1226 1205 1297 ﬁli,
1240 1235 1488 1294 prrerepla
1503 1227 1750 1297 magistri.
1785 1237 1892 1283 etc.

311 1297 413 1349 Sed
434 1296 756 1349 individuam
774 1297 870 1351 hac
885 1296 1133 1365 loquendi
1152 1298 1356 1350 ratione
1371 1296 1597 1349 sanctos
1614 1297 1752 1351 inter
1775 1314 1861 1350 mo
1875 1327 1894 1340 -

311 1368 513 1419 navbus
560 1368 898 1422 commendat
920 1368 1210 1432 unitati-tn,
1262 1382 1484 1435 quorum
1531 1383 1623 1421 cor
1653 1384 1812 1421 unum
1840 1377 1893 1422 et

309 1440 485 1488 anima
510 1455 633 1499 una,
656 1454 903 1507 quorum,
931 1439 1168 1506 inquam,
1191 1437 1292 1493 etsi
1322 1438 1482 1491 multa
1512 1439 1618 1491 sint
1640 1452 1889 1507 corpora,

310 1522 416 1558 ιιοοιι
452 1518 554 1560 tam
593 1526 624 1562 ιι
655 1512 818 1561 mu'ta
848 1519 971 1561 sunt
997 1507 1190 1572 corda;
1222 1509 1361 1562 etde
1392 1508 1605 1575 quibus,
1661 1518 1718 1560 ut
1764 1510 1893 1563 dicit

307 1577 363 1629 8.
393 1578 823 1647 AugustinusUn
848 1578 997 1632 Psal.
1023 1581 1249 1646 cxxxn),
1297 1579 1510 1648 egregie
1554 1579 1756 1632 Psalcs
1802 1595 1890 1633 re-

308 1649 428 1715 gius
448 1650 641 1702 cecinit
672 1667 685 1699 :
722 1650 851 1705 Ecce
874 1666 1032 1720 quant
1073 1649 1259 1703 bonum
1305 1660 1353 1703 et
1402 1649 1891 1773 quamcjucundum

308 1719 541 1772 habitare
568 1725 751 1773 fratres
773 1722 823 1773 iu
848 1738 1005 1773 unum
1027 1720 1049 1773 .'
1075 1730 1129 1773 et
1157 1719 1215 1773 S.
1252 1721 1479 1773 Basilius
1528 1722 1545 1773 l
1602 1728 1731 1773 onst.
1784 1736 1891 1773 mo-

307 1719 541 1772 lmbilare
566 1725 751 1789 fratres
773 1722 823 1773 in
848 1738 1005 1773 unum
1027 1720 1049 1773 .'
1075 1730 1129 1774 et
1157 1719 1215 1776 S.
1252 1721 1479 1773 Basilius
1528 1719 1731 1789 (Const.
1784 1736 1892 1773 mo-

307 1797 440 1861 nasl.
474 1807 588 1861 rap.
621 1791 709 1859 l9)
746 1810 757 1843 :
800 1811 821 1845 ι,
852 1791 1106 1845 Homines
1129 1806 1193 1846 ex
1223 1791 1381 1845 variis
1409 1791 1695 1861 generibus
1723 1799 1775 1844 et
1804 1791 1884 1843 lo-

307 1860 387 1911 eis
412 1863 534 1913 moti
565 1861 629 1915 ad
655 1871 853 1914 tantam
904 1862 1268 1915 similitudinis
1319 1860 1697 1927 perfectionem
1765 1877 1893 1914 con-

307 1932 722 1999 glertinatisuut,
759 1943 814 1985 ut
870 1932 1047 1984 anima
1098 1947 1200 1985 una
1257 1934 1307 1985 in
1347 1931 1529 1985 multis
1577 1932 1892 1999 corporibus

302 2001 700 2068 consideretur,
734 2014 783 2055 et
814 2003 979 2055 multa
1008 2017 1233 2071 corpora
1265 2006 1423 2056 unus
1479 2003 1640 2055 animi
1692 2016 1891 2069 organa

303 2073 595 2139 spectanda
627 2073 999 2126 esttibi-antur.
1027 2093 1043 2123 ι
1069 2074 1239 2138 Atque
1270 2074 1349 2126 ha:
1375 2087 1403 2126 c
1426 2072 1581 2126 nobis
1602 2072 1893 2141 expositio-

305 2156 428 2194 nem
458 2143 827 2197 subministrat
856 2144 913 2198 S.
956 2144 1073 2197 Udo
1099 2143 1462 2196 Cluniacensis
1493 2144 1680 2209 abbas,
1737 2142 1891 2211 cujus

308 2210 424 2264 bzcc
454 2213 610 2266 verba
636 2212 833 2283 (Serm.
857 2213 922 2266 de
946 2223 1125 2267 saucio
1153 2212 1370 2279 Bened.)
1406 2230 1423 2271 τη
1458 2232 1475 2263 ι
1512 2210 1888 2267 Monacborum

308 2296 524 2350 grepem
551 2283 685 2337 sic..t
710 2283 1197 2339 voluntarii-auditu
1221 2286 1366 2337 auris
1385 2283 1718 2337 obedientem
1738 2284 1889 2352 quasi

312 2367 415 2405 una
445 2368 666 2424 personi
702 2355 907 2423 (supple
931 2356 1114 2419 esset),
1146 2365 1365 2424 promer
1417 2363 1582 2407 unum
1619 2368 1713 2407 cor
1752 2355 1888 2409 allo-

305 2437 475 2490 quens
500 2423 661 2477 filiuni
693 2425 950 2478 nominat.
992 2443 1010 2476 ι
1046 2423 1321 2481 Veteliam
1350 2424 1495 2494 quia,
1528 2426 1667 2478 sicut
1702 2439 1889 2479 omnes

310 2508 405 2560 per
436 2503 601 2547 totum
624 2494 807 2549 orbem
830 2495 1024 2549 Christi
1050 2495 1231 2550 fideles
1260 2494 1471 2551 nonnisi
1503 2511 1664 2548 uuttm
1697 2497 1887 2565 mysti-

308 2577 428 2617 cum
460 2580 675 2632 corpus,
697 2566 900 2625 scilicet
953 2567 1247 2621 Ecclesiam
1298 2566 1559 2631 efﬁciunt,
1591 2568 1662 2619 ita
1690 2574 1743 2620 et
1773 2582 1894 2620 om-

309 2648 406 2687 nes
444 2638 719 2701 monachi,
745 2638 866 2691 Iicet
896 2652 1119 2691 nurnero
1151 2637 1323 2699 inulti,
1357 2635 1570 2691 natione
1615 2636 1772 2706 longe
1803 2639 1888 2691 di-

310 2706 477 2767 versi,
509 2707 718 2760 nonnisi
752 2723 911 2760 unum
963 2710 1297 2761 conslitttttnt
1344 2721 1561 2775 corpus,
1599 2707 1750 2775 cujus
1800 2709 1886 2762 alii

308 2777 520 2846 capi'is,
549 2777 634 2830 alii
662 2778 880 2846 pedum,
924 2779 1011 2831 alii
1042 2794 1293 2832 manuum
1351 2780 1495 2832 vices
1544 2778 1802 2839 referunt,
1834 2788 1888 2831 ut

305 2843 459 2899 docet
481 2848 538 2901 S.
573 2843 769 2901 Dorotlt
793 2864 875 2901 ηιξ
898 2847 1069 2918 (Dect.
1105 2848 1156 2917 6)
1195 2866 1206 2900 :
1244 2868 1261 2899 ι
1293 2848 1428 2914 Quid
1453 2850 1602 2902 vobis
1640 2849 1890 2903 videntur

306 2930 428 2970 esse
455 2919 746 2971 cmuobia?
792 2918 1009 2985 inquit;
1039 2935 1217 2973 nonne
1258 2934 1423 2973 unum
1473 2919 1719 2973 videntur
1769 2934 1892 2975 esse

305 3001 501 3056 corpus
528 2998 579 3042 et
603 2988 833 3043 invicem
863 2991 1142 3045 membra?
1176 2990 1271 3054 Qui
1293 2999 1465 3043 autem
1512 2989 1888 3045 administrant

305 3065 359 3129 et
383 3059 701 3126 gubernant,
733 3062 921 3128 capitis
945 3060 1060 3114 loco
1086 3059 1350 3114 habentur
1379 3075 1393 3122 ;
1422 3059 1511 3129 qui
1538 3075 1668 3114 vero
1697 3074 1888 3127 Specu-

306 3126 484 3183 lantur
512 3138 565 3183 et
587 3126 883 3200 corrigunt,
907 3132 1180 3186 oculorum
1214 3131 1382 3186 vicem
1432 3126 1642 3193 tenent;
1697 3126 1752 3183 at
1799 3132 1887 3199 qui

1994 516 2239 570 victimas
2268 518 2440 573 aliena
2462 516 2611 593 caro,
2645 533 2738 586 per
2760 516 3118 576 obedientiam
3151 516 3365 593 prppria
3388 516 3587 587 volitu-

1999 595 2080 638 tas
2110 596 2391 664 mactatur.
2418 606 2454 664 _D
2510 589 2614 664 sed
2657 600 3046 664 nenostautus
3091 589 3263 649 labor'
3292 597 3580 664 deterreat,

1998 658 2330 731 propositum
2363 659 2531 731 labori
2563 661 2839 726 pra'tuium
2872 664 3194 728 intueamur,
3228 676 3280 720 et
3328 668 3482 722 facile
3508 658 3583 731 νιι

1995 728 2209 805 debitor
2238 743 2396 805 omne
2424 728 2646 784 difﬁcile
2680 734 3044 805 :promittitur
3084 749 3263 790 autem
3290 738 3488 792 reditus
3514 728 3582 805 ad

1996 797 2183 862 Deum,
2217 809 2270 851 ut
2300 800 2369 851 ad
2395 816 2506 851 eum
2534 816 2620 869 per
2672 797 2970 857 obedientire
3020 807 3244 860 laborem
3291 810 3488 864 redeas.
3530 797 3584 864 ~0

1997 872 2237 922 merces!
2266 870 2310 924 υ
2342 874 2616 938 prmmium
2641 875 2654 925 l
3064 880 3068 883 ’

2073 943 2111 991 Α
2141 957 2240 1016 quo
2263 958 2351 1010 per
2374 941 2724 1016 inobedientite
2744 944 2996 1016 desidiam
3033 944 3357 1016 recesseras.)
3390 951 3429 1001 Α
3473 947 3583 1003 Deo

1996 1012 2316 1081 recessimus
2337 1027 2458 1064 cum
2488 1027 2581 1077 per
2606 1014 2768 1068 divini
2802 1017 3034 1071 mandati
3085 1012 3576 1081 praevaricationem

1998 1080 2047 1133 in
2075 1083 2239 1155 Adam
2270 1097 2458 1155 omnes
2491 1086 2845 1155 peccavimus,
2888 1088 2968 1140 vel
3018 1080 3137 1141 cum
3200 1089 3427 1155 propriis
3484 1105 3581 1143 nos

1996 1151 2233 1224 reatihus
2254 1161 2307 1206 et
2335 1153 2710 1224 iuohedientiis
2735 1155 2955 1224 principi
2990 1151 3329 1211 tenebrarum
3370 1161 3579 1213 manci-

1999 1223 2258 1289 pziviinus.
2321 1222 2606 1291 Signauter
2626 1239 2751 1278 vero
2774 1226 2895 1279 dicit
2909 1222 3276 1281 ‘inobedientia:
3296 1230 3582 1291 desidiam;

1995 1295 2187 1359 quibus
2217 1294 2393 1347 verbis
2414 1294 2569 1348 docet
2589 1309 2682 1349 eos
2731 1311 2857 1349 vere
2886 1298 3097 1352 desides
3140 1299 3437 1353 censendos
3462 1314 3583 1356 esse

1994 1374 2047 1415 et
2080 1366 2259 1431 pigros
2289 1366 2402 1432 qui,
2427 1366 2882 1434 transgredientes
2907 1369 3151 1422 mandata
3182 1369 3298 1434 Dei,
3342 1384 3440 1424 nec
3468 1369 3581 1425 Deo

1998 1449 2097 1487 nec
2118 1436 2349 1502 proprias
2390 1435 2634 1489 laborant
2664 1437 2853 1501 saluti;
2884 1438 3000 1492 licet
3047 1440 3189 1494 enim
3222 1441 3370 1494 multi
3416 1443 3579 1495 multa

1996 1516 2305 1577 operentur,
2332 1506 2447 1559 bmc
2475 1507 2574 1559 nisi
2603 1506 2667 1560 ad
2703 1508 2866 1560 [leum
2890 1524 3023 1577 puro
3048 1526 3110 1563 ac
3153 1511 3362 1564 sincero
3385 1512 3581 1566 mentis

1995 1577 2184 1628 affectu
2209 1576 2475 1637 referant,
2503 1594 2607 1630 non
2640 1592 2823 1642 opera.
2866 1576 2960 1633 sed
2990 1593 3211 1647 operum
3261 1582 3580 1635 destructio-

1995 1659 2093 1698 nes
2125 1650 2322 1700 rectLus
2344 1647 2758 1702 existimaveris.
2789 1648 3053 1704 Praeclare
3084 1653 3304 1705 omnino
3353 1650 3577 1707 Guillel-

1996 1731 2115 1769 tuos
2129 1718 2291 1771 abbas
2321 1719 2626 1772 monasterii
2652 1718 2710 1773 S.
2739 1719 3058 1774 Theoderici
3085 1721 3149 1773 ad
3172 1720 3580 1777 Cartbosiensi-s

2002 1787 2308 1862 ιιιιιιιιιιξιιος»Δ
2320 1790 2559 1862 scribens
2597 1788 2700 1858 (De
2734 1788 2832 1845 Vit.
2859 1792 2996 1844 salit.
3022 1795 3088 1844 ad
3114 1795 3296 1862 fratres
3318 1794 3378 1845 de
3408 1790 3581 1846 Monte

1922 1833 1974 1894 Β
2002 1855 2118 1921 Dei,
2141 1872 2258 1923 cap.
2284 1858 2338 1927 8)
2365 1876 2377 1910 ε
2408 1876 2425 1909 ι
2463 1833 2704 1913 Otiosum
2736 1875 2842 1915 non
2865 1871 2948 1915 est
2976 1833 3166 1916 vacaie
3194 1863 3325 1925 Deo,
3355 1863 3465 1916 imo
3488 1879 3581 1916 ne.-

1996 1927 2197 2001 gotium
2230 1930 2567 2001 negotiorum
2585 1932 2822 1985 omnium
2841 1936 2941 1986 hoc
2968 1943 3084 1996 est;
3109 1933 3247 1999 quod
3276 1934 3579 2001 quicunque

1996 1997 2213 2072 in_cella
2255 2014 2360 2072 non
2384 2002 2493 2070 agit
2544 1999 2772 2072 [hleliter
2800 2011 2855 2055 et
2898 1997 3180 2066 ferventer,
3226 1997 3582 2072 quodcunque

1996 2068 2127 2134 agit,
2155 2071 2295 2139 quod
2328 2068 2545 2138 propter
2577 2071 2676 2124 hoc
2708 2086 2814 2125 non
2836 2073 2966 2139 agit,
2998 2075 3203 2128 scilicet
3237 2068 3295 2127 ut
3320 2074 3431 2128 Deo
3465 2068 3579 2129 ser-

1995 2139 2188 2211 viator,
2224 2141 2277 2193 in
2308 2154 2375 2194 eo
2396 2140 2535 2206 quod
2562 2142 2690 2211 agit.
2725 2145 2941 2196 otiatur.
2971 2162 2989 2193 ι

2068 2209 2143 2283 Ad
2173 2221 2220 2263 te
2240 2227 2358 2281 ergo
2384 2228 2516 2283 nunc
2538 2209 2678 2265 meus
2705 2229 2868 2283 sermo
2890 2214 3146 2283 dirigitur,
3177 2217 3402 2283 quisquis
3434 2216 3582 2269 abre-

1993 2281 2237 2333 nuntiatis
2260 2282 2483 2349 prOpriis
2506 2282 2870 2336 voluntatibus.
2898 2281 3049 2338 Sicut
3071 2281 3247 2339 nullus
3292 2290 3342 2338 in
3398 2286 3580 2340 Eccle-

1992 2350 2071 2403 sia
2095 2350 2272 2425 lidelis
2300 2352 2599 2425 admittitur
2626 2355 2753 2425 quin
2783 2356 2935 2425 prius
2976 2355 3209 2419 diabolo,
3268 2357 3475 2425 pompis
3526 2367 3606 2413 ct.

1992 2421 2245 2486 operibus
2271 2421 2387 2489 ejus
2409 2424 2885 2490 abrenuntiaverit,
2918 2426 2985 2479 ita
3025 2441 3122 2479 nec
3147 2421 3316 2479 ullum
3356 2421 3408 2480 in
3436 2428 3580 2481 c'au--

1992 2503 2107 2545 ειη)
2128 2496 2447 2563 monachum
2471 2494 2560 2561 qui
2588 2496 2814 2563 propriis
2839 2512 2945 2550 non
2977 2495 3316 2550 abrenuntiet
3338 2499 3580 2550 volunta-

1994 2562 2154 2635 tibus,
2184 2562 2241 2617 8.
2278 2563 2346 2617 Ρ.
2375 2565 2690 2619 Benedictus
2714 2567 2978 2622 introduci
3008 2567 3193 2629 voluit,
3214 2578 3272 2620 ut
3320 2577 3438 2635 post
3468 2568 3580 2621 Hil-

1992 2632 2271 2687 demarum
2297 2642 2443 2689 recte
2491 2635 2690 2689 netavit
2754 2638 3056 2691 Bernartius
3109 2632 3467 2693 Cassiuensis.
3503 2640 3578 2692 Ex

1994 2702 2075 2780 bis
2106 2720 2233 2771 ergo
2268 2706 2431 2780 liquet
2451 2722 2608 2780 quem
2638 2708 2736 2760 sibi
2760 2723 2981 2774 scortum
3011 2710 3063 2762 in
3110 2708 3309 2778 Regula
3333 2709 3389 2764 S.
3413 2709 3579 2780 legis-

1994 2774 2159 2839 lator,
2187 2774 2342 2844 queui
2368 2776 2469 2830 sibi
2499 2778 2656 2830 tinem
2677 2774 3411 2847 proposuerit,obedientiam
3439 2774 3580 2834 seir-

1991 2854 2078 2897 cet
2095 2860 2187 2897 seu
2206 2847 2431 2912 propria:
2450 2847 2735 2901 voluntatis
2752 2850 3185 2916 ahnegationem,
3206 2857 3263 2902 ut
3290 2852 3444 2903 docet
3484 2852 3581 2904 im-

1996 2915 2150 2990 primi
2163 2946 2178 2961 ~
2195 2918 2253 2970 8.
2271 2916 2457 2969 Petrus
2476 2916 2735 2990 Damiani,
2750 2933 2869 2971 cum
2887 2915 3012 2973 dicit
3028 2920 3247 2989 (Opusc.
3260 2922 3277 2971 l
3290 2919 3341 2980 5,
3358 2935 3476 2983 cap.
3493 2922 3578 2990 (3):

1998 2985 2469 3061 cVideamus-cum
2502 2987 2740 3061 scribere
2772 2985 3062 3061 incipit(5.
3096 2985 3437 3059 Bcuedictus)
3464 2985 3581 3061 qui-

1994 3057 2090 3109 bus
2115 3060 2273 3110 verba
2305 3057 2503 3122 dirigit,
2536 3057 2599 3110 ad
2647 3059 2787 3125 quod
2840 3059 3111 3112 hominum
3155 3074 3323 3128 genus
3366 3057 3579 3115 omnem

1993 3142 2099 3179 γιιιι
2118 3138 2379 3181 secutura:
2401 3128 2720 3203 elocutionis
2746 3130 2979 3203 intendit
3000 3148 3012 3193 ;
3032 3131 3101 3203 ait
3119 3131 3291 3184 enim:
3308 3130 3446 3184 Λάϐε
3461 3147 3582 3203 ergo

304 3213 555 3254 sermone
581 3210 825 3268 prosunt,
856 3219 904 3253 ιιι
922 3202 967 3256 is
997 3216 1218 3257 tttllllcre
1241 3202 1568 3269 funguntur;
1618 3201 1709 3270 qui
1759 3203 1888 3257 obe-
1918 3211 1962 3270 c
1996 3214 2278 3270 uuncmcus
2299 3213 2464 3250 sermo
2481 3200 2741 3268 dirigitur.
2760 3215 2862 3254 etc.
2904 3220 2927 3251 ι
2968 3200 3147 3255 llel‘ert
3190 3202 3277 3255 hic
3315 3200 3581 3269 integrum

304 3270 477 3333 diunt,
507 3272 715 3324 aurium
742 3272 858 3326 loco
912 3281 1195 3342 putantur;
1255 3272 1344 3341 qui
1400 3286 1563 3339 opera
1617 3282 1890 3337 exercent,

304 3342 555 3413 manibus
582 3353 988 3410 comparantur;
1018 3344 1104 3413 qui
1140 3343 1368 3400 reddunt
1397 3357 1674 3413 responsa,
1707 3353 1761 3398 et
1791 3343 1894 3398 huc

302 3420 465 3479 atque
484 3412 607 3486 illuc
636 3412 702 3466 ad
729 3412 1020 3475 ministeria
1039 3412 1372 3486 diriguntur,
1390 3412 1562 3468 vicem
1591 3428 1895 3484 exsequun-

305 3492 391 3534 tttr
424 3483 640 3550 pedum.
675 3502 692 3535 ι

379 3550 445 3624 Ut
466 3554 532 3606 ad
553 3570 668 3606 eum
692 3571 779 3624 per
802 3554 1345 3613 obedientiailaborem
1372 3554 1553 3607 redeas
1578 3570 1609 3606 a
1658 3570 1758 3622 quo
1803 3572 1893 3619 per

303 3622 658 3677 inobedientire
693 3622 958 3679 desidiam
1015 3642 1317 3681 reresseras.
1368 3625 1506 3692 Quid
1552 3624 1760 3679 duleius
1792 3624 1890 3680 hac

302 3708 458 3758 voce,
483 3696 673 3749 fratres
693 3696 1033 3749 charis-simi?
1064 3699 1201 3752 Ecce
1233 3696 1319 3750 hic
1361 3696 1616 3762 przeclare
1660 3695 1765 3750 dux
1797 3712 1892 3749 uo-

301 3774 413 3817 ster
443 3765 597 3819 nobis
632 3783 650 3816 ι
717 3768 971 3835 proponit
1006 3776 1312 3830 certamen,
1362 3768 1578 3819 moduni
1627 3768 1898 3833 certandi,

303 3835 660 3905 meritumque
689 3839 943 3900 vincenti,
977 3847 1033 3891 ut
1066 3838 1299 3908 loquitur
1344 3836 1699 3894 Tritbemius.
1724 3837 1780 3891 In
1824 3854 1891 3892 eo

301 3919 532 3974 namque
560 3908 700 3973 quod
731 3909 803 3961 ait
853 3910 1099 3973 laborem,
1153 3919 1428 3963 certamen
1473 3909 1737 3974 denotat;
1775 3908 1891 3961 obc-

299 3975 531 4041 dieutire,
565 3978 816 4041 modum;
852 3981 1062 4047 redeas,
1107 3982 1377 4034 meritum.
1407 3998 1435 4036 ι,
1478 3978 1691 4047 Ecquid.
1738 3979 1891 4035 nobis

301 4047 547 4119 suavius,
567 4048 692 4119 quid
727 4049 909 4103 utilius
938 4050 1112 4105 reditu
1135 4052 1199 4103 ad
1233 4050 1399 4104 Deum
1430 4050 1651 4119 proponi
1679 4051 1890 4118 posset?

301 4116 411 4189 into
457 4118 581 4183 quid
622 4119 732 4175 Deo
782 4121 881 4189 ipsi
940 4120 1267 4188 optabilius?
1303 4138 1319 4170 ι
1346 4116 1482 4188 Quid
1512 4116 1691 4183 enim,
1723 4125 1891 4189 inqu't

299 4187 361 4241 8.
385 4190 731 4258 Augusduus,
759 4187 1011 4247 [)oininus
1042 4192 1230 4260 qumrit
1260 4206 1286 4242 a
1319 4202 1390 4257 te,
1423 4191 1521 4244 nisi
1553 4191 1640 4245 te?
1666 4187 1805 4258 Quia
1834 4192 1887 4245 in

300 4264 708 4314 omuirreatura
737 4272 944 4316 terrena
978 4262 1107 4315 nihil
1167 4262 1357 4315 melius
1415 4261 1538 4315 fecit
1597 4270 1668 4326 te,
1701 4265 1890 4330 quaerit

302 4339 353 4381 te
385 4344 413 4401 a
465 4333 675 4399 tc,quia
710 4342 762 4385 tu
789 4334 1096 4399 perdideras
1127 4341 1197 4386 te.
1232 4351 1249 4382 ι
1309 4332 1413 4386 Sed
1440 4348 1542 4399 qua
1586 4335 1653 4385 ad
1714 4336 1886 4401 ipsum

300 4400 592 4472 rcdihiinus
623 4402 741 4455 via?
774 4419 878 4456 non
910 4405 1009 4456 alia
1041 4406 1197 4472 plane
1222 4404 1289 4456 ab
1318 4418 1378 4457 ea
1409 4418 1567 4472 quam
1614 4400 1890 4471 hic,sicut

298 4469 423 4524 alibi
457 4470 515 4527 8.
576 4472 845 4543 legislator
897 4469 1095 4529 indicat
1141 4473 1368 4528 dicens:
1425 4469 1655 4528 Scieutes
1693 4469 1748 4530 se
1799 4491 1889 4541 per

298 4552 431 4594 lianc
460 4542 759 4598 obedientia:
780 4545 1094 4599 viamiluros
1114 4545 1191 4597 ad.
1236 4544 1419 4598 Deum.
1480 4544 1603 4599 llaec
1650 4553 1733 4599 est
1779 4548 1881 4611 via,

297 4612 634 4685 ambulemus
661 4616 712 4668 iii
746 4630 841 4679 ea;
872 4617 1011 4670 unde
1066 4616 1253 4671 l’ctrus
1306 4615 1546 4670 Damiani
1596 4615 1788 4685 (Serm.
1825 4619 1888 4671 de

299 4680 480 4754 Leuit.
511 4685 573 4737 8.
598 4686 776 4753 Croc.)
812 4703 825 4740 :
864 4706 882 4738 ι
920 4688 1181 4754 Depulsus
1213 4695 1296 4740 est
1325 4686 1509 4753 homo,
1564 4680 1755 4754 inquit,
1817 4691 1886 4742 ab

298 4752 387 4807 illa
414 4754 550 4809 [elici
574 4752 905 4822 hazreditatc,
930 4752 1180 4815 exsilium
1207 4758 1427 4827 sortitus
1450 4767 1529 4810 est
1555 4752 1650 4827 pro
1685 4760 1850 4827 patria
1867 4804 1881 4822 ,

299 4838 527 4900 mortem
558 4843 653 4894 pro
685 4827 812 4900 vita,
846 4843 947 4896 pro
967 4831 1134 4896 gloria
1164 4826 1507 4900 ignominiam
1544 4826 1589 4900 ξ.
1614 4829 1659 4881 si
1712 4830 1790 4882 vis
1829 4833 1886 4900 8

298 4910 429 4966 ergo
448 4896 512 4949 ad
546 4907 686 4952 lttattt
717 4898 893 4953 haued
921 4909 1080 4955 tatem
1107 4899 1322 4961 reverti,
1363 4909 1506 4951 tuam
1545 4898 1745 4966 abnega
1797 4896 1886 4949 Vt):

299 4965 579 5023 luutaletn.
613 4969 908 5039 Abnegatio
932 4970 1092 5041 igitur
1125 4971 1411 5023 voluntatis
1446 4965 1773 5041 lucreditatis
1802 4980 1890 5025 est

300 5040 660 5111 tcrttpcratio:
686 5059 703 5091 ι
730 5052 783 5093 et
811 5041 865 5095 S.
902 5039 1203 5096 lierntu‘dus
1224 5041 1415 5111 (Serm.
1444 5039 1511 5094 6i
1541 5041 1605 5092 de
1635 5041 1876 5109 diuers.):

304 5127 323 5156 ι
367 5108 488 5163 llic
517 5120 600 5164 est
624 5112 791 5165 virtus
821 5127 939 5178 qua:
990 5108 1494 5179 animampcrfccte
1544 5112 1650 5165 Deo
1699 5114 1882 5165 subdi-

294 5190 432 5240 tam,
460 5181 559 5235 sub
582 5183 767 5235 umbra
806 5186 1009 5236 alarum
1040 5183 1204 5250 ipsius
1227 5197 1414 5237 secure
1445 5182 1569 5235 facit
1621 5184 1820 5237 vivere.
1854 5202 1881 5234 ι,

369 5252 522 5316 Quod
548 5264 724 5306 autem
755 5268 858 5306 non
885 5254 1241 5307 obedientiam
1265 5253 1594 5321 simpliciter,
1638 5256 1730 5308 sed
1757 5263 1878 5307 ob.»

295 5324 503 5374 dirutae
529 5324 750 5377 laborem
778 5325 933 5389 dieit,
962 5324 1197 5377 decLirat
1225 5341 1328 5385 non
1357 5326 1492 5378 adeo
1519 5324 1750 5385 facilem,
1781 5324 1876 5378 sed

298 5396 523 5447 tnultunt
595 5394 915 5449 laboriosam
964 5410 1077 5448 rem
1134 5410 1256 5449 esse
1311 5394 1702 5452 obedientiam:
1738 5396 1885 5461 quod

295 5465 574 5517 confirmat
604 5467 659 5521 8.
688 5466 975 5534 Gregorius
1016 5478 1151 5533 papa
1200 5466 1384 5520 bomil.
1428 5467 1507 5523 5‘2.
1549 5466 1597 5517 iu
1632 5466 1876 5534 Evange-

274 5534 426 5586 vlium
452 5536 567 5591 ha'c
594 5536 836 5591 scribens
870 5554 881 5588 :
914 5556 932 5587 ι
973 5536 1221 5589 Fortasse
1267 5549 1369 5589 non
1424 5546 1505 5591 est
1551 5536 1887 5597 laboriosum

297 5610 599 5673 relinquere
623 5622 739 5671 sua,
764 5607 856 5661 sed
884 5606 1035 5660 valde
1062 5605 1385 5659 laboriosum
1437 5616 1520 5660 est
1572 5608 1887 5676 relinquere

274 5688 643 5745 ιειοιιιριιιιδιιιιι
675 5695 689 5738 ;
742 5680 917 5734 llll'ttls
955 5677 1149 5746 quippe
1179 5686 1256 5731 est
1304 5677 1571 5743 abuegare
1610 5681 1751 5745 quod
1786 5681 1880 5733 ha-

300 5755 419 5805 bet.
454 5750 604 5804 valde
632 5761 809 5805 autem
839 5750 1064 5804 ouillum
1096 5748 1361 5816 almo-gare
1384 5747 1644 5814 quodest.
1697 5768 1725 5799 ι.
1747 5748 1878 5803 llinc

293 5818 457 5886 plattc
478 5833 577 5875 Vox
603 5819 689 5876 illa
721 5821 957 5878 cmleslis
992 5836 1002 5873 :
1032 5817 1215 5874 .‘lrlim:
1235 5827 1303 5872 es!
1328 5818 1781 5887 obetlt'cnliaquam
1804 5821 1875 5872 vi-

1998 3266 2453 3341 Begulzetextum,
2488 3266 2817 3324 tuuisuhdit:
2848 3291 2863 3321 ι
2895 3272 3158 3340 Quantum
3175 3287 3302 3341 ergo
3322 3288 3384 3327 ex
3407 3266 3582 3329 8.νίτὶ

1997 3338 2175 3411 verbis
2190 3340 2442 3405 co‘ligcre
2467 3354 2768 3407 possumus,
2811 3338 2978 3411 magis
3013 3344 3075 3395 ad
3106 3338 3418 3398 discendam
3442 3345 3578 3400 obe-

1995 3410 2025 3462 d
2052 3410 2248 3463 entiam
2278 3410 2345 3481 9,.
2371 3426 2528 3478 quam
2582 3413 2648 3464 ad
2694 3410 3050 3479 peragendum
3077 3415 3446 3481 penitentiam
3472 3415 3578 3470 Re-

1993 3483 2129 3548 gula:
2164 3482 2323 3548 hujus
2341 3482 2523 3534 schola
2561 3495 2904 3551 cognoscitur
2928 3484 3188 3546 instituta,
3216 3501 3319 3537 non
3353 3494 3431 3551 ut,
3460 3486 3576 3543 sive

1999 3560 2310 3625 peccatores
2336 3591 2351 3614 ,
2398 3552 2511 3605 sive
2547 3552 2723 3621 justus
2762 3555 3049 3621 excludat,
3084 3555 3165 3608 vel
3208 3571 3369 3609 unum
3413 3572 3583 3625 genus
3651 3551 3658 3557 ’

1998 3624 2276 3693 hominum
2310 3633 2551 3690 reSpnat,
2573 3626 2666 3677 sed
2692 3627 2815 3693 quia
2855 3641 3068 3680 omnem
3104 3627 3211 3679 vim
3243 3636 3297 3679 et
3328 3624 3579 3683 intentio-

1996 3707 2116 3765 nem
2147 3692 2212 3748 ad
2240 3693 2514 3748 θιιοοιειιάιι
2555 3692 2874 3750 obedientia:
2908 3703 3171 3765 prteeepta
3198 3698 3509 3751 coostituat.
3555 3718 3575 3751 ι

1997 3762 2060 3815 Et
2087 3778 2217 3816 Sane
2244 3778 2364 3816 cum
2394 3764 2783 3820 C(Bttttbilal‘llln
2814 3762 3196 3822 monachorum
3229 3769 3578 3824 fortissimum

1993 3846 2161 3907 genus
2221 3833 2321 3887 sibi
2351 3834 2741 3903 dlSllOllelltilllll
2776 3842 3111 3907 proposuerit
3146 3840 3202 3894 8.
3250 3839 3440 3902 Pater,
3472 3856 3577 3894 non

1993 3904 2154 3957 alium
2205 3918 2426 3972 prorsus
2455 3906 2521 3957 ab
2555 3907 2669 3975 ipso
2717 3904 3108 3963 ccetiobitarutn
3143 3909 3246 3963 line
3297 3912 3578 3966 intendere

1992 3975 2206 4047 debuit;
2234 3976 2353 4044 quis
2374 3986 2551 4030 autem
2585 3980 2674 4031 ille
2701 3979 2767 4032 sit
2790 3980 2947 4033 docet
2976 3982 3113 4047 apud
3139 3980 3455 4033 Cassianum
3480 3983 3569 4036 ab-

1992 4044 2089 4098 bas
2136 4045 2371 4101 Joannes
2413 4048 2493 4100 his
2525 4048 2701 4103 verbis
2734 4048 2959 4118 (Collal.
3013 4044 3110 4117 l9,
3142 4067 3189 4103 c.
3216 4052 3282 4114 8)
3317 4066 3329 4101 :
3370 4069 3388 4101 ι
3432 4051 3578 4109 Finis

1992 4119 2281 4192 cafnohita!
2311 4128 2393 4171 cst
2423 4133 2609 4192 omnes
2641 4134 2764 4174 suas
2796 4120 3118 4192 ntortilirare
3167 4131 3236 4192 et
3262 4121 3585 4192 crucifigere

1994 4186 2293 4262 voluntates
2316 4203 2329 4250 ;
2364 4207 2382 4238 ι
2411 4199 2465 4241 et
2483 4188 2718 4262 severus
2741 4190 3007 4258 Sulpicius
3030 4190 3195 4262 (Dial.
3222 4189 3309 4243 lib.
3340 4205 3375 4253 I,
3402 4186 3530 4262 ςῖδ)
3557 4210 3585 4255 :;

1998 4274 2015 4306 ι
2060 4257 2183 4313 Ilico
2204 4258 2415 4311 illorum
2449 4259 2618 4327 prima
2648 4260 2816 4314 virtus
2842 4257 3232 4328 parere'alieno
3262 4257 3520 4328 imperio;
3550 4282 3584 4319 λ

1994 4328 2210 4399 ιίιρόθιιι
2259 4328 2317 4382 8.
2377 4328 2734 4399 Hieronymus
2790 4332 2859 4385 de
2915 4333 3209 4386 (ltenobitis
3263 4331 3504 4386 scribens
3556 4348 3589 4399 :1

1992 4397 2187 4479 (Ερίε-ι.
2220 4399 2312 4479 ἓξ)
2339 4416 2351 4451 :
2386 4415 2403 4449 ι
2440 4397 2637 4479 Prima,
2663 4403 2859 4479 inquit,
2883 4403 3026 4479 apud
3049 4418 3141 4479 eos
3162 4397 3585 4479 confmnderatio,

1993 4480 2075 4543 cst
2095 4470 2324 4543 obedire
2356 4470 2672 4543 majoribus,
2697 4482 2750 4525 et
2773 4474 3027 4543 quidquid
3049 4474 3306 4540 jusseriut
3332 4474 3531 4530 facere.
3548 4470 3579 4527 ί

1994 4540 2193 4594 Eadem
2223 4542 2379 4595 habet
2404 4542 2599 4611 Regula
2632 4545 2691 4597 8.
2719 4540 3032 4597 Posthuioio
3056 4545 3123 4599 ab
3144 4544 3337 4614 angelo
3379 4546 3586 4603 tradita.

1993 4628 2045 4665 ιι.
2082 4626 2120 4677 ι,
2157 4622 2308 4680 prout
2352 4625 2525 4669 exStat
2560 4614 2609 4663 in
2641 4615 2761 4681 ejus
2796 4614 2932 4677 \‘ita,
2966 4616 3173 4682 cap.,8.
3211 4616 3342 4667 ttine
3373 4615 3460 4670 vix
3489 4620 3589 4671 ul-.

1994 4682 2101 4735 Iunt
2146 4688 2195 4735 io
2238 4692 2343 4755 tota
2379 4684 2434 4738 S.
2471 4685 2526 4738 Ρ.
2564 4684 2836 4739 Benedcti
2868 4685 3067 4755 Regula
3098 4699 3254 4753 caput
3299 4695 3473 4741 exstat
3520 4691 3585 4743 iIL

1990 4768 2097 4823 quo
2127 4754 2487 4808 obedientiam
2519 4755 2700 4823 aliquo
2746 4757 2906 4809 modo
2946 4772 3052 4810 non
3082 4757 3463 4822 commendet,
3516 4770 3580 4815 ut

1992 4823 2375 4894 lacilitregotio
2399 4824 2774 4881 demonstrare
2799 4842 3095 4894 possemus,
3122 4829 3223 4881 nisi
3255 4828 3305 4881 id
3333 4830 3589 4885 muneris.

1988 4908 2113 4948 ante
2143 4912 2238 4947 nos
2269 4895 2489 4949 ohiisset
2514 4896 2595 4952 vir
2625 4898 3318 4953 dictissimns‘Benedictus
3362 4897 3577 4954 Ilaefte-

1991 4981 2091 5019 nus
2121 4968 2171 5020 in
2205 4966 2674 5035 Disquisitionibus
2716 4968 3030 5023 monasticis
3063 4970 3097 5022 Ι.
3128 4986 3160 5023 ιι
3204 4969 3424 5025 Catech.
3461 4986 3588 5025 nio-

1991 5049 2154 5098 nast..
2191 5047 2328 5106 part.
2368 5038 2402 5088 2
2427 5076 2442 5101 ,
2476 5039 2753 5104 disquisit.
2794 5039 2895 5100 12..
2930 5039 3085 5095 Unde
3125 5041 3287 5096 etiam
3326 5036 3593 5098 Christus.

1990 5106 2245 5161 Dominus
2267 5108 2406 5175 apud
2439 5111 2495 5163 8.
2527 5109 2802 5176 Brigittam
2836 5110 3033 5178 (ηουσέ.
3068 5111 3159 5166 lib.
3189 5127 3260 5175 tv,
3294 5129 3340 5165 c.
3375 5113 3479 5167 1‘27
3507 5114 3525 5179 )
3562 5124 3578 5171 ζ

1995 5197 2021 5253 _«_
2045 5179 2157 5243 Ille,
2187 5179 2478 5247 inquit,est
2500 5181 2794 5233 monachus
2819 5181 3117 5253 Benedicti,
3137 5184 3224 5252 qui
3256 5184 3373 5253 plus
3395 5184 3581 5240 obedit

1991 5248 2204 5320 Regulae
2242 5264 2401 5319 quam
2450 5255 2620 5306 carni.
2658 5254 2785 5324 {lix
2838 5252 3031 5320 quibus
3074 5248 3326 5324 munibus
3378 5256 3581 5324 liquido

1987 5335 2149 5388 patet,
2183 5336 2340 5390 quam
2364 5324 2605 5390 apposite
2633 5321 2697 5374 ad
2724 5324 2863 5376 hunc
2896 5327 3066 5377 locum
3096 5323 3334 5379 Joannes
3358 5321 3575 5381 Tritbe-

1988 5391 2125 5463 Inius
2174 5394 2370 5445 dixerit
2398 5408 2419 5447 ς,
2456 5411 2473 5442 ι
2510 5396 2649 5447 Ante
2691 5394 2867 5445 utnuia
2918 5405 3169 5463 tantpiatn
3223 5397 3429 5449 titulum
3477 5409 3578 5450 att-

1989 5462 2186 5517 dientis
2212 5463 2479 5529 prmiiiittit
2514 5465 2925 5530 abnegatiouem
2969 5462 3199 5534 propria:
3235 5466 3525 5524 voluntatis
3555 5504 3570 5528 ,

1989 5536 2122 5601 quia.
2161 5534 2297 5589 nihil
2340 5534 2505 5598 paitis
2547 5535 2705 5588 habet
2754 5535 2804 5587 iu
2858 5536 2955 5591 hac
2988 5537 3183 5603 liegula
3212 5575 3229 5597 ,
3270 5538 3359 5603 qui
3401 5534 3579 5589 adhuc

1991 5606 2225 5671 propriis
2256 5607 2491 5658 descivit
2541 5606 2938 5669 voluntatibus;
2989 5605 3293 5661 monachus.
3312 5606 3454 5665 enim
3484 5606 3576 5673 qui

1989 5690 2093 5730 non
2124 5678 2327 5731 dimisit
2352 5691 2635 5745 pr0prtam
2659 5677 3028 5739 voluntatem,
3064 5692 3179 5728 nou.
3206 5686 3289 5730 est
3320 5675 3465 5744 quod
3496 5678 3578 5729 di-

1987 5752 2162 5801 citur:
2215 5748 2322 5800 imo
2384 5748 2618 5800 irritatur
2667 5756 2750 5800 est
2796 5745 2888 5798 Dei
2925 5762 2936 5796 :
2972 5747 3203 5812 primum
3236 5761 3464 5812 uanique
3497 5747 3578 5799 in-

1989 5829 2345 5889 strtuueutum
2394 5816 2656 5875 ιιιοηίριιὶ,
2686 5826 2768 5872 cst
2800 5815 3079 5871 abdicatio
3112 5817 3342 5890 propria:
3386 5816 3579 5869 volun-
