4102 6360
302 328 410 383 229

1296 319 1571 380 REGULA
1610 316 2102 376 COMMENTATA.
2147 317 2525 377 PROLOGUS.

3450 327 3555 382 250

302 439 585 503 crastinus,
616 439 738 503 quia
786 449 887 510 non
920 434 1173 510 prmt'edit
1204 434 1555 510 hesternum}
1591 449 1710 510 nam
1741 447 1880 501 prte-
1907 435 1958 493 Α
1990 433 2079 487 Dei
2109 450 2211 510 non
2246 437 2540 510 membrum
2595 450 2943 506 corporeum,
2990 440 3083 495 sed
3113 449 3268 509 poten
3297 441 3423 505 iam,
3452 455 3554 510 qua

302 510 468 563 sentis
492 509 605 561 tlies
636 508 890 573 temporis
927 509 1093 560 malos
1124 514 1277 559 vocat
1324 506 1612 568 Apostolus
1639 504 1824 558 dicens
1856 521 1868 557 :

305 580 622 633 liedimentes
653 572 843 647 tempus
862 578 1102 646 quoniam
1126 576 1230 629 dies
1252 574 1375 628 ntali
1402 584 1519 628 sunt
1538 572 1753 643 (Epltes.
1784 574 1874 647 vi;

303 659 356 704 et
381 660 548 711 certe,
596 656 653 701 ut
690 644 763 700 ait
807 644 1289 717 S.‘Augustinus,it
1316 659 1420 717 non
1450 660 1578 717 ergo
1598 655 1720 717 sunt
1751 644 1875 697 mali

305 720 419 773 dies
445 732 578 785 quos
604 718 807 785 agimus
837 717 890 770 in
918 714 1218 785 corruptela
1251 715 1406 784 hujus
1427 715 1626 781 carnis,
1652 714 1705 767 in
1731 722 1874 767 tanta

305 802 356 844 et
388 791 486 841 sub
518 798 661 841 tanta
691 787 897 841 sarcina
919 786 1280 854 corruptibilis
1310 786 1574 853 corporis,
1596 788 1733 854 inter
1757 794 1876 836 tan-

306 870 387 913 tas
410 863 752 923 tentatinnes,
784 858 920 911 inter
945 853 1113 910 tantas
1136 855 1497 917 dillicultates,
1526 853 1612 908 ubi
1637 854 1763 907 falsa
1788 869 1880 906 vo-

306 930 506 993 luntas,
546 929 687 981 nul'a
718 928 977 981 securitas
1006 925 1201 994 gaudii,
1232 926 1391 978 timor
1431 934 1703 992 torquens,
1733 925 1881 988 cupi-

304 1000 443 1053 ditas
472 998 649 1062 avida,
675 996 884 1051 tristitia
902 998 1047 1050 arida
1064 995 1279 1051 ?sUnde
1298 1005 1351 1048 et
1379 998 1536 1060 paulo
1557 1002 1675 1061 post
1697 994 1878 1046 aildit:

310 1088 330 1119 ι
356 1070 490 1136 Quid
522 1078 604 1121 est
632 1070 720 1120 diu
748 1068 947 1132 vivere,
992 1067 1091 1120 nisi
1132 1067 1298 1120 malo:
1338 1065 1454 1118 dies
1500 1064 1656 1119 malis
1693 1064 1891 1118 diebus

304 1141 539 1192 addere?
562 1156 587 1189 s

382 1209 530 1273 Quod
558 1208 599 1260 si
629 1218 681 1260 tu
730 1208 942 1259 audiens
971 1205 1271 1275 respondeas
1298 1220 1316 1258 :
1348 1201 1502 1275 Ego.]
1537 1203 1603 1257 Et
1645 1203 1767 1272 quis
1798 1204 1879 1275 ita

235 1293 238 1295 λ
310 1295 415 1331 non
450 1279 825 1345 responderet?
864 1296 880 1325 ι
906 1278 980 1329 Da
1024 1273 1149 1329 mihi
1185 1273 1453 1329 hominem
1479 1273 1878 1345 latronent,in-

308 1349 418 1417 quit
457 1348 513 1401 8.
541 1342 871 1415 Angustnus
890 1346 1082 1415 (Serm.
1106 1346 1257 1413 231),
1286 1342 1886 1417 sceleratttm,forttica-

308 1413 502 1482 tot-em,
537 1413 855 1479 maleficum,
891 1413 1511 1485 sacrilegum,omnibus
1534 1414 1676 1485 vitiis
1708 1414 1882 1481 inqui-

294 1496 514 1551 hatum,
550 1492 795 1541 omnibus
846 1488 1060 1554 ﬂagitiis
1092 1482 1199 1539 'seu
1239 1482 1579 1537 'l'acinortbus
1609 1484 1882 1549 obrutum,

307 1560 397 1625 qui
449 1573 553 1611 nun
602 1559 728 1612 velit
786 1559 993 1613 beatam
1028 1557 1191 1609 vitam
1234 1555 1443 1625 vivere?
1496 1555 1643 1625 Scio,
1700 1569 1887 1609 omnes

298 1624 473 1681 Vultis
505 1629 655 1682 leeate
682 1627 881 1693 vivere,
910 1627 1002 1682 sed
1032 1626 1172 1679 unde
1200 1625 1360 1679 homo
1387 1624 1540 1679 beate
1569 1624 1735 1689 vivat,
1787 1625 1888 1679 hoc

297 1713 418 1750 non
451 1698 609 1751 vultis
640 1699 837 1753 vivere.
876 1717 895 1750 s

385 1766 519 1820 Dicit
566 1769 652 1820 tibi
696 1768 883 1822 Deus:
918 1766 1137 1820 Prohibe
1187 1764 1412 1834 linguam
1443 1774 1582 1817 tuam
1626 1780 1657 1816 a
1705 1760 1886 1833 ma‘lo.]

310 1836 478 1891 Recte
511 1840 728 1891 omnino
778 1841 937 1892 vitam
983 1838 1202 1905 diesque
1245 1833 1413 1888 bonos
1441 1836 1672 1901 cupienti
1706 1833 1891 1889 indicit

299 1908 598 1976 ’pruhibere
625 1909 856 1976 linguam
888 1923 917 1961 a
951 1907 1109 1968 male,
1152 1905 1274 1973 quia
1303 1910 1343 1957 si
1375 1906 1495 1973 quis
1530 1914 1674 1976 putat
1714 1919 1772 1957 se
1801 1920 1885 1958 re-

352 1922 598 1962 runtttere
625 1922 856 1976 linguam
888 1923 917 1961 a
951 1922 1109 1968 male,
1152 1922 1274 1973 quia
1303 1922 1343 1957 Si
1375 1922 1495 1973 quts
1530 1922 1674 1970 putat
1714 1922 1772 1957 se
1801 1922 1885 1958 re-

310 1922 561 2043 ligiosum
600 1993 718 2033 esse
766 1993 871 2032 non
914 1979 1186 2031 relrenans
1224 1975 1486 2043 linguam,
1544 1972 1707 2042 hujus
1757 1990 1891 2029 vana

310 2041 398 2100 cst
438 2048 644 2119 religio,
686 2058 739 2102 et
781 2049 870 2118 qui
899 2047 1061 2102 verbo
1091 2062 1193 2099 non
1224 2041 1464 2109 offettdit,
1499 2044 1584 2099 hic
1624 2044 1802 2113 pet-let:
1826 2061 1891 2099 us

311 2131 347 2171 ο
379 2130 399 2169 ῐ
433 2134 531 2174 νιν.

388 2185 453 2239 Ει
474 2187 611 2241 labia
638 2198 724 2242 tua
762 2205 823 2241 ne
852 2186 1126 2255 loquantur
1154 2185 1327 2238 dolum
1355 2182 1402 2255 :]
1433 2202 1451 2233 t
1476 2181 1739 2249 Disperdet
1761 2185 1893 2255 enim

316 2254 458 2310 Deus
489 2261 718 2311 universa
748 2260 881 2311 labia
911 2254 1108 2318 dolosa,
1140 2275 1157 2306 ι
1194 2255 1361 2323 inquit
1391 2254 1674 2321 propheta;
1707 2264 1760 2307 et
1795 2254 1891 2307 Sa-

314 2325 497 2379 lomon
524 2345 540 2383 :
565 2329 757 2382 Anima:
785 2327 975 2379 dolosa:
999 2335 1169 2379 errant
1194 2326 1246 2377 in
1280 2326 1493 2394 peccatis
1535 2323 1715 2394 (Prov.
1754 2326 1892 2392 xm).

317 2396 479 2449 Dolus
504 2406 701 2454 autem.
731 2407 786 2450 tit
811 2398 937 2452 dicit
966 2397 1021 2449 8.
1067 2395 1394 2464 Augustinus
1423 2393 1511 2460 (In
1539 2393 1670 2463 psal.
1714 2394 1788 2462 v),
1822 2404 1894 2447 est

314 2481 433 2536 eum
464 2468 606 2521 aliud
633 2470 822 2536 agitur,
852 2477 897 2520 et
927 2467 1067 2519 aliud
1095 2464 1385 2536 simulatur.
1415 2464 1556 2536 tlini:
1591 2482 1607 2536 ς
1634 2464 1757 2536 quid
1785 2474 1885 2536 est,

315 2535 641 2607 inquit(Lib.
667 2533 713 2591 L
738 2538 960 2600 Ilomil.,
989 2537 1125 2590 hom.
1158 2534 1386 2607 l),alittd
1414 2534 1550 2607 loqui
1573 2533 1773 2594 dolum,
1796 2534 1895 2589 nisi

315 2607 461 2660 aliud
481 2604 629 2662 labiis
649 2623 1048 2676 proniere,cum
1068 2606 1209 2676 aliud
1234 2605 1511 2676 claudatur
1534 2604 1583 2657 in
1611 2608 1891 2672 peetore‘!»

395 2676 595 2732 Diverte
617 2673 826 2742 a'malo,
851 2688 896 2731 et
940 2678 1021 2747 {uc
1068 2673 1298 2747 boitunt.]
1348 2675 1467 2747 lloe
1487 2684 1568 2727 est
1597 2677 1736 2747 enim
1775 2677 1894 2729 bre-

323 2748 548 2801 viariam
576 2761 776 2815 nosmn
821 2743 1027 2815 salutis,
1058 2756 1113 2800 ut
1159 2745 1231 2798 ait
1278 2743 1557 2815 Bohcrius,
1599 2745 1666 2797 de
1706 2761 1808 2810 quo
1844 2757 1897 2799 et

320 2815 380 2870 8.
413 2812 733 2874 Benelictns
763 2818 925 2871 ableas
958 2812 1291 2876 Atinianensis,
1325 2824 1379 2866 ut
1408 2813 1592 2868 scribit
1631 2815 1773 2868 Ardo
1813 2815 1897 2868 (Ιὶο

320 2887 553 2953 scipulus
574 2888 862 2957 ejus(Sa:e.
885 2903 933 2940 tv
963 2886 1177 2957 Bened.,
1208 2896 1341 2957 part.
1372 2883 1410 2950 ι)
1433 2885 1482 2939 in
1505 2883 1648 2957 illius
1680 2883 1818 2947 Vita,
1844 2901 1897 2938 η.

320 2959 436 3026 5οε
477 2954 845 3026 tQuibuSdam
876 2972 1005 3011 vero
1053 2956 1153 3009 hoc
1199 2955 1467 3009 inculcare
1512 2954 1702 3007 solitus
1728 2966 1842 3008 erat
1885 2974 1896 3007 :

320 3025 377 3081 Si
411 3025 627 3096 plurima
682 3030 772 3082 tibi
805 3027 1151 3093 impossibilia
1189 3039 1309 3079 esse
1351 3032 1616 3096 praecepta
1665 3038 1899 3077 noscun-

328 3094 433 3160 tur,
466 3099 565 3153 hoc
587 3100 833 3168 exiguum
867 3112 1021 3152 serva
1060 3102 1424 3168 prteceptnm‘:
1454 3094 1669 3168 Declina
1700 3110 1726 3145 a
1762 3096 1902 3168 malo

1981 504 2217 580 exaudit,
2251 508 2560 580 regulariter
2596 504 2853 563 debemus
2891 504 3187 579 accipere,»
3222 504 3555 580 inquitpras-

1979 577 2119 633 fatus
2148 576 2586 648 Augustinuslln
2613 581 2743 647 psat.
2776 580 2887 648 is);
2926 589 2982 635 et
3010 576 3095 635 ’sic
3125 595 3281 635 aures
3297 576 3446 635 ineat
3487 580 3555 635 ad
3634 593 3645 599 ‘

1982 660 2166 717 preces
2201 659 2410 701 vestras
2442 647 2581 703 idem
2620 659 2775 705 sonat
2801 665 2864 704 ac
2906 650 3183 705 evaudiam
3221 665 3409 720 preces
3463 667 3556 706 ve-

1977 728 2140 773 stras.
3104 772 3109 775 Α

2053 786 2128 863 _Et_
2143 796 2411 863 anteq-sam
2433 788 2776 863 meinvocetis
2796 791 2964 863 dicam
2989 790 3123 845 vobis
3137 807 3157 845 :
3172 790 3302 844 Ecce
3320 790 3523 845 adsum.
3539 790 3557 863 ]

1987 858 2166 931 t_Quid
2198 867 2283 931 est
2312 858 2691 931 t-cce_adsum?
2722 858 2892 929 inquit
2920 862 3108 915 iterum
3137 862 3197 916 8.
3226 858 3557 931 Αυευειὶηυὲ

1982 927 2074 999 (In
2104 925 2234 989 psal.
2272 926 2493 999 sunt);
2527 942 2653 999 ecce
2680 925 2929 999 rprte'sens
2954 945 3095 996 sum,
3126 932 3251 999 quid
3282 925 3404 984 vis?
3433 931 3559 997 quid

1981 1016 2011 1051 a
2044 1012 2129 1051 me
2172 998 2406 1069 quieris?
2435 998 2692 1069 quidquid
2725 1000 2821 1053 tibi
2868 999 3066 1055 dedero
3099 998 3249 1054 vilius
3276 1010 3359 1055 est
3400 1016 3559 1069 quam

1982 1082 2091 1139 ego
2110 1082 2124 1122 :
2148 1067 2413 1139 meipsum
2444 1068 2598 1139 habe,
2633 1082 2717 1139 me
2746 1068 2940 1131 fruere,
2973 1085 3059 1124 me
3088 1067 3430 1138 amplectere;
3464 1091 3482 1123 ι

2056 1138 2193 1200 Quid
2232 1137 2433 1190 dulcius
2460 1138 2603 1190 nobis
2642 1138 2739 1191 hac
2765 1155 2883 1192 voce
2925 1141 3130 1194 Domini
3159 1140 3414 1194 invitantis
3443 1158 3558 1207 nos,

1983 1208 2169 1277 fratres
2195 1206 2520 1261 charissimi.’
2551 1208 2644 1260 Ilio
2669 1212 2910 1276 apposite
2949 1212 3285 1265 Hildcmarus
3312 1231 3327 1264 ;
3367 1227 3387 1262 ι
3419 1206 3559 1264 Con;

1986 1277 2213 1349 suetudo
2250 1286 2352 1341 est,
2377 1280 2471 1340 ait,
2505 1286 2811 1349 sanctorum
2862 1280 3264 1347 medicatorum
3311 1291 3429 1349 post
3465 1283 3563 1335 dn-

1988 1348 2211 1403 ctrittam
2241 1359 2330 1400 aut
2370 1348 2827 1411 exhortationem,
2861 1359 2952 1403 aut
2993 1348 3563 1418 orationetn,lsnbiun-

1985 1433 2133 1485 gere,
2167 1421 2304 1485 quod
2338 1418 2769 1485 frequentissime
2800 1420 2993 1473 Paulus
3040 1422 3314 1487 apostolus
3364 1420 3560 1477 fecisse

1986 1489 2213 1558 legitur;
2247 1487 2303 1542 S.
2339 1504 2466 1541 vero
2496 1490 2834 1552 Benedictus,
2858 1490 3005 1558 quia,
3036 1492 3171 1545 sicut
3197 1506 3301 1545 non
3332 1491 3560 1546 distabat

1988 1556 2193 1625 longea
2225 1566 2530 1612 sanctorum
2576 1560 2785 1623 merito,
2840 1556 2909 1612 ita
2951 1561 3113 1614 etiam
3158 1563 3327 1615 noluit
3362 1560 3562 1616 distare

1987 1628 2260 1693 doctrina,
2302 1639 2583 1697 propterea
2625 1638 2741 1697 post
2788 1631 3078 1684 doctrinam
3130 1631 3561 1687 exhortationem

1989 1698 2294 1766 subjunxit;
2334 1718 2351 1749 ι
2389 1714 2579 1767 nempe
2608 1715 2621 1751 :
2655 1700 2792 1765 Quid
2824 1701 3033 1754 dulcius
3063 1701 3213 1755 nobis
3253 1702 3352 1754 hac
3401 1717 3559 1767 voce,

1994 1768 2183 1823 fratres
2207 1768 2528 1831 charissimi,
2557 1778 2663 1823 etc.

2067 1836 2277 1909 Fratres
2301 1838 2634 1909 charissimi.]
2662 1838 3019 1894 Cltarissitnos
3055 1839 3246 1895 fratres
3277 1839 3362 1896 ltic
3388 1851 3564 1903 vocat.

1994 1924 2128 1977 quos
2160 1908 2303 1975 prius
2330 1909 2468 1963 filios
2508 1908 2886 1977 appellaverat,
2922 1918 2979 1964 tit
3017 1925 3076 1965 se
3124 1922 3372 1977 tanquam
3401 1926 3565 1965 unum

1987 1993 2056 2033 ex
2092 1979 2194 2032 illis
2224 1993 2342 2032 esse
2383 1981 2518 2033 velle
2550 1980 2968 2043 demonstraret,
3008 1981 3150 2044 iusta
3193 1981 3317 2035 illud
3346 1983 3403 2034 8.
3435 1980 3566 2035 Gre-

1994 2049 2125 2117 gorii
2151 2064 2299 2118 papa:
2326 2048 2460 2117 (Lib.
2484 2064 2524 2113 t,
2550 2052 2707 2117 epist.
2741 2049 2860 2118 24):
2884 2051 3138 2104 Pra-latus
3173 2068 3191 2101 t
3225 2055 3425 2105 honore
3453 2065 3567 2103 sus-

1996 2134 2162 2188 penso
2210 2123 2466 2187 :equalem
2519 2134 2578 2173 se
2643 2120 2869 2174 subditis
2921 2119 3056 2175 bene
3121 2122 3421 2176 viventibus
3477 2122 3568 2175 de-

2035 2198 2161 2243 utet.
2194 2208 2213 2240 ι
3564 2194 3570 2204 ⁸

1996 2204 2377 2329 pulflé’Ecce
2402 2258 2596 2329 pietate
2637 2276 2732 2312 sua
2776 2259 3086 2313 demonstrat
3126 2261 3268 2313 nobis
3318 2260 3569 2316 Dominus

1998 2327 2325 2399 viantium]
2358 2327 2559 2383 Pietate
2587 2344 2713 2393 sua,
2746 2329 2796 2383 id
2827 2339 2908 2383 est
2946 2331 3308 2384 misericordia
3356 2347 3485 2396 sua;
3507 2343 3564 2387 et

1998 2400 2133 2454 bene
2162 2399 2373 2468 quidem
2395 2439 2409 2458 .
2443 2415 2459 2448 t
2491 2400 2739 2464 quianon
2776 2408 2983 2453 tenetur
3015 2400 3083 2454 de
3113 2403 3430 2456 necessitate
3471 2418 3567 2457 no-

1999 2471 2082 2523 bis
2118 2470 2487 2523 demonstrare
2526 2470 2663 2523 viam
2708 2471 2861 2531 vine,
2905 2490 2923 2520 ι
2958 2471 3129 2535 inquit
3176 2471 3474 2526 ltichardus
3502 2473 3569 2528 de

2008 2541 2068 2595 S.
2099 2539 2339 2608 Angelo;
2381 2548 2434 2592 ct
2470 2544 2621 2608 quia,
2662 2548 2717 2593 tit
2750 2540 2879 2594 dicit
2918 2539 3251 2595 Hildemarus
3275 2580 3289 2605 ,
3343 2561 3363 2596 ι
3397 2544 3570 2596 nuflus

1999 2624 2096 2663 suo
2128 2611 2319 2663 merito
2345 2614 2614 2673 salvator,
2646 2613 2737 2663 sed
2771 2613 2966 2677 pietate
3001 2624 3051 2665 et
3080 2612 3445 2666 misericordia
3476 2614 3565 2667 Dei

2002 2681 2274 2751 salvatur;
2315 2699 2333 2731 ι
2369 2679 2451 2751 vel
2492 2694 2617 2734 ecce
2650 2682 2842 2747 pietate
2889 2695 3011 2743 sua,
3046 2695 3201 2746 quam
3232 2683 3308 2736 sci
3335 2684 3434 2737 icet
3465 2694 3570 2738 tam

2002 2751 2242 2803 suaviter
2269 2764 2367 2804 nos
2390 2750 2455 2803 ad
2487 2752 2645 2803 vitam
2670 2751 2929 2814 vocando,
2961 2751 3131 2803 media
3159 2751 3225 2804 ad
3255 2752 3421 2818 ipsam
3444 2768 3572 2806 con-

2002 2821 2247 2873 ducentia
2272 2819 2514 2873 docendo
2534 2861 2548 2883 ,
2573 2836 2736 2890 seque
2767 2822 2819 2889 ip
2848 2836 2936 2875 ttm
2966 2822 3355 2888 promittendo,
3387 2831 3571 2877 osten-

2003 2890 2113 2943 dit:
2149 2890 2263 2943 h:cc
2292 2891 2432 2942 enim
2470 2891 2534 2942 ad
2578 2892 2853 2959 praemissa
2900 2892 3058 2944 verba
3105 2892 3291 2948 referri
3338 2892 3573 2948 declarat

2004 2974 2105 3012 vox
2139 2959 2551 3012 demonstrativa
2581 2976 2711 3012 ecce.

2086 3028 2236 3083 Viam
2254 3028 2419 3100 sitm]
2454 3027 2569 3081 Vita
2596 3028 2733 3083 Deus
2755 3039 2838 3083 est
2862 3069 2875 3093 ,
2910 3029 2991 3083 via
3024 3030 3088 3082 ad
3116 3031 3278 3085 vitam
3307 3031 3563 3097 charitas,

2008 3115 2036 3154 a
2061 3115 2165 3168 qua
2191 3099 2302 3152 utin
2323 3099 2685 3167 tm’nunquatn
2722 3115 2797 3153 rei
2812 3100 3061 3154 edamus!

324 3175 378 3222 et
404 3168 483 3221 fac
516 3160 747 3230 boiiurit;
774 3183 891 3235 qua:
916 3160 1173 3238 sententia
1199 3160 1249 3218 ei
1276 3164 1344 3238 ita
1375 3164 1647 3238 familiaris
1673 3167 1899 3229 exstitit,
1928 3160 1974 3223 C
2079 3160 2366 3224 Succinctis
2395 3185 2514 3238 ergo
2538 3160 2639 3237 fide
2665 3171 2740 3222 vel
2760 3171 3073 3224 observantia
3096 3171 3339 3223 bonorum
3367 3181 3573 3225 actuum

325 3245 385 3288 ut
424 3246 659 3306 tempore
694 3238 879 3293 mortis
903 3237 1141 3291 collectis
1166 3235 1401 3288 omnium
1435 3236 1646 3288 Patrum
1685 3246 1903 3290 senten-

331 3306 421 3359 tiis
452 3324 611 3362 unum
642 3324 706 3364 ex
735 3324 796 3362 ea
821 3309 977 3363 vellet
998 3306 1259 3360 coniicere
1291 3306 1502 3359 librum.
1544 3324 1561 3355 ι

405 3379 508 3449 18
539 3378 746 3449 lnquire
775 3394 948 3449 pacem
979 3385 1027 3429 et
1051 3391 1255 3449 sequere
1274 3373 1740 3449 eam._|_'l‘an_quat_n
1788 3375 1903 3449 uni-

327 3444 543 3502 (ιιιιῇἱο
571 3444 836 3518 singulare
858 3448 1053 3501 bonum
1082 3444 1138 3500 8.
1169 3445 1324 3499 Pater
1343 3444 1616 3518 subjungit
1647 3462 1661 3499 :
1691 3444 1907 3514 Ittqttire

328 3530 541 3585 pacem;
576 3516 821 3587 magnum
870 3518 1010 3571 enim
1051 3525 1132 3571 est
1180 3531 1278 3585 pix
1304 3529 1427 3568 vera
1467 3516 1770 3587 etsincera
1812 3519 1905 3587 bn-

330 3610 481 3653 num,
512 3585 684 3657 cujus
714 3603 815 3658 ope
872 3588 960 3641 lilii
995 3587 1106 3658 Dei,
1136 3586 1430 3658 evadimus,
1474 3585 1547 3638 uti
1580 3585 1693 3655 ipse
1721 3586 1848 3639 dicit
1875 3603 1885 3636 :

330 3663 477 3718 Beati
505 3655 728 3730 paciﬁci,
753 3655 1009 3730 quoniam
1031 3656 1136 3730 ﬁlii
1156 3655 1248 3730 Dei
1289 3658 1602 3730 vocabuntur
1619 3671 1638 3719 ,'
1666 3664 1718 3709 et
1750 3672 1769 3706 ι
1796 3670 1902 3730 u_:e—

330 3735 455 3797 rito,
492 3724 661 3797 inquit
688 3731 744 3783 8.
780 3724 1080 3781 Bernardus
1120 3726 1359 3797 (Serani
1393 3724 1455 3797 de
1484 3742 1625 3797 omn.
1666 3728 1904 3786 sanctis).

331 3804 420 3857 filii
452 3796 664 3855 nomine
693 3799 1021 3851 vocabuntur
1047 3798 1134 3865 qui
1173 3796 1264 3850 lilii
1286 3810 1420 3864 opus
1448 3796 1806 3865 impleverint.
1846 3814 1863 3846 ι

406 3872 473 3925 Et
498 3885 701 3939 sequere
731 3867 885 3938 eam]
909 3867 1096 3939 Neque
1111 3866 1251 3939 enim
1283 3881 1520 3933 qua'rere
1544 3866 1760 3939 suflicit,
1779 3866 1910 3939 niet

332 3935 604 3998 inventam
634 3935 906 4007 sequaris;
939 3938 1046 3990 imo
1075 3935 1358 4007 fugientem
1393 3938 1752 4003 persequaris.
1810 3936 1906 3989 \‘el

333 4026 541 4083 sequere
566 4025 677 4062 eam
701 4005 751 4061 in
776 4018 1014 4076 tempore
1030 4007 1236 4083 futuro,
1256 4005 1308 4058 id
1338 4014 1417 4059 est
1441 4008 1800 4083 sequerissen
1825 4021 1910 4083 as:

330 4075 573 4152 seqtteris
596 4094 712 4152 eam
749 4075 994 4152 tanquam
1026 4076 1254 4130 fructum
1283 4088 1336 4128 et
1362 4080 1633 4140 prtetniunt
1684 4075 1909 4152 llllpcllSl

332 4154 384 4207 in
410 4146 709 4220 "quarendo
754 4148 988 4220 laboris;
1024 4162 1128 4220 quo
1155 4161 1319 4220 sensu
1353 4155 1600 4220 usurpata
1655 4162 1683 4197 a
1707 4148 1781 4220 _S.
1810 4146 1911 4220 Be-

334 4214 548 4277 nedicto
578 4219 849 4287 protiheta:
876 4217 1036 4287 verba
1092 4216 1414 4287 intellexisse
1456 4214 1762 4287 videtttris.
1802 4219 1910 4287 A_u_-

332 4284 719 4362 gustitius'cut‘n
769 4288 899 4341 dixit
935 4286 1089 4362 (Liba
1131 4285 1169 4338 L
1200 4284 1425 4362 Homil.,
1474 4284 1611 4337 hom.
1650 4286 1749 4352 t):
1794 4304 1813 4336 ι
1846 4284 1911 4339 Ut

333 4355 633 4432 quaeramus
666 4373 856 4432 pacein
879 4355 1183 4432 priecipitur
1210 4355 1385 4421 nobis,
1423 4363 1479 4408 ut
1507 4365 1685 4410 autem
1718 4370 1911 4424 sequa-

334 4427 455 4488 ntur
475 4446 592 4486 eam
624 4428 947 4498 promittitur
978 4427 1148 4481 nobis.
1175 4444 1192 4476 ι

410 4502 476 4555 Et
524 4493 637 4554 cuni
681 4501 789 4552 [nec
830 4498 1067 4567 feceritis,
1116 4496 1248 4549 oculi
1287 4494 1384 4547 mei
1429 4510 1579 4567 super
1604 4494 1734 4566 00s.]
1782 4493 1909 4563 Qua:

338 4573 554 4643 quidem
581 4586 685 4625 non
715 4570 805 4643 sie
830 4563 1151 4635 accipienda
1198 4576 1347 4643 sunt,
1379 4563 1525 4643 (ιυμεί
1565 4563 1909 4643 incorporeus

337 4635 434 4709 per
479 4651 719 4695 naturam
777 4639 917 4692 Dens
964 4635 1789 4709 corporeahalieret_membra,
1849 4647 1907 4691 ut

336 4704 465 4767 olitn
495 4711 777 4763 Voluerunt
801 4704 1360 4775 Anthropomorpltita:
1382 4721 1394 4765 ;
1420 4704 1512 4759 sed
1547 4707 1660 4758 ha-c
1686 4706 1909 4774 figurate

336 4784 476 4837 dicta
508 4792 652 4844 sunt,
681 4788 734 4832 ct
780 4779 1069 4831 secundum
1103 4788 1343 4830 nostrum
1386 4776 1632 4843 loquendi
1662 4778 1909 4840 modum;

343 4852 677 4920 «quibusque
714 4858 889 4900 autem
938 4847 1219 4899 nominatis
1265 4845 1355 4898 Dei
1408 4846 1677 4920 membris,
1710 4861 1838 4920 quae
1858 4850 1910 4900 in

340 4916 494 4975 nobis
524 4919 750 4973 visibilia
782 4929 834 4971 et
862 4932 1116 4981 corporea
1165 4926 1309 4977 sunt,
1346 4916 1609 4979 potentias
1638 4918 1910 4980 operatio-

338 5007 464 5044 nutn
515 4997 726 5058 oportet
769 4986 1058 5058 intelligi,»
1085 4988 1261 5058 inquit
1291 4984 1619 5058 Augustinus
1650 4984 1743 5054 (In
1776 4985 1907 5049 psal.

340 5062 462 5130 tx);
513 5053 565 5115 ei
601 5059 678 5113 sic
706 5058 844 5130 oculi
888 5056 1094 5130 Domini
1140 5055 1419 5130 aliquando
1449 5069 1544 5130 pro
1572 5053 1689 5130 ejus
1724 5058 1910 5130 αρετῇ-

342 5123 504 5191 tione,
536 5139 595 5182 ut
639 5143 757 5181 cum
804 5127 861 5181 S.
898 5125 1212 5183 Benedictus
1230 5123 1363 5177 dicit
1404 5123 1590 5178 oculos
1618 5125 1823 5178 Domini
1860 5127 1911 5179 itt

340 5204 484 5253 omni
515 5201 631 5253 loco
663 5198 920 5267 speculari
971 5198 1136 5249 bonos
1163 5207 1215 5248 et
1247 5194 1443 5267 malos;
1466 5194 1777 5267 aliquando
1818 5211 1913 5262 pro

334 5268 485 5340 justo
507 5268 622 5338 ejus
645 5264 705 5321 in'
724 5270 890 5340 malos
909 5267 1126 5340 judicio,
1145 5274 1346 5340 utrum
1375 5264 1567 5340 dicitur
1594 5267 1643 5317 in
1674 5266 1874 5340 psalmo
1898 5285 1909 5318 :

356 5333 552 5393 Vultus.
572 5349 738 5392 autem
770 5336 974 5390 Domini
1000 5350 1156 5405 super
1195 5338 1434 5405 facientes
1461 5333 1619 5399 mala,
1653 5346 1707 5387 ut
1734 5336 1913 5405 perdat

340 5410 404 5464 de
453 5423 588 5464 terra
645 5410 939 5461 memoriam
994 5421 1205 5470 eorum;
1251 5405 1533 5473 aliquando
1584 5420 1678 5471 pr.)
1732 5406 1811 5472 pia
1860 5407 1911 5459 in

342 5481 513 5536 bonos
554 5476 948 5540 misericordia,
982 5485 1037 5528 ttt
1083 5491 1203 5530 cum
1247 5474 1503 5543 propheta
1549 5473 1721 5527 dicit:
1766 5477 1915 5528 Oculi

343 5550 550 5603 Domini
587 5565 739 5616 super
766 5549 957 5617 justas,
1003 5553 1134 5617 etc.,
1165 5559 1270 5617 quo
1314 5557 1473 5617 sensu
1520 5545 1656 5598 oculi
1701 5544 1914 5599 Dotnini

330 5619 427 5675 hic
456 5613 747 5685 accipiendi
767 5613 919 5682 sunt,
953 5616 1142 5683 quibus
1166 5615 1364 5667 utinam
1406 5613 1633 5667 miseros
1668 5630 1763 5669 nos
1788 5630 1915 5685 pec-

341 5701 552 5764 catores
576 5689 850 5758 respiciat!
892 5755 901 5764 .
1231 5762 1237 5764 _
1351 5752 1367 5764 Ἰ
1399 5751 1451 5764 m

410 5759 473 5813 Et
498 5776 642 5813 aures
666 5751 793 5812 'ntear
838 5755 901 5810 ad
926 5770 1101 5820 preces
1136 5752 1369 5820 vestram]
1398 5751 1655 5808 Similiter
1683 5773 1699 5807 t
1731 5770 1909 5810 aurem

1938 4535 1992 4596 D

2008 3239 2191 3293 lumbis
2220 3238 2449 3309 nostris.]
2501 3239 2871 3293 Dcmonstrata
2913 3241 2993 3294 tia
3039 3238 3159 3294 vitae
3184 3280 3199 3303 ,
3231 3242 3355 3307 quid
3402 3242 3574 3296 adhuc

2010 3312 2273 3363 hazrcmus
2302 3308 2504 3363 inuitati
2524 3350 2538 3373 ,
2569 3320 2659 3362 aut
2687 3311 2811 3379 quid
2839 3320 3082 3378 superest
3106 3351 3123 3373 ,
3172 3312 3272 3365 nisi
3303 3321 3361 3366 ut
3386 3312 3574 3367 alacri-

2010 3392 2091 3433 ter
2116 3380 2450 3449 ambulemus
2490 3379 2540 3449 in
2572 3394 2632 3433 ea
2653 3380 2676 3431 ?
2701 3380 2841 3448 quod
2870 3392 2928 3433 ut
2960 3381 3193 3447 expediti
3226 3392 3574 3449 prwstetnus,

2010 3458 2153 3522 recte
2178 3448 2396 3502 omnino
2414 3448 2825 3522 S.Bencdicttts
2851 3465 2879 3502 a
2906 3460 2924 3503 ι
2946 3465 2962 3504 :
2990 3448 3288 3506 Succinctis
3313 3466 3443 3522 ergo
3471 3454 3576 3507 tida

2008 3521 2089 3573 vel
2122 3521 2456 3572 observantia
2487 3521 2744 3574 bonorum
2775 3536 2997 3587 operum
3024 3522 3216 3575 lumbis
3244 3521 3467 3584 vestris,
3497 3524 3575 3575 al-

2013 3591 2202 3643 ludens
2225 3589 2290 3643 ad
2324 3589 2451 3643 illud
2484 3590 2721 3654 Apostoli
2754 3590 2819 3643 ad
2852 3591 3149 3657 Ephesios;
3178 3590 3577 3647 Statesuccincti

2009 3661 2203 3713 lumbos
2225 3669 2413 3713 vestros
2443 3660 2494 3713 in
2520 3661 2748 3726 veritate,
2776 3670 2882 3715 etc.
2917 3662 3021 3716 Sed
3048 3665 3168 3727 qu'2a
3193 3661 3257 3716 ad
3280 3661 3575 3729 spiritalem

2011 3730 2093 3783 hic
2118 3744 2329 3783 cursum
2365 3745 2462 3784 nos
2498 3732 2677 3783 invitat
2701 3773 2715 3795 ,
2752 3732 2821 3784 ita
2852 3744 2903 3786 et
2938 3734 3003 3786 ad
3034 3731 3327 3800 spiri'alem
3364 3733 3576 3786 lumbu-

2010 3816 2124 3854 rutn
2156 3801 2618 3869 prmcinctiouem:
2650 3811 2705 3855 et
2730 3802 2979 3870 quoniam
3002 3818 3062 3856 ev
3088 3816 3119 3854 e
3142 3803 3319 3871 ιςῳιος]
3343 3817 3406 3857 ex
3440 3803 3577 3858 lum-

2014 3871 2094 3923 b?s
2135 3871 2378 3924 carnales
2424 3871 2803 3925 delectationes
2848 3872 3147 3940 prodeunt,
3189 3871 3290 3929 SS.
3342 3874 3584 3927 Patrihus

2009 3939 2271 3994 luxuriam
2312 3940 2475 3996 lumbi
2515 3941 2813 4009 saepissime
2853 3939 3182 4009 significant,
3234 3959 3328 4010 per
3372 3944 3583 3998 lumbo-

2011 4024 2127 4064 rutn
2159 4011 2585 4078 praecinctionem
2608 4011 2898 4064 carnalium
2930 4014 3257 4080 voluptatum
3290 4015 3581 4067 mortifica-

2013 4082 2251 4141 tionem,
2306 4082 2577 4148 ipsamque
2625 4080 2984 4142 virginitatem
3043 4084 3197 4149 vulgo
3246 4082 3581 4149 intelligunt.

2006 4150 2157 4218 juxta
2182 4148 2313 4203 illud
2336 4149 2649 4222 S.Gregorii
2675 4151 2897 4222 (Ilontil.
2930 4152 2991 4205 l5
3016 4153 3065 4205 in
3090 4148 3308 4222 Ettang.)
3336 4169 3348 4203 :
3382 4170 3400 4203 t
3422 4148 3583 4205 Lutu-

2012 4224 2108 4273 bos
2138 4220 2509 4286 praacingimus
2534 4234 2653 4272 cum
2680 4220 2858 4273 carnis
2886 4222 3151 4275 luxuriam
3180 4220 3273 4289 per
3303 4223 3578 4276 continen-

2015 4290 2522 4361 tiamrcoarctamus.
2562 4306 2583 4341 ι
2620 4290 2724 4361 Sed
2754 4292 2914 4360 quia,
2949 4301 3003 4345 ut
3054 4292 3196 4345 idem
3239 4291 3296 4346 8.
3342 4291 3582 4361 pontifex

2013 4358 2248 4430 loquitur
2271 4357 2409 4427 (Lib.
2444 4374 2605 4412 xxvnt
2634 4357 2794 4424 Morf,
2824 4376 2940 4427 cap.
2973 4363 3049 4430 4),
3085 4378 3106 4413 s
3134 4362 3235 4415 alia
3259 4357 3583 4417 est'lusttria

2012 4428 2210 4493 carnis,
2234 4446 2337 4496 qua
2365 4433 2661 4485 caStitatcm
2692 4428 3087 4499 corrumpimus
3111 4447 3125 4495 ;
3151 4432 3250 4486 alit
3274 4447 3404 4488 vero
3431 4434 3583 4486 luxu-

2013 4501 2090 4553 ria
2138 4502 2313 4555 cordis
2351 4512 2465 4563 est,
2508 4516 2609 4568 qua
2658 4502 2726 4554 de
2754 4503 3011 4556 castitate
3048 4502 3377 4569 gloriamur,
3411 4522 3428 4553 ι
3466 4504 3585 4558 ideo

2014 4570 2211 4639 duplici
2241 4585 2338 4625 nos
2378 4573 2587 4632 cingulo
2619 4573 2874 4641 prazcingi
2911 4572 3075 4626 Voluit
3119 4573 3176 4628 S.
3226 4573 3582 4637 Benedictus,

2016 4641 2117 4695 title
2149 4642 2391 4708 scilicet,
2427 4651 2479 4693 et
2510 4641 2769 4694 bonorum
2801 4656 3021 4709 operum
3048 4646 3380 4698 observantia
3409 4660 3424 4698 :
3462 4645 3585 4707 title,

2015 4726 2126 4782 qua
2165 4711 2332 4782 Deum
2382 4711 2641 4764 bonorum
2687 4713 2924 4765 omnimu
2956 4725 3227 4766 auctorem
3253 4752 3268 4775 ,
3316 4714 3588 4782 ipsiusque

2017 4781 2240 4851 proinde
2291 4782 2552 4851 castitatis
2614 4795 3003 4848 agnoscamus;
3055 4781 3587 4851 b0u0rutn’operum

2014 4848 2383 4923 observantia,
2435 4851 2956 4923 quibuspetulantes
2990 4853 3168 4923 carnis
3205 4862 3379 4923 motus
3404 4848 3588 4923 repri-

2018 4934 2227 4993 mutnus
2255 4960 2266 4982 ,
2300 4921 2433 4993 torte
2458 4919 2752 4993 respiciens
2782 4922 2846 4973 ad
2879 4922 3006 4975 illud
3036 4922 3183 4976 Isaia:
3214 4940 3226 4976 :
3258 4922 3321 4976 Et
3350 4925 3442 4977 erit
3462 4919 3584 4993 jus-

2018 4990 2129 5042 titia
2160 4989 2421 5061 cingulum
2450 4991 2733 5043 lumborum
2764 4994 2872 5061 ejus
2891 5035 2904 5058 ,
2940 5001 2984 5045 et
3021 4994 3146 5059 fides
3176 4989 3478 5047 cinctorittni
3502 5011 3588 5048 re-

2017 5076 2138 5111 num
2165 5059 2452 5131 eju'sllsai.
2488 5062 2564 5128 Χι)
2592 5078 2603 5111 :
2639 5075 2730 5126 per
2751 5059 3009 5116 bonorum
3041 5078 3261 5131 cperunt
3293 5067 3588 5120 observan-

2017 5130 2140 5183 tiam
2164 5129 2422 5198 justitiam
2441 5170 2455 5191 ,
2489 5146 2746 5201 qiuetton
2783 5134 2880 5185 nisi
2908 5133 3060 5187 bouis
3083 5129 3339 5201 aperibus
3368 5152 3591 5190 exere-e-

2018 5208 2104 5273 tttr
2123 5240 2138 5264 ,
2171 5203 2460 5273 denotans;
2493 5200 2631 5267 quod
2669 5212 2722 5254 et
2748 5201 2866 5273 aliis
2893 5202 3066 5273 verbis
3091 5200 3145 5257 in
3173 5205 3457 5273 Evangelia
3488 5205 3589 5257 Dn-

2016 5269 2196 5323 minus
2230 5271 2462 5342 prtecipit
2485 5272 2705 5323 (licens:
2740 5272 2855 5324 Sint
2888 5272 3047 5325 lumbi
3087 5290 3169 5327 res
3196 5278 3238 5326 rt'
3284 5269 3545 5342 prazcincti
3568 5313 3584 5337 ,

2018 5349 2063 5391 et
2106 5343 2327 5393 lucerna
2354 5341 2587 5393 ardentes
2631 5342 2685 5392 in
2737 5342 2965 5394 manibus
3009 5346 3213 5409 vestris;
3252 5341 3291 5394 ιθ
3316 5345 3368 5396 in
3400 5344 3591 5397 'umbis

2024 5409 2164 5463 enim
2192 5410 2440 5462 accinctis
2472 5410 2744 5479 virginitas
2766 5450 2782 5476 ,
2820 5411 2872 5465 in
2902 5413 3131 5466 lucernis
3159 5414 3467 5467 ardentibus
3498 5415 3591 5467 bo.

2025 5494 2091 5531 na
2123 5494 2282 5549 opera
2326 5499 2343 5530 ι
2376 5480 2761 5547 designantur,
2795 5481 2961 5550 inquit
2989 5485 3044 5535 8.
3073 5483 3417 5549 Augustinus.

2091 5550 2347 5620 Apposite
2371 5557 2547 5604 autem
2573 5551 2725 5604 bonis
2754 5554 3003 5620 operibus
3032 5552 3258 5617 przetixit
3286 5551 3441 5604 tidem
3466 5592 3479 5612 ,
3510 5552 3590 5620 ip-

2024 5617 2172 5685 sique
2197 5619 2313 5673 fidei
2339 5619 2595 5673 bonorum
2622 5617 2843 5682 onerum
2867 5620 3257 5674 observantiam
3281 5617 3548 5688 subjuu—sii
3572 5639 3587 5676 :

2025 5688 2367 5756 ltetletnptori
2396 5690 2591 5743 ctenim
2622 5701 2806 5744 nostro
2837 5704 2997 5743 unum
3028 5690 3144 5742 sine
3179 5689 3348 5742 altero
3380 5692 3590 5755 placere

2025 5774 2351 5830 nequaquam
2382 5767 2581 5828 potest;
2615 5760 2754 5814 unde
2778 5771 2828 5815 et
2852 5771 3045 5826 sponsa
3075 5758 3126 5811 in
3149 5759 3383 5814 Canticis
3410 5775 3421 5813 :
3458 5757 3589 5814 Ful-
