4102 6360
541 300 637 354 23!

1908 295 1962 348 s.
2007 294 2063 349 Ρ.
2110 285 2463 348 ιιΕΝῌιιιῖτι

3723 279 3848 336 23!

544 418 641 468 rite
665 456 679 476 ,
740 420 891 482 nqutt
918 455 932 476 ,
976 424 1054 465 nte
1089 414 1325 483 ﬂatibus,
1359 395 1540 483 stipat:
1573 426 1649 483 ine
1680 411 1827 483 matis
1860 426 1878 463 :
1911 411 1976 483 ad
2006 425 2123 483 qua:
2153 412 2201 469 Α
2233 411 2450 483 rendam
2486 409 2648 483 viam.
2682 407 2979 483 ΔΙιιιίιεειιι-ι-ιι·
3022 401 3796 483 ergosanctorumuexempla
3822 448 3841 471 ,

540 485 704 539 verba
734 478 808 539 Si
843 478 1144 537 Bernardiis
1181 484 1375 549 (Serm.
1411 482 1472 537 51
1512 483 1561 533 in
1592 478 1769 547 Cant.)
1815 499 1825 529 :
1871 499 1887 531 ι
1938 479 2121 533 Fidem

541 557 1016 619 ﬁorem,‘fructum
1050 566 1225 608 actum
1260 554 1527 621 intelligo;
1562 566 1658 604 nec
1690 551 1985 619 incongrue
2007 590 2022 610 .
2063 559 2121 603 ut

543 628 766 693 opinor,
802 627 853 679 id
879 626 971 678 tibi
1002 625 1296 687 videbitur,
1329 624 1371 675 si
1404 626 1647 675 advertas
1667 621 1934 693 quomodo
1957 621 2127 674 instar

545 692 694 750 ﬂoris
721 696 1028 749 necessario
1067 694 1419 761 praecedentis
1447 693 1673 745 fructum
1697 734 1710 752 ,
1751 692 1945 744 bonum
1993 706 2125 761 quo-

545 781 649 834 que
676 780 809 830 Opus
841 764 942 819 ﬁde
972 760 1215 831 operient
1244 764 1569 833 pra-veniri;
1604 762 1840 831 aloquin
1873 762 1988 816 sine
2021 760 2125 815 ﬁde

547 836 881 901 impos~ibile
905 844 986 887 est
1011 838 1219 903 placere
1260 836 1395 893 Deo,
1429 834 1591 886 Paulo
1613 843 1926 894 attestante,
1959 834 2126 885 mauis

549 915 726 961 autem
755 921 906 974 teque
930 908 1045 973 ipso
1069 906 1326 958 docente:
1362 904 1524 974 Omne
1544 903 1680 971 quod
1712 920 1813 954 non
1842 914 1913 955 est
1942 919 2004 955 ex
2024 903 2127 970 ﬁde

549 991 805 1045 peccatum
827 973 940 1030 est.
979 976 1158 1042 Itaque
1200 990 1298 1029 nec
1340 976 1457 1028 sine
1484 973 1617 1045 flore
1639 973 1861 1045 fructus,
1890 989 1987 1027 nec
2011 975 2126 1026 sine

551 1044 655 1101 tide
699 1062 831 1115 opus
876 1049 1107 1100 bonum:
1140 1047 1232 1099 sed
1286 1056 1341 1099 et
1384 1046 1513 1098 ﬁdes
1546 1044 1660 1097 sine
1716 1044 1966 1110 Operibus
2019 1046 2128 1113 20

550 1114 757 1171 mortua
789 1127 891 1179 est,
926 1118 1059 1171 sicut
1088 1117 1347 1169 inutiliter
1379 1115 1477 1168 ﬁes
1506 1125 1752 1180 apparet,
1786 1114 1873 1167 tibi
1908 1129 2010 1166 non
2040 1130 2125 1167 se-

550 1190 728 1256 quitur
758 1188 978 1242 fructus.
1020 1206 1038 1238 ι
1079 1188 1142 1240 Et
1193 1188 1319 1239 item
1365 1186 1488 1237 alibi
1533 1186 1806 1252 Scriptura
1854 1202 1867 1235 :
1905 1184 1963 1239 Si
1993 1194 2126 1237 recte

550 1258 725 1323 n/ferr,
759 1270 802 1310 et
831 1267 963 1310 recte
1001 1274 1103 1311 non
1142 1258 1328 1309 dividis
1356 1296 1370 1317 ,
1401 1256 1658 1321 peccasti:
1691 1256 1755 1307 ad
1787 1271 1904 1323 qua:
1934 1256 2124 1309 iterum

550 1330 612 1383 S.
645 1329 970 1391 lierttardus,
1004 1343 1123 1381 cum
1169 1327 1315 1395 prius
1355 1326 1579 1378 dixisset
1628 1324 1747 1377 ﬁdei
1796 1342 1956 1392 opera
2008 1342 2127 1380 esse

547 1399 836 1467 iungenda,
861 1400 1070 1465 subjicit
1100 1396 1293 1468 (Serm.
1323 1396 1393 1450 9.4
1420 1397 1473 1448 in
1506 1396 1681 1466 Cant.)
1716 1414 1729 1449 :
1765 1414 1781 1446 ι
1823 1397 2127 1468 Ηθοιεμιιιιι-

551 1466 673 1522 dem
706 1472 1057 1537 quodcunque
1086 1466 1273 1521 horum
1315 1468 1512 1531 offers;
1544 1477 1687 1521 recte
1729 1478 1908 1520 autem
1950 1466 2018 1519 ab
2049 1466 2123 1519 al-

552 1549 755 1592 terutro
784 1555 845 1593 ea
881 1555 983 1591 non
1015 1538 1205 1592 divid-s
1232 1557 1243 1589 :
1276 1539 1380 1590 noli
1418 1553 1536 1591 esse
1578 1546 1756 1590 rectus
1786 1538 2031 1599 oblator,
2075 1547 2129 1590 et

550 1625 746 1676 pravus
779 1610 1007 1661 divisor.
1062 1610 1195 1677 Quid
1227 1609 1417 1661 dividis
1465 1618 1640 1661 actum
1685 1623 1714 1661 a
1764 1606 1900 1661 ﬁde?
1948 1607 2127 1674 inique

549 1679 746 1733 dividis
778 1682 934 1732 ﬁdem
970 1682 1238 1746 periimus
1270 1690 1415 1733 tuam
1442 1696 1456 1739 ;
1500 1694 1620 1731 nam
1655 1680 1786 1732 fides
1812 1679 1928 1730 sine.
1950 1681 2127 1745 operi-

548 1749 649 1802 bus
677 1761 883 1802 mortua
907 1760 1008 1815 est,
1044 1765 1234 1803 munus
1260 1758 1525 1802 mortuum
1557 1748 1717 1803 offers
1743 1752 1868 1801 Deo.
1901 1748 1956 1801 Si
1982 1749 2123 1801 enim

550 1819 793 1885 quadam
818 1821 992 1872 anima
1022 1822 1137 1873 fidei
1171 1820 1284 1887 ipsa
1322 1820 1532 1873 devotio
1557 1828 1639 1873 est
1661 1861 1673 1880 ,
1699 1820 1822 1885 quid
1850 1819 1979 1873 ﬁdes
2005 1833 2125 1887 qua:

550 1906 655 1942 non
684 1901 937 1955 operatur
966 1906 1029 1943 ex
1062 1890 1349 1944 ditecﬁone
1369 1931 1385 1954 ,
1416 1890 1515 1943 nisi
1556 1890 1789 1944 cadaver
1832 1890 2125 1944 exanime?

553 1961 694 2012 liene
726 1962 955 2013 honoras
986 1964 1146 2013 Deum
1192 1976 1412 2014 munere
1446 1960 1648 2013 fetido?
1678 1962 1817 2015 liene
1860 1962 2034 2023 placas
2068 1961 2127 2011 li-

548 2031 633 2084 dei
659 2032 1000 2083 interfector?
1028 2031 1213 2085 Credis
1238 2031 1291 2084 in
1324 2031 1630 2085 Clll‘iallﬂll?
1661 2031 1740 2085 fac
1769 2033 1965 2085 Christi
1989 2046 2123 2097 ope-

553 2116 639 2159 ra;
670 2110 727 2153 ut
769 2101 906 2154 vivat
936 2102 1066 2155 ﬁdes
1109 2112 1217 2165 tua,
1252 2103 1407 2154 tidem
1459 2111 1599 2155 tuam
1644 2102 1860 2156 dilectio
1899 2102 2123 2161 aniiuet.

555 2172 745 2237 probet
782 2172 947 2226 actio.
986 2174 1088 2226 Sel
1122 2187 1220 2226 nec
1262 2188 1422 2240 opera
1455 2173 1698 2240 quamvis
1728 2183 1869 2225 recta
1918 2184 2122 2226 rectum

550 2255 645 2293 cur
674 2242 890 2296 elicere
926 2244 1194 2297 sufﬁciunt
1240 2246 1358 2296 sine
1398 2242 1501 2295 ﬁde
1535 2262 1548 2294 -.
1581 2243 1701 2311 quis
1746 2243 1887 2296 enim
1922 2252 2124 2295 rectum

550 2311 695 2364 dicat
724 2311 990 2368 hominem
1020 2331 1122 2367 non
1156 2314 1452 2381 placentem
1485 2314 1631 2367 Deo?
1661 2314 1790 2366 Sine
1821 2313 1922 2366 ﬁde
1948 2322 2123 2365 autem

552 2382 878 2449 impossibile
903 2396 984 2438 est
1017 2388 1228 2453 placere
1258 2384 1366 2437 Deo
1395 2385 1519 2452 :qni
1548 2399 1651 2436 non
1685 2385 1856 2450 placet
1880 2387 1987 2437 Deo
2019 2398 2125 2435 non

552 2462 727 2517 potest
757 2454 833 2507 illi
880 2458 1093 2522 placere
1120 2455 1290 2517 Deus;
1326 2469 1445 2506 nam
1479 2456 1562 2506 cui
1598 2453 1769 2521 plaret
1803 2453 1972 2516 Deus,
2017 2454 2127 2507 Deo

550 2522 839 2594 disiiticere
868 2540 972 2578 non
1004 2535 1196 2594 potest.
1232 2545 1249 2575 ι
1281 2525 1509 2592 Idipsum
1536 2524 1811 2594 continuat
1836 2523 1893 2578 S.
1926 2525 2126 2591 Grego-

553 2593 664 2665 rius
683 2608 813 2660 papa
834 2595 931 2648 hac
953 2593 1486 2665 similitudiue(Libro
1509 2610 1561 2648 III
1589 2593 1833 2662 Registri,
1872 2610 1987 2662 cap.
2013 2595 2123 2661 35):

556 2681 576 2712 ι
611 2663 759 2716 Sicut
788 2665 920 2718 rami
950 2668 1067 2719 sine
1106 2669 1299 2719 virtute
1321 2663 1521 2719 radicis
1549 2668 1778 2719 areliunt
1802 2706 1815 2726 ,
1864 2666 1932 2718 ita
1964 2680 2123 2731 opera

552 2736 938 2800 quantumlibet
964 2738 1097 2789 bona
1143 2738 1417 2789 videantur
1440 2776 1453 2800 ,
1488 2735 1629 2789 nulla
1659 2746 1782 2788 sunt
1807 2775 1821 2798 .
1856 2735 1900 2788 si
1932 2749 1961 2788 a
1992 2734 2122 2789 soli-

552 2806 718 2856 ditate
751 2806 872 2859 fidei
901 2806 1295 2872 disiunguntur.
1338 2825 1355 2857 ι

628 2872 693 2946 Et
719 2875 951 2946 calceatis
983 2875 1235 2946 redibam]
1268 2876 1436 2930 l‘cdes
1465 2876 1658 2930 anima:
1680 2875 2127 2932 affectioncs'vul-

553 2957 620 3006 go
646 2944 947 3013 signitit-ant
973 2988 987 3008 ,
1031 2962 1162 3013 quus
1210 2944 1449 3000 Calceare
1480 2949 1534 3000 di
1571 2948 1746 3010 imur,
1800 2963 1918 3000 cum
1964 2948 2125 3001 variis

553 3015 833 3085 virtutibus
863 3032 1225 3070 exornamur:
1259 3030 1310 3072 et
1345 3021 1478 3072 bene
1506 3018 1754 3072 calceatis
1780 3018 2025 3085 pedibus,
2060 3032 2126 3071 ne

554 3082 690 3158 forte
715 3087 850 3138 viam
876 3086 996 3138 vitm
1030 3103 1375 3155 percurrens,
1405 3088 1645 3141 nﬁ‘eudas
1676 3089 1741 3139 ad
1767 3082 1995 3158 lapidem
2016 3082 2121 3157 pe-

552 3155 674 3207 dem
707 3165 848 3209 tnutn
871 3196 885 3221 ,
921 3158 1200 3211 tentalioui
1228 3159 1644 3213 succutnhendo.

630 3226 727 3277 Per
749 3229 989 3279 ducatum
1024 3228 1337 3298 Evangelia]
1371 3230 1422 3282 ld
1452 3239 1533 3282 est
1561 3229 1855 3282 doctrinam
1886 3228 2126 3298 Evange-

556 3296 609 3348 lLi
637 3308 924 3364 sequentes
954 3300 1163 3351 ducem.

629 3365 912 3439 Pergamus
936 3368 1116 3419 itinera
1148 3368 1305 3439 ejus]
1337 3368 1547 3423 Scilicet
1569 3368 1764 3423 Christi
1792 3370 1994 3423 Domini
2019 3377 2123 3423 tam

555 3438 971 3491 misericorditer
1003 3453 1099 3492 uos
1129 3441 1398 3502 vocantis,
1439 3439 1591 3508 cujus
1635 3441 1823 3493 itinera
1862 3451 1984 3494 sunt
2030 3456 2126 3494 vo-

557 3510 779 3579 luntaria
816 3520 1097 3575 paupertas
1123 3526 1135 3562 :
1163 3510 1285 3577 quia
1315 3525 1435 3563 cum
1468 3519 1610 3564 esset
1638 3511 1806 3575 dives,
1840 3528 1934 3579 pro
1965 3511 2123 3565 nobis

555 3578 724 3629 factus
746 3587 828 3631 est
850 3593 1082 3645 pauper;
1112 3580 1393 3647 abuegatio
1419 3584 1647 3648 propria:
1671 3582 1975 3645 voluntatis,
2004 3585 2124 3649 quia

557 3649 726 3719 factus
751 3657 834 3700 est
863 3664 958 3713 pro
990 3650 1144 3704 nobis
1173 3650 1429 3704 obedieus
1460 3667 1626 3719 usque
1666 3652 1730 3704 ad
1760 3660 1983 3706 mortem
2009 3668 2023 3717 ;
2074 3653 2124 3706 in

555 3716 1078 3791 tribulationibuset
1120 3721 1380 3789 angustiis
1429 3716 1646 3775 humilis
1685 3723 1971 3788 patientia,
2004 3719 2126 3791 quia

556 3802 744 3854 pa~sus
768 3797 880 3861 est,
921 3790 1073 3845 nobis
1116 3794 1423 3860 relinquens
1471 3793 1802 3860 exemplum,
1844 3802 1901 3845 ιιι
1938 3809 2128 3861 sequa-

555 3860 920 3931 tuurgvestigia
954 3863 1070 3927 ejus
1104 3876 1117 3912 :
1152 3874 1295 3914 arcta
1330 3862 1546 3929 quidem
1576 3873 1629 3915 et
1661 3877 1847 3931 aspera
1896 3860 2127 3917 homini-

557 3928 656 3981 bus
684 3928 903 4002 itinera.
938 3931 1029 3983 sed
1070 3946 1133 3983 eo
1163 3932 1359 3985 tutiOra
1382 3971 1396 3996 ,
1427 3947 1531 4000 quo
1556 3928 1890 4000 paucioribus
1922 3934 2124 4002 pervia,

549 4007 609 4051 et
645 3998 715 4073 ad
741 3999 960 4054 caeleste
1011 4017 1230 4069 regnum
1275 3998 1888 4073 compéndibsiora,\'el
1922 3998 2128 4073 'perga-

554 4084 671 4121 mus
704 4069 890 4147 itinera
924 4073 1313 4147 ejus,_sci‘li_cct
1357 4073 1627 4147 Evangelii
1653 4072 1852 4147 {cujus
1902 4069 2127 4128 mentio-

556 4155 675 4211 nem
711 4140 874 4193 facit:
908 4144 972 4195 de
1004 4142 1156 4211 cujus
1185 4142 1466 4197 itincribus
1497 4140 1567 4198 ita
1602 4140 1783 4198 scribit
1809 4142 2121 4200 Boberius:

558 4228 576 4259 ι
618 4210 671 4262 In
704 4211 898 4287 ducatu
930 4210 1199 4287 Evangelii
1229 4225 1455 4283 quatuor
1496 4225 1624 4269 sunt
1662 4216 1849 4269 itinera
1900 4217 1965 4270 ad
2012 4233 2128 4287 reg-

556 4295 682 4355 num
709 4281 796 4334 Lei
828 4299 1054 4355 qumque
1083 4281 1374 4350 tendentia,
1401 4296 1663 4355 princepta
1690 4288 1958 4351 videlicet,
1985 4281 2127 4341 maii-

554 4350 709 4426 data,‘
735 4350 1060 4426 tesimouia,
1105 4357 1344 4423 exempla
1368 4374 1379 4408 :
1403 4350 1463 4407 ἰιι
1495 4350 1775 4425 praeceptis
1805 4358 2044 4426 justitia,
2075 4359 2126 4413 in

553 4421 769 4501 mandat
792 4438 816 4473 s
840 4423 1111 4501 charitas,
1147 4428 1197 4478 in
1223 4421 1543 4480 testimoniis
1575 4421 1827 4491 llde'sLin
1863 4421 2125 4494 exemplis

556 4497 806 4557 per‘ectio
839 4497 1129 4547 invenitur.
1170 4514 1186 4544 ι

2229 481 2341 546 qui,
2374 490 2430 534 ut
2451 480 2635 534 scribit
2679 480 2865 533 Petrus
2903 470 3237 531 Venerabilis
3265 474 3401 543 (Lib.
3430 491 3443 546 t
3474 470 3663 528 Μίνως.
3696 470 3835 546 cap.

2230 544 2348 619 20),
2386 570 2401 600 ι
2445 551 2581 603 bona
2640 567 2759 618 qua:
2814 548 3012 602 faciunt
3056 565 3150 619 pro
3204 548 3370 599 nihilo
3417 545 3715 619 ducentes,
3749 544 3831 597 ad

2229 616 2430 689 maiora
2446 631 2557 674 toto
2572 616 2841 674 desiderio
2856 618 3219 674 conscendere
3235 631 3451 689 semper
3469 616 3730 673 intendun
3742 631 3785 674 ν.
3804 640 3826 672 ι

2232 686 2528 758 Deduibus
2575 692 2736 744 etiam
2790 690 2846 744 S.
2902 690 3250 743 Bernartius:
3287 708 3304 737 ι
3355 686 3681 754 Nunquam,
3714 692 3830 753 ait,

2228 761 2407 829 justus
2436 763 2725 816 arbitratur
2753 778 2811 815 se
2850 758 3345 825 comprehendisse,
3373 773 3645 829 nunquam
3681 759 3833 816 dicit

2229 828 2455 896 sufﬁcit;
2482 833 2577 885 sed
2601 847 2813 899 semper
2841 832 3009 884 esurit
3032 831 3248 895 sititque
3276 829 3559 899 justitiun,
3592 828 3665 883 ita
3699 843 3755 884 ut
3778 836 3827 885 si

2229 916 2442 971 semper
2472 904 2696 965 viveret,
2720 898 2931 969 Semper
2950 912 3203 970 quantum
3229 899 3352 952 inse
3377 911 3453 952 CSI
3475 898 3675 971 jusrior
3695 918 3830 956 esse

2231 970 2605 1035 eont'cnderet,
2624 989 2834 1040 semper
2853 973 2916 1023 de
2937 972 3072 1024 bouu
3098 973 3147 1024 in
3176 972 3365 1023 melius
3396 986 3456 1040 pr
3495 970 3657 1023 ﬁcere
3684 974 3822 1024 totis

2230 1044 2432 1097 viribus
2459 1038 2767 1097 conaretur.
2799 1061 2818 1093 ι
2849 1043 3140 1095 Audiamus
3166 1050 3219 1094 et
3250 1042 3394 1093 illam
3421 1038 3691 1094 Gndletmi
3718 1046 3827 1093 ab-

2235 1114 2372 1167 batis
2400 1114 2457 1169 S.
2494 1115 2812 1168 Theoderici
2840 1114 2905 1165 ad
2942 1115 3132 1166 fratres
3165 1114 3231 1165 de
3276 1112 3453 1163 Monte
3487 1111 3575 1163 Dei
3608 1113 3817 1165 exhor-

2232 1186 2486 1239 tationem
2544 1186 2838 1252 piissimam
2874 1184 3039 1253 (Cap.
3076 1184 3108 1237 2
3140 1184 3159 1253 )
3190 1196 3203 1235 :
3244 1200 3260 1230 ι
3300 1182 3473 1233 Nolite
3516 1184 3803 1251 negligere

2238 1260 2403 1310 nolite
2437 1256 2681 1316 tardare,
2712 1256 2928 1323 grandis
2958 1255 3097 1307 enim
3134 1253 3281 1305 vobis
3320 1260 3487 1305 restat
3517 1254 3622 1315 via,
3656 1255 3817 1306 altis.

2231 1329 2361 1380 sima
2390 1337 2470 1381 est
2503 1326 2762 1394 professio
2794 1337 2966 1380 vestra
2986 1364 3000 1386 ,
3031 1326 3199 1378 cmlos
3237 1326 3445 1379 tratuit.
3478 1338 3571 1389 par
3598 1327 3818 1393 angeli;

2231 1408 2332 1460 est,
2361 1399 2617 1466 angelica:
2644 1398 2833 1450 similis
2866 1396 3107 1463 puritati;
3134 1410 3236 1448 non
3278 1394 3421 1447 enim
3452 1394 3677 1447 vovistis
3717 1411 3822 1447 so-

2232 1468 2338 1521 lum
2373 1484 2585 1521 omnem
2612 1469 2971 1529 sanctitatem,
3002 1468 3093 1520 sed
3141 1466 3317 1518 omnis
3344 1466 3649 1517 sanctitatis
3681 1481 3815 1528 per—

2234 1538 2513 1591 fectionem
2537 1549 2589 1591 et
2631 1539 2806 1591 omnis
2837 1537 3313 1592 consummationis
3346 1536 3502 1587 linem
3538 1554 3549 1587 :
3590 1552 3696 1588 non
3729 1546 3822 1591 est

2231 1621 2465 1662 vestrum
2497 1610 2636 1661 circa
2669 1612 2975 1661 rommuuia
3018 1620 3281 1675 phl'ceplrt
3326 1606 3597 1676 languere.
3634 1618 3820 1671 neque.

2233 1679 2334 1733 hoc
2364 1682 2532 1732 solum
2566 1680 2843 1733 attendere
2872 1678 2996 1747 quid
3041 1679 3314 1746 pra'cipiat
3349 1677 3509 1743 Deus,
3538 1681 3633 1729 sed
3680 1695 3751 1744 qn
3774 1678 3815 1731 ά

2231 1751 2376 1811 velit,
2415 1750 2702 1819 probmtes
2732 1766 2846 1815 qua:
2872 1752 2940 1803 sit
2968 1750 3216 1803 voluntas
3263 1750 3354 1800 Dei
3389 1748 3523 1801 bene
3554 1748 3818 1809 bcucpla-

2228 1836 2379 1881 ceos,
2407 1830 2461 1873 et
2494 1820 2723 1885 perfecta
2751 1836 2764 1873 :
2792 1823 3016 1873 aliorum
3050 1829 3131 1873 i-st
3166 1822 3273 1875 Deo
3306 1819 3530 1881 servire,
3568 1827 3815 1873 vestrum

2229 1892 2535 1955 adlta'rere;
2569 1892 2793 1944 aliorum
2821 1904 2901 1944 cst
2944 1890 3109 1944 Deum
3138 1892 3380 1950 credere,
3406 1890 3565 1950 scire,
3600 1905 3813 1953 amate,

2229 1962 2495 2022 revereri;
2519 1974 2751 2015 vestrum
2778 1971 3084 2029 estsapcrc.
3106 1961 3426 2029 intelligere,
3454 1975 3815 2029 cognoscere,

2230 2032 2353 2085 frui.
2391 2051 2409 2083 ι
2446 2032 2612 2086 Porro
2640 2049 2705 2087 ne
2729 2034 3036 2087 deﬁciamus
3068 2032 3118 2083 iu
3153 2034 3259 2096 via.
3292 2032 3383 2084 sed
3428 2030 3503 2084 sic
3529 2044 3817 2084 curramus

2231 2113 2287 2155 ut
2307 2104 2845 2169 compreheiulaiuus,
2870 2103 3148 2158 sciendum
3177 2113 3258 2156 est
3280 2103 3531 2159 nonnulla
3549 2116 3812 2169 essequze

2228 2182 2282 2225 et
2306 2188 2521 2227 cursum
2553 2184 2867 2241 promovent
2893 2184 2944 2228 ct
2974 2172 3250 2243 adjuvant.
3278 2173 3534 2243 nonnulla
3564 2188 3687 2239 qua:
3719 2188 3810 2225 re-

2232 2244 2442 2297 tardant
2461 2257 2512 2298 et
2545 2246 2857 2310 impediunt.
2900 2263 2917 2295 ι
2953 2242 3075 2297 Tria
3108 2255 3371 2313 sinitqua:
3404 2242 3815 2296 faciuntcurre-

2231 2327 2312 2377 re,
2346 2332 2363 2365 ι
2397 2316 2560 2383 inquit
2610 2317 2665 2369 S.
2720 2315 3020 2370 Deruardus
3053 2319 3104 2368 in
3153 2315 3287 2369 libzo
3332 2314 3398 2367 de
3452 2315 3650 2366 Amore
3686 2313 3807 2369 Dei.

2233 2399 2390 2455 quem
2436 2387 2771 2440 sermonibus
2819 2402 2980 2455 super
3034 2386 3255 2440 Cantica
3322 2383 3595 2451 subiunxit
3626 2397 3813 2437 noster

2233 2452 2594 2520 Mabillonius,
2629 2477 2645 2507 ι
2682 2458 2842 2510 timor
2866 2452 3131 2521 videlicet,
3160 2455 3507 2513 desiderium.
3532 2465 3583 2508 et
3613 2468 3810 2508 autor:

2234 2528 2394 2581 timor
2421 2527 2691 2596 lugiendo,
2717 2527 3040 2582 desideruuu
3081 2525 3408 2595 appetendo,
3436 2540 3587 2577 amor
3619 2526 3810 2596 proxi-

2232 2613 2375 2651 mum
2404 2595 2653 2651 amando.
2683 2599 2922 2663 Quatuor
2944 2612 3157 2665 quoque
3191 2604 3317 2650 sunt
3341 2612 3460 2663 qua:
3503 2595 3806 2661 impediunt

2230 2682 2445 2723 cursum
2471 2670 2657 2733 istum;
2701 2670 2882 2737 frigus,
2917 2671 3083 2732 calor,
3118 2668 3197 2721 via
3234 2666 3521 2737 laboriosa,
3558 2666 3812 2719 nimietas

2230 2740 2525 2801 currentis;
2554 2756 2671 2806 qua:
2701 2736 2825 2791 sinit
2859 2739 2964 2791 alio
2996 2740 3212 2791 nomine
3252 2736 3574 2795 difﬁdentia,
3608 2750 3814 2789 concu-

2233 2810 2511 2878 piscmtia,
2539 2810 2845 2877 asperitatis
2866 2810 3212 2876 impatientia,
3236 2809 3393 2860 nimia
3420 2807 3772 2861 c::ntidentia.
3790 2826 3808 2859 ι

2304 2890 2409 2945 Sed
2444 2891 2808 2960 in'erroyemus
2842 2905 2955 2941 cum
2988 2887 3232 2956 praplteta
3266 2886 3544 2941 Dominum
3590 2889 3815 2960 dicetne:

2230 2962 2276 3014 ei
2308 2974 2325 3014 .‘
2356 2961 2600 3024 Domine,
2634 2958 2743 3024 quis
2769 2959 3016 3014 habitabit
3045 2962 3095 3012 in
3127 2960 3453 3013 tabernaculo
3486 2970 3571 3010 tuo
3585 2959 3630 3026 1’]
3661 2978 3675 3006 ι
3708 2958 3816 3011 Ta-

2233 3030 2578 3086 bernaculum
2603 3047 2720 3085 cum
2745 3047 2961 3101 propr.e
2985 3031 3244 3099 accipitur
3260 3031 3381 3084 belli
3413 3044 3499 3083 res
3520 3042 3603 3082 cst
3628 3046 3643 3081 :
3669 3029 3816 3101 unde

2237 3112 2289 3155 et
2336 3100 2757 3155 contubernales
2803 3103 3001 3155 nulitcs
3045 3102 3314 3165 dicuntur,
3347 3107 3597 3167 tauquun
3649 3100 3815 3152 simul

2155 3174 2200 3235 C
2237 3172 2493 3228 habentes
2551 3173 2914 3236 tabernacula,
2952 3192 2969 3223 ι
3008 3172 3176 3239 inquit
3220 3173 3279 3226 S.
3330 3172 3660 3239 Augustinus
3696 3172 3714 3239 (
3748 3167 3816 3221 In

2233 3243 2368 3311 psal.
2392 3246 2528 3307 xiv);
2562 3243 2655 3296 scd
2686 3236 3093 3298 tabernaculum
3126 3243 3211 3296 hic
3239 3258 3266 3294 ει
3307 3243 3363 3294 5.
3399 3236 3690 3294 Benedicto
3706 3236 3812 3293 ’su-

2232 3313 2397 3367 initur
2430 3329 2524 3383 pro
2552 3314 2757 3367 caelesti
2788 3315 2975 3383 patria.

2302 3398 2404 3446 Aut
2454 3395 2566 3461 quis
2614 3396 2891 3461 requiescet
2936 3396 2987 3447 in
3021 3404 3187 3447 monte
3224 3401 3399 3445 sancto
3427 3393 3581 3463 ejus?
3659 3391 3813 3458 Quod

2232 3464 2381 3532 prius
2410 3469 2805 3519 tabernaculum
2834 3466 3198 3533 appellaverat
3222 3502 3235 3523 ,
3280 3464 3381 3517 hoc
3408 3472 3644 3516 umntem
3688 3477 3817 3515 san-

2204 3554 2207 3557 ’
2232 3544 2375 3588 ctum
2407 3546 2698 3603 nuncupat,
2719 3536 2853 3589 forte
2878 3547 3092 3602 propter
3114 3536 3351 3588 laborem
3378 3533 3813 3588 etditticultatetu

2232 3606 2521 3678 sca‘tidendi
2549 3608 2694 3668 cmli,
2727 3623 2846 3659 nam
2873 3623 3083 3678 regnum
3114 3605 3358 3658 cwlorum
3386 3609 3483 3658 vim
3513 3606 3703 3672 patitur
3722 3646 3736 3669 ,
3768 3612 3816 3655 ct

2232 3675 2441 3731 violenti
2466 3679 2673 3747 rapiunt
2700 3678 2853 3730 illud.

2311 3756 2428 3809 I’ost
2459 3759 2588 3809 lianc
2614 3757 3092 3827 interregutionem,
3138 3757 3346 3824 fratres,
3395 3754 3665 3827 audiamus
3703 3751 3811 3827 Do-

2231 3827 2429 3880 minum
2469 3825 2855 3894 respondentem
2898 3842 2943 3881 et
2983 3829 3329 3889 ostendentem
3357 3825 3502 3877 nobis
3544 3828 3677 3877 viam
3710 3826 3813 3894 22

2229 3898 2389 3964 ipsius
2436 3900 2776 3961 tabernaculi,
2822 3916 2880 3951 ac
2926 3899 3177 3951 dicentem
3208 3913 3225 3950 :
3262 3897 3363 3960 Qui
3398 3896 3685 3962 ingreditur
3710 3912 3816 3947 ειιιΔ

2232 3967 2505 4038 macula.]
2556 3970 2761 4022 Muudis
2805 3971 2945 4023 enim
2997 3970 3162 4022 corde
3217 3967 3547 4038 promittitur
3591 3980 3811 4035 regnum

2231 4036 2533 4093 caelorum:
2582 4038 2725 4093 Beati
2752 4046 2940 4092 mundo
2969 4040 3140 4102 corde,
3187 4038 3357 4108 inquit
3396 4036 3659 4100 Christus,
3693 4052 3815 4103 quo-

2233 4110 2370 4161 niam
2393 4110 2491 4177 ipsi
2525 4110 2687 4162 Deum
2711 4113 2962 4164 videbunt.

2308 4188 2371 4241 Et
2418 4198 2662 4262 operatur
2698 4187 3024 4262 justitiam.]
3070 4188 3379 4243 Secundum
3407 4187 3468 4262 S._
3501 4187 3813 4262 Anselmum

2233 4261 2252 4325 (
2280 4260 2389 4313 Lib.
2422 4259 2526 4313 Cur
2556 4258 2926 4323 Deus’homo),
2965 4281 2980 4309 ι
3006 4258 3220 4330 justitia
3258 4270 3341 4313 est
3384 4258 3547 4313 animi
3584 4259 3815 4330 libertas

2235 4332 2478 4385 tribuens
2509 4332 2792 4400 unicuique
2823 4327 3117 4385 secundum
3147 4332 3419 4398 propriam
3452 4327 3809 4400 dignitatem:

2233 4417 2283 4453 ιιι
2306 4401 2421 4467 υἱοτί
2454 4398 2836 4465 reverentiam,
2883 4405 2993 4469 pari
3024 4402 3397 4466 concordiam,
3431 4402 3623 4453 minori
3655 4398 3813 4469 disci-

2236 4472 2451 4539 plinam,
2489 4470 2598 4525 Deo
2620 4468 3002 4536 obedientiam,
3029 4474 3128 4525 sibi
3154 4471 3585 4533 sanctimoniam,
3603 4468 3816 4520 inimico

629 4558 695 4613 Ut
720 4575 1011 4638 mereamur
1041 4580 1165 4638 eum
1192 4566 1278 4632 qui
1310 4582 1413 4638 gnos
1441 4552 1629 4620 vocarit
1658 4569 1889 4638 inregno
1918 4583 2010 4620 suo
2054 4583 2123 4619 ιιι-

2236 4542 2565 4610 patientiam.
2600 4558 2770 4611 egeno
2798 4558 3081 4611 operosam
3118 4541 3575 4595 misericordiam.
3618 4557 3637 4591 ι

2310 4620 2451 4638 η.,
2561 4623 2589 4638 ._
3162 4622 3173 4638 .
3303 4618 3630 4638 κτηᾼηη

555 4630 693 4695 dere,
720 4628 738 4702 ]
768 4632 918 4698 cujus
954 4633 1090 4687 visio
1116 4628 1278 4688 totam
1309 4636 1538 4689 hominis
1570 4640 1690 4690 facit
1718 4628 2122 4701 beatitudinem;

557 4702 700 4754 unde
722 4711 778 4775 et
810 4702 873 4775 S.
904 4702 1176 4775 Philippus
1203 4706 1267 4758 ad
1295 4707 1562 4761 Christum
1595 4710 1804 4762 dicebat
1836 4728 1845 4760 :
1884 4709 2122 4775 Domine,

553 4772 758 4845 os'ende
790 4774 932 4825 nobis
964 4773 1190 4835 Patrem,
1222 4787 1265 4828 et
1293 4778 1472 4845 sufﬁcit
1498 4779 1659 4831 nobis.
2064 4775 2069 4781 ’

626 4842 689 4895 lu
720 4846 866 4905 cuius
895 4846 1038 4913 regni
1065 4842 1390 4900 tabernaculo
1417 4849 1460 4899 si
1493 4849 1724 4901 volumus
1755 4848 1998 4913 habitare,
2031 4850 2129 4903 nisi

552 4911 676 4991 illuc
699 4914 841 4967 bonis
857 4911 1050 4968 acti—(rus
1064 4918 1306 4983 cem-itur,
1334 4919 1539 4971 minime
1566 4920 1901 4991 perrenitur.]
1928 4911 2127 4973 Statuit

486 5024 491 5027 .
560 4981 915 5059 hic_bouoru_m
930 5001 1151 5059 operum
1169 4981 1958 5057 necc‘ssitatem,'siuequibusin
1980 4992 2126 5059 regni

550 5053 786 5126 ctelestis
805 5053 1141 5111 tabernaculo
1159 5059 1375 5114 minime
1391 5053 1985 5126 pervcniturfNutanter
2000 5053 2127 5117 vcro

553 5125 775 5201 addidit,
800 5128 1071 5196 currendo,
1099 5133 1202 5200 21
1232 5125 1746 5198 redaigttenseoiuut
1775 5141 2047 5201 torporem
2073 5143 2127 5188 et

549 5194 807 5266 desidiam
822 5200 907 5265 qui
921 5194 1315 5254 coiiiiiiiﬁiTvita
1333 5194 1590 5266 ctmtenti,
1607 5202 1656 5256 in
1677 5204 1756 5256 via
1775 5194 1895 5257 vita:
1911 5207 2018 5259 cito
2033 5203 2124 5258 dea»

550 5265 753 5331 ficiuut,
786 5270 977 5335 quibus
992 5285 1084 5339 pro
1119 5286 1313 5340 magno
1336 5282 1612 5342 reputatur
1639 5276 1681 5327 si
1715 5276 1795 5327 vel
1826 5285 2121 5329 retrorsqu

548 5349 653 5418 non
672 5342 908 5418 redeant,
932 5342 1122 5418 vixque
1152 5342 1287 5418 via'u
1314 5344 1562 5418 ingressi,
1587 5345 1737 5418 quasi
1759 5346 1980 5418 nimium
1999 5346 2121 5400 fati-

545 5410 652 5473 gati
675 5410 740 5482 de
754 5410 936 5482 requie
957 5413 1210 5477 engitant.
1233 5416 1299 5465 At
1313 5410 1469 5482 plane
1484 5428 1587 5467 non
1605 5410 1681 5469 sic
1698 5414 1755 5469 S.
1775 5416 2113 5477 Benedictus,

545 5478 762 5560 transic;
777 5481 870 5533 sed
885 5481 981 5560 nisi
994 5483 1115 5560 illuc
1128 5478 1571 5560 curriturjnqnit,
1582 5486 1789 5539 minime
1803 5490 2113 5557 peruenitur.

543 5546 702 5603 Certe
746 5552 965 5619 granlis
1020 5551 1174 5608 nobis
1221 5546 1390 5607 restat
1436 5546 1603 5617 v'ia,a
1646 5546 1884 5611 terra'a‘il
1916 5560 2114 5613 coelum

520 5632 730 5692 magna
757 5631 841 5674 est
870 5623 1144 5687 distantia,
1175 5634 1485 5692 tantumque
1515 5627 1577 5679 ad
1609 5629 2000 5681 conﬁciendum
2027 5630 2082 5681 iti
2102 5660 2115 5670 -

547 5690 688 5743 ueris
717 5694 945 5765 spatium
978 5696 1077 5747 soli
1129 5696 1280 5749 nobis
1313 5690 1469 5765 hujus
1500 5696 1613 5750 dies
1646 5698 1769 5751 vita:
1816 5698 2116 5753 brevissimi

544 5763 935 5832 comeduntnr,
962 5778 1016 5819 ιιι
1046 5763 1554 5822 εχειιιιοιιιιιςεὶειιι
1602 5769 1846 5837 gigantes
1892 5769 1955 5822 ad
1988 5780 2116 5823 cur;

2306 4621 2407 4685 Ωιιὶ
2434 4620 2655 4691 loquitur
2682 4623 2939 4675 veritatem
2968 4623 3017 4675 in
3052 4622 3203 4675 rorde
3226 4618 3378 4691 sum]
3409 4620 3564 4685 Quia,
3598 4627 3663 4691 ut
3688 4616 3818 4691 dicit

2231 4692 2289 4746 δ.
2325 4689 2654 4761 Augustinus
2686 4692 2773 4762 (In
2804 4694 2935 4761 psal.
2971 4692 3100 4762 xiv),
3136 4711 3152 4741 ι
3189 4689 3431 4744 ιιοιιιιιιΙί
3460 4693 3511 4744 in
3544 4690 3697 4744 labiis
3728 4689 3816 4762 inaf-

2240 4763 2364 4816 bent
2396 4760 2703 4830 veritatem,
2727 4774 2782 4817 et
2806 4760 2863 4816 iu
2894 4760 3070 4817 corde
3097 4780 3200 4815 non
3236 4762 3456 4825 habent,
3484 4772 3737 4828 tanquam
3767 4760 3809 4811 si

2232 4834 2427 4902 aliquis
2462 4838 2708 4888 ostendat
2736 4835 2871 4887 viam
2899 4840 3075 4887 sciens
3111 4837 3162 4885 in
3194 4848 3256 4887 ea
3309 4847 3431 4887 esse
3475 4834 3729 4893 latrones,
3764 4838 3815 4881 et

2232 4903 2320 4957 dic
2357 4915 2374 4956 t
2406 4922 2418 4957 :
2450 4905 2507 4957 Si
2542 4907 2638 4957 hac
2668 4905 2813 4965 ieris.
2862 4920 2891 4958 a
2925 4904 3224 4957 latronibus
3273 4913 3419 4956 tutus
3448 4905 3575 4964 eris,
3608 4914 3660 4955 et
3688 4914 3815 4953 con-

2236 4975 2405 5043 tingat
2459 4987 2512 5028 ιιι
2544 4990 2666 5030 vere
2699 4992 2803 5027 non
2839 4977 2905 5028 ibi
2941 4975 3177 5029 latrones
3212 4974 3590 5035 inveniantur;
3625 4984 3813 5043 verum

2233 5040 2337 5099 ille'
2364 5049 2569 5099 locutus
2602 5054 2705 5109 est,
2737 5047 2831 5099 sed
2879 5063 2987 5099 non
3018 5047 3071 5099 in
3120 5044 3285 5098 corde
3334 5060 3461 5108 suo;
3494 5041 3637 5097 aliud
3670 5040 3813 5096 enim

2233 5119 2471 5183 putabat,
2507 5125 2559 5169 et
2593 5122 2839 5171 nesciens
2866 5132 3051 5171 verum
3104 5116 3248 5169 dixit
3280 5134 3293 5166 :
3326 5130 3457 5184 ergo
3491 5128 3679 5184 parutn
3731 5117 3815 5165 est

2228 5201 2414 5240 verum
2440 5186 2602 5256 loqui,
2638 5188 2738 5241 nisi
2769 5192 2929 5241 etiam
2958 5188 3009 5241 iu
3034 5190 3197 5241 corde
3226 5187 3296 5240 ita
3328 5186 3413 5240 sit.
3441 5204 3459 5238 ι

2302 5268 2401 5332 Qui
2431 5284 2532 5347 n_on
2554 5270 2662 5347 egit
2694 5267 2868 5347 dolum
2896 5268 2947 5320 in
2970 5268 3146 5347 lingua
3177 5283 3290 5320 sua.
3318 5264 3339 5347 ]
3373 5265 3452 5320 Ad
3485 5273 3605 5347 quae
3651 5261 3810 5317 verba

2230 5338 2421 5391 iterum
2452 5341 2510 5393 S.
2540 5339 2869 5405 Augustinus
2904 5356 2915 5389 :
2957 5356 2975 5388 ι
3018 5337 3217 5407 Lingua
3258 5337 3430 5406 agitur
3480 5337 3656 5401 dolus,
3684 5348 3803 5389 cum

2225 5409 2370 5463 aliud
2400 5424 2494 5463 ore
2524 5408 2794 5477 profertur
2814 5418 2869 5463 et
2890 5408 3031 5463 aliud
3066 5422 3283 5476 pectore
3322 5408 3541 5476 tegitur.
3578 5424 3596 5458 ι

2297 5485 2409 5541 Nec
2435 5488 2551 5557 [eet
2577 5488 2813 5557 proximo
2833 5498 2926 5540 suo
2954 5486 3189 5557 multum]
3224 5487 3507 5557 Proximus
3536 5493 3621 5541 est
3641 5483 3810 5557 omnis

2229 5559 2391 5613 homo
2413 5553 2615 5626 (ψιειή
2645 5573 2763 5612 cum
2798 5558 3021 5625 diligere
3055 5553 3355 5624 teneamur,
3390 5553 3459 5611 ab
3488 5558 3634 5610 omni
3668 5554 3807 5609 malo

2230 5630 2305 5682 .tli
2342 5628 2621 5683 inferendo
2652 5629 2920 5682 abstinere
2960 5627 3239 5681 debemus.
3434 5646 3446 5653 ο

2297 5700 2400 5762 Qui
2442 5701 2772 5766 opprobrium
2818 5715 2916 5751 non
2967 5698 3163 5761 accepit
3220 5698 3467 5752 adversus
3522 5696 3811 5766 proximum

2225 5768 2445 5839 summ]
2500 5770 2550 5822 lil
2602 5780 2734 5848 es):
2777 5785 2881 5823 non
2916 5766 3144 5823 libenter
3193 5779 3285 5822 aut
3330 5765 3534 5823 tzinere
3582 5765 3810 5823 credidit
