4102 6360
223 341 330 398 23.3

1213 340 1490 395 REGULA
1527 337 2016 396 COMMENTA'I‘A.
2064 337 2442 392 PROLOGUS.

3389 339 3488 392 234

226 460 580 520 .i-iminatori,
617 477 634 508 ι
671 465 726 509 ut
755 456 828 510 ait
855 459 910 510 ὃ.
947 456 1270 523 Augustinus
1316 456 1334 525 (
1365 455 1425 508 In
1461 458 1595 523 psal.
1632 469 1722 508 xiv
1753 455 1790 522 ).
1823 457 1875 514 Α
1901 467 2050 518 nare,
2078 429 2274 505 bonum
2301 450 2772 525 facere,jiistitiatn
2797 449 3012 525 sectari.
3036 449 3338 525 diabolicas
3366 464 3486 518 sug-

227 530 400 581 Aliam
435 527 593 596 ltujns
618 527 863 580 versiculi
892 525 1274 594 expositionem
1299 542 1358 579 es
1385 525 1442 579 S.
1472 527 1795 596 Hieronymo

229 599 391 651 tradit
422 594 758 651 llililemariis
789 614 800 646 :
840 616 858 648 t
889 596 1002 658 ille,
1030 596 1218 664 inquit,
1252 611 1353 647 non
1377 594 1566 662 accipit
1597 594 1793 662 oppro-

231 670 405 722 brium
439 667 694 721 adversus
736 668 1034 734 proximum
1067 681 1241 728 suum,
1274 667 1360 732 qui
1405 668 1607 719 titillititt
1637 665 1793 728 lmsit,

233 740 500 791 neminem
533 733 742 791 nOCuit.
783 739 1048 790 nemiuem
1087 733 1481 799 scandalizat-it,
1519 748 1574 788 ιιι.
1612 737 1679 789 ab
1707 737 1795 789 illo

231 807 503 863 debuisset
534 808 777 870 accipere
806 807 1164 874 opprobrium.
1203 825 1219 856 ι

307 879 410 941 Qui
448 878 728 948 malignum
759 878 1016 929 diabolum
1046 876 1216 942 aliqua
1245 876 1538 948 suadentem
1570 876 1664 928 sibi
1684 891 1798 929 cum

233 951 350 1016 ipsa
379 951 616 1002 suasione
652 964 744 1000 sua
788 964 818 996 η
858 947 1203 1011 εοηιιριιειὶὺιιδ
1247 947 1414 997 cordis
1441 947 1519 998 sui
1558 961 1799 1012 respuens

236 1019 447 1072 deduxit
468 1019 536 1070 ad
557 1015 814 1086 niliiluiu.|
847 1017 1110 1072 Hatteiius
1133 1019 1268 1068 viain
1301 1016 1534 1069 caelestis
1558 1016 1801 1068 taberna~

239 1087 348 1141 culi
371 1087 756 1142 demonstravit
794 1087 850 1143 S.
887 1086 1235 1148 Benedictus;
1267 1087 1357 1138 sed
1391 1087 1508 1150 quia
1541 1094 1799 1139 armatum

241 1157 297 1211 in
354 1169 590 1210 nostram
639 1158 927 1224 perniciem
978 1155 1246 1224 diabolum
1295 1161 1574 1208 continuas
1625 1155 1800 1220 itineri

240 1237 428 1280 nostro
455 1227 676 1280 insidias
704 1237 910 1282 struere
943 1225 1174 1279 noverat
1199 1225 1358 1292 (ideo
1388 1227 1528 1278 enim
1558 1225 1801 1279 diabolus

244 1297 462 1355 dicitur,
490 1298 579 1364 qui
629 1297 814 1351 Graice
860 1297 1190 1358 criminatur,
1245 1295 1504 1350 Hebraice
1553 1297 1803 1350 deorsum

218 1367 416 1431 ﬂuens
455 1367 857 1434 interpretatur,
889 1377 943 1419 ut
967 1383 1086 1420 cum
1127 1366 1420 1433 Sinaragdn
1466 1375 1649 1418 notant
1680 1366 1807 1419 Ber-

245 1437 443 1490 nardus
471 1437 803 1490 Cassinensis
823 1446 879 1490 ct
900 1437 1179 1495 Boheriiis,
1201 1437 1343 1500 quod
1377 1436 1440 1486 ad
1463 1435 1688 1488 crimina
1709 1451 1807 1488 nos

250 1516 520 1574 provocet,
551 1515 606 1560 et
635 1516 870 1560 montem
897 1517 1134 1561 sanctum
1173 1507 1261 1556 Dei
1292 1507 1547 1560 ist-audete
1570 1507 1807 1559 volenies

248 1577 496 1644 ili-orsum
528 1576 691 1631 ﬂuere
719 1577 953 1644 elﬁciat),
976 1586 1364 1643 consequenter
1395 1577 1663 1644 subjtingit
1693 1583 1747 1627 iit
1777 1590 1806 1628 a

249 1643 626 1711 ctinstiectibus
663 1649 841 1704 cordis
887 1643 1174 1713 malignum
1221 1661 1556 1710 resiiiiamiis,
1590 1643 1808 1713 perver-

249 1730 444 1786 sasqiie
488 1715 605 1786 ejus
649 1717 1054 1771 sollicitationes
1082 1717 1146 1768 ait
1198 1715 1417 1767 nihilum
1460 1716 1806 1786 deducamus,

1900 525 2168 591 gestiunes
2191 536 2468 587 spernere,
2502 520 2763 575 volentem
2796 520 3000 588 ingredi
3036 519 3140 591 Dei
3170 519 3486 591 tabernacu-

1903 589 2009 646 lum
2043 591 2324 660 praecepit,
2355 601 2510 644 αιιιιο
2551 591 2768 644 omnino
2798 591 3064 656 subjecit:
3111 590 3212 656 Qui
3253 590 3316 642 de
3361 589 3490 644 bona

1903 662 2218 716 observantia
2237 677 2336 714 non
2354 677 2406 713 se
2423 660 2641 714 reddunt
2653 663 2836 721 elatos,
2852 661 2938 712 sed
2954 662 3064 730 ipsa
3079 661 3196 713 inse
3213 661 3364 726 bona,
3381 671 3484 716 etc.

1901 733 2106 800 Quibus
2130 733 2304 784 verbis
2329 732 2426 783 tria
2451 732 2607 785 docet
2633 749 2646 784 :
2670 733 2728 785 1ο
2760 733 2827 784 de
2856 729 2989 784 bona
3011 731 3351 784 observantia
3377 731 3492 783 ela-

1904 799 2100 856 tionem
2126 801 2336 870 fugere;
2360 800 2424 853 2°
2451 802 2639 867 Deum,
2659 816 2764 855 non
2783 816 2840 854 se
2864 799 2989 853 boni
3012 803 3189 869 operis
3211 809 3485 856 auctorem

1903 887 2221 943 agnoscere;
2258 874 2321 925 5°
2366 884 2756 938 consequenter
2790 873 2952 924 Deum
2985 871 3037 922 in
3079 885 3137 923 se
3175 876 3486 940 operantem

1905 943 2271 1005 magniﬁcare.

1977 1013 2076 1079 Qui
2099 1014 2330 1064 timentes
2364 1009 2637 1063 Dominum
2658 1010 2721 1062 de
2748 1010 2880 1063 bona
2907 1012 3228 1064 observantia
3257 1026 3351 1063 sua
3382 1028 3482 1064 non

1903 1100 1956 1136 se
1986 1082 2206 1136 reddunt
2233 1079 2411 1150 elatos]
2431 1125 2444 1146 ,
2480 1081 2688 1148 seipsos
2714 1081 2890 1148 magni
2920 1082 3118 1148 aliquid
3147 1095 3269 1135 esse
3299 1083 3483 1136 existi-

1907 1164 2136 1215 niantes,
2154 1168 2274 1206 eum
2301 1161 2474 1206 tamen
2495 1151 2623 1204 nihil
2643 1160 2800 1214 sunt;
2829 1151 2924 1204 sed
2948 1152 3122 1217 potius
3141 1152 3276 1204 inl'ra
3298 1166 3488 1206 omnes

1905 1237 2026 1278 sese
2055 1223 2438 1291 deprimentes,
2469 1229 2526 1274 ut
2555 1220 2662 1292 24
2706 1220 2930 1274 faciebat
2953 1221 3014 1292 S.
3044 1222 3366 1284 Bernardus,
3395 1237 3487 1276 cu-

1903 1293 1992 1361 jus
2020 1300 2140 1347 cum
2172 1301 2312 1346 tanta
2345 1300 2490 1346 esset
2517 1291 2646 1345 vite
2667 1291 3038 1358 sanctimonia,
3063 1302 3313 1360 quantam
3339 1295 3389 1345 in
3417 1307 3484 1347 eo

1907 1365 2066 1417 etiam
2099 1377 2239 1416 nunc
2269 1362 2564 1416 catholicus
2593 1362 2737 1414 orbis
2764 1363 3006 1426 miratur,
3033 1364 3104 1414 ita
3134 1361 3482 1416 nihilominus

1908 1434 1975 1487 de
1999 1449 2058 1488 se
2087 1433 2355 1488 scribebat
2393 1431 2582 1502 (Epist.
2614 1429 2743 1502 250)
2779 1433 2844 1484 ad
2889 1433 3117 1502 alterum
3148 1430 3476 1486 Bernardum

1912 1504 2142 1571 priorem
2189 1501 2470 1557 Portaritm
2513 1520 2525 1552 :
2573 1520 2590 1552 ι
2629 1501 2838 1554 Clamat
2885 1501 2951 1554 ad
2999 1516 3096 1553 vos
3147 1509 3485 1556 monstruosa

1912 1575 2016 1627 vita
2039 1589 2178 1639 mea,
2201 1589 2318 1628 mea
2339 1589 2635 1626 seruittiiosa
2656 1571 2980 1625 conscientia
3003 1587 3017 1635 ;
3048 1585 3147 1639 ego
3170 1572 3311 1625 enim
3339 1587 3486 1640 qua:-

1910 1645 2034 1696 dam
2061 1645 2312 1697 chimaera
2345 1645 2448 1696 mei
2477 1644 2675 1705 saeculi,
2710 1656 2808 1694 nec
2828 1640 3084 1695 clericum
3108 1657 3238 1710 gero
3269 1657 3367 1696 nec
3399 1643 3490 1696 lai-

1913 1728 2067 1778 cum;
2097 1729 2218 1767 nam
2249 1713 2493 1767 monachi
2517 1713 2827 1780 jamdudum
2853 1712 2975 1764 exui
2997 1712 3485 1779 conversationem,

251 1782 562 1874 denLegaittlp
606 1801 726 1842 cum
774 1795 1079 1854 contemptu
1125 1799 1465 1874 t'ttlt§el!Sllllll:
1524 1785 1810 1866 ostendens
1847 1817 1887 1874 Β
1919 1801 2020 1874 non
2057 1785 2316 1864 habitum.
2356 1787 2476 1866 D'El
2499 1785 2555 1836 S.
2589 1783 3041 1874 Gregoriuskpapa
3081 1782 3236 1862 deose
3265 1783 3390 1874 item
3422 1788 3487 1836 ad

253 1855 307 1908 iii
340 1856 569 1910 hominis
599 1871 718 1911 esse
745 1865 1008 1924 potestate
1039 1856 1257 1909 teitiatiti
1290 1856 1502 1907 dialiqu
1537 1855 1806 1921 resistere,

253 1940 355 1979 nec
385 1925 483 1978 n‘isi
513 1925 777 1980 Volentein
823 1926 890 1979 ab
938 1929 1053 1993 ipso
1092 1927 1350 1992 superari,
1383 1926 1531 1991 juxa
1578 1924 1708 1978 illitd
1754 1925 1812 1979 S.

251 1995 472 2049 CmSarii
505 1994 713 2062 (Serm.
742 1995 810 2048 37
856 1995 907 2046 iu
955 1997 1179 2062 append.
1212 1996 1378 2047 Serm.
1414 1993 1473 2048 S.
1510 1995 1764 2062 August.)
1798 2010 1813 2047 :

259 2082 278 2114 s
317 2065 380 2118 Al
404 2063 578 2132 igatus
630 2076 710 2117 est
757 2075 1005 2133 tanquam
1039 2065 1264 2117 innexus
1294 2065 1442 2118 cauis
1493 2065 1730 2129 ratenis,
1765 2074 1820 2120 et

254 2149 522 2188 neminem
549 2145 720 2198 potcSt
751 2137 1022 2194 mordere,
1055 2135 1152 2188 nisi
1175 2149 1294 2187 cuin
1318 2139 1404 2199 qiti
1427 2150 1484 2186 se
1527 2133 1598 2187 illi
1631 2135 1816 2188 morti-

251 2205 366 2275 tera
392 2204 1046 2275 securitatecoiijuniierit.
1073 2206 1288 2257 Latraie
1310 2215 1504 2272 potest,
1535 2205 1819 2259 sollicitare

255 2273 453 2342 potest,
479 2273 726 2327 mordere
759 2274 980 2326 otiinino
1011 2289 1115 2327 non
1147 2283 1340 2341 potest,
1381 2277 1476 2326 tiiSt
1515 2275 1815 2337 volentem;

258 2359 364 2397 nun
394 2342 544 2415 enim
572 2344 833 2415 cegendo.
863 2347 960 2415 sed
1006 2343 1275 2415 suadendo
1298 2356 1484 2406 nocet;
1513 2358 1610 2396 nec
1636 2354 1816 2398 extor-

257 2421 384 2482 quet
406 2427 434 2466 a
461 2413 612 2467 nobis
631 2413 972 2476 consensum,
997 2414 1090 2466 sed
1112 2414 1260 2482 petit.
1306 2433 1324 2464 ι

330 2481 396 2556 Et
423 2483 660 2556 parvulos
687 2484 943 2556 cogitatus
967 2486 1076 2552 ejus
1104 2484 1260 2556 tenuit
1279 2524 1294 2546 ,
1337 2492 1384 2534 et
1413 2482 1570 2536 allisit
1606 2484 1686 2556 ad,
1714 2484 1821 2556 23

257 2549 810 2624 Christum.]l’arvulos
831 2549 1117 2624 cogitatus,
1134 2552 1184 2606 id
1200 2564 1277 2606 est
1295 2557 1596 2606 exorientes
1622 2549 1817 2608 1ι11ιῖῆἇ

256 2623 622 2693 suggestiones
642 2624 978 2689 compressit,
1002 2640 1066 2676 ne
1099 2623 1167 2677 fui
1183 2633 1234 2676 te
1259 2635 1561 2677 crescentes
1587 2626 1819 2692 compri-

261 2704 492 2762 mentttr,
523 2708 584 2746 ac
625 2694 835 2747 tandem
889 2693 1409 2760 praevaleant,juxta
1450 2695 1575 2748 illitd
1610 2704 1817 2762 poetaa:

261 2761 534 2835 Principiis
545 2763 705 2835 obsta,
722 2780 834 2835 sero
846 2781 922 2835 me
939 2764 1093 2835 .icina
1107 2768 1333 2835 paratur.
1352 2763 1485 2817 Hinc
1499 2765 1555 2818 S.
1576 2761 1823 2835 llieruny-

259 2849 376 2884 mus
395 2833 582 2902 (Epist.
603 2832 726 2903 22):
768 2854 784 2883 ι
807 2833 953 2886 ’ΝοΙο
980 2833 1124 2903 sinas
1144 2832 1518 2901 cogitationem
1548 2832 1819 2897 crescere;

261 2903 386 2955 dum
415 2901 606 2971 parvus
627 2901 712 2957 est
741 2903 928 2964 hostis,
953 2901 1224 2964 interﬁce;
1255 2905 1508 2971 nequitia.
1536 2923 1598 2956 ue
1622 2908 1822 2958 ziz:tnia

259 2983 541 3042 crescant.
592 2972 817 3030 elidatur
859 2973 911 3025 in
959 2974 1179 3026 semine.
1218 2992 1234 3022 ι
1285 2973 1423 3026 Istud
1454 2987 1820 3042 argumentum

260 3039 376 3095 fuse
404 3051 593 3096 tractat
619 3046 803 3098 Petrus
849 3043 1090 3096 Damiani
1115 3059 1179 3096 eo
1221 3044 1270 3095 iit
1310 3039 1563 3110 epusculo
1589 3046 1728 3112 quod
1759 3045 1823 3099 de

258 3126 370 3194 suae
392 3113 1372 3194 congregationisiit-.titutis'seripst
1399 3112 1546 3194 (cap.
1575 3117 1694 3190 id),
1732 3116 1817 3168 ubi

1923 1855 2266 1908 AnaSIasiuin
2320 1855 2628 1924 episcopum
2676 1852 3108 1924 Antiochenum‘
3128 1852 3492 1924 sicrscribeus

1924 1925 2060 1992 (Lib.
2092 1940 2138 1987 i,
2178 1924 2326 1991 epist.
2355 1921 2453 1990 7):
2487 1941 2504 1972 ι
2538 1923 2688 1990 Quod
2718 1937 2844 1976 vero
2873 1936 2962 1975 me
2992 1937 3052 1974 os
3079 1921 3322 1992 Domini,
3352 1925 3492 1990 quod

1924 1991 2192 2048 lucernam
2219 1994 2394 2046 dicitis
2416 2034 2429 2056 ,
2478 1994 2618 2061 quod
2658 1995 2836 2046 multis
2867 1991 3120 2060 prodesse
3167 1991 3492 2059 perhibetis,

1924 2067 2022 2118 hoc
2049 2078 2262 2132 quoque
2287 2062 2417 2116 mihi
2444 2063 2513 2116 ad
2553 2063 2889 2129 iniquitatum
2936 2077 3175 2117 mearum
3216 2064 3487 2116 cumulum

1930 2134 2169 2200 accedit,
2198 2142 2257 2188 ut
2283 2146 2404 2186 cum
2449 2132 2704 2187 vindicari
2759 2134 2810 2187 in
2856 2146 2942 2186 me
2979 2132 3232 2200 iniquitas
3280 2133 3486 2198 debuit,

1924 2203 2107 2258 laudes
2135 2219 2231 2269 pro
2260 2203 2493 2257 vindicta
2530 2201 2806 2270 recipiam.
2849 2221 2868 2252 ι

1993 2273 2097 2328 Sed
2120 2275 2232 2341 ipsa
2273 2273 2328 2326 in
2363 2289 2417 2326 se
2455 2272 2588 2326 bona
2619 2288 2718 2326 non
2742 2284 2778 2322 ’a
2804 2287 2856 2322 se
2882 2287 3047 2340 posse,
3091 2271 3181 2324 sed
3205 2287 3236 2322 a
3266 2269 3490 2325 Domino

1921 2344 2031 2407 fieri
2075 2341 2460 2411 existimantem
2503 2342 2570 2396 Ut
2609 2356 2751 2395 enim
2779 2344 2991 2410 egregie
3019 2342 3148 2397 dicit
3176 2341 3237 2395 S.
3267 2342 3466 2396 Bernar

1922 2415 2021 2466 dits
2042 2414 2236 2484 (Serm.
2273 2406 2338 2468 54
2371 2415 2421 2466 in
2453 2406 2639 2481 'Caitt.)
2677 2428 2687 2462 :
2728 2430 2745 2461 ι
2781 2406 3174 2484 ριιίιιξιηιίοδὶυε
3199 2413 3441 2484 illavece
3475 2430 3489 2466 :

1922 2482 2108 2538 Manus
2138 2495 2318 2538 nostra
2349 2485 2557 2538 excelsa
2585 2525 2599 2545 ,
2651 2491 2704 2535 et
2751 2499 2853 2534 nun
2905 2482 3156 2534 Dominus
3205 2483 3332 2535 l'ecit
3379 2485 3493 2536 haec

1922 2555 2128 2608 omnia!
2158 2575 2175 2605 ι
2206 2555 2386 2624 Longe
2404 2554 2556 2608 aliter
2579 2553 2864 2624 sentiebat,
2893 2569 2978 2624 qui
3006 2553 3490 2624 taiiienplurimnin

1923 2624 2088 2678 libero
2121 2621 2349 2678 hominis
2391 2625 2612 2677 arbitrio
2661 2623 2862 2690 tribuit,
2892 2621 3124 2675 Joannes
3164 2623 3452 2677 Cassianus
3474 2663 3488 2687 ,

1923 2710 2042 2748 cum
2068 2695 2274 2749 dicebat
2305 2693 2440 2760 (Lib.
2475 2709 2572 2756 xit,
2605 2711 2649 2745 ε.
2678 2693 2766 2760 to)
2803 2713 2812 2743 :
2855 2713 2870 2740 t
2912 2692 3023 2744 Not
3053 2697 3225 2746 solum
3265 2707 3493 2762 namque

1926 2766 2090 2832 ipsam
2125 2764 2502 2834 perfectionem
2535 2773 2746 2831 oportet
2769 2769 2988 2816 credere
3021 2773 3202 2834 nostra
3234 2762 3493 2817 industria

1927 2850 2024 2887 nos
2053 2833 2136 2888 vel
2161 2837 2337 2888 labore
2367 2834 2640 2902 possidere
2667 2848 2771 2886 non
2800 2847 2983 2900 posse;
3015 2833 3107 2885 sed
3139 2848 3205 2902 ne
3232 2834 3346 2885 haec
3373 2837 3492 2900 qui-

1924 2904 2044 2957 dem
2067 2904 2202 2972 ipsa,
2226 2901 2513 2973 qiiazfillius
2541 2917 2853 2956 exercemus
2883 2905 3124 2966 obtentu,
3154 2901 3204 2973 id
3242 2914 3326 2973 est
3346 2902 3492 2956 libo.

1928 2989 2035 3040 tes,
2068 2971 2395 3040 conatusque
2423 2987 2653 3035 nustrus,
2675 2987 2737 3024 ac
2765 2973 2965 3037 studii,
2993 2974 3108 3026 sine
3145 2971 3341 3024 divina:
3369 2987 3492 3039 pro-

1928 3044 2170 3098 tectioiiis
2202 3044 2420 3105 auxilio,
2466 3042 2930 3110 inspirationisqne
2959 3042 3094 3108 ejus,
3117 3041 3484 3110 eaStigaiionis

1927 3125 2084 3183 atque
2125 3114 2509 3169 exhortationis
2557 3113 2728 3182 gratia
2763 3114 3045 3174 terticere,
3089 3125 3248 3180 quam
3280 3113 3484 3165 scilicet

257 3181 398 3234 inter
421 3183 524 3264 alia
551 3183 663 3264 haec
689 3184 847 3264 habet
878 3200 891 3237 :
931 3201 948 3232 ι
975 3183 1027 3236 lii
1055 3183 1258 3249 priinis,
1279 3182 1352 3262 fili
1373 3181 1686 3264 .qiiictinque
1705 3200 1819 3240 nia-
1846 3193 1890 3252 C
1922 3181 2170 3264 cordibus
2197 3186 2413 3264 nostris,
2442 3186 2522 3237 vel
2557 3181 2649 3264 per
2676 3183 2838 3235 alium
2863 3183 3041 3264 solet,
3062 3186 3140 3234 vel
3176 3192 3489 3264 per‘sei‘net-

258 3265 359 3304 nus
387 3253 452 3320 ad
481 3253 866 3321 conﬂigendum
899 3268 1049 3320 paras
1077 3269 1196 3306 cum
1235 3253 1478 3306 invisibili
1510 3253 1662 3309 hoste
1687 3271 1817 3311 con-

260 3335 442 3394 serere
463 3361 477 3384 ,
513 3337 695 3394 satage
722 3335 953 3376 mentem
986 3334 1125 3375 tuam
1154 3325 1219 3375 ab
1249 3326 1390 3375 omni
1420 3325 1816 3394 suggestionuui

258 3390 869 3462 obrepeiitiuin’impetu
912 3394 1147 3462 pervigili
1195 3394 1432 3448 Custodia
1467 3390 1816 3460 ιςὸῖηιιιυιιὶιέ,

258 3473 311 3514 et
342 3461 481 3535 sicut
502 3461 815 3530 quisquilias
837 3504 852 3525 ,
885 3473 939 3517 et
967 3461 1189 3531 qumque
1216 3474 1577 3535 purgamenta,
1607 3481 1724 3535 qua:
1755 3471 1819 3520 de

256 3531 512 3604 operibus
540 3547 802 3604 manuum
821 3543 1026 3586 tuarum
1059 3531 1331 3596 decidant,
1374 3532 1425 3586 in
1449 3531 1636 3604 ἱέιιθιιι
1655 3541 1815 3604 proti-

257 3615 358 3655 nus
385 3601 605 3669 abjicis,
644 3605 710 3656 ita
757 3603 1100 3656 nihilominus
1141 3601 1516 3672 cogitationum
1551 3601 1724 3660 metus
1768 3611 1815 3659 in

261 3671 426 3724 Deum
457 3673 683 3741 projice;
713 3684 766 3728 et
792 3676 1040 3738 quoniam
1072 3671 1226 3741 ignis
1249 3691 1566 3728 t'hlIStlllle.i§
1598 3687 1707 3740 est,
1745 3679 1817 3732 illi

255 3741 522 3815 superﬂua
553 3744 726 3797 cordis
759 3743 831 3796 tui
860 3747 923 3797 ad
953 3745 1369 3815 tonsuitiettdum
1405 3748 1550 3799 trade
1569 3787 1583 3809 ,
1618 3766 1818 3802 metuo-

258 3825 384 3864 rans
413 3812 540 3866 illud
584 3817 927 3880 apostolicum
964 3832 974 3864 :
1005 3812 1227 3868 Uninem
1273 3817 1682 3872 sollieitudinett
1733 3835 1819 3872 ve-

257 3892 423 3934 stram
458 3882 798 3958 projicieutes
821 3885 1016 3958 ineunt
1040 3900 1055 3948 ;
1083 3894 1138 3958 et
1160 3887 1431 3951 protihettc
1457 3903 1468 3936 2
1501 3886 1646 3940 Jacta
1675 3890 1819 3958 engi-

258 3961 423 4004 tatum
455 3965 601 4006 tuum
646 3955 696 4006 in
746 3953 1001 4016 Domino,
1032 3967 1085 4007 et
1113 3955 1227 4020 ipse
1260 3966 1309 4010 te
1338 3958 1641 4011 euutriet...
1675 3953 1818 4012 Ptine

257 4022 603 4094 tentationem
626 4023 776 4090 quasi
796 4035 1096 4091 serpentem
1116 4042 1128 4077 :
1147 4041 1336 4092 nempe
1353 4028 1395 4077 si
1417 4027 1483 4078 ab
1505 4029 1617 4094 ipso
1636 4031 1814 4081 auditu

256 4093 436 4145 statim
466 4093 755 4160 repellitur,
782 4109 909 4147 sana
932 4107 1056 4147 sunt
1081 4097 1278 4160 omnia,
1303 4096 1433 4147 nihil
1462 4112 1679 4150 omnino
1699 4115 1819 4152 cut--

257 4163 541 4229 rumpitur,
574 4163 705 4215 nihil
735 4178 918 4217 eorum
945 4180 1064 4232 qua:
1094 4165 1234 4218 intus
1261 4177 1384 4216 sunt
1406 4166 1739 4233 inquinatur;
1775 4188 1814 4218 si

256 4241 436 4302 autem
460 4234 622 4287 semel
657 4233 1135 4297 lueritadmtssus,
1171 4245 1374 4288 tametsi
1405 4234 1589 4302 quavis
1617 4238 1819 4290 instau-

255 4301 338 4374 tia
358 4305 692 4368 postmodum
719 4304 866 4358 abire
914 4315 1150 4372 cogatur,
1175 4306 1241 4357 de
1273 4301 1476 4358 veneno
1505 4317 1677 4359 tamen
1705 4311 1815 4374 ejus

259 4370 341 4422 vel
393 4378 628 4440 sqtiamis
678 4389 898 4426 necesse
943 4370 1042 4426 erit
1087 4376 1282 4442 aliquid
1340 4379 1416 4428 vel
1478 4370 1815 4445 perexiguum

257 4455 536 4515 remanere
560 4459 574 4495 :
606 4458 734 4511 ergo
763 4445 1023 4497 sollicitus
1050 4456 1165 4498 esto
1188 4486 1203 4508 ,
1231 4457 1287 4498 ut
1318 4449 1593 4500 teutationi
1627 4448 1812 4515 princ»

259 4509 348 4575 pio
373 4519 609 4586 nascenti
632 4509 777 4566 velut
802 4526 1036 4567 armatus
1062 4526 1114 4565 et
1141 4517 1434 4584 intiepiilus
1466 4509 1736 4586 occurras,
1767 4530 1819 4572 et

258 4585 506 4647 parvulos
533 4584 814 4655 orientium
846 4587 1220 4652 cogitatimtiuu
1269 4597 1442 4640 ttiotus
1471 4587 1536 4639 ad
1579 4584 1810 4655 petram,

255 4667 376 4718 quas
403 4664 486 4704 est
521 4653 782 4724 Christus,
819 4657 1035 4717 allidas,
1073 4675 1090 4705 ι
1125 4658 1439 4708 immensum
1467 4653 1588 4724 ejus
1611 4674 1729 4722 erga
1765 4653 1814 4711 ie

254 4733 493 4774 amorem
519 4723 813 4789 smpiSSillte
842 4727 1174 4787 meditando,
1207 4742 1258 4779 et
1293 4723 1816 4782 collata’ltoininibtis

256 4789 510 4844 beneﬁcia
545 4795 899 4859 revolvenda;
929 4796 1007 4848 sic
1035 4798 1174 4852 enim
1205 4795 1477 4850 universas
1507 4798 1702 4851 inimici
1730 4815 1816 4852 ca-

257 4864 697 4936 tervasl'nnilitus
729 4874 964 4936 proteres
995 4883 1007 4916 :
1044 4885 1061 4916 ι
1097 4865 1247 4932 Quod
1278 4873 1318 4918 si
1352 4872 1500 4936 lupus
1529 4869 1580 4920 iii
1607 4879 1657 4922 te
1682 4869 1818 4923 forte

256 4933 565 5006 repentinus
596 4935 855 5006 insurgit,
888 4937 1064 5006 arripe
1113 4946 1354 5004 petram,
1405 4933 1574 5006 inquit
1626 4941 1816 4994 iterum

258 4998 448 5076 genus
474 5001 706 5056 Dainiaiii
732 4998 948 5072 (opm.
967 4998 1058 5069 5'2,
1078 4998 1192 5073 cap.
1217 5009 1247 5057 ti
1253 5011 1292 5075 ).
1314 4998 1364 5060 et
1379 4998 1637 5076 protinus
1666 5008 1814 5076 fugit.

256 5071 389 5134 Qua:
413 5080 495 5123 e'st
518 5084 692 5127 autem
705 5071 878 5139 petra,
906 5076 1004 5128 nisi
1028 5071 1301 5130 Christus?
1324 5094 1343 5127 ι
1375 5071 1503 5131 Vide
1515 5079 1573 5134 ὃ.
1596 5071 1822 5132 Ambio-

257 5153 421 5219 stiim,
441 5141 532 5193 lib.
553 5157 604 5194 νι
632 5147 683 5196 in
707 5143 949 5219 l_-l_ex.im.,
980 5145 1168 5213 caput,
1199 5157 1249 5199 et
1277 5145 1612 5213 Cassianum,
1645 5149 1737 5203 lib.
1775 5166 1820 5201 ιι

259 5208 490 5262 lttStitut.
512 5250 525 5274 ,
555 5227 671 5278 cap.
713 5215 792 5267 15.

333 5278 434 5342 Qui
463 5283 692 5336 timentes
718 5282 990 5337 Dominum
1013 5287 1074 5338 de
1097 5287 1228 5338 bona
1254 5286 1570 5341 observantia
1602 5306 1695 5341 sua
1723 5308 1822 5342 non

258 5362 314 5402 se
332 5351 550 5428 reddunt
570 5351 756 5428 elatos,
776 5357 884 5428 _sed_
918 5356 1028 5423 ipsa
1051 5358 1101 5408 in
1131 5373 1182 5409 se
1209 5356 1359 5422 bona,
1391 5375 1489 5411 non
1516 5376 1546 5410 a
1571 5377 1623 5411 se
1651 5377 1820 5428 posse,

257 5418 349 5472 sed
375 5436 407 5471 a
435 5418 649 5500 Domitio
674 5425 785 5500 fieri
806 5418 1166 5500 eaistimautes,
1188 5418 1475 5500 operantem
1500 5429 1550 5482 in
1570 5447 1621 5481 se
1650 5418 1821 5500 bomj;

261 5503 383 5567 num
412 5493 785 5567 magniﬁcant.J
815 5496 947 5558 Quia
982 5511 1104 5548 vero
1133 5512 1165 5550 n
1204 5493 1234 5548 ti
1266 5499 1462 5552 dormit
1496 5516 1666 5567 neque
1697 5493 1822 5554 dor-

260 5565 412 5640 tuitui
443 5563 798 5640 adversarius,
820 5573 896 5628 et,
923 5571 1196 5640 υερριιιιιε
1219 5577 1416 5640 notavit
1438 5571 1493 5622 S.
1519 5563 1820 5640 tiernartlus

264 5627 459 5693 (Serm.
480 5631 547 5686 54
575 5627 824 5706 inﬂant.)
856 5627 923 5684 ίίι
962 5633 1016 5688 Si
1035 5627 1151 5688 'non
1173 5646 1349 5703 potest
1377 5638 1632 5706 impedire
1656 5651 1821 5694 actiu-

264 5711 409 5778 nem,
443 5707 612 5754 tentut
640 5703 1011 5778 intentionem,
1035 5717 1263 5758 suadens
1287 5703 1547 5774 quatenus
1575 5708 1818 5763 ellectuitt

265 5774 452 5833 gratia:
481 5785 699 5838 arroges
731 5774 851 5835 tibi;
895 5795 912 5825 ι
961 5775 1078 5829 ideo
1111 5786 1384 5843 postquam
1421 5791 1450 5829 a
1498 5779 1634 5837 man
1660 5780 1819 5832 decli-

457 5883 732 5939 ῬΑΤιιυιμ
788 5883 983 5945 LXVI

1924 3254 2118 3322 ipsum,
2150 3271 2246 3308 Ili-S
2277 3255 2521 3316 visitans,
2542 3256 2832 3306 clementer
2863 3253 3159 3306 inlundere.
3185 3269 3204 3304 ι
3240 3251 3338 3306 Ubi
3364 3254 3490 3306 Cas.-

1921 3339 2103 3379 siantts
2125 3335 2348 3392 quatuor
2369 3324 2598 3392 agnoscit
2622 3327 2908 3391 gratiarum
2935 3338 3128 3391 genera
3159 3341 3170 3374 :
3202 3333 3487 3390 protectio-

1924 3396 2028 3463 uis,
2046 3411 2146 3464 qua
2177 3409 2274 3450 nos
2289 3394 2356 3447 ab
2377 3393 2606 3446 hostium
2637 3394 2843 3447 insidiis
2868 3404 3076 3464 tuetur;
3103 3393 3489 3460 inspirationis,

1923 3480 2025 3532 qua
2057 3463 2216 3520 veluti
2255 3466 2480 3532 sepitatii
2511 3474 2740 3517 mentem
2771 3463 2992 3517 inteiius
3021 3465 3088 3515 ad
3123 3464 3320 3517 b0|.|ltll
3346 3464 3490 3518 exci-

1925 3544 2027 3601 tat;
2054 3533 2412 3603 castigationis
2437 3574 2452 3598 ,
2488 3549 2592 3603 qua
2624 3543 2862 3587 nostrum
2906 3552 2933 3585 a
2967 3535 3193 3586 terrenis
3238 3537 3488 3586 omnibus

1921 3607 2156 3660 animum
2185 3608 2402 3669 avertit;
2435 3604 2856 3666 exhortationis,
2899 3619 3002 3672 qua
3037 3621 3130 3671 per
3158 3611 3372 3656 satu-tos
3400 3606 3490 3656 du-

1920 3685 2099 3730 ctores
2143 3677 2209 3729 ad
2252 3675 2452 3728 bonum
2497 3676 2828 3741 operandum
2877 3676 3138 3727 accendit.
3191 3676 3398 3738 Quibus
3444 3691 3488 3726 si

1921 3747 2225 3809 creationis,
2256 3744 2654 3812 redemptionis,
2688 3745 3109 3799 conservattouis
3138 3745 3482 3806 beneticium,

1919 3816 2262 3883 divinumque
2289 3817 2354 3868 ad
2381 3830 2566 3869 Omnes
2595 3817 2754 3867 etiam
2785 3821 3050 3868 naturales
3082 3829 3228 3867 actus
3260 3829 3489 3868 ioncur-

1922 3904 2036 3938 :Itttl
2061 3887 2351 3951 addideris,
2380 3901 2487 3953 quo
2511 3894 2662 3950 pacto
2684 3889 2793 3951 jam
2819 3887 2970 3938 bona:
2992 3884 3345 3938 observantia.-
3371 3885 3488 3953 glo-

1922 3956 2052 4008 riain
2077 3956 2230 4010 nobis
2250 3969 2526 4023 usurpare,
2542 3955 2648 4009 Deo
2665 3969 2880 4022 negare,
2902 3957 3312 4021 prieSutiictitus?
3338 3958 3486 4008 Alias

1924 4030 2114 4079 merito
2141 4031 2293 4079 nobs
2323 4028 2605 4092 Apostolus
2637 4026 2838 4091 inquiet
2864 4042 2878 4076 :
2905 4024 3037 4088 Quid
3059 4026 3208 4077 habes
3230 4027 3362 4092 quod
3383 4041 3482 4077 non

1920 4098 2158 4163 accepisti
2177 4103 2198 4148 ,ν
2226 4098 2271 4149 si
2301 4107 2470 4148 autem
2497 4096 2754 4163 accepisti,
2779 4096 2900 4163 quid
2933 4096 3171 4163 gloriaris
3196 4097 3344 4163 quasi
3380 4111 3479 4146 non

1919 4167 2214 4235 acceperis?
2261 4167 2327 4218 Et
2369 4166 2424 4220 S.
2473 4164 2774 4218 Bernardus
2817 4163 3027 4235 (Serm.
3054 4165 3122 4235 15
3171 4169 3223 4235 tu
3269 4163 3486 4233 Cant):

1925 4253 1944 4286 ι
1981 4233 2245 4304 Quidquid
2290 4237 2374 4289 hic
2403 4236 2602 4288 lavoris
2643 4245 2824 4303 captas
2847 4275 2860 4298 ,
2892 4233 3031 4302 quod
3063 4233 3128 4287 ad
3169 4233 3335 4288 Deum
3383 4250 3489 4290 non

1922 4309 2185 4365 retuleris.
2218 4307 2318 4375 ipsi
2354 4306 2576 4368 iuraris;
2613 4305 2706 4358 lilii
2731 4305 2871 4359 enim
2913 4307 3052 4359 unde
3081 4305 3272 4373 gloria,
3305 4310 3488 4370 putide

1921 4379 2112 4445 pulvis,
2146 4377 2240 4431 tibi
2287 4378 2468 4430 unde?
2513 4377 2584 4430 De
2613 4376 2734 4430 vitae
2763 4375 3075 4430 sanctitate?
3104 4377 3208 4430 Sed
3257 4377 3487 4443 Spititus

1918 4459 2000 4501 est
2027 4451 2116 4516 qui
2145 4451 2460 4511 sanctiﬁcat,
2490 4448 2720 4512 Spiritus
2744 4446 2882 4510 dico,
2914 4463 3017 4498 non
3051 4457 3190 4511 tuus,
3224 4450 3316 4498 sed
3345 4445 3440 4499 Dei
3468 4464 3482 4500 :

1921 4528 1973 4572 et
2002 4520 2046 4571 si
2080 4519 2332 4587 prodigiis
2358 4531 2411 4571 et
2441 4519 2602 4585 signis
2625 4517 2900 4585 ellulgeas,
2938 4516 2992 4570 iii
3022 4532 3106 4570 ma
3134 4532 3179 4567 νιι
3212 4523 3299 4568 tua
3331 4521 3482 4583 tiunt,

1854 4576 1899 4631 Ι)
1922 4590 2017 4642 sed
2048 4576 2260 4642 virtute"
2282 4589 2396 4642 Dei.
2435 4576 2516 4642 Aii
2551 4576 2817 4640 blanditur
2843 4576 3112 4654 popularis
3138 4587 3311 4649 lavor,
3344 4576 3484 4654 quoii

1923 4661 2143 4712 verbum
2205 4661 2396 4711 bonum
2447 4669 2500 4712 et
2530 4658 2663 4712 forte
2700 4658 2834 4712 bene
2875 4657 3326 4725 'deprontpscris?
3381 4659 3487 4712 Sed

1923 4727 2166 4782 Christus
2196 4729 2411 4782 donavit
2437 4744 2498 4782 os
2525 4739 2580 4781 et
2607 4729 2957 4797 sapientiam;
3009 4742 3129 4780 natu
3173 4728 3350 4795 lingua
3397 4737 3486 4780 tua

1925 4799 2069 4866 quid,
2101 4802 2198 4851 nisi
2241 4800 2475 4851 calamus
2503 4799 2736 4852 scribat?
2768 4799 2833 4850 Et
2865 4801 2964 4851 huc
2991 4799 3161 4867 ipsum
3196 4811 3377 4849 mutuo
3398 4811 3488 4850 ac-

1924 4871 2130 4932 cepisti.
2164 4887 2182 4918 ι
2217 4868 2280 4920 Et
2305 4879 2463 4922 antea
2492 4885 2505 4921 :
2544 4886 2561 4917 ι
2600 4868 2729 4933 Quis
2749 4870 2933 4922 credat
2953 4869 3163 4937 parieti,
3191 4867 3236 4920 si
3265 4882 3324 4921 se
3344 4868 3488 4922 dicat

1928 4941 2186 5005 partui-ire
2214 4938 2438 5004 radium,
2469 4954 2625 5006 quem
2649 4939 2872 5006 suscipit
2903 4954 2997 5006 per
3027 4937 3351 4993 fenestram?
3380 4941 3487 4992 Aut

1925 5009 1969 5062 si
1997 5010 2290 5077 glorientur
2315 5011 2481 5063 nubes
2502 5011 2641 5077 quod
2677 5010 2872 5063 imbres
2901 5012 3202 5078 genuerint,
3224 5014 3344 5078 quis
3377 5025 3484 5062 non

1929 5079 2182 5132 irrideat?
2211 5079 2332 5132 Mihi
2360 5079 2559 5146 liquido
2581 5090 2807 5144 constat,
2841 5096 2937 5134 nec
2967 5079 3031 5133 de
3057 5081 3329 5133 canalibus
3359 5081 3487 5133 oriri

1927 5150 2069 5203 rivus
2092 5164 2371 5217 aquarum,
2404 5163 2502 5202 ιιιδο
2529 5151 2594 5202 de
2623 5149 2776 5206 labiis
2802 5152 2880 5204 vel
2903 5150 3151 5204 dentibus
3172 5153 3331 5204 verba
3360 5165 3488 5219 pru-

1926 5221 1992 5272 de
2018 5223 2142 5282 .iiar,
2172 5219 2271 5273 etsi
2294 5234 2482 5273 sensus
2505 5221 2638 5273 ultra
2659 5235 2950 5290 corporeus
2981 5237 3084 5274 non
3113 5229 3355 5289 attingat.
3379 5219 3486 5274 Nec

1928 5289 2042 5342 laus
2067 5291 2255 5355 calami
2291 5290 2568 5344 laudabilis
2595 5299 2679 5345 est
2701 5289 2903 5359 pictura
2931 5294 3044 5346 sive
3073 5292 3354 5358 scriptura,
3390 5305 3487 5342 nec

1926 5361 2091 5427 gloria
2121 5359 2311 5427 lingua:
2331 5370 2422 5412 aut.
2448 5361 2703 5414 labiorum
2727 5375 2909 5416 sermo
2934 5363 3103 5416 bonus
3129 5377 3144 5414 :
3179 5371 3386 5426 tempus
3407 5370 3486 5412 e-t

1929 5439 1985 5483 ut
2003 5441 2057 5483 et
2078 5434 2332 5501 propheta
2355 5432 2598 5498 loquatur
2621 5449 2633 5483 :
2657 5432 2916 5501 Numquid
2941 5432 3268 5500 gloriabitur,
3295 5431 3485 5497 inquit,

1924 5501 2125 5555 securis
2153 5499 2259 5572 25
2304 5510 2487 5554 contra
2523 5517 2645 5555 eum
2676 5504 2760 5570 qui
2792 5499 3020 5558 secit’in
3047 5518 3107 5556 ea
3128 5540 3144 5565 ,
3177 5511 3265 5554 aut
3286 5501 3486 5572 exalta-

1927 5574 2064 5624 bitur
2087 5570 2234 5624 serra
2263 5581 2448 5625 contra
2489 5588 2610 5626 cuin
2642 5587 2670 5624 a
2709 5588 2814 5641 quo
2857 5573 3115 5626 tialiitiir?
3141 5570 3416 5641 Quomodo
3442 5571 3486 5619 si

1922 5641 2160 5695 elevetur
2189 5643 2334 5709 virga
2374 5651 2558 5696 contra
2585 5638 2878 5696 eleva'iiiein
2903 5657 2982 5704 se,
3030 5649 3085 5695 et
3111 5645 3372 5709 exaltetur
3402 5638 3488 5691 ba-

1924 5711 2091 5771 cnliis,
2122 5714 2211 5781 qui
2245 5707 2426 5780 uiique
2472 5714 2666 5780 lignum
2712 5722 2822 5774 est;
2869 5712 2946 5764 sic
2989 5720 3176 5781 contia
3204 5707 3485 5763 Dominum

1925 5787 2097 5834 omnis
2125 5780 2208 5849 qui
2239 5782 2526 5850 gloriatur,
2568 5785 2608 5834 si
2653 5795 2755 5832 non
2800 5783 2850 5832 in
2897 5780 3119 5836 Domino
3145 5783 3424 5848 glorietur.
3465 5803 3482 5826 ι

3169 5896 3207 5951 8
