4102 6360
638 390 740 452 9.55
1986 410 2040 464 S.
2086 412 2140 464 P.
2188 410 2543 465 BENEDICTI

3808 412 3924 466 23G

711 514 1014 588 Oper-antem
1038 531 1087 588 in
1113 531 1162 566 se
1195 516 1462 569 Dominum
1494 515 1949 588 niaguiﬁcantd'ld
1975 532 2050 575 e5!
2081 535 2201 575 cum
2234 524 2283 581 Α
2307 521 2575 573 Christum
2598 560 2613 583 ,
2642 517 2707 572 de
2756 533 2861 587 quo
2904 519 3189 587 Apostolus
3217 536 3228 571 :
3268 516 3693 576 Fundamentum
3746 524 3915 578 aliud

637 582 926 659 gratiarum
953 587 1159 639 actione
1181 602 1390 641 omnem
1417 588 1535 641 boni
1566 582 1744 655 operis
1771 582 1977 645 laudem
2012 600 2065 645 et
2092 593 2203 659 glo-

622 657 770 728 riam
812 655 862 707 in
899 655 1060 728 Deum
1087 660 1399 728 _remittunt,
1433 674 1498 710 ne
1534 659 1668 713 forte
1710 662 1999 728 gratiarum
2032 655 2206 715 cesset

635 726 847 787 flucttls,
876 725 921 778 si
948 741 1049 779 non
1080 725 1242 780 fuerit
1267 727 1519 787 renotus,
1544 739 1621 791 et,
1645 725 1777 784 utS.
1803 731 2052 785 Bernardi
2082 748 2201 785 ver-

637 796 714 848 bis
747 795 1073 867 utar_(Serm.
1106 800 1168 848 de
1214 795 1336 849 Nat.
1372 796 1435 849 Β.
1468 797 1654 867 Man),
1700 817 1718 849 ι
1764 815 1873 854 sum
1916 803 2205 855 reddantur

634 866 824 935 origini
856 860 1050 919 ﬂuenta
1077 868 1259 934 gratiae
1292 877 1347 918 ut
1377 868 1589 923 uberius
1616 860 1815 935 lluant;
1845 871 2079 934 alioquin
2104 872 2201 925 nisi

633 935 698 987 ad
730 937 925 990 fantem
948 936 1182 997 redeant,
1214 938 1572 992 exsiccantur.
1606 960 1621 990 ι

710 1024 851 1079 Illud
877 1041 993 1078 cum
1033 1026 1277 1092 prop/tcta
1318 1026 1572 1080 dicentes:
1599 1027 1649 1081 Ν
1654 1046 1717 1081 an
1744 1030 1886 1083 nobis
1904 1075 1916 1093 ,
1958 1030 2200 1096 Domine,

637 1112 737 1169 non
768 1096 945 1169 nobis,
976 1097 1062 1148 sed
1090 1097 1287 1169 nomini
1315 1106 1401 1150 tua
1425 1097 1498 1169 da
1532 1098 1790 1169 gloriam.]
1824 1101 1985 1154 Docet
2030 1102 2116 1155 hic
2145 1102 2201 1156 S.

639 1166 961 1239 Benedictus
981 1182 1043 1218 ex
1074 1168 1251 1239 verbis
1290 1166 1559 1239 prOphette
1589 1166 1854 1237 quomodo
1890 1182 2203 1239 operantem

640 1238 689 1288 iii
735 1236 885 1289 nobis
934 1236 1215 1289 Dominum
1258 1236 1950 1304 magnifiCaredebeamus,
2000 1243 2203 1295 scilicet

639 1322 849 1360 onmem
877 1308 1132 1360 bonorum
1161 1322 1381 1369 operum
1411 1310 1628 1372 gloriam
1657 1310 1762 1361 Deo
1789 1311 2125 1373 ascrihendo.
2150 1324 2206 1364 ut

637 1378 723 1444 qui
752 1378 926 1430 omnia
946 1392 1107 1442 Opera
1138 1388 1311 1428 nostra
1342 1379 1392 1430 iti
1416 1378 1567 1431 nobis
1589 1390 1837 1445 operatus
1857 1392 1959 1442 est,
1991 1398 2203 1437 onmem

641 1447 763 1500 inde
794 1448 997 1500 laudem
1023 1457 1076 1500 et
1100 1448 1352 1499 honorem
1386 1447 1597 1500 referat.
1650 1469 1667 1499 ι
1706 1450 1841 1502 Deus
1863 1452 2006 1502 solus
2029 1467 2201 1506 omnia

636 1519 852 1577 creavit,
882 1518 1047 1585 inquit
1079 1518 1131 1569 S.
1158 1518 1289 1569 Bern
1311 1518 1452 1569 trdus
1482 1518 1672 1576 (Serm.
1710 1522 1774 1573 15
1798 1522 1846 1573 iu
1876 1519 2087 1588 Cant.);
2119 1538 2207 1575 50-

641 1590 720 1641 lus
743 1591 809 1641 de
843 1591 991 1641 hoste
1022 1588 1383 1653 tiiuntphtivit,
1417 1589 1561 1640 solus
1586 1593 1823 1655 captivt-s
1854 1591 2117 1655 liberavit,
2152 1604 2208 1646 et

638 1660 839 1711 socium
872 1658 1084 1710 habebit
1110 1658 1159 1729 in
1190 1659 1354 1724 gloria
1374 1662 1393 1709 1’
1416 1669 1467 1711 et
1490 1660 1780 1724 brachium,
1815 1660 2004 1729 inquit,
2030 1679 2204 1716 meum

638 1729 949 1801 auxiliatum
976 1737 1056 1781 est
1076 1727 1226 1801 mihi,
1250 1730 1479 1801 torcular
1501 1730 1694 1801 calcavi
1715 1727 1954 1791 Solusqet
1975 1735 2042 1785 de
2075 1748 2205 1801 gen-

642 1800 783 1852 tibus
816 1812 917 1850 noo
944 1808 1023 1850 e~t
1054 1800 1131 1851 vir
1160 1812 1385 1851 mecum.
1424 1799 1557 1863 Quid
1582 1815 1708 1867 ergo
1738 1801 1865 1853 inibi
1893 1816 2013 1854 cum
2043 1799 2205 1856 vieto-

641 1872 738 1949 ria,
767 1888 814 1949 si
836 1883 932 1947 nec
954 1869 1022 1920 lui
1047 1869 1095 1949 in
1132 1870 1353 1947 prmlio?
1380 1868 1837 1949 lznpudeutissiine
1863 1872 2207 1949 miliiarrogo
2248 1893 2289 1949 ις

644 1942 727 1991 vel
769 1940 988 2006 gloriam
1021 1941 1221 2006 absque
1251 1940 1505 1998 victoria.
1540 1940 1621 1992 vel
1654 1942 1927 1995 victoiiam
1961 1943 2076 1996 sine
2115 1940 2208 2011 pu-

640 2024 757 2075 gna.
789 2027 807 2058 ι

716 2096 859 2148 Sicut
886 2112 973 2146 nec
1003 2094 1196 2147 Paulus
1225 2098 1487 2163 apostolus
1515 2100 1575 2150 de
1606 2100 1966 2165 prwdicatione
1997 2118 2089 2156 sua
2117 2104 2211 2155 sibi

643 2167 834 2244 aliquid
863 2167 1124 2232 imputavit
1148 2168 1317 2244 dicens
1340 2184 1357 2220 :
1379 2168 1560 2244 Gratia
1586 2170 1689 2244 Dei
1704 2186 1816 2222 sum
1834 2172 1884 2229 id
1901 2175 2037 2238 quod
2058 2172 2213 2244 sum.]

642 2238 933 2288 tLonlirtnat
962 2239 1209 2300 exemplo
1240 2239 1509 2305 Apostoli.
1554 2239 1692 2306 quod
1728 2251 2088 2305 przennserat;
2126 2238 2211 2296 ubi

640 2307 783 2376 quod
809 2318 881 2358 ait
904 2312 1045 2379 ~Apo-
1061 2309 1222 2359 tolum
1258 2308 1385 2379 nihil
1418 2308 1517 2360 sibi
1550 2311 1841 2373 impntasse
1871 2311 1937 2363 de
1966 2314 2214 2379 praedica-

646 2382 937 2451 tionesua,
964 2376 1141 2451 tribus
1186 2378 1363 2451 modis
1409 2388 1584 2451 potest
1630 2380 1847 2450 intelligi
1876 2398 1887 2431 :
1919 2376 1978 2434 16
2006 2382 2069 2435 de
2101 2383 2212 2451 ipsa

646 2446 1006 2514 prtcdicatoris
1054 2448 1339 2513 dignitate.
1376 2448 1440 2499 ad
1488 2464 1643 2515 quam
1689 2464 1751 2502 ex
1802 2446 2135 2516 blaspliemo'
2161 2463 2213 2507 et

644 2527 1004 2589 pchcCtitore_
1038 2524 1341 2581 assumptus
1388 2529 1504 2569 est;
1538 2520 1600 2570 ‘20
1639 2519 1705 2571 de
1750 2522 2005 2575 cacrcitto
2051 2523 2214 2589 ipsius

648 2585 1037 2661 prtrdicatiouis
1070 2596 1287 2661 perant
1330 2591 1820 2661 terrarutnhplagas
1869 2585 2213 2661 Evangelium

648 2657 1038 2726 annuntiando;
1072 2657 1133 2708 5ο
1164 2657 1230 2709 de
1272 2657 1439 2723 ipsius
1479 2659 1870 2724 pra-dicationis
1900 2657 2098 2726 fruct'u,
2140 2672 2215 2717 tot

648 2727 861 2797 Christo
889 2725 1129 2778 fidelibus
1148 2740 1207 2779 ac
1229 2727 1447 2790 lltl~lll5;
1472 2739 1522 2781 ct
1546 2728 1621 2782 sic
1642 2731 1877 2797 quolibet
1903 2746 2060 2785 sensu
2085 2725 2211 2787 nihil

649 2796 751 2848 sibi
785 2796 975 2849 Paulus
1003 2798 1067 2848 de
1100 2800 1470 2862 praidiCatione
1498 2814 1588 2850 sua
1620 2796 1929 2866 imputavit;
1959 2818 2079 2855 nam
2111 2806 2211 2858 etsi

649 2881 715 2933 ap
753 2866 1067 2938 stultissim,
1098 2869 1294 2933 inquit.
1330 2868 1598 2936 Apostolus
1627 2872 1829 2936 quidem
1860 2887 1947 2938 per
1978 2875 2209 2925 volunta-

648 2948 664 2987 t
697 2953 743 2987 in
775 2937 864 2989 Dei
892 2935 938 3005 (I
984 2936 1099 2989 Car.
1126 2946 1196 3002 ι),
1225 2941 1354 3001 ~ive,
1376 2935 1442 2990 rut
1473 2942 1596 2990 dicit
1623 2935 1780 3003 alibi,
1812 2935 2082 3008 Apostolus
2114 2960 2211 2995 non

648 3008 708 3059 ab
738 3008 1040 3078 Itamiuibus,
1076 3023 1233 3078 neque
1257 3025 1343 3077 per
1362 3009 1633 3071 Itamirum,
1658 3010 1745 3062 sed
1773 3009 2048 3078 perJesum
2071 3013 2212 3064 Citri-

645 3088 776 3130 stum
804 3089 847 3129 et
878 3076 1033 3130 Deum
1064 3076 1349 3142 l’atrem,et
1376 3081 1417 3129 si
1446 3082 1557 3146 plus
1577 3076 1822 3134 omnibus
1841 3081 2093 3146 laboravi,
2114 3099 2210 3135 non

645 3163 738 3215 ego
763 3160 952 3221 autem,
976 3149 1063 3200 sed
1092 3150 1256 3217 gratia
1278 3147 1376 3221 Dei
1404 3165 1598 3200 σημειιηρ
1622 3150 1777 3217 (Gal.
1804 3167 1822 3221 l
1844 3154 1888 3216 );
1918 3152 2146 3221 denique
2169 3157 2210 3207 si

648 3227 847 3292 tantum
882 3220 1104 3292 Domino
1132 3220 1379 3292 populum
1411 3221 1698 3292 aequi-isse
1731 3220 1939 3281 videor,
1964 3220 2073 3290 liga
2091 3240 2205 3292 qu'o

647 3287 759 3339 dem
788 3289 1030 3353 plantavi,
1058 3287 1239 3356 Apollo
1261 3290 1459 3356 rigavit,
1490 3287 1625 3340 Dens
1648 3298 1811 3341 autem
1845 3287 2204 3344 incrementum

649 3359 785 3410 dedit
821 3356 871 3426 (Ι
902 3358 1018 3410 Cor.
1052 3366 1163 3425 xv),
1198 3367 1249 3410 et
1271 3362 1534 3425 sicgratia
1567 3360 1657 3410 Dei
1687 3375 1802 3411 smn
1838 3362 1885 3411 id
1903 3364 2039 3427 quod
2063 3377 2202 3415 sum.

724 3428 787 3480 Et
814 3428 1276 3502 iterumipsedicit
1301 3442 1319 3478 :
1356 3429 1453 3502 Qui
1482 3426 1733 3495 glariatur
1765 3431 1815 3480 in
1862 3426 2073 3483 Itomino
2100 3435 2206 3502 gla-

647 3496 849 3567 rietur.]
878 3499 1103 3550 Gloriari
1142 3499 1193 3550 in
1231 3500 1451 3549 Domino
1482 3512 1555 3550 est
1608 3515 1820 3551 omnem
1865 3506 1982 3551 boni
2029 3496 2203 3564 apiarts

649 3570 867 3635 glotiam
900 3568 947 3620 ei
972 3568 1281 3638 attribuere,
1308 3578 1364 3619 ut
1384 3583 1503 3638 cum
1534 3568 1827 3635 l'apbnutio
1849 3571 2039 3622 abbate
2067 3576 2203 3638 apud

647 3639 955 3691 Cassianum
991 3636 1196 3705 (Cotla'.
1223 3652 1299 3701 tn,
1340 3652 1386 3688 c.
1423 3636 1533 3705 15),
1569 3639 1703 3691 bona
1736 3652 1912 3691 nostra
1944 3636 2207 3695 demiran-

649 3708 805 3769 tibus,
839 3718 994 3775 atque
1026 3708 1146 3759 inde
1179 3708 1328 3759 laude
1360 3722 1455 3760 nos
1506 3707 1847 3762 ederentibus
1878 3710 2053 3763 dicere
2084 3726 2205 3778 pos-

648 3779 812 3831 simus
838 3795 849 3829 :
888 3799 904 3827 ι
930 3779 1041 3830 Non
1075 3778 1294 3830 liberum
1324 3778 1619 3837 arbitrium,
1650 3780 1740 3831 sed
1770 3779 2021 3833 Dominus
2050 3782 2206 3833 solvit

646 3849 1011 3913 compeditos;
1048 3864 1149 3899 non
1186 3858 1364 3900 nostra
1411 3848 1597 3911 virtus,
1634 3850 1726 3901 sed
1779 3848 2029 3903 Dominus
2058 3851 2207 3917 erigit

647 3920 801 3972 elisos
822 3934 965 3981 ;»nttn
988 3918 1228 3971 lectioui~
1255 3918 1529 3974 industri...
1556 3921 1644 3970 sel
1673 3918 1924 3971 Dominus
1950 3920 2209 3973 illuminat

644 4002 835 4063 cmctts,
861 3990 997 4057 quod
1020 3988 1203 4063 Grzece
1223 3987 1415 4063 dicitur
1439 3992 1612 4063 κύρως
1634 3996 1782 4060 σοφοῐ
1802 3991 2033 4060 τύφλονς,
2056 3991 2104 4043 id
2127 4004 2206 4044 est

650 4061 898 4111 Dun‘iinus
930 4062 1200 4125 Sapientes
1250 4059 1371 4109 facit
1417 4059 1623 4122 czecos;
1652 4075 1755 4110 non
1790 4073 1969 4112 nostra
2002 4063 2203 4123 cautio,

643 4131 735 4182 sed
769 4129 1022 4183 Domitius
1049 4130 1273 4181 custodit
1302 4130 1567 4189 advenas;
1588 4145 1692 4182 non
1722 4142 1899 4183 noSIra
1927 4130 2203 4194 fortitudo,

641 4200 736 4255 sed
786 4200 1042 4252 Dominus
1087 4200 1277 4251 allevat
1319 4202 1430 4251 sive
1461 4198 1693 4252 sulfulcit
1722 4215 1905 4252 omnes
1954 4214 2043 4268 qui
2089 4217 2208 4253 cor-

643 4281 823 4335 ruunt,
853 4279 989 4334 etc.;
1032 4288 1050 4321 ι
1103 4280 1267 4339 atque,
1304 4268 1372 4321 ita
1410 4269 1536 4321 illud
1568 4270 1624 4322 S.
1663 4270 1914 4323 Bernardi
1950 4285 2205 4339 usurpare

642 4341 1035 4411 licebit(Serm.
1072 4340 1136 4411 15
1157 4338 1435 4411 inACant.):
1474 4358 1491 4389 ι
1524 4339 1755 4411 Securus
1786 4342 2000 4405 glorior,
2025 4338 2132 4411 Ἀθ
2162 4344 2204 4393 si

644 4420 776 4462 teste
824 4410 1146 4463 conscientia
1199 4409 1266 4461 de
1315 4411 1481 4478 gloria
1538 4410 1843 4463 Conditoris
1896 4409 2203 4464 nihiFn'iihi

644 4494 878 4547 usurpo;
912 4493 1133 4532 securus
1166 4477 1338 4545 plane,
1368 4479 1488 4546 quia
1523 4478 1632 4547 jam
1678 4494 1781 4533 non
1813 4493 1995 4535 contra
2025 4481 2205 4535 Domi-

643 4566 790 4612 num,
821 4552 910 4602 sel
944 4550 994 4601 in
1027 4548 1269 4600 Domino.
1316 4566 1333 4598 ι

716 4641 863 4696 Unde
891 4653 937 4694 ct
970 4642 1214 4694 Dominus
1240 4640 1290 4693 in
1324 4639 1593 4711 Evangelia
1614 4643 1687 4694 ait
1715 4657 1732 4695 :
1766 4642 1865 4708 Qui
1892 4644 2035 4695 audit
2064 4647 2209 4697 verba

640 4726 748 4765 mea
779 4714 902 4777 hac,
934 4724 979 4765 et
1011 4713 1130 4781 facit
1158 4728 1237 4783 ea,
1282 4712 1519 4783 similaba
1540 4728 1653 4762 eum
1681 4712 1784 4783 uiro
1805 4712 2063 4783 sapienti.]
2101 4714 2205 4766 De-

638 4794 847 4847 sumpta
871 4799 935 4836 ex
962 4780 1247 4850 Evangelia
1271 4781 1463 4835 (Jhristi
1494 4780 1699 4834 Domini
1725 4782 1883 4835 verba
1907 4798 2004 4835 suo
2028 4780 2083 4837 S.
2112 4783 2208 4836 Be-

644 4854 1108 4919 nedictusadaptat
1132 4853 1418 4918 proposito,
1442 4852 1623 4905 dicens
1650 4870 1661 4903 :
1693 4851 1841 4906 Unde
1868 4862 1923 4905 et
1954 4853 2206 4905 Dominus

642 4926 693 4977 in
722 4924 1007 4993 Evangelia
1036 4924 1109 4975 ait
1134 4939 1146 4974 :
1176 4923 1273 4989 Qui
1303 4922 1448 4976 audit
1468 4923 1625 4975 verba
1663 4937 1775 4976 mea
1811 4921 1944 4987 huc,
1978 4921 2199 4993 scilicet.

642 4995 729 5059 qui
774 4994 1063 5063 ingreditur
1092 4996 1205 5047 sine
1236 4994 1437 5046 macula
1464 5034 1476 5054 ,
1510 5002 1613 5063 etc.
1635 5034 1649 5057 ,
1684 4992 1915 5063 similabo
1953 5008 2067 5044 eum
2104 4992 2208 5044 viro

642 5061 888 5130 sapienti,
926 5064 1171 5117 nimirum
1212 5064 1444 5125 Christo,
1476 5061 1563 5131 qui
1603 5071 1683 5116 est
1727 5062 1894 5115 Patris
1923 5064 2202 5131 sapientia,

641 5136 727 5196 qui
773 5135 1041 5202 (edi/irat'it
1084 5135 1285 5186 domum
1316 5150 1458 5185 suam
1476 5130 1503 5196 ,ί
1523 5133 1588 5186 de
1616 5146 1715 5200 qua
1748 5131 2018 5199 Scriptura
2054 5149 2065 5182 :
2100 5130 2202 5183 Sa-

643 5206 829 5272 pientia
848 5204 1111 5270 tediﬁcavit
1129 5205 1223 5257 sibi
1244 5204 1469 5265 domum,
1489 5204 1673 5254 excidit
1701 5203 1962 5272 columnas
1982 5212 2168 5272 septem
2188 5218 2205 5265 ;

641 5271 939 5335 aediﬁcavit,
985 5277 1194 5341 inquam
1215 5315 1229 5337 ,
1263 5275 1361 5327 sibi
1387 5273 1603 5326 domum
1624 5312 1637 5333 ,
1668 5286 1858 5337 nempe
1890 5271 2199 5333 Ecclesiam,

644 5362 795 5413 supra
828 5356 1052 5413 petram,
1093 5343 1144 5397 id
1174 5354 1254 5396 est
1279 5358 1439 5411 super
1465 5344 1727 5409 seipsum,
1758 5356 1878 5395 nam
1911 5350 2206 5413 petraerat

643 5409 906 5469 Christus.
964 5410 1218 5466 Venerunt
1259 5409 1495 5481 ﬂumina,
1525 5416 1773 5480 [laverunt
1805 5411 1969 5481 uenti,
2001 5409 2206 5481 scilicet

642 5486 1066 5557 persecutionum
1086 5498 1191 5557 per
1223 5479 1496 5557 tyrannos,
1527 5479 1623 5549 per
1640 5480 1950 5557 litereticos,
1984 5479 2206 5557 peclat-

642 5548 729 5609 sos
757 5555 978 5619 fratres;
1012 5548 1113 5607 vel'
1127 5548 1541 5620 prosperitatum
1573 5551 1670 5620 sub
1700 5550 2023 5619 principibus
2053 5548 2207 5603 Citri-

643 5627 863 5690 stianis;
888 5619 1196 5693 impegerunt
1224 5622 1508 5693 indomum
1530 5619 1674 5672 illam
1695 5620 1994 5693 ,_quia__non
2024 5620 2202 5693 minus

646 5698 997 5763 prosperitate
1022 5690 1193 5759 quam
1235 5690 1550 5763 adversitate
1588 5691 1821 5763 quatitur
1854 5690 2120 5753 Ecclesia;
2159 5703 2206 5743 ει

645 5759 743 5817 non
770 5759 976 5818 cecidit:
1011 5769 1315 5831 persevt-rat
1336 5762 1477 5813 enim
1509 5774 1675 5827 usque
1698 5759 1765 5812 ad
1788 5764 2203 5814 consummatio-

643 5850 764 5889 nem
796 5836 971 5890 szeculi
1000 5830 1021 5883 :'
1046 5830 1256 5901 {imitata
1279 5831 1408 5883 enim
1439 5841 1541 5884 erat
1564 5847 1718 5901 supra
1744 5839 1936 5899 petram
1961 5872 1973 5898 ,
2002 5830 2204 5887 scilicet

2240 4609 2293 4665 Ῐ)

2310 606 2455 642 nemo
2480 599 2639 658 potest
2669 605 2851 658 ponere
2872 601 3053 655 prater
3083 590 3135 658 id
3162 591 3297 657 quod
3320 594 3541 656 positum
3572 606 3669 647 est.

2382 657 2509 712 Hau:
2531 661 2786 725 complens
2808 657 3098 729 Dominus.]
3124 660 3177 713 Id
3200 662 3437 715 estadeo
3459 664 3913 718 misericorditer

2308 730 2645 795 suaviterque
2676 744 2772 783 nos
2822 730 3152 794 przevenicns
3174 772 3187 795 ,
3220 732 3285 783 ad
3319 731 3480 785 vitam
3520 734 3783 799 invitatis,
3826 745 3913 788 ta—

2310 799 2577 852 bernaculi
2606 800 2741 851 viam
2776 798 3168 854 demonstrans.

2384 868 2650 936 Exspectat
2665 870 2891 940 quotidie
2912 868 2990 922 his
3014 871 3118 940 suis
3158 872 3344 923 sanctis
3378 872 3583 924 monitis
3616 874 3769 940 factis
3803 890 3908 925 nos

2309 940 2611 1006 respondere
2638 936 2860 1007 debere,’]
2892 939 3201 995 tibedicntes
3226 940 3434 994 scilicet
3463 936 3703 1003 tnoniiis,
3735 954 3791 995 et
3835 959 3905 996 ea

2308 1024 2426 1077 qum
2449 1008 2635 1062 suadet
2659 1010 2880 1077 impigre
2902 1023 3276 1078 exsequentes,
3312 1026 3378 1063 ne
3410 1010 3543 1065 forte
3575 1011 3733 1065 nobis
3762 1027 3901 1065 cum

2311 1078 2563 1151 pr0plteta
2603 1078 2882 1147 exprobret
2923 1080 3144 1133 dicens:
3187 1079 3399 1141 Vocavi,
3433 1090 3481 1133 et
3522 1098 3624 1133 non
3656 1090 3766 1133 erat
3801 1086 3906 1151 qui

2308 1149 2658 1217 responderet;
2689 1150 2881 1201 locutus
2908 1165 3041 1215 sum,
3080 1159 3251 1203 etnon
3294 1151 3593 1215 audierunt,
3629 1149 3905 1219 fecerunt-

2308 1234 2405 1339 qlae
2452 1220 2637 1271 malum
2678 1221 2728 1271 in
2778 1220 2938 1272 oculis
2989 1221 3143 1283 meis,
3186 1230 3233 1273 et
3270 1236 3382 1287 qua:
3429 1220 3570 1272 ualui
3621 1224 3905 1290 elegerunt

2310 1296 2321 1339 l
2368 1290 2464 1339 sai.
2500 1294 2659 1339 vatl.

2368 1290 2464 1341 sai.
2500 1294 2659 1353 vat).

2310 1296 2856 1429 (Isladeoﬁ‘l‘llitnirmu.
2883 1370 2937 1411 ut
2960 1359 3157 1413 sanctis
3184 1358 3389 1413 Domini
3416 1360 3633 1413 monitis
3658 1376 3900 1427 respon-

2309 1428 2547 1481 deamus
2569 1429 2739 1482 factis.

2385 1497 2545 1572 Nobis
2575 1510 2793 1572 propter
2832 1498 3246 1572 emendatione»:
3277 1499 3530 1572 malorum
3582 1502 3741 1572 hujus
3782 1500 3901 1572 dies

2309 1571 2424 1620 vita:
2468 1568 2536 1621 ad
2568 1569 2796 1622 inducias
2838 1566 3176 1637 relaxantar.]
3211 1568 3273 1622 Et
3303 1570 3391 1636 qui
3441 1566 3702 1624 hactenus
3746 1571 3901 1623 vitiis

2310 1652 2373 1689 ac
2403 1640 2637 1708 peccatis
2669 1640 2827 1690 vitam
2862 1638 3289 1704 deturpavimus,
3326 1642 3376 1692 in
3408 1648 3678 1708 posterum
3706 1640 3895 1707 ingre-

2310 1708 2521 1761 diantur
2544 1707 2661 1761 sine
2690 1710 2921 1772 macula;
2952 1709 3039 1775 qui
3072 1707 3667 1764 t'xliibuisnus’membra
3702 1720 3898 1763 nostra

2312 1778 2519 1831 servire
2551 1778 2807 1846 iniquitati
2836 1779 2900 1830 ad
2928 1779 3281 1845 iniquitatem,
3314 1780 3503 1834 eadem
3534 1780 3897 1834 exltibeamus

2315 1848 2515 1900 servire
2535 1847 2752 1913 iustitiae
2775 1848 2838 1900 ad
2863 1846 3141 1916 justitiam.

2390 1916 2593 1969 Dicente
2620 1918 2858 1985 Apostolo
2888 1933 2906 1970 :
2940 1918 3014 1969 An
3066 1918 3223 1971 nescis
3252 1919 3370 1985 quia
3420 1919 3661 1985 patientia
3698 1916 3793 1971 Dei
3823 1920 3895 1969 ad

2319 1989 2660 2057 paenitentiam
2701 1997 2748 2039 te
2785 1990 2990 2040 adducit
3014 1985 3065 2057 ?]
3106 1986 3397 2041 Conlitmat
3429 1989 3663 2056 Apustoli
3708 1990 3896 2042 verbis

2325 2056 2463 2124 quod
2498 2057 2825 2123 pra-miserat
2854 2074 2866 2108 :
2900 2056 3113 2125 propter
3151 2060 3577 2112 emendationem
3621 2059 3894 2111 malorum

2322 2124 2476 2194 hujus
2504 2128 2616 2179 dies
2647 2126 2764 2180 vitae
2794 2128 2856 2179 ad
2906 2124 3140 2181 inducias
3171 2129 3494 2181 relaxantur.
3537 2127 3664 2180 Nam
3690 2169 3704 2189 ,
3732 2135 3793 2180 ut
3818 2130 3896 2180 ait

2321 2196 2651 2265 llildemarus
2675 2239 2687 2260 ,
2727 2214 2745 2247 ι
2792 2196 2933 2265 quod
2970 2198 3026 2250 Β.
3059 2197 3375 2251 Benedictus
3413 2207 3568 2251 vocat
3599 2197 3848 2250 inducias
3873 2237 3888 2258 ,

2318 2262 2510 2319 Paulus
2534 2265 2667 2319 dixit
2695 2262 3034 2334 patientiam;
3064 2276 3118 2319 et
3140 2268 3277 2334 quod
3309 2269 3367 2320 Β.
3395 2268 3709 2321 Benedictus
3750 2267 3892 2320 dixit

2318 2336 2778 2405 emendationem,
2811 2337 3001 2389 Paulus
3044 2336 3173 2390 dicit
3219 2339 3613 2405 pceuitentiatn;
3646 2346 3700 2389 et
3744 2338 3888 2404 quod

2316 2404 2450 2458 dixit
2490 2406 2825 2471 relaxantur,
2862 2406 3053 2460 Paulus
3096 2404 3231 2460 dicit
3260 2408 3491 2461 adducit.
3540 2426 3557 2457 ι
3603 2408 3768 2475 Igitur
3793 2422 3890 2473 pa-

2318 2477 2496 2529 tientia
2528 2478 2616 2529 Dei
2646 2488 2761 2528 sunt
2795 2477 3038 2537 induciae,
3074 2493 3204 2543 quas
3232 2479 3295 2529 ad
3320 2478 3747 2530 etnenda'ionem
3775 2492 3891 2529 ma-

2319 2545 2490 2599 lorum
2520 2547 2894 2613 benignissime
2926 2547 3078 2599 nobis
3101 2561 3130 2600 c
3154 2548 3345 2601 incedit
3364 2547 3422 2616 ju
3445 2551 3527 2600 lex
3553 2547 3754 2615 justus,
3778 2547 3888 2600 lor-

2319 2618 2384 2668 tis
2413 2618 2465 2670 et‘
2502 2621 2742 2685 patiens;
2789 2628 2841 2668 ut
2872 2618 3013 2670 enim
3047 2616 3174 2669 dicit
3212 2619 3268 2670 S.
3308 2618 3569 2672 Cmsarius
3595 2617 3791 2683 (Serm.
3814 2617 3890 2671 29

2317 2689 2365 2737 in
2408 2689 2628 2753 append.
2666 2688 2725 2740 S.
2757 2688 3030 2754 August.),
3067 2706 3083 2736 ι
3118 2688 3338 2753 Quando
3369 2703 3466 2740 nas
3495 2686 3718 2755 prolixis
3751 2698 3889 2741 tem—

2320 2756 2537 2823 poiibus
2565 2758 2913 2821 peccavimus,
2938 2766 2989 2809 et
3022 2756 3147 2808 nihil
3182 2759 3301 2809 mali
3329 2772 3356 2810 a
3386 2757 3608 2810 Domino
3655 2760 3892 2809 sustine-

2318 2841 2455 2884 mus,
2489 2827 2738 2892 patientia
2765 2838 2865 2891 est,
2895 2842 2995 2879 non
3024 2827 3372 2895 negligentia;
3409 2843 3512 2879 non
3540 2828 3626 2879 ille
3655 2827 3891 2892 perdidit

2315 2897 2731 2963 potentiam,st-d
2757 2910 2851 2949 nos
2869 2898 2932 2949 ad
2959 2899 3317 2964 ptenitentiam
3340 2898 3650 2950 reservavit.
3677 2915 3694 2947 ι
3716 2897 3887 2950 Tanta

2317 2968 2589 3031 provocati
2613 2965 2934 3035 benignitate
2974 2967 3089 3019 testi
3132 2981 3281 3020 emus
3308 2981 3466 3034 agere
3494 2968 3886 3035 pmnitentiam,

2315 3036 2417 3114 g7
2446 3036 2904 3114 alioquin-quidm
2928 3048 3165 3114 cruri-mo
3185 3037 3338 3114 positi
3360 3037 3563 3114 Jndieio
3592 3040 3889 3114 resuonde-

2316 3106 2489 3157 bimus
2529 3106 2633 3160 Deo
2656 3109 2698 3157 si
2724 3106 3181 3174 neglexerininstt
3211 3106 3324 3159 Non
3356 3114 3458 3171 est,
3478 3107 3750 3173 ‘inquit.S.
3778 3113 3889 3161 Au-

2316 3176 2558 3245 gustinus
2580 3174 2785 3245 lSerm.
2821 3175 2887 3228 ‘22
2932 3176 2994 3227 de
3030 3175 3268 3245 Script.),
3299 3178 3434 3244 quod
3468 3178 3519 3228 in
3543 3176 3648 3229 {tne
3677 3177 3889 3229 dicatur

2234 3250 2277 3307 (ἶ
2313 3244 2533 3297 Domino
2550 3260 2561 3296 :
2578 3243 2690 3297 Non
2708 3260 2789 3298 me
2807 3246 3087 3313 permisisti
3106 3243 3236 3299 bene
3252 3243 3446 3312 vivere,
3466 3258 3554 3297 aut
3574 3247 3885 3299 dilationem

2313 3315 2657 3368 correctionis
2685 3331 2786 3369 non
2812 3316 2939 3368 mihi
2969 3315 3177 3379 dedisti,
3204 3325 3293 3367 aut
3331 3330 3432 3367 non
3456 3316 3736 3369 ostendisti
3761 3318 3886 3384 quid

2311 3392 2645 3451 appeterem,
2679 3386 2801 3450 quid
2844 3387 3102 3439 vitarem:
3138 3387 3309 3438 videte
3349 3386 3467 3452 quia
3510 3394 3666 3446 tacet,
3710 3388 3888 3439 videte

2311 3454 2428 3523 quia
2443 3454 2636 3517 differt,
2654 3456 2825 3508 videte
2848 3457 2967 3523 quia
2998 3455 3284 3518 blanditur,
3305 3454 3568 3517 hortatur,
3592 3456 3845 3509 minatur.
3861 3474 3879 3506 ›

2384 3523 2520 3575 Nam
2572 3526 2684 3591 pius
2715 3524 2961 3578 Dominus
3001 3527 3071 3576 ait
3106 3540 3124 3575 :
3158 3524 3293 3576 Nolo
3329 3537 3539 3578 mortem
3584 3528 3884 3590 peccatoris,

2312 3595 2399 3645 sed
2438 3608 2489 3646 ut
2516 3605 2832 3663 convertatur
2854 3638 2865 3652 .
2899 3606 2943 3646 et
2967 3596 3092 3646 vivat
3120 3592 3172 3662 ς]
3199 3596 3329 3657 sive,
3366 3604 3421 3645 ut
3448 3595 3519 3645 ait
3542 3594 3732 3647 Petrus
3760 3610 3886 3663 apo-

2313 3664 2477 3715 stolus
2504 3682 2514 3714 :
2563 3662 2821 3717 Patienter
2842 3665 2944 3733 agit
2974 3674 3175 3733 propter
3212 3680 3318 3727 vos,
3366 3665 3542 3716 nolens
3568 3663 3768 3732 aliquos
3798 3662 3886 3733 pe-

2310 3734 2432 3804 (ire,
2463 3740 2548 3785 sed
2579 3748 2749 3787 omnes
2793 3735 2860 3786 ad
2900 3734 3245 3804 paenitentiam
3296 3733 3513 3804 reverti;
3557 3744 3615 3787 et
3646 3735 3836 3788 Paulus
3866 3756 3877 3789 :

2316 3800 2447 3855 Deus
2488 3810 2593 3855 vult
2622 3820 2787 3856 omnes
2810 3800 3035 3857 homines
3072 3803 3482 3870 salvasfacere;
3508 3815 3559 3855 et
3604 3804 3728 3857 item
3766 3806 3876 3872 ipse

2316 3874 2567 3926 Dominus
2586 3888 2675 3939 per
2699 3874 3043 3942 Prophetam:
3068 3872 3132 3926 In
3151 3889 3449 3942 quacunque
3472 3873 3559 3925 die
3587 3875 3884 3939 ingemuerit

2311 3954 2561 4013 peccator,
2585 3945 2808 3995 omnium
2839 3946 3164 4010 iniquitatum
3187 3945 3296 4013 ejus
3339 3959 3440 3995 non
3479 3945 3799 3997 recordabar.

2382 4010 2506 4065 Cum
2553 4030 2671 4083 ergo
2719 4016 3162 4083 interragassemus
3206 4010 3501 4077 Dominum,
3556 4017 3767 4081 fratres,
3819 4016 3883 4068 de

2314 4083 2596 4136 habitatore
2611 4081 2932 4153 tabernaculi
2955 4086 3069 4153 ejus
3095 4099 3113 4145 ;
3146 4081 3162 4151 ]
3194 4084 3442 4153 nimirum
3474 4096 3595 4135 cum
3621 4085 3877 4153 propheta

2312 4155 2577 4207 dicentes:
2616 4152 2851 4217 Domine,
2881 4152 2994 4222 quis
3020 4152 3260 4205 habitabit
3290 4155 3344 4222 in
3365 4152 3690 4205 tabernaculo
3719 4152 3806 4206 tuo
3826 4157 3851 4207 Ρ

2382 4224 2677 4276 Audiuimus
2706 4221 2968 4276 habitandi
2996 4221 3347 4291 prwceptum.]
3376 4222 3430 4274 Id
3456 4234 3561 4283 εει,
3586 4224 3711 4289 quid
3756 4226 3876 4277 illud

2314 4293 2554 4346 habitare
2582 4293 2917 4359 cupientibus
2954 4295 3315 4360 praecipiatur,
3345 4308 3465 4345 cum
3503 4304 3624 4357 post
3651 4294 3875 4347 interro-

2309 4364 2573 4431 gationem
2609 4377 2932 4428 “Sponsum
2962 4374 3081 4417 est:
3123 4364 3221 4429 Qui
3278 4362 3571 4429 ingreditur
3628 4365 3747 4417 sine
3776 4381 3879 4416 nta-

2310 4434 2449 4494 cula,
2478 4443 2580 4485 etc.

2385 4501 2489 4554 Sed
2511 4506 2551 4553 si
2582 4503 2927 4569 compleamus
2969 4501 3269 4555 habitatoris
3292 4501 3528 4570 ofﬁcium,
3562 4500 3752 4554 erimus
3779 4504 3881 4554 har-

2319 4574 2462 4624 redes
2485 4572 2627 4638 regni
2644 4570 2928 4639 cmiorunu]
2954 4573 3275 4625 llabitatoris
3299 4570 3531 4625 officium
3558 4579 3734 4639 potest
3754 4573 3879 4624 duo-

2320 4644 2417 4696 bus
2440 4643 2609 4695 modis
2640 4642 2855 4711 intel‘igi
2885 4659 2896 4693 :
2932 4646 2977 4693 ιυ
2999 4658 3091 4710 pro
3112 4641 3290 4694 afticio
3316 4642 3423 4708 jam
3447 4640 3877 4704 inhabitantium,

2316 4727 2541 4777 quorum
2584 4722 2669 4765 est
2725 4712 3053 4781 Deojugiter
3083 4712 3380 4781 adhaerere,
3441 4712 3587 4764 illum
3643 4712 3877 4771 laudare,

2316 4781 2647 4844 benedicere,
2679 4796 2887 4841 amare;
2926 4780 2990 4833 Υ
3023 4795 3118 4849 pro
3171 4780 3350 4835 ofticio
3380 4781 3617 4833 nondum
3671 4781 3881 4849 quidem

2319 4852 2749 4919 inhabitantium,
2778 4858 2870 4905 sed
2900 4859 3077 4904 tamen
3109 4851 3354 4904 habitare
3393 4852 3646 4903 ardenter
3676 4851 3883 4904 deside-

2317 4922 2567 4985 rantium,
2598 4936 2824 4990 quorum
2872 4931 2954 4975 est
2998 4920 3206 4989 ingredi
3246 4922 3360 4973 sine
3392 4920 3623 4981 macula,
3674 4923 3882 4990 operari

2310 4990 2588 5058 juStitiam,
2621 4989 2726 5045 etc.
2753 5008 2767 5055 ;
2798 5001 2959 5060 atque
2989 4992 3059 5043 ita
3091 4990 3137 5044 si
3164 4990 3526 5058 compleamus
3572 4989 3884 5042 habitatoris

2315 5060 2573 5123 ofﬁcium,
2604 5060 2803 5115 erimus
2827 5060 3068 5115 haeredes
3120 5061 3267 5126 regni
3295 5062 3551 5113 canorum
3585 5073 3599 5119 ;
3632 5060 3679 5111 si
3708 5074 3879 5119 secus.

2315 5131 2564 5184 minime:
2586 5131 2725 5185 unde
2742 5132 2949 5199 egregie
2966 5130 3024 5185 S.
3046 5130 3272 5183 Basilius
3294 5128 3341 5195 (ι
3355 5148 3382 5182 n
3403 5130 3648 5199 prooemia
3668 5131 3737 5181 ad
3762 5128 3882 5195 Re}.

2314 5201 2441 5269 fus.)
2474 5217 2485 5252 :
2521 5219 2539 5251 ι
2579 5199 2685 5253 Nos
2706 5214 2835 5254 vero
2866 5202 2915 5253 id
2943 5201 3157 5268 quidem
3186 5202 3253 5253 de
3281 5201 3436 5253 nobis
3465 5200 3715 5262 dicimus,
3748 5201 3881 5266 quod

2314 5284 2536 5337 regnum
2560 5269 2817 5324 etnlorum
2841 5280 3238 5336 exSpectainus,
3259 5283 3319 5322 ea
3349 5284 3475 5322 vero
3504 5284 3609 5322 non
3638 5284 3882 5321 curamus

2314 5340 2455 5393 unde
2486 5340 2613 5409 illud
2645 5340 3050 5409 acquiritur.....
3084 5339 3189 5393 Sed
3217 5340 3334 5406 quis
3362 5354 3481 5391 cum
3512 5339 3733 5392 sationis
3758 5349 3883 5391 tem-

2317 5424 2443 5477 pore
2473 5408 2617 5463 domi
2649 5408 2936 5473 deSederit,
2976 5420 3067 5462 aut
3093 5409 3393 5467 dortmerit.
3422 5418 3666 5475 tempore
3699 5422 3883 5461 messis

2313 5480 2489 5533 sinum
2517 5493 2671 5532 suum
2704 5480 2989 5547 manipulis
3020 5480 3298 5543 implevit?
3330 5480 3461 5546 Quis
3505 5480 3665 5531 vitem
3699 5477 3885 5531 vinde-

2312 5549 2501 5602 miavit
2556 5563 2714 5618 quam
2770 5546 2874 5603 non
2930 5549 3228 5618 plantavit?
3280 5549 3474 5602 Eorum
3525 5558 3649 5601 sunt
3680 5546 3882 5602 fructus

2310 5633 2535 5688 quorum
2563 5628 2763 5673 suntet
2789 5620 3031 5681 labores;
3075 5621 3309 5672 honores
3339 5628 3391 5671 et
3436 5632 3652 5671 corona
3696 5632 3882 5671 eorum

2309 5699 2434 5743 sunt
2462 5689 2553 5759 qui
2574 5688 2828 5743 certando
2855 5690 3093 5742 vicerunt
3120 5706 3131 5740 :
3175 5691 3292 5757 quis
3320 5688 3597 5759 coronabit
3624 5704 3747 5740 eum
3798 5692 3881 5757 qui

2312 5774 2377 5813 ne
2394 5758 2688 5829 aggressus
2715 5768 2797 5814 est
2830 5760 3040 5824 quidem
3071 5759 3435 5829 adversarium
3460 5758 3481 5809 ?
3505 5778 3520 5807 ι

2382 5827 2568 5899 Erg'o,]
2600 5839 2656 5885 ut
2687 5829 2924 5883 licerech
2948 5830 3095 5899 regni
3127 5827 3382 5885 ctelorum
3416 5830 3602 5893 simus,
