4102 6360
650 372 749 427 239

1990 374 2045 425 S.
2093 373 2147 424 P.
2193 372 2542 426 BENEDICTI

3805 369 3909 423 uo

650 502 769 540 cum
790 483 947 543 vado,
979 494 1028 537 et
1060 483 1226 537 nescit
1256 485 1392 550 quod
1428 484 1478 536 in
1514 485 1667 537 unius
1703 484 1844 535 horse
1883 491 2075 547 puncto
2100 485 2208 535 vul-
2241 487 2283 542 Α
2313 500 2430 551 gum
2456 500 2485 535 a
2517 486 2647 553 [acie
2678 483 2807 547 olei,
2833 493 3028 536 utcum
3060 481 3315 553 propheta
3347 481 3551 553 loqua_r,
3585 484 3689 535 olei
3718 486 3902 551 utique

655 573 751 608 nus
787 554 1064 621 accipitur,
1100 564 1151 606 ct
1191 555 1272 606 vix
1323 554 1483 622 longo
1529 563 1766 619 tempore
1815 555 1877 605 ad
1929 555 2208 606 sanitatem

655 627 925 695 pristinam
955 635 1254 695 revocatur,
1288 634 1389 675 t‘lC.
1424 643 1442 675 ι

721 694 1086 749 Constituenda
1126 703 1195 745 est
1225 709 1343 761 ergo
1367 710 1397 744 a
1426 693 1568 746 nobis
1598 693 1833 745 dominici
1860 694 2030 743 schola
2059 694 2211 742 servi-

652 763 775 835 ni.]
807 765 1000 819 Schola
1044 763 1341 835 secundum
1367 763 1630 835 propriam
1680 764 1907 835 nominis
1951 764 2208 835 acceitio.

645 831 775 889 netu
808 843 889 888 est
928 835 1072 886 locus
1102 833 1154 885 in
1184 847 1287 899 quo
1333 834 1637 885 liberalibus
1685 833 1976 884 litterarum
2024 831 2213 883 studiis

656 906 1020 959 adolescentes
1052 917 1238 955 vacare
1283 904 1477 955 solent.
1504 903 1694 957 Schola
1736 903 1915 961 etiam,
1952 911 2007 953 ιιι
2034 902 2215 951 obser-

658 986 743 1028 vat
771 974 1049 1029 Menenius
1099 981 1297 1038 noster,
1341 983 1421 1025 est
1450 974 1696 1025 conclave
1728 974 1777 1023 in
1821 987 1923 1038 quo
1970 972 2211 1023 lltttttat'hi

656 1045 849 1110 aliquid
882 1052 1062 1112 agunt,
1094 1042 1293 1109 legunt,
1335 1052 1389 1095 et
1415 1044 1713 1106 dormiunt;
1743 1042 1880 1112 quod
1912 1040 2099 1108 probat
2146 1058 2208 1090 ex

661 1114 887 1169 concilio
917 1110 1431 1165 "l'uronmisisecnud
1456 1133 1466 1153 ι
1488 1127 1606 1164 can.
1632 1114 1693 1166 l5
1723 1110 1812 1179 (In
1842 1121 1945 1163 not.
1974 1112 2039 1163 ad
2068 1127 2211 1161 conc.

640 1184 788 1247 sReq‘.
814 1200 926 1252 cup.
961 1180 1097 1249 15,§
1130 1183 1194 1249 ‘2)
1226 1201 1237 1233 ;
1276 1201 1294 1232 ι
1328 1186 1431 1234 Nec
1460 1186 1612 1235 lit-eat
1643 1184 1913 1234 monachis
1935 1182 2095 1252 cellas
2127 1181 2215 1230 ha-

660 1255 785 1308 bere
824 1250 1149 1307 cuminuues.
1189 1253 1280 1305 sed
1332 1253 1507 1305 schola
1558 1254 1736 1305 labare
1779 1250 2045 1303 Communi
2091 1265 2215 1303 cun-

624 1334 909 1384 struatur,
946 1323 1029 1375 ubi
1079 1337 1265 1374 omnes
1308 1322 1538 1387 iaceant,
1585 1333 1673 1375 aut
1730 1323 1921 1373 abbate
1951 1330 2039 1372 aut
2086 1335 2215 1385 prte-

628 1394 832 1461 vposito
858 1394 1263 1461 gubernantur
1301 1408 1360 1443 εκ
1412 1392 1607 1459 llegula
1646 1393 1915 1459 cuiusdam
1947 1406 2060 1461 cap.
2100 1390 2163 1441 12
2203 1408 2211 1435 τ

662 1460 691 1514 ις
719 1460 890 1518 Focos
922 1478 1044 1514 vero
1085 1461 1135 1513 in
1166 1464 1344 1513 schola
1380 1467 1715 1529 ptenilentes,
1743 1464 1804 1513 νει
1840 1460 2051 1519 fuerint,
2107 1461 2211 1512 bini

660 1552 750 1597 per
768 1531 1126 1585 hebdomadas
1144 1530 1361 1592 faciant;
1387 1551 1403 1581 ι
1430 1548 1491 1584 ex
1509 1533 1703 1599 Regula
1717 1533 1772 1583 ὃ.
1791 1531 2001 1582 litesarii
2018 1544 2136 1596 cap.
2150 1530 2212 1581 5:

636 1625 679 1653 υ(
716 1605 787 1657 De
815 1604 928 1655 i-So
962 1614 1135 1654 tamen
1166 1602 1343 1654 habitu
1377 1604 1759 1667 nititamlo,-vel
1793 1603 1930 1653 lecto
1957 1602 2005 1651 in
2037 1600 2214 1652 schol.

660 1673 901 1727 habendo
929 1675 995 1723 sit
1027 1673 1078 1724 in
1121 1679 1379 1737 potestate
1412 1672 1621 1739 prioris.
1647 1691 1664 1721 ι
1700 1672 1795 1724 llic
1829 1686 1954 1721 vero
1982 1669 2163 1722 schola
2188 1684 2215 1719 a

639 1754 845 1796 sancto
861 1742 1143 1793 Benedicto
1160 1744 1415 1805 accipitur
1432 1753 1813 1808 usurpaturque
1830 1741 1891 1789 ad
1919 1741 2219 1805 significan-

660 1814 781 1867 dam
810 1811 1069 1880 regulam,
1099 1812 1237 1863 unde
1266 1821 1318 1863 et
1343 1827 1461 1863 mox
1487 1827 1601 1863 eam
1629 1812 2009 1863 institutimiem
2041 1820 2215 1869 vocat;

660 1900 830 1949 neque
882 1882 1100 1933 omnino
1147 1882 1411 1934 itisolitum
1462 1891 1544 1933 est
1597 1881 1732 1946 apud
1785 1896 1988 1933 veteres
2029 1880 2219 1946 scripta

660 1968 808 2007 sacra
844 1950 1185 2016 institutaque
1210 1961 1513 2003 Sanctorum
1546 1953 1754 2004 scholas
1776 1951 2073 2017 appellare;
2099 1966 2219 2001 nam

661 2033 714 2075 ct
759 2024 812 2076 S.
848 2021 1217 2090 Hieronymus,
1274 2025 1536 2074 reteri-nte
1586 2022 1851 2084 B‘vherin,
1884 2022 1933 2072 in
1965 2024 2122 2085 ep‘st.
2158 2020 2219 2070 ad

664 2092 939 2157 Evagrium
975 2089 1163 2142 librum
1198 2091 1361 2142 Exodi
1394 2100 1547 2143 vocat
1590 2094 1825 2143 scin-lam
1874 2091 2092 2151 medici,
2136 2090 2219 2141 tibi

662 2164 805 2229 leges
843 2162 980 2214 datm
1009 2176 1037 2212 a
1069 2159 1180 2213 Deo
1228 2162 1423 2225 loimlo
1455 2162 1612 2213 lsrael
1661 2170 1783 2213 sunt
1825 2160 2136 2225 descripiar;
2170 2169 2224 2210 et

662 2234 1016 2301 interrogatus
1066 2230 1202 2295 apud
1251 2232 1559 2282 CaSsiannm
1611 2229 1843 2284 Joannes
1891 2231 2074 2290 abbas,
2106 2246 2217 2293 cur,

661 2304 840 2355 relicta
870 2302 1204 2363 anachoresi,
1233 2301 1617 2367 etenobitarrm
1671 2304 1907 2353 instituta
1937 2310 2081 2364 esset
2107 2315 2218 2351 aut-

660 2373 864 2439 plexue,
914 2370 1203 2436 resiiondit,
1254 2387 1271 2419 ι
1307 2373 1449 2423 velut
1506 2375 1757 2436 imparem
1817 2386 1876 2423 se
1933 2370 2222 2421 anachore-

650 2446 778 2496 tica:
804 2442 1125 2506 disciplina},
1154 2448 1207 2491 et
1234 2441 1555 2493 sublimitate
1587 2452 1743 2493 tantm
1772 2440 2109 2508 perfectionis
2142 2440 2219 2490 in-

637 2512 874 2580 -d.iguutn
899 2515 963 2562 ad
991 2510 1260 2580 iuniorum
1288 2510 1498 2564 scholas
1526 2522 1825 2568 revertisse,
1855 2513 1897 2561 si
1933 2519 2105 2560 tamen
2140 2509 2219 2561 vel

663 2579 896 2645 ipsorum
944 2579 1184 2633 instituta
1240 2581 1525 2633 secundum
1576 2581 1920 2649 professionis
1971 2580 2216 2631 meritum

661 2661 840 2719 pcesct
870 2652 1109 2717 implere.
1136 2668 1156 2699 ι

734 2720 899 2774 Porto
931 2721 1042 2771 lucc
1073 2719 1249 2772 schola
1291 2720 1483 2777 dicitur
1512 2721 1753 2774 dominici
1795 2719 1969 2773 schola
2014 2719 2219 2779 seri-itii,

660 2792 780 2858 quia
811 2800 914 2843 tota
956 2797 1037 2842 est
1067 2789 1118 2842 in
1150 2790 1432 2847 ediscendo
1460 2806 1721 2857 supremae
1752 2789 2012 2857 maiestati
2042 2790 2223 2843 debito

659 2861 935 2929 obsequio,
966 2860 1102 2911 unde
1124 2869 1177 2912 et
1212 2859 1498 2927 discipulos
1524 2862 1801 2926 alloquens
1829 2861 1903 2912 ait
1936 2878 1945 2911 :
1979 2860 2088 2912 Sub
2120 2879 2222 2914 uno

630 2966 635 2972 ι
663 2930 885 2984 Domino
912 2931 1164 2997 mqnalem
1196 2931 1464 2983 servitutis
1495 2932 1733 2985 militiam
1765 2930 2077 2998 haiulamns.

728 2998 793 3053 In
819 3017 917 3069 qua
943 3000 1251 3052 institutione
1276 3001 1405 3053 nihil
1434 3017 1687 3070 asperum,
1718 3002 1943 3065 nihilque
1958 3016 2112 3065 grave
2132 3018 2222 3053 nos

629 3073 1017 3124 ‘constitntut'os
1070 3070 1385 3139 merentum]
1440 3072 1534 3124 llic
1581 3073 1807 3139 aliquem
1858 3072 2040 3122 audire.
2092 3074 2217 3124 mihi

658 3146 839 3194 videor
868 3142 923 3192 ὃ.
968 3140 1025 3192 Ρ.
1074 3140 1413 3195 Benedictum
1458 3142 1527 3194 ita
1577 3142 1905 3193 adorienzem
1943 3157 1953 3189 :
1990 3140 2218 3201 Siccine,

659 3225 840 3264 sancte
885 3209 1058 3288 Pater,
1088 3210 1219 3262 nihil
1237 3226 1533 3299 Jasporum,
1569 3211 1802 3299 nihilque
1838 3225 2211 3291 grav.e.\'ot‘as,
2245 3238 2290 3299 α

623 3296 852 3347 corpus
901 3280 1180 3347 castigare,
1231 3279 1447 3333 delicias
1495 3296 1596 3334 non
1648 3282 1912 3347 amplecti,
1955 3281 2215 3347 jejunium

659 3366 859 3413 amare,
890 3349 1209 3401 voluntatem
1239 3354 1502 3417 propriam
1535 3351 1705 3409 odire,
1732 3366 1896 3417 tuque
1925 3352 1990 3401 ad
2021 3366 2216 3417 impos-

658 3422 829 3475 sibilia
855 3419 1119 3472 obedire?
1140 3418 1236 3473 Ubi
1266 3433 1347 3473 est
1372 3422 1514 3487 quod
1548 3424 1720 3484 capite
1748 3420 1817 3473 58
1854 3422 1915 3471 de
1940 3422 2215 3488 disciplina

658 3489 1113 3557 suscipiendorum
1163 3488 1383 3542 fratrum
1438 3492 1675 3543 dicturus
1726 3505 1827 3544 cs:
1865 3490 2122 3543 Probetur
2165 3495 2215 3544 in

660 3562 802 3612 oumi
834 3561 1115 3628 patientia;
1148 3569 1202 3611 et
1235 3576 1246 3609 :
1283 3560 1640 3613 Praxdicentur
1671 3562 1745 3611 eis
1775 3561 1951 3611 omnia
1992 3561 2121 3613 dura
2164 3574 2217 3615 et

656 3645 843 3698 aSpet‘a
859 3630 881 3680 ’ἶ
901 3643 951 3684 et
973 3644 1089 3697 qua:
1103 3636 1384 3683 conventio
1408 3632 1563 3695 inter,
1588 3631 1716 3681 nihil
1738 3646 1969 3698 asperum
1993 3647 2083 3682 nos
2106 3647 2219 3683 con-

653 3702 913 3753 stituturos
932 3699 1035 3768 31
1055 3715 1330 3766 speramus,
1357 3711 1411 3753 et
1439 3701 1773 3769 prwdit'cntur
1797 3703 1886 3760 eis,
1918 3716 2018 3751 non
2043 3701 2215 3769 aliqua

653 3782 744 3824 aut
774 3770 960 3831 multa,
984 3770 1073 3821 sed
1103 3770 1274 3821 omnia
1302 3772 1429 3821 dura
1453 3780 1499 3821 et
1529 3770 1744 3838 aspera?
1772 3770 1874 3823 Sed
1904 3781 1957 3823 et
1984 3774 2214 3838 nunquid

650 3843 831 3912 iugum
881 3839 1640 3912 tuam_appellas(Regulam?
1676 3840 1769 3892 Cui
1820 3842 1874 3893 δ.
1926 3840 2083 3912 Pater
2132 3857 2215 3893 re-

656 3908 939 3980 sponderet
967 3924 982 3960 :
1020 3908 1110 3960 Est
1146 3909 1299 3980 plane
1333 3910 1526 3978 Regula
1553 3925 1709 3978 quam
1744 3925 1975 3977 propono
2001 3911 2213 3977 iugum,

651 3977 744 4035 sed
774 3978 1005 4043 ChriSti,
1046 3977 1183 4047 quod
1215 3979 1327 4045 ipse
1357 3977 1660 4047 proimniiat
1703 3992 1757 4033 et
1801 3981 1915 4032 leve
1946 3987 2001 4032 et
2032 3996 2213 4045 suave,

650 4053 820 4117 quod,
856 4061 913 4103 ut
950 4050 1023 4102 ait
1052 4051 1108 4101 5.
1149 4046 1410 4103 Οςῐξδίπὶιιε
1449 4048 1540 4115 (Ιιι
1569 4053 1789 4118 append.
1818 4050 1878 4104 S.
1906 4052 2036 4114 Any.
2061 4066 2213 4107 serui,

635 4121 763 4190 .28),
792 4124 954 4174 levare
982 4121 1257 4182 consuevit,
1278 4137 1376 4171 non
1400 4135 1648 4190 premere,
1672 4132 1714 4171 et
1748 4121 1905 4190 magis
1932 4137 2020 4172 nos
2050 4131 2217 4190 partut

647 4189 798 4257 quam
827 4198 1052 4260 portetur
1073 4206 1104 4241 a
1135 4192 1294 4242 nobis.
1323 4192 1397 4243 De
1419 4205 1523 4258 quo
1545 4189 1664 4243 etS.
1696 4189 1988 4246 lternardus
2020 4189 2212 4259 (Epist.

650 4260 737 4330 72)
764 4278 776 4312 :
816 4258 835 4310 ὀ
871 4258 1004 4330 Num
1033 4276 1159 4330 vere
1190 4260 1303 4330 leve
1330 4270 1441 4327 est,
1470 4260 1610 4326 quod
1642 4271 1936 4327 portantem
1965 4276 2066 4313 non
2093 4258 2216 4329 gra-

626 4328 729 4383 ‘vat
748 4374 762 4397 ,
794 4329 886 4383 sed
921 4329 1092 4382 levat?
1118 4328 1251 4394 Quid
1276 4344 1340 4379 eo
1367 4330 1534 4393 levius
1559 4345 1725 4385 onere.
1748 4333 1885 4399 quod
1915 4346 2018 4383 non
2046 4328 2213 4384 solum

653 4415 756 4453 non
781 4409 997 4459 onerat,
1022 4399 1113 4452 sed
1140 4407 1190 4450 et
1219 4407 1393 4466 portat
1422 4416 1629 4461 omnem
1653 4402 1734 4453 cui
1770 4402 2084 4468 portandum
2119 4403 2216 4453 itii-

634 4468 903 4534 .pone'tur?
937 4488 953 4518 ι
996 4469 1059 4521 Ει
1108 4483 1286 4536 revera
1331 4479 1386 4519 ut
1418 4468 1514 4527 hic
1557 4486 1675 4525 cum
1720 4471 1776 4524 S.
1813 4472 2079 4523 llernirdn
2118 4487 2213 4524 seu

646 4542 833 4606 quovis
869 4539 973 4592 alio
1006 4537 1191 4607 loquar
1237 4536 1428 4604 (Tract.
1452 4541 1519 4592 de
1545 4540 1762 4604 CImrit.,
1790 4558 1836 4593 ε.
1862 4542 1946 4606 lz’.)
1972 4556 1987 4593 :
2026 4558 2041 4588 t
2078 4542 2211 4605 Quid

634 4610 859 4677 suavius
885 4608 1118 4671 homini,
1142 4608 1262 4676 quid
1289 4608 1593 4676 iucundius,
1619 4627 1775 4676 quam
1804 4610 2054 4663 mundum
2085 4625 2210 4663 con-

651 4691 907 4742 temnere,
937 4689 990 4731 et
1019 4694 1077 4732 se
1107 4691 1350 4747 reputare
1390 4683 1583 4733 smculu
1612 4681 1923 4742 celsiorem,
1952 4692 2112 4748 atque
2157 4682 2207 4733 in

639 4750 799 4802 theme
830 4748 1169 4801 conscientia:
1198 4751 1393 4804 vertice
1430 4751 1839 4814 cotisistentem,
1873 4760 1926 4803 et
1957 4750 2205 4802 Iltnndnm

651 4822 843 4872 habere
868 4821 971 4889 (sub
1008 4820 1250 4889 pedibus,
1283 4819 1411 4871 nihil
1449 4837 1498 4872 in
1529 4836 1594 4873 eo
1641 4821 1840 4878 videte.
1869 4820 2005 4886 qunti
2050 4837 2209 4887 appe-

650 4900 821 4949 tat,...
855 4887 1068 4941 fallaces
1116 4887 1345 4955 divitias,
1389 4900 1440 4942 et
1490 4891 1718 4943 honores
1764 4891 2112 4957 perniciosos,
2155 4900 2208 4943 et

646 4959 973 5011 damnabiles
987 4958 1202 5013 delicias
1213 4959 1558 5013 conculcare?
1575 4960 1730 5027 Quid,
1746 4975 1944 5027 (105380,
1962 4961 2206 5027 tranquil-

647 5028 749 5082 lius
777 5044 933 5094 quam
962 5044 1111 5081 suam
1148 5029 1377 5082 animum
1410 5030 1487 5083 sic
1530 5030 1789 5092 stabilire,
1823 5040 1879 5081 ut
1909 5030 2064 5083 nullis
2095 5048 2207 5081 tnu-

649 5098 788 5151 tibus
815 5098 1040 5151 carnalis
1078 5100 1522 5167 concupiscentia:
1551 5100 1799 5167 agitetur,
1826 5114 2039 5152 carnem
2085 5114 2206 5153 rore

649 5168 907 5235 pudicitia:
939 5176 1294 5237 tepescentem
1323 5170 1605 5235 compellat
1624 5169 1891 5232 ancillari,
1919 5178 1974 5221 ut
1995 5184 2111 5222 eam
2140 5171 2208 5223 ad

647 5238 955 5292 exercitium
996 5236 1196 5291 militia:
1238 5238 1487 5307 spiritalis
1535 5238 1984 5307 promptissimam
2019 5240 2207 5293 habeat

646 5306 990 5377 adiutricem?
1012 5317 1114 5361 etc.
1146 5325 1164 5358 ι

718 5378 820 5449 Sed
868 5377 1197 5449 aliquasghio
1246 5378 1485 5431 inserere
1532 5378 1765 5431 ratione;
1814 5378 1988 5445 iuvat,
2020 5394 2116 5433 cur
2154 5379 2206 5433 S.

649 5447 964 5503 Benedictus
995 5447 1120 5500 nihil
1152 5461 1399 5514 asperum
1427 5457 1516 5501 aut
1557 5464 1717 5516 grave
1747 5450 1795 5501 in
1845 5450 2039 5518 llegula
2081 5466 2209 5502 cnn-

646 5519 949 5573 stiiuturum
984 5532 1042 5572 se
1066 5525 1289 5571 asserat.
1328 5518 1498 5571 Prima
1529 5527 1638 5581 est,
1671 5520 1791 5587 quia
1836 5530 1910 5572 tot
1948 5536 2010 5573 ac
2052 5522 2211 5573 tantis

648 5590 869 5643 internis
915 5588 1150 5641 animum
1196 5587 1536 5655 obsequentis
1583 5589 1681 5640 sibi
1732 5588 1871 5642 Dens
1922 5594 2088 5655 replet
2119 5591 2208 5642 de-

648 5659 1036 5720 lectationibus,
1065 5668 1121 5711 ut
1151 5657 1279 5709 nihil
1302 5660 1368 5710 sit
1396 5656 1584 5711 dnrmn
1614 5660 1752 5727 quod
1781 5675 1883 5710 non
1914 5661 2206 5721 emolliant,

648 5730 777 5798 nihil
808 5742 1043 5780 amarum
1068 5726 1214 5798 quod
1256 5727 1305 5781 in
1352 5728 1822 5782 dulcedinemnon
1853 5739 2172 5783 coniertant
2194 5774 2207 5795 ,

649 5796 787 5851 unde
815 5810 865 5851 et
898 5799 938 5849 si
970 5799 1033 5852 sit
1067 5796 1264 5867 Regula
1300 5798 1515 5867 iugum,
1542 5800 1701 5866 plane
1736 5802 2211 5867 -computre.scitju-~

2314 551 2679 608 exsultationis
2711 564 2764 605 et
2812 554 3037 617 ltetitize,
3079 566 3181 620 qua
3236 552 3444 606 ﬁdelem
3495 551 3635 606 Deus
3685 566 3903 608 recreat

2318 638 2567 676 τιιιιιιιιιηὶ.
3560 650 3571 655 '

2384 693 2627 747 Secunda
2653 703 2765 755 est,
2797 692 3068 762 quodnon
3099 690 3289 751 servis,
3315 692 3409 745 sed
3443 691 3565 746 ﬁliis
3591 692 3774 757 datur,
3809 696 3903 762 qui

2318 779 2421 815 non
2456 763 2760 825 formidine,
2803 762 2893 814 sed
2936 760 3220 815 dilectione
3262 775 3521 828 aguntur;
3561 765 3649 831 qui
3683 760 3904 817 CbriQto

2319 834 2447 885 nihil
2496 834 2597 885 sibi
2639 835 2814 884 carius
2862 831 3063 896 aliquid
3104 831 3444 893 existimant;
3489 848 3648 898 porro
3702 836 3790 887 ubi
3822 835 3905 887 di-

2318 902 2495 966 lectio,
2528 903 2668 956 nnlla
2699 902 2823 954 vita:
2849 901 3126 963 aSperitas.
3157 919 3176 950 ι
3209 901 3314 953 llac
3344 913 3622 967 postquam
3658 904 3901 956 imbutus

2319 974 2501 1031 fueris,
2532 972 2799 1026 scribebat
2832 971 2957 1022 olim
2989 970 3054 1023 ad
3084 970 3438 1025 Gislebcrtum
3468 974 3749 1025 eremitam
3797 974 3902 1028 Pe-

2322 1052 2430 1095 trus
2474 1040 2802 1096 Venerabilis
2845 1040 2980 1107 (Lib.
3008 1056 3052 1103 t,
3078 1057 3156 1108 ep.
3182 1040 3297 1107 ‘20),
3342 1042 3444 1095 erit
3483 1042 3575 1094 tibi
3617 1044 3756 1096 cella
3812 1054 3899 1095 tua

2321 1122 2430 1166 toto
2452 1113 2648 1166 mundo
2676 1111 2852 1175 latior,
2876 1111 3135 1177 jejunium
3164 1112 3398 1172 refectio,
3430 1112 3623 1179 vigilia:
3645 1127 3879 1166 somnus

2320 1198 2452 1249 opus
2494 1186 2691 1243 otium,
2744 1182 2891 1233 labor
2934 1182 3173 1247 requies;
3207 1199 3225 1231 ι
3271 1190 3326 1234 et
3371 1180 3691 1235 Guilleltnns
3735 1185 3907 1236 abbas

2322 1254 2377 1324 ξ.
2412 1250 2835 1324 'l'heodorici‘ad
2878 1249 3068 1303 fratres
3106 1250 3173 1324 de
3210 1250 3385 1324 Monte
3431 1252 3521 1303 Dei
3568 1252 3735 1324 (Cap.
3760 1254 3819 1315 8,
3850 1271 3899 1306 ιι.

2320 1322 2412 1390 9.5)
2441 1339 2454 1375 :
2493 1342 2511 1372 ι
2546 1324 2700 1376 Panis
2728 1319 3013 1379 furfureus.
3038 1332 3091 1374 et
3112 1322 3338 1388 simplex
3367 1334 3525 1389 aqua,
3558 1319 3617 1375 et
3642 1319 3821 1384 olera,
3853 1335 3904 1375 et

2324 1394 2582 1461 legumina
2640 1390 2901 1458 simplicia
2925 1428 2961 1461 ,γ
3005 1405 3341 1461 nequaquam
3398 1407 3483 1443 res
3542 1392 3901 1447 delectabile:

2322 1459 2475 1528 sunt;
2514 1463 2605 1516 sed
2638 1463 2689 1514 in
2718 1476 2899 1514 amore
2926 1459 3127 1514 Clll‘iSli
3158 1472 3210 1511 et
3234 1460 3503 1513 desiderLo
3530 1462 3761 1517 internae
3808 1463 3904 1516 de-

2324 1532 2639 1593 lectationis,
2669 1530 2844 1583 ventii
2874 1531 3009 1583 bene
3048 1531 3366 1597 morigerato
3396 1542 3669 1598 gratanter
3710 1548 3777 1587 ex
3816 1534 3901 1586 his

2323 1604 2630 1657 SatiSfacere
2676 1616 2832 1669 pOSSe
2863 1602 3014 1653 valde
3041 1602 3352 1670 delectabile
3378 1611 3478 1654 est.
3514 1620 3531 1651 ι
3570 1603 3812 1670 Denique
3844 1603 3901 1655 S.

2328 1672 2626 1727 Bernartius
2669 1668 2872 1740 (Serm.
2902 1670 2972 1723 85
3016 1672 3067 1721 in
3115 1668 3341 1739 Cant.):
3382 1689 3399 1721 ι
3440 1671 3538 1725 Ubi
3581 1668 3739 1726 amor
3783 1683 3901 1731 est.

2310 1744 2473 1795 "labor
2502 1759 2604 1795 non
2628 1753 2731 1802 est,
2755 1744 2848 1792 sed
2880 1755 3055 1807 sapor-
3088 1758 3107 1791 ι

2404 1815 2581 1866 'I‘ertia
2625 1824 2739 1874 εει,
2780 1810 2917 1876 quod
2964 1809 3122 1863 etiam
3172 1811 3343 1864 servis
3387 1811 3578 1866 timore
3622 1812 3901 1874 cuntictis,

2332 1883 2555 1936 salutem
2585 1894 2639 1936 et
2667 1884 3112 1935 vitam'mternam
3158 1896 3285 1935 vere
3323 1881 3774 1945 desiderantibus,
3807 1899 3901 1936 no-

2314 1954 2648 2020 vissimaque
2686 1951 2913 2005 hominis
2964 1952 3107 2003 serio
3155 1951 3564 2015 meditantibus,
3613 1953 3697 2006 vel
3747 1968 3899 2005 ama-

2334 2025 2542 2076 rissima
2575 2022 2746 2075 dulcia
2780 2022 3036 2083 evadunt;
3070 2031 3229 2089 atque
3270 2021 3497 2088 mitigari
3528 2036 3686 2089 pOSSe
3718 2038 3899 2075 mona-

2326 2095 2474 2145 suca:
2520 2094 2641 2146 vitte
2674 2090 3011 2159 aSperitatem
3062 2090 3290 2146 docebat
3334 2094 3460 2145 olim
3502 2092 3558 2145 S.
3594 2092 3899 2146 Bernartius

2330 2174 2572 2230 nepotem
2594 2178 2748 2215 suum
2774 2160 3085 2221 ltubertum,
3113 2162 3177 2212 ad
3198 2170 3318 2214 cum
3343 2163 3422 2215 sic
3441 2163 3684 2216 scribens
3702 2161 3897 2229 (Epist.

2332 2233 2384 2312 1)
2414 2251 2428 2287 :
2464 2252 2483 2283 ι
2521 2233 2737 2312 vigilias
2760 2234 2952 2312 Itimes,
2990 2240 3045 2312 et
3083 2230 3715 2312 ieiuniahmanuumque
3756 2233 3899 2284 labo-

2328 2301 2469 2366 r'em;
2497 2305 2588 2355 sed
2620 2304 2734 2355 hate
2760 2301 2890 2354 levia
2916 2311 3041 2354 sunt
3069 2302 3342 2354 meditanti
3373 2316 3556 2367 punias
3578 2314 3897 2371 perpetuas:

2327 2374 2626 2426 recordatio
2656 2371 2850 2424 deinde
2896 2371 3230 2424 tenebrarum
3276 2374 3598 2425 exteriorum
3630 2374 3758 2425 facit
3788 2388 3894 2426 non

2328 2444 2548 2496 horrere
2593 2443 2955 2495 solitudinem.
2998 2440 3051 2495 Si
3100 2440 3332 2493 futuram
3363 2443 3564 2506 cogitas
3607 2444 3673 2497 de
3720 2446 3900 2497 verbis

2324 2513 2513 2566 otiosis
2545 2511 2976 2575 discussi-mem,
3028 2526 3132 2563 non
3182 2511 3335 2565 valde
3382 2512 3689 2580 displicebit
3730 2514 3899 2567 silen-

2327 2588 2487 2647 tium;
2537 2585 2690 2636 lletua
2735 2590 2970 2635 aeternus
3011 2593 3064 2633 et
3114 2581 3312 2633 stridor
3356 2582 3442 2633 ille
3488 2583 3731 2636 dentium
3779 2597 3899 2636 ante

2324 2656 2503 2707 cordis
2539 2655 2724 2706 oculos
2754 2652 3002 2705 reductus
3034 2665 3188 2717 pares
3234 2651 3323 2703 tibi
3358 2651 3538 2705 reddet
3577 2663 3800 2706 mattam
3849 2670 3900 2707 et

2324 2725 2619 2777 culcitram.
2654 2743 2671 2773 ι
2717 2722 2891 2776 Simili
2935 2736 3153 2788 prorsus
3203 2719 3362 2775 modo
3404 2721 3637 2775 Joannes
3684 2723 3899 2777 Trithe-

2326 2796 2461 2845 mins
2486 2811 2497 2845 :
2524 2795 2628 2862 32
2661 2793 2763 2863 «(Si
2792 2808 2944 2863 quem
2974 2798 3177 2863 terrent
3207 2806 3393 2857 aspera
3421 2792 3665 2857 claustri,
3692 2797 3898 2863 cogites

2326 2861 2844 2925 ttmtmntﬂnferoi;
2877 2862 2923 2914 si
2954 2861 3239 2914 matutinas
3266 2863 3471 2929 vigilias
3496 2861 3899 2917 onerosus—exi-

2324 2936 2525 2997 stimas,
2556 2938 2691 2987 scito
2715 2933 2965 3000 quoniam
2996 2932 3062 2984 ibi
3093 2946 3361 2998 nunquam
3388 2934 3689 2997 dormiunt,
3724 2948 3897 3002 neque

2323 3004 2633 3072 quiescunt;
2666 3005 2707 3055 si
2740 3004 2985 3054 duritiam
3015 3003 3329 3072 lectulorutn
3357 3003 3570 3070 refugis,
3612 3005 3896 3057 considera

2322 3071 2441 3141 quia
2478 3074 2701 3126 lectulus
2729 3087 2910 3125 eorum
2938 3081 3020 3125 est
3052 3071 3186 3140 ignis
3212 3074 3299 3138 qui
3340 3087 3442 3125 non
3486 3072 3893 3141 exstinguetur;

2323 3150 2364 3195 si
2393 3145 2494 3196 cibi
2524 3154 2577 3196 et
2607 3157 2763 3212 potus
2797 3144 3138 3207 parcitatem,
3170 3143 3342 3209 cogita
3372 3142 3620 3208 quoniam
3647 3145 3805 3197 cibus
3838 3148 3897 3198 ιι.
3948 3152 3961 3163 ‘

2323 3215 2492 3267 lorum
2540 3214 2733 3265 vermis
2782 3213 3092 3265 immortalis
3137 3220 3243 3275 est,
3275 3222 3330 3265 et
3375 3213 3566 3277 luctus,
3600 3223 3657 3267 et
3705 3228 3815 3277 Vae;
3850 3218 3893 3267 si

2322 3286 2631 3350 expavescis
2662 3283 2956 3335 custodiam
2986 3281 3232 3342 claustri,
3269 3297 3565 3336 memorare
3583 3285 3893 3337 clausuram

2322 3355 2545 3414 inferni,
2596 3352 2843 3421 quoniam
2902 3368 3006 3405 non
3053 3354 3393 3421 egredientur
3426 3354 3566 3406 inde
3610 3368 3784 3424 usque
3839 3360 3891 3407 in

2321 3427 2697 3490 sempiternum
2716 3464 2731 3485 ,
2759 3436 2862 3475 etc.
2896 3441 2911 3471 ι
3348 3458 3351 3459 ν

2390 3499 2582 3558 Quarta
2612 3502 2728 3557 est,
2771 3492 2909 3557 quod
2952 3492 3335 3545 consuetudine
3365 3493 3624 3546 vilescunt
3661 3496 3843 3547 omnia
3877 3515 3889 3546 :

2323 3564 2462 3617 unde
2490 3566 2630 3632 quod
2662 3564 2718 3632 in
2745 3563 2935 3614 malam
2980 3574 3181 3632 partem
3222 3562 3803 3630 aliquandoscribebat
3832 3568 3890 3619 S.

2325 3630 2623 3687 Bernartius
2670 3631 2802 3701 (Lib.
2832 3649 2843 3684 ι
2876 3635 2936 3685 de
2967 3630 3198 3694 Consid.,
3230 3649 3345 3699 cap.
3375 3634 3465 3700 ‘1),
3506 3636 3755 3701 apposite
3802 3635 3890 3687 hic

2320 3706 2385 3757 ad
2414 3714 2647 3756 nostrum
2678 3703 3001 3769 propositum
3026 3708 3674 3772 converterepossemus‘:
3704 3720 3725 3752 ‹
3753 3706 3890 3771 Quid

2322 3790 2427 3827 non
2461 3774 2688 3829 iuvertat
2730 3772 3095 3825 consuetudo?
3123 3774 3246 3840 quid
3282 3788 3384 3825 non
3426 3774 3741 3827 assiduitate
3786 3780 3856 3827 du

2304 3844 2499 3898 retur?
2527 3842 2649 3909 qttid
2683 3859 2784 3893 non
2820 3843 2933 3894 usui
2962 3842 3148 3894 cedat?
3174 3842 3389 3910 quantis
3419 3843 3559 3909 quod
3590 3858 3696 3911 pra:
3743 3858 3893 3896 ama-

2324 3916 2553 3968 ritttdine
2602 3916 2747 3980 prius
2793 3913 3275 3976 ethorrescebaut,
3327 3927 3426 3965 usu
3472 3913 3593 3979 ipso
3646 3914 3789 3967 male
3837 3916 3887 3967 in

2318 3984 2656 4037 dulcedinem
2703 3995 3019 4034 conversum
3071 3983 3181 4035 est!
3215 3981 3349 4035 Audi
3376 3985 3576 4046 justum
3620 3984 3749 4051 quid
3810 3986 3889 4037 la-

2324 4064 2588 4108 mentetur
2618 4053 2683 4105 de
2710 4050 3076 4117 huiuscemodi
3102 4070 3115 4104 :
3152 4052 3281 4116 Quae
3312 4052 3459 4122 prius
3492 4050 3707 4122 tangere
3738 4054 3889 4109 nole-

2323 4126 2412 4176 bat
2455 4125 2628 4176 anima
2661 4136 2804 4183 mea,
2837 4137 2975 4174 nunc
3024 4137 3133 4188 pra!r
3178 4121 3414 4189 angustia
3460 4123 3563 4176 cibi
3593 4121 3709 4175 mei
3742 4136 3884 4176 sunt.

2322 4194 2555 4246 Primum
2602 4192 2811 4259 quidem
2857 4192 2951 4245 tibi
3001 4192 3335 4260 importabsle
3352 4192 3626 4246 videbitur
3654 4192 3884 4260 aliquid;

2324 4280 2573 4332 processu
2606 4262 2858 4329 temporis
2883 4264 2927 4315 si
2971 4276 3273 4326 assuescas,
3303 4263 3564 4328 iudicabis
3603 4278 3708 4315 non
3753 4268 3888 4317 adeo

2321 4350 2507 4397 grave,
2555 4334 2710 4401 paulo
2758 4341 2874 4396 post
2914 4341 2969 4385 et
3011 4334 3125 4385 leve
3172 4333 3389 4394 senties,
3428 4334 3582 4400 paulo
3622 4343 3745 4401 post
3793 4350 3888 4387 nec

2322 4406 2539 4468 senties,
2573 4403 2729 4470 paulo
2758 4412 2872 4469 post
2899 4408 3061 4455 etiam
3085 4402 3386 4455 delectabit.
3420 4421 3438 4453 ι

2390 4475 2579 4537 Quinta
2610 4482 2722 4534 est,
2752 4472 2889 4540 quod
2916 4473 2993 4526 sic
3018 4473 3197 4525 omnia
3240 4473 3555 4539 temperavit
3580 4474 3887 4542 aptavitquo

2321 4554 2537 4595 sanctus
2554 4543 2842 4610 legislator,
2864 4554 2920 4595 ut
2940 4552 2995 4595 et
3021 4546 3089 4595 sit
3117 4544 3257 4611 quod
3291 4542 3453 4595 fortes
3475 4553 3708 4610 cupiant,
3736 4556 3792 4596 et
3813 4547 3892 4596 in-

2245 4613 2290 4669 ι)
2318 4613 2449 4665 lirmi
2492 4628 2596 4666 non
2648 4612 2935 4680 refugiant;
2970 4614 3046 4665 sic
3076 4612 3326 4665 nimirum
3368 4624 3556 4666 cuncta
3586 4612 3852 4675 disposuit
3873 4654 3889 4673 ,

2316 4695 2369 4733 ut
2401 4683 2574 4735 nullus
2596 4682 2663 4733 sit
2688 4696 2774 4750 qui
2802 4684 3036 4749 regulam
3064 4683 3203 4735 facili
3233 4685 3442 4745 negotio
3463 4685 3755 4737 observare
3783 4700 3888 4749 non

2314 4755 2498 4820 possit.
2525 4752 2657 4805 lliuc
2685 4757 2739 4806 ὃ.
2772 4752 2957 4805 Petrus
2990 4753 3224 4815 Damiani
3250 4754 3464 4817 (Upusc.
3493 4752 3579 4812 l5,
3602 4769 3720 4820 cap.
3752 4754 3842 4820 Π)
3877 4772 3887 4802 :

2320 4842 2335 4872 ι
2358 4822 2564 4890 Regula
2596 4832 2798 4886 sancta,
2831 4824 3030 4890 inquit,
3058 4826 3205 4890 quasi
3236 4824 3411 4889 ampla
3444 4823 3689 4890 quaedam
3720 4838 3891 4889 capax

2313 4908 2364 4944 et
2390 4894 2624 4958 spatiosa
2659 4893 2848 4944 domus
2880 4898 3015 4944 facta
3058 4901 3139 4945 est
3178 4891 3243 4945 ad
3275 4893 3452 4944 Omnia
3488 4894 3765 4945 hominum
3799 4908 3892 4959 ge-

2312 4976 2439 5015 nera
2481 4963 2765 5030 capienda,
2800 4976 2993 5027 pueros
3038 4960 3285 5015 videlicet
3312 4970 3368 5015 et
3408 4976 3585 5028 senes,
3620 4970 3792 5015 tortes
3834 4973 3891 5015 et

2311 5033 2531 5091 debiles.
2562 5033 2845 5085 deliciosos
2866 5041 2920 5084 et
2947 5032 3259 5084 multimoda
3287 5047 3496 5085 murum
3523 5031 3892 5101 inmqualttate

2313 5103 2569 5155 diversos.
2595 5120 2612 5150 ι

2388 5172 2491 5226 Sed
2516 5181 2561 5224 et
2590 5172 2629 5223 si
2651 5172 2773 5240 quid
2797 5168 3060 5237 paululum
3082 5171 3361 5227 restrictius
3388 5172 3611 5225 dictante
3634 5172 3895 5231 (equitum

2314 5244 2506 5294 ratione
2545 5254 2750 5310 propter
2776 5241 3173 5293 emendationem
3197 5242 3430 5293 vitiorum
3462 5252 3509 5294 et
3552 5244 3895 5294 conserentib-

2313 5328 2426 5364 nem
2450 5312 2708 5363 cltaritatis
2736 5311 3052 5380 processerit,
3077 5326 3179 5380 non
3208 5311 3345 5364 illico
3375 5326 3556 5380 pavore
3592 5313 3896 5380 perterritus

2315 5383 2540 5451 refugio:
2584 5383 2715 5433 viam
2758 5377 2984 5449 salutis.]
3030 5379 3162 5446 Quia
3206 5382 3296 5447 qui
3348 5377 3506 5434 mittit
3555 5377 3776 5435 manum
3826 5384 3894 5432 ad

2318 5462 2580 5511 aratrum,
2603 5462 2655 5503 et
2685 5451 2897 5517 reSpacit
2928 5459 3090 5513 retro,
3122 5460 3277 5515 aptus
3307 5465 3411 5503 nun
3444 5460 3527 5504 est
3574 5466 3745 5520 regno
3785 5466 3897 5506 cte-

2321 5524 2519 5585 lorum;
2544 5530 2596 5572 et
2618 5522 2787 5588 pavidi
2814 5521 2865 5573 in
2894 5522 3009 5588 lege
3031 5534 3133 5572 non
3156 5521 3592 5574 admittuntur-ad
3624 5522 3893 5588 praelium,

2301 5606 2387 5645 ene
2428 5592 2500 5645 illi
2532 5602 2780 5659 paveant,
2823 5599 2879 5643 et
2914 5593 3048 5643 alios
3094 5605 3285 5658 pavere
3314 5591 3527 5644 faciant.
3570 5589 3727 5645 Viam
3770 5607 3898 5645 vero

2318 5661 2504 5715 salutis
2532 5661 2763 5728 appellat
2790 5660 3044 5727 Regulam
3070 5675 3251 5726 suam,
3278 5662 3399 5727 quia
3429 5661 3748 5715 facientibus
3775 5677 3895 5715 eam

2321 5743 2516 5786 :ctema
2547 5746 2706 5799 regna
2738 5732 3021 5798 patebunt,
3043 5732 3192 5799 iuxta
3217 5731 3344 5787 illud
3371 5732 3429 5785 S.
3455 5730 3718 5799 Fulgentii
3754 5730 3896 5798 (Lib.

2323 5802 2383 5853 de
2416 5800 2563 5864 Fide,
2597 5817 2710 5863 cap.
2737 5803 2788 5863 5)
2815 5819 2825 5853 :
2868 5819 2883 5853 ι
2912 5803 3066 5857 Omni
3112 5803 3350 5857 voventi.
3383 5809 3435 5855 et
3466 5802 3705 5854 reddenti
3754 5804 3898 5856 uuod
