4102 6360
266 360 363 417 241

1276 356 1551 413 REGULA
1588 353 2076 410 COMMENTATA.
2123 351 2507 408 PROLOGUS.

3413 346 3522 409 949·

265 477 429 537 vovit,
454 473 567 535 ipse
583 485 789 537 quoque
812 468 951 521 Dens
975 467 1143 519 reddit
1166 468 1402 521 caelestis
1420 466 1565 533 regni
1584 467 1825 537 pratniia,
1863 470 1907 523 Α
1938 472 2117 537 contra
2139 478 2203 515 ea
2233 478 2348 537 quae
2374 464 2442 515 ab
2467 463 2638 537 oculis
2661 464 3019 537 rapiebantur:
3039 464 3194 537 longe
3220 465 3509 537 vehemen-

265 561 386 613 qua:
415 535 733 613 promisitai
769 542 847 591 vel
868 580 881 599 ,
909 539 951 590 si
984 538 1084 600 vis,
1106 538 1245 589 viam
1275 538 1459 613 salutis
1483 544 1642 613 vocat
1671 535 1828 613 vilam

270 604 434 682 ipsam
468 610 843 670 monasticam,
873 624 991 677 quae
1028 617 1111 660 est
1136 606 1509 676 compendiosa
1539 604 1608 659 ad
1637 606 1831 659 caelum

270 699 372 737 νω.

343 754 469 817 Qua:
499 768 595 803 non
626 760 697 802 est
740 749 836 801 nisi
875 757 1091 814 angusto
1116 742 1628 814 iuitioincipienda.]
1677 745 1832 817 Post-

271 816 428 889 quam
454 820 695 886 promisit
716 819 772 871 S.
800 819 1110 871 Benedictus
1134 817 1261 889 nihil
1288 831 1534 889 asperum
1562 818 1612 868 in
1640 816 1834 889 Regula

273 886 334 947 se
376 892 784 945 constitutorum
804 929 816 948 ,
847 904 911 941 ne
943 889 1075 941 forte
1107 888 1332 941 insolita:
1361 888 1482 939 vitae
1521 886 1778 953 asperitas
1808 902 1834 935 a

274 974 459 1015 sancto
484 958 755 1028 proposito
780 959 1032 1011 delicatos
1059 962 1257 1010 tirones
1282 958 1603 1014 deterreret.
1632 955 1676 1008 si
1705 971 1837 1022 pra:-

278 1044 361 1085 ter
380 1039 685 1087 conceptam
708 1042 855 1091 spem
880 1028 1173 1094 disciplinae
1203 1028 1509 1081 monasticae
1542 1028 1685 1094 rigor
1707 1040 1839 1077 nou-

277 1101 407 1155 nihil
456 1099 779 1152 difficultatis
831 1096 1151 1158 facesseret,
1202 1096 1299 1148 ltos
1350 1098 1607 1149 adversus
1655 1095 1837 1147 solitas

279 1170 599 1224 novitiorum
648 1169 965 1221 teutationes
1006 1167 1320 1231 prminuiiit,
1348 1167 1541 1234 aliquid
1578 1164 1840 1218 molesti}:

279 1240 640 1294 conversionis
669 1238 816 1291 initio
841 1247 1157 1304 experturos
1184 1233 1449 1299 asserens,
1479 1233 1632 1302 cujus
1655 1249 1837 1287 exemv

280 1312 370 1377 plo
401 1309 534 1363 forte
566 1318 832 1375 permotus
862 1307 1177 1361 Guillelmus
1207 1306 1369 1377 abbas
1399 1306 1456 1360 S.
1484 1304 1832 1377 Theoderici.

281 1374 416 1433 inter
439 1389 633 1432 cit-tera
655 1377 959 1430 instituendi
990 1376 1171 1429 novitii
1196 1376 1508 1429 documenti
1536 1374 1673 1426 istud
1705 1390 1839 1440 pra:-

280 1450 489 1516 scripsit
518 1448 619 1516 (Ad
647 1449 826 1516 fratres
852 1447 914 1498 de
942 1446 1115 1499 Monte
1146 1444 1266 1507 Dei,
1294 1462 1407 1515 cap.
1436 1446 1488 1512 7)
1517 1462 1576 1516 :_i
1608 1444 1841 1497 Praamu-

283 1514 506 1572 uiendus
528 1514 614 1571 est
640 1514 851 1571 assidue
878 1527 1061 1570 contra
1093 1514 1410 1569 tentationes
1445 1514 1621 1568 acrius
1650 1516 1703 1567 in
1748 1528 1837 1566 so.

284 1589 512 1641 litarium
545 1588 797 1640 iiovitiuni
827 1586 1197 1649 deszevientes,
1229 1585 1335 1654 33
1357 1600 1483 1639 cum
1501 1599 1713 1637 servum
1744 1584 1835 1654 Dei

279 1662 463 1726 gratis:
488 1659 594 1710 Deo
634 1658 952 1726 servientem
985 1670 1089 1709 non
1126 1653 1341 1726 cessent
1380 1654 1670 1708 sollicitare
1716 1653 1837 1705 vitia

287 1724 531 1781 mercede
575 1728 762 1779 oblata:
809 1725 1198 1788 delectationis,
1242 1724 1452 1777 diabolo
1498 1732 1836 1791 suggerente,

1941 536 2044 586 tius
2075 536 2525 595 accendebantur;
2560 535 2963 604 liiiicladversus
2983 533 3091 604 34
3120 535 3349 588 novitios
3377 536 3514 589 bella

1942 603 2108 656 valida
2151 605 2590 664 commovebant,
2648 603 2767 657 hinc
2804 603 3255 657 tentam’enturuin
3288 606 3514 659 diversis

1943 674 2062 725 telis
2105 674 2316 733 armati,
2351 674 2475 726 lotis
2521 675 2598 727 eis
2641 676 2920 729 conatibus
2968 676 3305 730 insiSIebant.
3350 695 3368 726 ι
3426 676 3514 728 Sic

1944 743 2195 796 nimirum
2223 743 2582 807 egredientem
2617 758 2678 797 ex
2712 745 2942 814 Aigypto
2972 744 3062 796 Dei
3096 747 3344 811 populum
3382 747 3516 799 Pha-

1942 828 2054 870 rao,
2078 827 2200 864 vera
2226 814 2485 866 dzenionis
2519 814 2704 875 figura.
2730 816 3094 868 vehementius
3119 816 3516 868 excandescens

1943 884 2399 950 persequebatur,
2443 894 2496 935 et
2541 886 2767 937 Satanas
2811 885 2922 949 ipse
2964 886 3153 939 exiens
3199 886 3265 936 ab
3302 885 3518 938 himiinc

1940 968 2097 1020 quem
2123 954 2189 1023 ab
2221 952 2437 1023 infantia
2472 962 2734 1020 tenuerat,
2760 956 2973 1023 gravius
3001 953 3286 1020 afﬂigendo
3315 955 3519 1007 discer-

1944 1022 2117 1089 pebal.
2161 1022 2266 1075 Sed
2316 1024 2461 1078 Iuhct
2504 1039 2690 1075 omnes
2739 1022 2906 1078 hornis
2953 1026 3149 1078 versuti
3197 1026 3416 1079 teclmas
3444 1026 3515 1077 ob

1942 1093 2127 1145 oculos
2158 1107 2382 1152 nouere;
2412 1109 2509 1152 qua
2534 1094 2585 1145 in
2616 1110 2674 1147 re
2703 1110 2811 1157 prie
2834 1095 3078 1147 omnibus
3112 1095 3193 1148 hic
3220 1093 3516 1148 audiendus

1941 1172 2024 1216 est
2053 1163 2110 1215 S.
2144 1161 2375 1215 Joannes
2404 1164 2672 1216 Climacus
2698 1167 2951 1231 grap'ice
2980 1166 3133 1218 nobis
3184 1179 3274 1217 eas
3320 1180 3511 1230 repra-

1943 1241 2158 1303 sentans
2209 1233 2291 1284 liis
2340 1233 2517 1285 verbis
2566 1234 2761 1301 (Grad.
2792 1235 2857 1300 2)
2894 1251 2905 1285 :
2948 1254 2963 1284 t
3022 1235 3320 1303 Suggerunt
3366 1236 3517 1289 nobis

1942 1302 2213 1355 daemones
2244 1312 2363 1365 post
2393 1318 2568 1355 ieruin
2620 1306 2963 1357 humanarum
3013 1302 3434 1369 abdicationem,
3463 1316 3519 1359 it

1947 1373 2130 1423 beatos
2170 1373 2520 1437 praidireiiius
2551 1390 2642 1424 eos
2670 1374 2757 1442 qui
2792 1374 2841 1426 iu
2871 1384 3086 1437 egentes
3115 1384 3237 1427 sunt
3281 1377 3515 1438 benigni,

1946 1455 2148 1508 nosque
2180 1442 2405 1495 misi-ros
2433 1444 2701 1506 dictitare,
2731 1445 2868 1511 quod
2904 1445 3203 1510 hujusmodi
3237 1448 3380 1497 omni
3414 1446 3518 1498 vir-

1946 1519 2055 1564 tute
2095 1511 2331 1565 destituti
2370 1528 2575 1565 sumus.
2607 1514 3111 1568 Consilium-autem
3156 1516 3382 1569 hostium
3414 1525 3514 1581 est,

1947 1590 2003 1632 ut
2033 1595 2129 1653 nos
2157 1596 2249 1647 per
2278 1582 2533 1635 demissio
2557 1585 2617 1636 iis
2642 1584 2875 1651 speciem
2903 1597 2990 1635 aut
3020 1585 3085 1636 ad
3112 1586 3391 1653 profanum
3419 1600 3519 1635 sie-

1908 1642 2046 1722 °‘cu|i
2071 1642 2238 1722 (vitam
2289 1653 2581 1713 retraliaiit,
2626 1642 2716 1706 :iiit
2754 1660 2803 1705 in
2835 1654 3089 1719 religione
3118 1642 3518 1722 perseverantes

1944 1720 2010 1772 ad
2051 1720 2439 1785 desperationis
2468 1724 2712 1789 laqueum
2742 1725 2982 1787 adigant;
3016 1743 3033 1774 i
3066 1720 3133 1778 et
3165 1725 3287 1778 alibi
3320 1723 3518 1791 (Graii.

284 1813 445 1851 carne
492 1798 930 1880 concupiscente,
978 1797 1191 1874 saeculo
1217 1794 1644 1880 concupiscenda
1693 1792 1834 1859 inge-
1878 1791 2047 1880 1355).:
2086 1809 2103 1840 ι
2144 1791 2250 1844 Nec
2284 1802 2332 1843 te
2380 1792 2478 1847 iste
2524 1795 2675 1873 dolus
2709 1805 2762 1880 et
2789 1805 2947 1875 .astus
2992 1795 3255 1880 latronum
3308 1795 3519 1880 illorum

282 1879 454 1921 rente.
485 1886 502 1918 i
538 1865 643 1919 Nos
668 1867 826 1918 etiam
858 1879 1032 1931 operae
1064 1865 1284 1930 pretium
1318 1866 1427 1915 fore
1456 1864 1842 1924 existimamus,

283 1937 329 1990 si
361 1940 411 1990 in
443 1936 663 2007 gratiam
698 1934 1012 2007 novitiomm
1032 1974 1045 1995 ,
1072 1934 1435 2007 difficultatum
1466 1933 1844 2007 tei'itatiouum-

281 2022 385 2073 que
414 2004 544 2075 quas
575 2007 723 2058 initio
752 2004 1112 2075 conversionis
1151 2006 1377 2075 experiri
1428 2004 1628 2064 solent,
1660 2016 1848 2054 causis

282 2078 353 2129 ob
382 2073 567 2129 oculos
598 2080 946 2142 posuerimus,
982 2082 1037 2125 ut
1067 2073 1164 2138 ipsi
1194 2076 1453 2125 adversus
1483 2086 1571 2124 eas
1612 2086 1669 2123 se
1715 2086 1847 2137 pra:-

284 2146 550 2207 Illunlztlll,
579 2146 620 2195 si
654 2143 788 2196 forte
815 2144 1097 2210 aliquando
1119 2143 1530 2195 insurri-xcrint:
1560 2142 1642 2194 ba:
1668 2152 1844 2194 autem

282 2213 609 2268 eoosiderari
661 2222 879 2279 possunt
906 2222 995 2265 aut
1033 2228 1094 2265 ex
1140 2220 1289 2279 pirte
1338 2211 1629 2281 religionis,
1663 2221 1751 2264 aut
1781 2226 1844 2264 ex

287 2294 434 2352 parte
460 2283 685 2345 diaboli,
715 2294 805 2335 aut
829 2298 893 2352 ex
922 2290 1069 2349 parte
1093 2282 1291 2334 saiculi.

357 2353 434 2407 Ex
460 2364 603 2419 parte
626 2351 895 2420 religionis
915 2361 1153 2404 assueto~
1179 2351 1357 2403 seaculi
1386 2350 1587 2404 deliciis
1617 2350 1847 2420 novitios

288 2432 450 2476 terret
474 2425 595 2474 vita:
626 2419 879 2490 regularis
908 2423 1209 2477 austeriia~,
1240 2424 1358 2481 quia
1378 2461 1393 2484 ,
1418 2430 1475 2473 ut
1502 2420 1629 2472 dicit
1659 2419 1716 2475 S.
1744 2424 1849 2474 Att-

286 2494 525 2562 gustiuus
552 2490 740 2562 (Serm.
791 2491 892 2544 196
936 2492 987 2542 iu
1028 2490 1306 2559 appeiid.),
1338 2504 1430 2562 seu
1467 2492 1650 2562 quivis
1683 2491 1846 2555 alius,

294 2559 310 2613 ἰ
345 2561 458 2615 Non
489 2559 605 2616 sine
634 2562 879 2615 violentia
906 2562 1015 2613 fieri
1046 2571 1217 2627 potest
1245 2570 1302 2612 ut
1329 2559 1395 2613 de
1429 2561 1746 2613 abundantia
1795 2573 1849 2615 et

288 2634 486 2686 deliciis
507 2634 569 2684 ad
595 2631 787 2684 famem
815 2639 867 2683 et
893 2632 1052 2690 sitim,
1069 2632 1132 2681 ad
1159 2630 1531 2683 abstinentiam
1555 2632 1608 2683 et
1633 2646 1845 2685 crucem

287 2711 545 2765 transeat,
578 2711 633 2753 ut
657 2715 845 2754 somno
876 2702 1013 2766 prius
1043 2711 1202 2766 atque
1236 2702 1343 2753 otio
1382 2701 1603 2752 amicam
1634 2715 1848 2755 carnem

288 2772 608 2825 contritione
630 2771 923 2839 vigiliisque
952 2770 1225 2831 conficiat;
1261 2786 1363 2823 non
1389 2808 1403 2831 ,
1448 2770 1661 2837 inquam
1685 2812 1698 2831 ,
1733 2771 1848 2823 sine

289 2842 535 2895 violentia
563 2841 673 2894 fieri
709 2849 881 2909 potest
914 2852 967 2893 ut
1010 2842 1365 2908 unusquisque
1396 2840 1721 2894 iracundiam
1753 2856 1847 2907 pa-

264 2912 493 2975 ‘tieutia,
524 2912 822 2978 superbiam
856 2909 1148 2964 humilitate
1174 2918 1483 2973 commutet,
1513 2923 1693 2963 amore
1726 2925 1847 2976 pall-

291 2983 512 3049 pertatis
537 2982 836 3034 divitiarum
867 2994 928 3033 ac
970 2979 1301 3034 sufficientia:
1331 2979 1655 3033 affluentiam
1694 2995 1849 3047 supe-

290 3062 393 3118 ret,
429 3050 771 3105 vinulentiam
817 3049 1121 3114 sobrietate,
1155 3050 1409 3102 luxuriam
1440 3050 1684 3103 castitate
1723 3064 1850 3102 ciiii-

287 3122 520 3184 deumet,
548 3130 603 3174 et
648 3122 806 3174 homo
833 3120 1007 3173 subito
1050 3121 1105 3172 in
1142 3120 1311 3173 virum
1354 3122 1638 3186 perfectum
1668 3129 1843 3174 trans-

288 3174 573 3256 foirtnetu'r',
625 3200 680 3245 et
721 3190 1112 3257 quodaminodo
1149 3190 1281 3243 alter
1329 3174 1578 3243 c'rcdatttr
1606 3203 1671 3243 ex
1716 3193 1843 3243 alte-
1872 3174 1919 3238 C

291 3277 352 3313 ro
398 3279 409 3315 :
464 3281 483 3311 ι
535 3276 651 3327 quae
698 3268 872 3314 tamen
938 3259 1480 3330 ciiinia_pr:ecipiunt
1532 3260 1850 3330 exigunlque

288 3345 457 3401 sacra:
479 3330 747 3401 religionis
774 3330 935 3401 leges.
968 3330 1096 3401 llinc
1122 3328 1179 3384 S.
1223 3329 1523 3401 Bernartius
1559 3328 1850 3401 (Sbrmfﬁl’)

287 3402 341 3453 in
369 3400 540 3469 Cani.)
570 3396 601 3453 ε’
624 3420 641 3451 t
669 3396 983 3463 l’iituordia,
1011 3399 1200 3463 inquit,
1234 3396 1428 3453 uOstrte
1465 3396 1846 3463 conversionis,

284 3473 433 3539 juxta
450 3471 744 3524 communis
766 3470 974 3535 quidem
997 3470 1336 3537 experientiae
1348 3470 1627 3533 rationem,
1647 3471 1850 3539 primus

287 3540 522 3608 exagitat
551 3541 723 3601 timor,
755 3554 908 3609 quem
942 3540 1255 3593 intrantibus
1286 3541 1462 3592 statim
1501 3542 1693 3592 horror
1728 3543 1850 3595 vita:

292 3612 485 3678 ingerit
514 3610 786 3670 arctioris,
816 3622 866 3662 et
898 3611 1117 3662 insueta:
1148 3610 1427 3663 austeritas
1451 3610 1744 3677 disciplina:
1769 3627 1782 3672 ;
1825 3630 1841 3662 i

286 3691 341 3732 et
368 3679 494 3733 alibi
521 3680 711 3749 (Serm.
744 3681 813 3732 93
846 3680 908 3731 de
939 3680 1159 3747 Divers.)
1191 3696 1202 3730 :
1243 3698 1260 3730 ‹
1296 3678 1429 3732 Cum
1459 3680 1618 3748 aliqui
1645 3682 1845 3748 simpli.

286 3766 378 3804 ces
413 3751 477 3802 ad
506 3750 910 3804 conversionem
957 3750 1211 3813 veniunt,
1257 3752 1592 3803 severitatem
1636 3749 1848 3818 Regula:

286 3831 662 3889 expavescunt,
694 3820 749 3872 Si
783 3821 873 3872 fiat
901 3820 980 3873 eis
1002 3833 1179 3872 sermo
1208 3819 1274 3871 de
1301 3822 1477 3872 mundi
1508 3830 1811 3888 contemptu
1834 3863 1846 3885 ,

286 3891 354 3942 de
382 3892 634 3943 viriutuni
664 3892 1017 3958 vitiorumque
1056 3889 1332 3953 cooflictu,
1370 3892 1412 3941 si
1458 3892 1695 3943 anxietas
1722 3894 1850 3959 vigi-

288 3961 457 4025 landi,
506 3960 787 4013 assiduitas
835 3962 1050 4023 orandi,
1100 3961 1421 4024 parciuiouia
1461 3960 1734 4027 jejuuandi
1783 3961 1850 4012 ab

287 4031 417 4097 ipsis
458 4044 583 4095 requ
607 4030 769 4093 ritur,
804 4029 979 4082 dicunt
1012 4032 1388 4097 conquereudo
1421 4041 1554 4082 inter
1576 4044 1635 4083 se
1663 4047 1675 4082 :
1710 4030 1845 4093 Quid

284 4109 369 4153 est
410 4099 538 4152 hoc?
568 4101 685 4167 quis
715 4110 791 4153 tot
828 4110 879 4151 et
921 4109 1062 4151 tanta
1096 4100 1313 4164 implere
1351 4098 1611 4151 sulliiriat?
1647 4118 1664 4149 ι
1715 4099 1849 4153 lliuc

286 4170 513 4237 denique
565 4169 752 4222 Petrus
794 4169 1059 4221 Blesensis
1093 4170 1155 4220 ad
1202 4169 1264 4220 lt.
1295 4169 1577 4231 Clericum,
1609 4170 1695 4237 qui
1726 4171 1850 4222 reli-

284 4241 456 4307 gionis
482 4250 699 4291 voverat
730 4241 1024 4307 ingressum
1050 4279 1063 4300 ,
1114 4241 1356 4292 scribens
1397 4255 1409 4291 :
1450 4256 1466 4286 ι
1504 4238 1634 4303 Quia
1669 4250 1741 4303 te,
1769 4239 1849 4291 iii-

284 4308 420 4376 quit,
455 4308 636 4361 mundi
663 4311 1017 4376 voluptatibus
1052 4310 1310 4361 haetenus
1352 4308 1693 4371 immersisti,
1747 4311 1845 4361 iui.

286 4380 564 4445 portabilis
590 4378 682 4431 tibi
715 4379 956 4432 \identur
992 4377 1231 4430 ciborum
1280 4378 1531 4438 mutatio,
1566 4380 1851 4431 veSIimett-

285 4455 461 4501 torum
487 4458 764 4515 asperitas,
790 4449 969 4518 jugum
998 4448 1333 4511 obedieiitiie,
1373 4462 1597 4501 censura
1627 4451 1845 4511 silentii,

287 4519 597 4586 regularitas
627 4517 1167 4581 niorum,’au5teritas
1194 4517 1507 4584 disciplima.
1543 4537 1560 4567 i

356 4588 436 4639 lix
467 4598 612 4655 parte
638 4588 837 4641 diaboli
872 4588 1023 4654 longe
1063 4588 1249 4641 fortior
1289 4587 1598 4641 sustinenda
1632 4598 1715 4641 est
1748 4605 1840 4656 pu-

282 4670 383 4725 gna
418 4673 432 4707 :
468 4676 484 4707 i
515 4658 966 4723 Quemadmodum
996 4658 1138 4711 enim
1176 4658 1436 4721 l.itrones,
1466 4661 1622 4710 verba
1655 4661 1840 4727 loquor

282 4727 646 4797 Chrysoswmi
679 4726 897 4797 (Homil.
940 4730 965 4781 1
999 4729 1066 4779 ad
1108 4744 1228 4797 pop.
1271 4731 1439 4792 Ant.),
1496 4743 1597 4779 non
1630 4726 1733 4780 ubi
1764 4730 1840 4781 fe—

284 4809 433 4861 num,
460 4807 514 4851 et
541 4800 720 4859 pale:e,
746 4807 801 4849 et
818 4798 1085 4859 calamus;
1118 4799 1209 4850 sed
1242 4799 1328 4849 ubi
1354 4812 1561 4863 aurum,
1580 4808 1633 4851 et
1653 4814 1839 4866 argen-

284 4875 418 4935 tum,
451 4868 520 4920 ibi
548 4867 768 4929 fodiunt,
798 4880 849 4920 ct
875 4868 1123 4920 continuo
1154 4868 1396 4935 vigilant;
1420 4870 1496 4920 sic
1516 4878 1569 4920 et
1592 4868 1838 4923 diabolus

284 4934 367 4989 his
396 4939 623 4989 maxime
654 4937 849 5000 instat,
876 4939 961 5005 qui
992 4934 1247 5004 spiritalia
1283 4938 1551 5004 attingunt
1592 4939 1833 5005 negotia;

284 5006 353 5059 ibi
390 5005 594 5059 insidiae
617 5006 702 5058 ubi
735 5010 919 5061 virtus.
959 5026 977 5057 ι
1012 5010 1081 5059 At
1115 5007 1235 5061 licet
1266 5021 1455 5060 omnes
1481 5009 1697 5061 omnino
1726 5025 1839 5060 mo-

284 5076 498 5128 nachos
526 5086 805 5143 impugnet.
833 5077 1091 5141 diabolica
1140 5078 1371 5130 versutia
1396 5116 1412 5141 ,
1454 5077 1618 5130 multo
1666 5088 1839 5131 tamen

282 5145 606 5214 magisfi'irit
648 5150 697 5197 in
728 5146 933 5199 nuviter
959 5160 1266 5209 conversos,
1298 5162 1432 5214 quos
1477 5146 1842 5202 adolescentes

280 5212 648 5281 delicatosque
676 5230 704 5267 a
736 5230 797 5269 se
821 5216 1077 5270 defecisse
1104 5218 1245 5271 dolet
1274 5212 1338 5269 εὶ
1368 5215 1602 5283 Nequam
1630 5216 1839 5278 hoste.,

281 5283 454 5353 inquit
483 5285 667 5336 Petrus
716 5284 1043 5340 Venerabilis
1076 5302 1238 5353 agens
1285 5286 1352 5341 de
1393 5288 1604 5340 novitiis
1633 5287 1843 5341 Clunia-

281 5354 460 5427 censis
520 5356 823 5408 monasterii
869 5354 1005 5423 (Lib.
1051 5371 1064 5427 i
1108 5357 1254 5421 Min,
1295 5373 1410 5427 cap.
1449 5359 1558 5424 15),
1601 5360 1843 5424 quamvis

282 5423 551 5477 univerSis
603 5428 919 5491 generaliter
963 5423 1373 5491 iusidiareutur,
1423 5423 1633 5480 noviter
1672 5436 1843 5481 tanien

281 5496 556 5563 conversis
602 5496 829 5560 amplius
871 5493 1046 5547 infesti
1093 5496 1377 5548 instabant.
1420 5496 1679 5550 Dolebam
1732 5499 1847 5563 qui-

283 5562 405 5616 dem
439 5576 807 5617 veteranorum
856 5564 1177 5631 profectibus
1222 5565 1551 5628 invidentes,
1582 5568 1675 5620 sed
1717 5562 1847 5619 tiro-

286 5646 413 5703 num
444 5633 779 5701 superaddita
809 5636 1181 5703 coiiversione,
1209 5648 1355 5703 quasi
1385 5636 1580 5687 recenti
1605 5646 1852 5703 suscepto

287 5702 525 5773 vulnere,
540 5708 714 5755 acrius
735 5702 1157 5771 indignabantur,
1179 5702 1254 5763 et,
1274 5705 1415 5755 velut
1440 5704 1578 5771 longi
1602 5713 1853 5773 tempom

287 5772 678 5839 desperatione.
736 5775 928 5840 prioris
985 5776 1174 5840 prada:
1220 5774 1389 5840 spolia
1436 5772 1812 5839 postponentes
1840 5816 1852 5839 ,

1954 1862 2154 1922 lateat;
2185 1874 2477 1929 suggerunt
2504 1864 2644 1917 enim
2680 1865 2831 1917 nobis
2863 1880 2927 1917 ne
2958 1864 3026 1917 ab
3053 1864 3327 1917 hominum
3352 1864 3521 1917 turbis

1950 1930 2285 2001 secedamus,
2334 1933 2473 1999 quod
2520 1948 2763 2001 magnum
2805 1938 2986 1994 gloria:
3032 1936 3306 1999 premium
3356 1936 3521 1986 simus

1952 2000 2190 2060 relaturi,
2226 2002 2277 2052 si
2327 2002 2571 2053 leitilnam
2619 2000 2962 2069 ciititempla’ti
3005 2005 3185 2057 ab'illa
3216 2010 3390 2057 tamen
3425 2020 3521 2056 uos

1950 2069 2302 2141 abstinemus.
2338 2088 2355 2121 ι
2392 2070 2457 2123 Et
2494 2074 2592 2125 sub
2639 2076 2792 2126 linem
2822 2075 3061 2135 e,usdetn
3092 2074 3327 2141 gradus:
3366 2090 3385 2124 ι
3426 2073 3521 2125 Per

1951 2138 2214 2192 insomnia
2237 2141 2753 2195 03(‘0d1l3tll0lleSIIOS
2774 2154 2941 2208 pertui
2959 2144 3084 2197 bare
3098 2138 3377 2202 conantur,
3396 2143 3520 2195 dum

1953 2208 2106 2280 nobis
2132 2210 2546 2267 domesticorum
2596 2214 2854 2280 imagines
2896 2223 3273 2280 repraesentant
3298 2254 3313 2277 ,
3347 2223 3399 2265 et
3437 2217 3520 2265 vel

1951 2278 2299 2333 lamentantes
2327 2278 3125 2347 eabibent,vel‘morituros,vel
3154 2299 3313 2337 causa
3344 2299 3375 2335 It
3416 2293 3520 2337 ειη

1949 2348 2209 2411 afflictos,
2262 2361 2315 2401 et
2359 2351 2711 2405 incommodis
2760 2363 3017 2405 mactatos
3066 2353 3338 2406 exhibent.
3374 2371 3394 2402 ι
3450 2354 3519 2404 Ita

1952 2416 2104 2489 plane
2136 2422 2396 2473 referente
2417 2424 2471 2474 5.
2504 2422 2789 2475 Athanasio
2820 2423 2895 2489 (in
2937 2423 3033 2475 Vit.
3062 2422 3121 2476 S.
3146 2423 3371 2483 Antonii,
3393 2438 3438 2474 c.
3465 2421 3519 2489 4)

1951 2488 2007 2543 S.
2042 2492 2328 2542 Aniciiiuiii
2362 2492 2595 2545 tentabat
2630 2510 2640 2542 :
2679 2510 2695 2541 i
2732 2494 2786 2545 Si
2816 2509 2920 2559 quo
2948 2493 3104 2545 modo
3128 2507 3305 2559 posset
3332 2494 3399 2545 ab
3430 2488 3519 2544 ar;

1950 2566 2101 2624 repto
2128 2574 2250 2613 eum
2284 2560 2521 2614 insututo
2548 2562 2848 2620 detrahere.
2883 2564 3310 2631 immitteliatque
3337 2564 3387 2621 ei
3411 2576 3519 2615 me-

1952 2632 2171 2699 moriam
2207 2632 2622 2695 possessioiiuni,
2657 2634 2860 2685 sororis
2889 2633 3282 2693 defensionem,
3308 2632 3521 2699 generis

1950 2698 2303 2760 nobilitatem,
2329 2715 2563 2770 amorem
2594 2718 2792 2765 rerum,
2825 2702 3017 2755 fluxam
3044 2703 3224 2755 sarculi
3255 2698 3478 2770 gloriam
3504 2744 3519 2763 ,

1948 2781 2085 2839 esca:
2098 2772 2295 2821 variam
2312 2768 2811 2835 delectationem,et
2834 2774 3033 2839 reiiqua
3058 2774 3176 2825 vitae
3205 2768 3521 2827 remissioris

1951 2837 2310 2891 blandimenta
2339 2878 2353 2901 ,
2395 2852 2666 2907 postremo
2714 2843 2923 2895 virtutis
2952 2837 3190 2895 arduum
3241 2843 3428 2903 finem,
3470 2852 3521 2895 et

1952 2909 2237 2975 niaximum
2271 2912 2610 2974 perveniendi
2642 2911 2909 2974 laborem,
2935 2926 3165 2971 necnon
3192 2922 3245 2966 et
3276 2912 3520 2975 corporis

1951 2974 2287 3049 fragilitatem
2311 2982 2643 3047 suggerebat,
2663 2991 2715 3034 et
2740 2984 2911 3045 armis
2931 2983 3097 3049 spatia
3129 2982 3349 3046 prolixa,
3366 2974 3466 3037 etc.
3500 3001 3516 3032 ι

1962 3043 2088 3098 Vide
2128 3043 2911 3119 Anunytnf'liatispuneusem,
2961 3043 3094 3104 tom.
3130 3043 3190 3103 ιν
3236 3043 3517 3104 Ati.i|ecti—

1950 3130 2092 3179 ruin,
2120 3127 2173 3171 et
2198 3119 2388 3171 librum
2419 3120 2485 3173 de
2515 3120 2761 3174 Domina
2792 3121 2847 3175 S.
2879 3123 3131 3189 Stephani
3159 3120 3514 3174 Grandimon-

1950 3191 2137 3240 tenSis.

2027 3255 2118 3309 llis
2141 3256 2294 3325 plane
2317 3275 2422 3313 non
2450 3260 2593 3319 celit
2612 3261 2750 3327 quod
2779 3277 2843 3315 ex
2873 3268 3022 3329 parte
3047 3260 3222 3313 stcculi
3245 3272 3518 3316 certamen

1956 3332 2193 3393 procedit
2226 3346 2237 3381 :
2270 3329 2393 3381 hinc
2415 3331 2591 3393 amici,
2627 3332 2769 3384 illnc
2805 3332 3044 3399 cognati.
3083 3330 3278 3383 islbiuc
3324 3332 3517 3400 illulle

1955 3409 2307 3466 parentesque
2338 3400 2603 3453 infirmum
2634 3402 2807 3453 adhuc
2838 3402 2891 3454 in
2923 3402 3061 3454 bono
3090 3406 3359 3468 proposdo
3386 3402 3514 3453 tiro.

1954 3482 2072 3518 ueni
2103 3470 2499 3536 aggrediuntur,
2539 3471 2814 3539 modisque
2854 3473 3096 3524 omnibus
3147 3486 3395 3525 revocare
3423 3490 3516 3525 co-

1954 3546 2165 3609 nantur,
2199 3553 2423 3605 quorum
2453 3540 2678 3593 iusultus
2702 3542 2912 3609 egregie
2941 3541 3224 3605 admodum
3248 3580 3266 3603 ,
3292 3553 3347 3593 et
3371 3557 3517 3597 more

1952 3619 2012 3657 su
2039 3631 2047 3650 ι
2079 3608 2391 3681 eloquenter
2420 3609 2672 3681 describit
2699 3608 2754 3665 S.
2782 3611 3136 3681 llieroiiyinus
3171 3612 3235 3662 ad
3271 3609 3517 3681 lleliodu-

1953 3691 2066 3750 rum
2093 3677 2175 3730 his
2200 3680 2373 3732 verbis
2396 3678 2584 3747 (Epist.
2614 3681 2668 3745 l)
2694 3696 2707 3733 :
2738 3700 2756 3732 ι
2782 3680 2963 3750 Neque
2986 3677 3112 3734 vei-o
3139 3680 3320 3750 nescio
3342 3696 3442 3748 qua
3468 3694 3518 3737 te

1950 3744 2097 3798 dicas
2121 3763 2261 3801 nunc
2280 3744 2537 3817 compede
2561 3751 2835 3818 praepediri
2861 3744 3000 3803 :‘nou
3022 3751 3265 3803 estuohis
3288 3744 3513 3804 ferreum

1954 3825 2153 3881 pertus,
2183 3833 2279 3869 uec
2308 3820 2437 3870 dura
2465 3824 2789 3887 pra-cordia;
2818 3836 2921 3874 non
2944 3838 3005 3873 ex
3033 3822 3182 3873 silice
3208 3835 3361 3873 uaros
3386 3820 3513 3889 llyro

1950 3899 2097 3958 cana:
2126 3889 2359 3958 nutriere
2397 3893 2587 3957 tigres;
2635 3902 2688 3944 et
2739 3907 2835 3943 nos
2876 3906 2965 3958 per
3002 3891 3098 3944 ista
3158 3890 3512 3943 transivimus.

1953 3954 2101 4006 Nunc
2127 3957 2217 4009 tibi
2251 3954 2459 4011 blandis
2488 3960 2640 4012 vidua
2691 3976 2843 4013 soror
2878 3954 3053 4013 'lia'ret
3095 3961 3333 4021 lacertis;
3378 3976 3517 4013 nunc

1954 4026 2026 4076 illi
2074 4040 2192 4079 cum
2236 4029 2426 4094 quibus
2471 4030 2744 4083 adolevisti
2786 4032 3018 4083 vernulae
3062 4031 3209 4083 aiunt
3250 4047 3261 4080 :
3296 4029 3389 4082 Cui
3421 4046 3517 4082 nos

1951 4106 2241 4168 servituros
2267 4099 2547 4165 relinquis?
2572 4098 2722 4153 Nunc
2740 4102 2918 4168 gerula
2948 4099 3210 4163 quondam
3231 4100 3338 4167 jam
3361 4114 3513 4163 auus,

1951 4174 2005 4215 et
2035 4167 2278 4218 iiutritius
2307 4169 2573 4220 secundus
2612 4181 2728 4235 post
2751 4167 3052 4221 naturalem
3084 4172 3337 4234 pietatem
3368 4178 3514 4235 pater

1951 4236 2185 4306 clamitat
2221 4252 2231 4284 :
2267 4236 2547 4289 Morituros
2596 4249 2842 4305 exspecta
2887 4240 3178 4305 paulisper,
3230 4249 3283 4291 et
3323 4239 3509 4306 sepeli.

1954 4301 2195 4378 Forsitan
2225 4315 2279 4378 et
2309 4306 2440 4357 laxis
2472 4301 2707 4361 uberum'
2734 4301 2957 4375 pellibus
2988 4301 3154 4360 mater
3193 4317 3336 4361 arata
3372 4301 3514 4378 rugis

1953 4374 2428 4445 il'OllleiaﬂllQIllllll
2461 4379 2696 4431 iel'eieiis
2736 4374 2984 4431 mamma:
3032 4378 3213 4437 lallare
3248 4374 3515 4445 congemi-

1953 4452 2083 4496 net:
2117 4444 2296 4497 dwant
2321 4450 2363 4498 si
2410 4452 2593 4499 volunt
2638 4463 2688 4500 et
2736 4448 3065 4503 grammatici
3113 4466 3125 4500 :
3175 4448 3227 4500 lti
3267 4459 3317 4503 le
3344 4444 3517 4503 omnis

1953 4513 2138 4565 domus
2163 4514 2411 4569 inclinata
2442 4513 2838 4571 recuiuliit.F.ii
2857 4519 2924 4572 ile
2950 4520 3143 4583 rumpit
3170 4520 3281 4572 hinc
3309 4520 3513 4572 vincula

1951 4598 2099 4654 amor
2123 4583 2235 4648 Dei,
2269 4600 2313 4638 et
2343 4587 2598 4654 gt‘llt‘nllili
2621 4591 2796 4643 timor.
2826 4610 2842 4638 ι
2876 4588 3029 4641 'l‘ales
3058 4591 3201 4643 fuere
3222 4590 3372 4652 olim,
3394 4602 3513 4641 cuin

1948 4652 2081 4719 fugit
2117 4656 2182 4705 ad
2233 4652 2632 4719 litorilisteriutii,
2676 4660 2731 4712 S.
2787 4658 3080 4711 lllaitmaici
3127 4660 3416 4726 principis,
3463 4670 3515 4710 rt

1950 4735 2129 4797 postea
2159 4726 2619 4797 abbatislliiensis
2647 4740 2701 4782 et
2729 4729 2978 4797 martyris
3009 4730 3253 4790 labores;
3288 4744 3430 4793 nam,
3459 4737 3515 4779 ut

1944 4793 2128 4845 scribit
2173 4793 2457 4849 Walfridus
2498 4800 2716 4851 Strabus
2758 4793 2883 4864 eius
2921 4800 3080 4851 vitam
3118 4801 3334 4851 metrico
3374 4799 3511 4849 refe-

1945 4876 2066 4915 reus
2091 4880 2101 4913 ἒ

2164 4978 2305 5027 Fama
2322 4988 2383 5030 ut
2406 4982 2529 5030 forte
2552 4985 2715 5033 volans
2739 4987 2887 5045 patris
2912 4986 3135 5047 pervenit
3158 4986 3213 5032 al
3238 4998 3399 5042 aures,

2089 5054 2164 5089 inc
2188 5049 2355 5089 stupor
2381 5051 2526 5089 atoue
2551 5045 2687 5089 dolor
2712 5055 2924 5089 mentem
2950 5049 3153 5089 cinxere
3178 5054 3399 5089 nari-ritis.

2089 5045 2164 5107 inc
2188 5049 2355 5102 stupor
2381 5051 2526 5107 atque
2551 5045 2689 5107 dolor
2712 5045 2924 5095 mentem
2950 5049 3153 5096 cinxere
3178 5054 3410 5107 parentis.

2042 5102 2347 5170 Subtractum
2370 5102 2507 5154 dolet
2530 5106 2799 5170 haeredem,
2824 5110 3073 5170 mittitque
3096 5102 3339 5169 senatum,

2042 5162 2270 5231 Agmina,
2297 5172 2545 5225 praetores,
2566 5162 2822 5231 populum,
2849 5162 3109 5231 prscripta,
3135 5162 3394 5229 maniplos;

2048 5227 2255 5291 puxque
2278 5240 2539 5291 comesque
2564 5227 2709 5282 ibant.
2730 5227 3048 5291 praperanter
3066 5227 3319 5291 episcopus
3336 5236 3481 5286 astat,

2044 5286 2595 5352 abliatu‘mquecobors,
2623 5286 2763 5338 vicini
2788 5286 2934 5339 carne
2962 5286 3242 5352 proiiiiiqui;

2043 5345 2148 5413 got:
2167 5345 2317 5393 solum
2347 5349 2539 5413 nitente
2562 5345 2725 5411 manu,
2750 5354 2789 5399 si
2813 5345 3035 5413 qualibet
3052 5345 3160 5400 arte

2045 5405 2727 5475 [inicerent_redu_cem_vitata
2754 5405 2964 5475 pericula
2990 5421 3202 5475 mentem

2042 5466 2197 5516 Corde
2220 5470 2389 5519 subire
2410 5470 2517 5520 alio.
2544 5471 2583 5521 Ο
2608 5472 2713 5520 talis
2737 5466 2881 5535 q'uam
2904 5487 3031 5523 caeca
3058 5472 3303 5521 voluntas!

2026 5569 2173 5623 Talia
2201 5571 2434 5635 fuerunt,
2460 5576 2783 5643 eruntqueiii
2809 5577 3040 5629 futurum
3070 5577 3352 5628 multorum
3383 5573 3508 5625 alio-

1956 5654 2073 5693 rum
2095 5646 2417 5699 ci-rtamina:
2448 5648 2565 5709 sed,
2597 5658 2656 5697 ut
2680 5645 2859 5698 aiebat
2887 5646 3137 5710 pra:l’a'us
3164 5643 3223 5697 S.
3254 5643 3510 5711 llierony-

1961 5724 2077 5763 nius
2097 5712 2159 5764 ad
2186 5726 2335 5764 suum
2368 5712 2706 5767 Heliodorum
2745 5732 2755 5763 :
2810 5732 2826 5761 ι
2855 5714 3001 5766 Licet
3032 5713 3280 5778 parvulus
3305 5726 3336 5764 e
3374 5713 3512 5764 collo

1961 5780 2187 5846 pendeat
2216 5797 2403 5847 nepos,
2436 5784 2556 5836 licet
2588 5797 2773 5850 sparso
2801 5780 2949 5834 crine
2986 5794 3037 5835 et
3067 5781 3248 5836 scissis
3278 5780 3512 5834 vesiibut
