4102 6360
319 282 429 337 245

1434 274 1708 331 ΒΕΕΠΙΛ
1747 272 2245 329 COMMENTATA.
2282 271 2432 326 CAP.
2476 271 2515 325 Ι.

3472 268 3577 323 Ήϐ

314 396 471 462 cujus
494 392 778 459 singularis
804 407 996 460 scapus
1030 401 1113 448 est
1141 392 1407 462 abnegarc
1442 376 1810 457 semetipsum,
1841 396 1895 441 et
1924 390 1971 447 Α
2001 386 2134 439 tuis!
2181 385 2383 462 Quanta
2434 382 2724 462 patiuntur.
2748 398 2840 453 pro
2881 381 3601 462 sua‘iniquilat‘elatrones!J

312 459 506 518 omnes
539 462 857 516 mortiﬁcare
879 459 1055 517 cordis
1081 459 1412 516 voluntates?

396 532 463 587 Ut
506 543 553 585 et
597 532 738 599 regni
775 533 885 601 ejus
922 548 1206 585 mereamur
1235 547 1340 584 esse
1366 524 1665 649 consortes}
1691 526 1821 594 Quia
1851 526 1895 579 si

396 602 693 649 mnatimur-
725 609 779 649 et
807 603 1276 649 conrerznahimus.
1317 609 1369 649 et
1400 601 1443 649 si
1476 598 1607 649 socii
1662 598 1895 649 ueritltus

314 602 693 668 compatimur.
725 609 779 655 et
794 598 1245 671 'conregnabimus
1261 640 1288 671 ,ί
1317 609 1369 654 et
1400 601 1443 653 si
1476 598 1607 653 socii
1630 598 1896 671 fuerimus

318 673 648 739 passionum,
678 672 831 724 simul
861 681 913 725 et
941 668 1320 725 consolationis
1361 682 1579 722 t'l‘lmUS.
1621 668 1665 721 Ο
1706 680 1895 722 conso-

318 742 476 795 latio!
515 760 533 791 ι
573 740 718 793 Multi
750 744 912 795 multa
947 744 1215 808 patiuntur
1249 747 1466 808 prapter
1498 739 1774 805 pecuniam
1805 754 1895 808 pe:

314 814 566 873 riiuram,
593 820 643 863 et
673 819 725 863 tu
759 826 864 863 non
890 806 968 865 vis
996 811 1101 878 pati
1124 806 1530 879 propter'vitam
1558 806 1890 879 mansuram!

314 881 496 934 aiebat
524 880 651 933 olim
682 880 738 933 S.
777 878 1233 949 Augustinus.’Sic
1266 893 1479 932 recusas
1520 878 1895 949 laborareipro

320 950 415 1004 Dei
449 950 744 1019 promissis.
776 947 923 1019 quasi
956 966 1060 1003 non
1094 950 1363 1005 laborares
1390 962 1487 1015 pro
1519 947 1895 1016 cupiditatibus

2000 465 2190 523 quanta
2225 455 2493 522 patiuntur
2524 471 2618 522 pro
2646 454 2755 508 suis
2787 454 3076 507 sceleribus
3106 453 3319 516 perditi,
3359 468 3454 521 pro
3481 468 3576 507 sua

2002 526 2111 596 38
2136 525 2367 592 nequitia
2396 524 2671 589 luxuriosi,
2704 540 2797 591 pro
2822 539 2917 578 sua
2955 524 3172 596 avaritia
3206 524 3577 592 negotiatores

2001 595 2146 649 mare
2177 603 2587 659 transmeantes,
2610 596 2802 659 ventis,
2843 595 3243 662 tempestatibus
3281 608 3474 663 corpus
3522 606 3578 647 et

2002 666 2233 719 animam
2266 666 2653 733 permittentes,
2680 680 2772 720 sua
2802 665 3183 733 relinquentes,
3218 666 3601 735 ignotaque!»

1999 735 2204 791 rentes!
2239 753 2256 785 ι
2289 735 2351 788 Et
2378 750 2473 789 nos
2494 750 2590 803 pro
2616 745 2815 789 aeterna
2838 735 3110 799 felicitate,
3138 745 3193 787 ut
3218 749 3338 788 cum
3362 734 3576 788 Christo

2002 806 2053 858 in
2083 816 2390 873 perpetuum
2423 820 2726 872 regnemus,
2758 820 2861 859 non
2891 806 3182 871 patiemur?
3214 805 3352 873 Ergo
3380 819 3574 874 sequa-

2004 891 2121 929 mur
2166 876 2459 942 Christum,
2515 883 2571 929 ut
2616 875 2789 945 ipsum
2837 875 3120 944 aliquando
3164 889 3574 945 consequamur.

2003 948 2194 1000 Amen.

1432 1184 1820 1267 CAPUT
1896 1184 2404 1268 PRIMUM.

1336 1346 1421 1407 De
1449 1344 1773 1424 generibus
1808 1346 1901 1405 vel
1934 1347 2063 1405 vita
2098 1347 2562 1408 monachorum.

392 1469 767 1524 Monachorum
800 1478 1026 1539 quatuor
1053 1485 1171 1524 esse
1196 1484 1391 1539 genera
1426 1468 1763 1523 manifestum
1790 1476 1891 1521 est.

316 1560 556 1616 Primum
599 1561 987 1617 cmnobitarum
1022 1580 1035 1614 :
1072 1563 1170 1616 hoc
1211 1573 1293 1616 εει
1337 1560 1730 1623 monasteriale,
1763 1558 1900 1611 mili-

319 1661 441 1705 tans
471 1653 570 1707 sub
596 1653 777 1722 regula
807 1652 887 1708 vel
918 1653 1129 1708 abbate.
1163 1652 1385 1718 Deinde,
1415 1650 1709 1706 secundum
1731 1664 1899 1719 genus

318 1752 406 1795 est
446 1743 914 1808 anachoretarum,
959 1744 1009 1797 id
1051 1753 1131 1797 est
1175 1743 1542 1807 eremitarum,
1583 1742 1769 1796 horum
1810 1742 1898 1808 qui

2006 1470 2161 1531 terni,
2189 1478 2280 1523 aut
2303 1480 2447 1525 certe
2477 1472 2693 1541 singuli,
2724 1473 2840 1525 sine
2873 1481 3102 1540 pastore,
3137 1486 3240 1526 non
3271 1468 3573 1533 dominicis,

2003 1560 2095 1615 sed
2117 1561 2225 1614 suis
2249 1560 2433 1615 inclusi
2458 1562 2707 1626 ovilibus,
2737 1577 2829 1630 pro
2849 1562 2963 1630 lege
2982 1562 3059 1617 eis
3082 1570 3163 1616 est
3183 1560 3570 1615 desideriorum

2004 1651 2243 1721 voluptas
2267 1667 2282 1707 :
2306 1667 2426 1707 cum
2451 1652 2704 1723 quidquid
2731 1655 3030 1719 putaverint
3058 1653 3142 1707 vel
3172 1652 3450 1721 elegerint,
3477 1652 3575 1702 hoc

2003 1740 2185 1797 dicunt
2214 1753 2485 1805 sanctum;
2517 1752 2571 1796 et
2602 1742 2741 1812 quod
2779 1743 3064 1809 noluerint,
3103 1744 3204 1797 hoc
3249 1751 3432 1811 putant
3476 1758 3579 1795 non

319 1845 432 1885 non
460 1833 831 1887 conversionis
871 1842 896 1868 ⁸
940 1832 1147 1886 fervore
1192 1832 1408 1895 novitio,
1455 1831 1547 1886 sed
1593 1831 1898 1884 monasterii
1936 1872 1980 1930 Β
2007 1832 2183 1886 licere.

318 1920 640 1989 probatione
688 1921 959 1988 diuturna,
1006 1921 1308 1975 didicerunt
1342 1918 1370 1958 δ
1401 1929 1584 1975 contra
1632 1919 1897 1973 diabolum

318 2012 611 2065 multorum
643 2010 832 2064 solatio
857 2010 965 2079 jam
989 2010 1130 2065 docti
1160 2024 1394 2080 pugnare
1424 2027 1436 2063 :
1462 2019 1517 2065 et
1544 2008 1680 2064 bene
1706 2009 1901 2063 instru-

318 2087 403 2157 cti
426 2101 656 2154 fraterna
693 2117 760 2154 ex
803 2101 916 2155 acie
960 2100 1026 2155 ad
1074 2099 1397 2170 singularem
1444 2113 1671 2168 pugnam
1709 2100 1896 2161 eremi,

318 2192 497 2244 securi
527 2190 634 2257 jam
673 2192 787 2245 sine
816 2190 1180 2245 consolatione
1207 2191 1450 2254 alterius,
1490 2190 1599 2243 sola
1630 2205 1787 2243 manu
1819 2190 1894 2243 vel

320 2281 568 2348 brachio,
605 2292 790 2336 cantra
834 2281 957 2335 vitia
1007 2281 1183 2336 carnis
1232 2281 1314 2336 vel
1356 2280 1754 2350 cogitationum.
1790 2279 1901 2334 Deo

320 2371 634 2434 auxiliante,
666 2370 932 2426 sufﬁciunt
960 2387 1220 2441 pugnare.

398 2461 639 2517 Tertium
682 2478 809 2518 vero
851 2463 1230 2517 monachorum
1270 2466 1600 2518 teterrimum
1632 2477 1798 2533 genus
1822 2472 1905 2518 est

320 2554 734 2618 sarabaitarum,
757 2556 849 2625 qui
876 2558 1016 2611 nulla
1044 2558 1221 2627 regula
1250 2556 1547 2627 approbati,
1573 2557 1900 2625 experientia

326 2645 566 2713 magistri
607 2656 653 2706 ε,
691 2647 827 2701 sicut
858 2662 1043 2702 aurum
1083 2649 1343 2713 fornacis;
1377 2648 1469 2701 sed
1501 2650 1550 2701 in
1581 2646 1778 2716 plumbi
1806 2662 1903 2700 na-

326 2746 445 2789 tura
475 2736 685 2801 mo'liti,
719 2736 890 2792 adhuc
916 2740 1167 2808 operibus
1190 2750 1464 2794 servantes
1491 2739 1689 2793 sarculo
1717 2738 1902 2801 fidem,

326 2829 541 2885 mentiri
574 2829 682 2884 De:
724 2846 817 2901 per
851 2841 1117 2887 tonsuram
1161 2842 1470 2889 noscuntur.
1515 2830 1615 2901 Qui
1660 2830 1790 2900 bini,
1821 2838 1910 2887 aut

400 3018 424 3044 ει
462 3011 658 3077 0son.,
690 3014 1104 3067 conversationis.

398 3077 425 3117 δ
466 3083 573 3147 AL,
601 3084 687 3150 qui
709 3085 1017 3136 didicerunt.

404 3161 426 3187 ⁶
464 3152 577 3215 ΔΙ..
611 3155 873 3224 magistra.

324 3304 1887 3327 Mm

2075 1944 2331 2011 Quartum
2360 1960 2488 2001 vero
2514 1961 2683 2015 genus
2710 1957 2795 2001 est
2824 1946 3206 2000 monachorum
3236 1946 3375 2015 quod
3409 1946 3579 1998 nomi-

2008 2044 2163 2090 natur
2201 2050 2545 2106 gyrovagum,
2578 2038 2665 2105 qui
2715 2047 2819 2092 tota
2868 2040 2969 2091 vita
3016 2054 3108 2092 sua
3139 2037 3165 2074 ά
3211 2053 3304 2106 per
3344 2036 3611 2092 diversas'

2011 2127 2310 2194 provincias
2338 2130 2502 2184 ternis
2522 2138 2614 2182 aut
2639 2131 2910 2198 quaternis
2933 2131 3119 2186 diebus
3135 2146 3229 2200 per
3250 2131 3582 2187 diversorum

2008 2218 2169 2273 cellas
2196 2218 2550 2289 hospitentur,
2576 2234 2791 2289 semper
2811 2223 2950 2290 vagi,
2976 2232 3029 2275 et
3053 2237 3317 2290 nunquam
3344 2221 3581 2283 stabiles.

2007 2317 2061 2361 et
2086 2309 2314 2378 propriis
2343 2308 2707 2377 voluptatibus
2734 2320 2779 2375 ε,
2811 2320 2863 2364 et
2892 2310 3027 2376 gula:
3059 2310 3321 2365 illecebris
3350 2311 3583 2365 servien-

2007 2408 2107 2465 tes,
2137 2407 2189 2452 et
2234 2413 2329 2467 per
2369 2398 2546 2452 omnia
2586 2398 2884 2454 deteriores
2922 2400 3222 2453 sarabaitis.
3254 2399 3330 2454 De
3360 2415 3583 2468 quorum

2005 2489 2239 2543 omnium
2273 2487 2291 2526 τ
2321 2488 2615 2544 miserrima
2641 2490 3050 2544 conversatione
3079 2491 3271 2544 melius
3312 2498 3393 2545 est
3424 2490 3585 2545 silere

2005 2596 2164 2651 quam
2194 2581 2359 2651 loqui.
2401 2580 2491 2636 His
2528 2596 2654 2651 ergo
2686 2581 2923 2648 omissis,
2954 2582 3018 2636 ad
3049 2582 3435 2638 cmnobitarum
3480 2582 3587 2653 39

2009 2673 2356 2729 fortissimum
2388 2688 2557 2743 genus
2582 2673 2996 2743 disponendum,
3024 2672 3313 2742 adjuvaute
3340 2672 3583 2738 Domina,

2014 2767 2309 2822 veniamus.

2080 3009 2108 3049 δ
2146 3011 2254 3076 Al.,
2281 3018 2439 3064 totam
2469 3011 2621 3063 vitam
2643 3025 2805 3062 suam.

2087 3091 2111 3119 ο
2152 3084 2346 3143 Uxon.,
2378 3079 2736 3133 voluntatibus.

2030 3196 2037 3203 .
2086 3150 2105 3188 ι
2154 3152 2261 3215 ΑΙ..
2293 3152 2355 3203 de
2379 3149 2561 3203 horum
2588 3151 2829 3203 omnium.

1636 3400 2288 3469 COMMENTARIUS.

404 3544 817 3618 Honacltorttnt.]
846 3546 1137 3618 Monachus
1162 3546 1356 3601 dicitur
1406 3548 1496 3601 ille
1523 3549 1610 3616 qni
1652 3562 1901 3618 segrega-
1931 3551 1975 3612 C
2013 3546 2382 3618 temporalium
2418 3546 2745 3611 diversitate,
2779 3547 2969 3602 debeat
2993 3560 3111 3600 cum
3151 3561 3215 3601 eo
3250 3547 3387 3616 quod
3420 3563 3583 3603 unum

322 3628 409 3679 tus
437 3622 504 3670 ab
534 3618 676 3670 omni
721 3617 995 3670 hominum
1030 3617 1343 3685 frequentia,
1379 3618 1431 3671 in
1477 3618 1759 3673 solitudine
1787 3634 1897 3686 poe-

324 3688 564 3744 nitentia:
582 3688 828 3757 lacrymls
857 3698 1027 3757 vacat,
1051 3697 1105 3739 et
1128 3689 1234 3741 Deo
1264 3697 1403 3741 totus
1428 3688 1727 3750 adhaerens.
1759 3704 1896 3744 unus

324 3775 444 3813 cum
475 3773 541 3828 eo
587 3756 803 3825 spiritus
832 3756 1059 3811 efﬁcitur
1086 3796 1103 3821 ,
1162 3759 1324 3812 utvel
1384 3761 1493 3826 ipsa
1527 3758 1755 3813 nominis
1783 3760 1897 3828 ejus

323 3827 643 3898 etymologia
675 3829 870 3880 indicat
919 3845 930 3880 :
964 3842 1081 3880 nam
1115 3836 1404 3881 monachus
1429 3843 1456 3881 a
1511 3831 1675 3885 vcrho
1722 3827 1898 3896 graeco

371 3897 502 3961 ὁνος,
530 3899 577 3949 id
603 3907 684 3950 est
708 3913 838 3950 unus
866 3936 881 3959 ,
913 3897 1109 3959 dicitur
1143 3915 1155 3960 ;
1189 3898 1310 3962 hinc
1338 3913 1506 3953 canon
1551 3900 1640 3953 ille
1679 3901 1895 3953 concilii

372 3968 570 4022 icacnia
593 3968 846 4022 Gratiano
875 3970 1065 4021 citatus
1086 3968 1344 4023 :tPlacuit
1377 3970 1625 4022 omnibus
1656 3970 1894 4025 residen-

324 4038 465 4092 tibus
496 4038 545 4091 in
572 4047 750 4089 sancta
790 4036 996 4090 Nicaena
1029 4038 1232 4106 synodo
1271 4048 1328 4093 ut
1359 4040 1738 4096 monachorum
1770 4055 1898 4096 cou-

324 4111 555 4162 versatio
576 4116 629 4161 et
653 4110 755 4159 vita
802 4108 1093 4177 secundum
1121 4109 1496 4177 etymologiam
1544 4108 1774 4163 nominis
1830 4111 1896 4165 ab

323 4177 573 4231 omnibus
619 4176 886 4244 discrepet
936 4176 1247 4244 (Monachus
1291 4179 1430 4235 cnim
1462 4180 1679 4242 Grtece,
1715 4179 1897 4233 Latine

323 4248 598 4316 singularis
620 4248 688 4300 όίι
710 4249 833 4315 itur)
866 4264 878 4299 :
924 4246 1062 4300 unde
1108 4250 1424 4301 monachum
1458 4264 1551 4316 per
1589 4248 1766 4306 omnia
1788 4250 1899 4302 sin-

322 4316 579 4391 gtllariler
599 4332 756 4391 agere
788 4326 1021 4391 Oportet.
1055 4336 1072 4367 ι
1111 4318 1173 4391 [dt
1195 4317 1252 4371 S.
1288 4318 1645 4391 llieronymus
1673 4320 1738 4371 ad
1794 4318 1897 4391 lle-

324 4388 586 4440 liodorum
617 4388 855 4440 scribens
888 4386 1078 4456 (Epist.
1114 4386 1198 4454 1).:
1238 4406 1254 4436 ι
1288 4386 1642 4456 [interpretare
1671 4389 1896 4443 ver-abu-

322 4462 428 4508 tnm
467 4456 731 4517 monachi,
756 4456 855 4526 hoc
882 4454 961 4511 est
988 4468 1161 4521 tuum;
1191 4456 1314 4525 quid
1346 4454 1474 4512 facis
1515 4460 1566 4512 in
1607 4459 1779 4525 turba,
1806 4459 1897 4526 qui

322 4528 466 4598 snlns
490 4527 582 4598 es?
619 4546 635 4576 ι
680 4537 734 4579 et
781 4525 844 4578 ad
894 4527 1164 4598 Rusticum
1192 4530 1519 4598 monachum
1570 4526 1761 4598 (Epist.
1790 4529 1846 4594 4)
1880 4548 1892 4582 :

326 4616 345 4646 ι
379 4596 514 4667 Quid
550 4596 1145 4667 desideramusurbium
1183 4596 1553 4667 frequentiam,
1575 4596 1661 4667 qui
1694 4599 1760 4651 de
1788 4601 1898 4651 sin-

318 4666 602 4737 gularitate
623 4666 936 4718 censemur?
976 4686 993 4718 ι
1030 4678 1079 4719 et
1117 4668 1181 4737 ad
1216 4666 1493 4737 Paulinum
1544 4669 1732 4737 (Epist.
1756 4667 1845 4736 15)
1880 4689 1895 4724 :

327 4755 346 4785 ε
386 4736 440 4789 Si
474 4738 623 4802 cupis
651 4750 770 4789 esse
800 4736 939 4799 «(trod
981 4736 1193 4793 diceris.
1226 4735 1274 4789 id
1312 4747 1391 4790 est
1416 4735 1580 4798 solus,
1610 4735 1735 4806 quid
1766 4735 1895 4792 facis

320 4808 379 4875 in
405 4806 645 4867 urbibus,
683 4821 799 4871 qua:
827 4808 1005 4875 utique
1030 4821 1132 4859 non
1160 4816 1283 4858 sunt
1304 4808 1538 4861 solorum
1575 4808 1892 4871 habitacula,

318 4874 412 4945 sed
446 4875 769 4928 multorum?
809 4893 826 4926 ι
885 4874 959 4935 Ex
990 4877 1224 4943 Eugenio
1250 4877 1407 4931 etiam
1444 4893 1599 4944 papa,
1623 4892 1653 4936 a
1676 4879 1895 4945 pr.rl'ato

320 4942 574 4997 Gratiano
604 4948 788 5009 citato,
822 4942 1112 4999 mOnachus
1138 4946 1275 5000 idem
1299 4957 1377 5000 est
1398 4942 1537 5011 quod
1558 4942 1687 5007 unus
1716 4948 1891 5000 tristis;

322 5032 340 5062 ι
379 5015 667 5086 Agnoscat,
704 5015 892 5083 inquit,
926 5031 1118 5086 nomen
1150 5031 1301 5069 suum
1326 5034 1340 5081 ;
1366 5018 1516 5086 μόνος
1571 5019 1711 5078 enim
1744 5016 1893 5071 Grac-

317 5098 402 5147 cc,
453 5084 750 5157 liatineuest
784 5102 947 5146 unus;
977 5084 1113 5157 ἄχος
1136 5087 1318 5145 Graece
1342 5084 1374 5149 ,'
1404 5086 1590 5141 Latine
1620 5088 1774 5141 tristis
1803 5102 1893 5139 so-

317 5164 409 5205 nat
435 5174 445 5204 :
475 5151 844 5225 Indeidicilur,
871 5156 921 5208 id
944 5151 1176 5209 est'unus
1201 5158 1373 5217 tristis.
1404 5157 1605 5215 Sedeat
1620 5173 1744 5225 ergo
1774 5158 1893 5211 tris-

319 5226 525 5295 tis,_ct
574 5224 750 5279 ofﬁcio
806 5236 973 5278 vacet.
1016 5245 1033 5275 ι
1106 5226 1202 5278 Cui
1241 5228 1659 5295 interpretationi
1690 5224 1896 5281 alludit

322 5293 765 5364 Sallieronymus
795 5297 1053 5349 adversus
1080 5293 1420 5364 Vigilantium
1463 5298 1579 5351 hmc
1617 5296 1890 5351 scribens:

328 5379 345 5437 ι
387 5363 677 5437 Monachus
719 5381 821 5437 non
853 5365 1094 5418 docentis
1123 5363 1267 5437 ,iscd
1310 5367 1609 5437 plangentis
1660 5366 1892 5422 officium

323 5432 504 5495 habet,
534 5434 620 5502 qui
650 5434 732 5488 vel
761 5449 836 5497 se,
864 5438 942 5486 vel
976 5436 1226 5498 mundum
1260 5432 1460 5502 lugeat,
1485 5447 1538 5490 et
1568 5439 1773 5490 Domini
1799 5453 1892 5504 pa-

323 5504 476 5556 vidus
531 5504 863 5576 praastoletur
901 5505 1209 5576 adventum.
1251 5507 1473 5576 D~Aiilef
1522 5508 1897 5576 etymologiam

323 5575 565 5625 rnonachi
589 5574 800 5628 deducit
832 5583 1014 5627 auctor
1062 5574 1152 5627 lib.
1184 5576 1249 5627 de
1282 5572 1653 5630 Erclesiastica
1686 5572 1900 5637 llierar-

321 5645 438 5693 t-hia
475 5640 623 5711 (Cap.
658 5645 734 5711 ti).
767 5644 1010 5698 nimirum
1040 5659 1067 5696 a
1100 5644 1261 5716 verbo
1299 5645 1490 5716 Grmco
1518 5648 1695 5716 μόνας,
1730 5647 1790 5703 id.
1820 5642 1900 5701 est

324 5722 513 5776 mutas,
553 5734 567 5761 ι
596 5717 731 5782 quod
766 5731 829 5766 ea;
859 5731 986 5784 pura
1018 5729 1104 5768 Scr
1144 5713 1269 5769 itum
1304 5714 1418 5777 Dei,
1451 5713 1689 5771 abdicata
1722 5732 1898 5775 rerum

1925 4921 1975 4979 D

2007 3627 2091 3687 e-t
2119 3633 2282 3673 unum
2306 3616 2445 3682 ﬁeri,
2475 3626 2528 3672 et
2554 3618 2617 3671 ad
2668 3632 2873 3670 sarram
2931 3617 3185 3670 unitatem
3219 3619 3513 3687 aggregari.
3560 3638 3580 3671 s

2001 3686 2171 3743 Simili
2196 3687 2354 3742 modo
2367 3696 2421 3742 et
2445 3687 2995 3756 sanctusAugustinus
3026 3689 3075 3741 in
3098 3686 3360 3752 psalmum
3381 3686 3581 3753 eux".

2001 3758 2088 3812 ubi
2139 3775 2369 3830 arguens
2400 3758 2735 3830 Donatistas:
2775 3775 2793 3808 ι
2831 3759 3042 3823 Merito,
3078 3756 3229 3821 infit,
3264 3758 3370 3812 illis
3396 3760 3583 3830 diSpli-

2000 3838 2084 3884 cet
2107 3829 2301 3885 nomen
2336 3829 2715 3883 monachorum
2744 3870 2758 3892 ,
2790 3831 2910 3895 quia
2947 3829 3018 3882 illi
3050 3830 3240 3881 nolunt
3265 3829 3502 3883 habitare
3529 3829 3581 3883 in

2001 3916 2164 3954 unum
2189 3916 2307 3953 cum
2342 3898 2614 3958 fratribus.
2647 3899 2737 3953 sed
2778 3909 3059 3965 sequentes
3091 3900 3371 3965 Donatum,
3420 3898 3581 3953 Chri-

2001 3979 2139 4024 stum
2162 3970 2498 4025 dimiserunt.
2526 3988 2543 4020 ι
2578 3969 2722 4023 Alias
2744 3972 3126 4039 monachorum
3156 3970 3507 4039 etymologias
3530 3979 3583 4023 et

2003 4041 2391 4107 appellationes
2443 4040 2638 4094 videsis
2688 4038 2825 4106 apud
2869 4038 3176 4093 Menardum
3230 4039 3281 4091 in
3331 4042 3470 4092 nmis
3513 4042 3577 4093 ad

2002 4126 2155 4164 ronc.
2191 4110 2375 4177 liegul.
2422 4110 2595 4176 capite
2639 4109 2816 4169 ternio,
2847 4108 2921 4177 ξι
2955 4153 2967 4176 ,
3002 4117 3055 4161 et
3094 4108 3232 4174 apud
3265 4107 3577 4162 Haeftenum

2001 4179 2091 4233 lib.
2128 4196 2180 4232 ιιι
2210 4181 2439 4247 Disquis.
2471 4189 2726 4239 mouast.,
2761 4186 2917 4230 tract.
2945 4181 2967 4231 ‘l
3002 4178 3230 4247 integro.

2076 4248 2307 4313 Quatuor
2322 4246 2441 4301 esse
2478 4265 2664 4319 genera
2694 4249 3016 4319 manifestum
3040 4246 3161 4317 est.]
3208 4247 3423 4302 Scili'et
3464 4262 3579 4303 cm—

2003 4321 2326 4383 nobitarum,
2359 4317 2823 4381 anachoretarum,
2856 4317 3238 4371 sarabaitarum
3267 4359 3280 4382 ,
3310 4328 3363 4371 et
3406 4333 3577 4387 gyro-

2007 4404 2293 4457 vagorum;
2339 4404 2404 4442 ex
2451 4389 2644 4456 quibus
2673 4387 2773 4440 tria
2808 4388 2982 4454 priora
3013 4388 3253 4457 agnoscit
3294 4388 3353 4443 S.
3390 4388 3577 4442 lliero-
3655 4436 3668 4449 ,

2001 4454 2298 4530 ηγῆιυθγθᾱ
2330 4454 2671 4530 Eustochium
2713 4458 2951 4530 scribens
2994 4454 3185 4527 (Epist.
3242 4457 3374 4530 29);
3416 4474 3578 4528 quar-

2002 4528 2111 4583 tum
2138 4529 2279 4582 enim
2312 4528 2427 4597 ejus
2447 4538 2685 4596 tempore
2712 4528 2944 4582 nondum
2980 4537 3221 4582 exortum
3255 4528 3441 4581 fuerat.
3472 4530 3575 4582 Ea-

1999 4599 2119 4657 dem
2159 4601 2318 4653 etiam
2370 4599 2576 4653 videtur
2622 4599 2883 4653 indicasse
2915 4598 2971 4654 S.
3028 4597 3261 4651 Joannes
3310 4598 3577 4653 Climacus

1999 4685 2120 4723 cum
2150 4669 2281 4723 dixit
2326 4669 2512 4735 (Grad.
2574 4670 2660 4734 l):
2713 4688 2731 4719 ι
2782 4669 2997 4733 Triplex
3029 4668 3246 4722 omnino
3292 4680 3373 4722 est
3402 4668 3575 4725 omnis

2000 4740 2261 4806 religiosa:
2288 4740 2409 4793 vita:
2430 4738 2567 4792 ratio
2591 4757 2604 4793 :
2648 4749 2704 4793 ut
2736 4737 2819 4791 vel
2848 4740 2994 4792 solus
3023 4748 3074 4791 et
3102 4738 3372 4792 solitarius
3394 4740 3574 4793 decor-

2003 4808 2159 4862 tandn
2186 4811 2354 4871 vivas,
2387 4810 2467 4861 vel
2500 4807 2607 4878 50
2634 4824 2751 4863 cum
2783 4823 2887 4860 uno
2928 4808 3163 4863 alterove
3192 4808 3383 4871 sodali,
3412 4809 3495 4863 vel
3519 4818 3577 4862 ut

2000 4879 2049 4930 in
2076 4879 2323 4933 coenobio
2347 4893 2467 4930 cum
2498 4880 2731 4945 pluribus
2750 4892 2845 4946 per
2874 4878 3177 4945 patientiam
3201 4883 3569 4948 conquiescas.

2005 4950 2178 5001 Primo
2209 4950 2349 5002 enim
2378 4950 2595 5018 denotat
2635 4950 3016 5011 anachoretas,
3040 4950 3126 5018 qui
3161 4948 3294 5010 soli;
3337 4949 3576 5003 secundo

2000 5018 2312 5081 sarabaitas,
2344 5018 2430 5087 qui
2461 5017 2568 5072 bini
2614 5029 2704 5072 aut
2732 5019 2898 5082 terni;
2932 5019 3091 5089 tertio
3120 5020 3413 5073 cmnobitas
3437 5060 3452 5083 ,
3484 5020 3574 5089 qui

2001 5102 2120 5141 cum
2147 5089 2384 5155 pluribus
2411 5089 2626 5157 degunt.
2657 5088 2761 5144 Sed
2794 5100 2847 5142 et
2888 5088 3025 5157 apud
3069 5088 3377 5145 Cassianum
3408 5088 3574 5144 abbas

2003 5157 2221 5231 Piamon
2243 5159 2428 5212 eadem
2461 5159 2565 5231 tria
2585 5159 2978 5231 monachorum
3007 5173 3199 5231 genera
3242 5161 3292 5214 in
3341 5159 3569 5231 Egypto

2000 5230 2268 5299 exstitisse
2297 5236 2516 5299 testatur
2547 5229 2753 5299 (Callet.
2786 5229 2870 5293 18,
2897 5245 3010 5295 cap.
3039 5230 3093 5293 4)
3122 5247 3133 5280 :
3169 5247 3187 5280 ι
3220 5229 3569 5297 (ιιιοιιιιηιάιιο

2001 5298 2367 5381 δυηξοριίιιιει,
2401 5297 2597 5381 inquit,
2634 5300 2862 5381 [tertium
2904 5314 3029 5381 vero
3062 5298 3294 5381 tepidum
3324 5309 3374 5354 et
3399 5301 3545 5381 omni

2006 5368 2177 5421 modis
2206 5368 2536 5439 evitandum.
2584 5388 2602 5420 ι
2629 5370 2883 5437 Quartum
2909 5369 3053 5422 addit
3082 5367 3319 5439 ejusdem
3337 5367 3548 5422 collatio

2002 5444 2084 5492 nis
2112 5453 2229 5503 cap.
2269 5440 2301 5492 8
2335 5438 2445 5491 suis
2487 5441 2811 5507 temporibus
2842 5438 3121 5502 exortum,
3146 5454 3330 5494 eorum
3376 5452 3568 5503 nempe

2005 5528 2021 5558 ι
2052 5508 2155 5577 (μή,
2184 5510 2251 5569 ιιι,
2284 5508 2584 5576 primordiis
2630 5511 2834 5563 fervore
2882 5510 3109 5577 quodam
3157 5509 3300 5577 brevi
3333 5507 3567 5561 cmnobii

2002 5576 2376 5646 perfectionem
2407 5578 2651 5632 videntur
2680 5576 2930 5647 expetere
2961 5620 2974 5641 ,
3010 5579 3101 5630 sed
3133 5576 3387 5631 continuo
3418 5583 3539 5643 tepe

1999 5649 2144 5714 facti,
2170 5648 2295 5710 dum
2331 5648 2577 5701 rristinos
2604 5662 2778 5702 mores
2800 5664 2863 5702 ac
2892 5650 3014 5700 vitia
3048 5660 3290 5700 resecare
3332 5654 3543 5697 contem

2002 5714 2153 5783 uun't,
2182 5734 2279 5772 nec
2307 5717 2488 5785 jugum
2518 5719 2824 5772 humilitalis
2851 5731 2910 5769 ac
2935 5716 3200 5783 patientiae
3236 5716 3431 5771 diutius
3454 5729 3571 5769 sus-
