4102 6360
586 334 679 389 251

1932 325 1987 378 S.
2029 324 2087 377 P.
2130 321 2486 377 BENEDICTI

3739 317 3853 376 232

586 462 741 547 quam
761 444 1087 500 deveniatad
1106 442 1481 513 perfectionem
1503 437 1996 506 contetnplativam.
2027 435 2150 490 Ideo
2183 441 2229 494 Λ
2259 441 2447 486 mortis
2479 433 2727 511 instantis
2758 430 3136 512 consideratio,
3165 432 3503 504 inexpetibile
3519 436 3708 489 orandi
3731 446 3854 490 stu-

589 519 602 547 l
628 527 767 547 ..ι-..ε
796 516 867 547 :tt;
913 516 1110 547 unita":
1144 515 1490 547 Auni-nunrnnl
1528 524 1591 547 ηρ
1616 508 1733 547 ninia
1780 506 2153 547 admittat-amr
2264 502 2432 547 dium-
2454 500 2695 547 custodia
2721 506 2800 547 sui
2829 504 3274 547 ιηριιιιιςῑιιςιιιίΙίςΔ
3308 506 3517 547 annm-ie
3533 506 3845 547 nntinMin,

626 527 770 587 atrvs
796 516 869 570 illi
911 506 1119 587 antiqui
1144 515 1496 568 decreverunt
1528 508 1734 587 nequis
1779 506 2153 587 admitteretur

588 587 647 638 ad
677 586 723 638 vi
752 602 835 639 am
859 579 1155 639 solitariam
1187 594 1239 636 et
1276 579 1768 655 con_tetnplaiivam,
1808 579 1911 655 nisi
1944 579 2157 655 exerci-

590 666 730 710 tatus
763 670 855 721 per
880 656 1064 708 decem
1093 665 1143 707 et
1164 663 1282 705 octo
1305 652 1385 705 vel
1408 650 1594 715 viginti
1628 663 1795 701 annos
1828 646 2159 721 in_operibus

592 717 863 779 charitatis
894 734 948 778 et
972 725 1199 779 serviziis
1222 722 1553 795 monasterii.
1594 739 1610 770 ι
1644 721 1853 795 E_x_q_u_o
1886 717 2004 770 loco
2023 728 2157 795 sus-

598 795 767 862 picari
826 795 949 848 licet
976 796 1297 857 scriptorum
1321 791 1521 845 incuria
1555 787 1702 862 apud
1727 788 1988 862 Isidorum
2023 787 2158 838 irre-

599 857 771 924 psisse
801 864 1069 927 mendum,
1091 873 1143 917 et
1172 878 1266 927 pro
1286 862 1354 915 Ξιι
1374 862 1601 929 positum
1637 858 1803 929 fuisse
1834 857 1934 929 50,;
1959 870 2080 929 nam
2108 862 2162 929 et

593 923 917 989 Possevinus
947 936 1035 987 lib.
1060 923 1094 985 ’ν
1131 923 1339 1004 llibliot.
1361 923 1387 997 ,’
1428 947 1543 1004 cap.
1572 928 1868 1004 57,_dcit_ans_
1898 927 2034 978 hunc
2068 923 2163 1004 lsi-

525 1020 534 1035 '
593 1006 708 1058 duri
743 1006 939 1063 lorum.
969 1004 1214 1059 absolute
1245 1003 1375 1068 legit
1409 1001 1612 1068 viginti.
1642 998 1770 1051 Illud
1802 1000 1964 1068 etiam
1994 997 2158 1062 proli-

598 1091 722 1128 xum
741 1075 993 1146 temporis
1015 1076 1243 1143 spatium
1271 1071 1335 1124 ad
1359 1067 1763 1146 quadriennium
1789 1067 1999 1146 reducit
2012 1074 2162 1146 sexta

596 1136 863 1211 synodus,
887 1136 1162 1215 edito'ltoe
1186 1136 1391 1215 canone
1428 1159 1438 1192 :
1472 1140 1622 1215 t_Qut_i
1675 1140 1790 1215 sive
1822 1139 1873 1190 in
1924 1136 2161 1215 urbibus,

597 1207 707 1269 sive
740 1215 788 1285 in
822 1214 957 1285 vicis,
998 1214 1051 1267 in
1093 1212 1360 1268 clausuris
1414 1210 1653 1285 solitaria
1704 1209 1889 1261 volunt
1938 1207 2164 1285 vivere,

602 1285 749 1347 prius
776 1281 1581 1355 ingredianturimonasterium
1604 1320 1620 1344 ,
1656 1290 1705 1332 et
1752 1294 1812 1355 ea
1866 1276 2169 1355 perdiscant

602 1300 1145 1404 prtusmgreuiantur
1196 1300 1620 1344 monaStertum,
1656 1300 1705 1332 et
1752 1300 1812 1359 ea
1867 1300 2167 1355 peruiscant

600 1369 714 1420 quae
744 1354 807 1406 ad
857 1369 976 1406 tauc
1025 1352 1458 1407 anachoreticam
1502 1358 1959 1426 conversationem
1992 1358 2167 1426 requi-

604 1419 808 1475 runtur.
842 1423 1148 1476 Triennium
1168 1424 1433 1490 integrum
1460 1419 1689 1474 emnobii
1712 1419 2002 1493 praeposito
2027 1419 2077 1467 itt
2105 1419 2172 1493 tif

602 1508 752 1546 more
787 1494 874 1546 Dei
908 1494 1256 1559 subiaceant,
1284 1486 1356 1545 vet
1399 1504 1677 1559 postquam
1711 1488 1763 1559 in
1791 1486 2060 1546 omnibus,
2096 1486 2167 1536 ιιιὶ

603 1564 772 1625 decet,
805 1558 1165 1615 obedientiam
1192 1558 1550 1628 evpleverint,
1576 1558 1944 1635 examinentur
1970 1570 1999 1608 a
2035 1568 2169 1635 pra:-

601 1634 733 1705 sule,
766 1642 939 1705 utrum
967 1648 1070 1705 _spo
1094 1643 1168 1705 tte,
1202 1648 1291 1683 sua
1322 1642 1374 1684 et
1400 1648 1459 1684 et
1500 1638 1610 1705 toto
1639 1628 1809 1705 corde
1840 1628 2169 1705 propositum

605 1695 978 1768 hocamplecti
1006 1695 1349 1763 desiderent,
1385 1709 1437 1753 et
1483 1702 1560 1753 sic
1591 1698 1979 1768 professionem
2014 1695 2173 1763 hujus

604 1766 834 1861 itts‘tituti
872 1772 1091 1861 faciztlnt,
1144 1788 1239 1824 nec
1285 1772 1568 1861 sic'tamcn
1592 1770 1769 1822 Statim
1804 1766 2162 1861 includantur,
2202 1802 2242 1861 Β

608 1843 699 1893 sed
730 1856 920 1894 annum
952 1842 1124 1895 adhuc
1153 1853 1301 1895 extra
1333 1842 1567 1895 clausam
1597 1846 1960 1901 permaneant,
1993 1845 2048 1888 ιιι
2075 1849 2167 1888 eo-

608 1926 722 1963 runt
757 1912 979 1964 intentio
1007 1912 1204 1965 certius
1239 1913 1533 1964 innotescat
1558 1907 1652 1976 (Ca
1677 1930 1710 1961 '.
1744 1906 1857 1974 41).
1894 1926 1910 1956 ι

680 1979 843 2043 llujus
868 1981 1088 2033 instituti
1122 1983 1379 2035 rationem
1425 1979 1692 2039 familiari,
1718 1978 1810 2029 sed
1841 1988 2016 2028 tamen
2049 1987 2166 2042 apta

609 2049 954 2103 similitudine
977 2052 1113 2104 hanc
1142 2052 1311 2103 reddit
1333 2050 1390 2104 S.
1420 2050 1654 2103 Joannes
1683 2047 1949 2100 Climacus
1982 2044 2167 2114 (αι-πά.

608 2119 679 2188 tv)
707 2138 723 2195 _:
762 2139 778 2169 ι
824 2120 882 2195 [lt
933 2122 1221 2195 perieulum
1249 2121 1426 2195 tironi
1456 2120 1704 2195 imperito
1750 2117 2016 2195 militique
2045 2131 2168 2195 gre-

608 2186 754 2257 gario
782 2186 1011 2255 seipsum
1042 2192 1215 2244 duello
1237 2186 1625 2266 committere,_
1660 2188 1735 2240 sic
1775 2187 1890 2266 viro
1910 2186 2173 2266 religioso

610 2256 729 2315 ante
758 2268 906 2328 capta
954 2263 1351 2327 experimenta,
1408 2268 1463 2313 et
1520 2260 1740 2312 multam
1775 2258 1824 2309 in
1861 2256 2174 2328 edomandis

611 2330 769 2405 attimi
796 2325 1070 2405 affectibus
1117 2332 1551 2405 exercitationem
1572 2370 1585 2390 ,
1620 2329 1782 2405 plena
1810 2325 2027 2405 periculi
2058 2327 2170 2405 alea

611 2410 691 2452 est
720 2403 769 2453 in
794 2402 1127 2454 solitudinem
1153 2402 1401 2454 secedere
1428 2417 1441 2460 ;
1479 2409 1534 2452 ιιι
1556 2401 1697 2452 enim
1730 2396 1819 2450 ille
1849 2395 1914 2447 de
1943 2396 2070 2455 vita,
2100 2396 2175 2448 sic

611 2470 709 2523 iste
733 2472 795 2524 de
827 2472 992 2524 salute
1017 2484 1211 2523 aeterna
1234 2471 1582 2535 periclitatur.
1616 2488 1633 2519 ι
1669 2467 1863 2535 Eodem
1895 2479 2172 2535 argumen-

614 2549 667 2591 to
692 2541 935 2593 utebatur
966 2543 1021 2594 S.
1044 2533 1379 2594 Thetiditsius
1401 2537 1791 2594 Cmnohiarcha
1818 2533 1909 2604 (In
1939 2535 2049 2604 ejus
2068 2534 2172 2588 Vit.

615 2626 637 2660 τ
660 2628 723 2677 ηρ.
746 2610 812 2673 2;
842 2610 974 2663 Ball.
1010 2612 1068 2664 Η
1095 2615 1259 2681 jam).
1286 2610 1432 2663 Adde
1456 2609 1593 2676 quod
1627 2606 1969 2681 anachoresis
1999 2606 2173 2672 iniugt

615 2694 790 2732 rerum
821 2677 1116 2734 caelestium
1140 2677 1585 2747 contemplatione
1616 2677 1878 2735 consistit.
1905 2677 1969 2728 ad
1994 2691 2175 2744 quam,

616 2750 714 2801 nisi
750 2750 940 2814 praevia
973 2751 1025 2803 itt
1056 2750 1315 2805 coenobiis
1365 2754 1534 2803 activa
1582 2750 1683 2801 vita
1712 2788 1725 2808 ,
1761 2747 2024 2816 perveniri
2070 2762 2172 2799 non

617 2830 790 2887 porest
816 2861 828 2881 ,
861 2829 915 2872 ut
960 2822 1114 2876 docet
1159 2822 1292 2873 inter
1325 2822 1458 2875 alios
1498 2820 1634 2888 apud
1680 2815 2177 2888 Cassianumabbas

617 2888 866 2943 New-ros
908 2891 1085 2944 ct-Ilat.
1121 2892 1205 2955 Η,
1236 2906 1281 2945 c.
1319 2894 1383 2956 εὶς
1414 2903 1467 2945 et
1499 2886 1547 2943 in
1575 2890 1772 2958 Regula
1804 2886 2174 2958 Solitariorum

617 2959 935 3036 Grimlaicus
986 2961 1065 3036 his
1109 2961 1331 3036 verbis:
1368 2981 1384 3012 ι
1419 2962 1496 3016 Ad
1546 2957 1808 3036 fastigium
1852 2957 2179 3036 contempla;

617 3031 733 3082 liv."
769 3046 799 3080 v
828 3040 893 3082 t.e
924 3031 1162 3099 quisquis
1203 3042 1427 3085 conatur
1466 3029 1778 3093 ascendere,
1830 3029 2176 3099 semetipsum

616 3100 773 3158 debet
802 3096 952 3168 prius
1000 3096 1093 3169 per
1151 3102 1312 3155 multa
1359 3104 1717 3169 ettperimenta
1770 3098 2034 3169 inactiva
2072 3096 2175 3169 vita

624 3166 866 3235 probare.
900 3190 918 3222 ι
948 3166 1061 3224 Jam
1086 3188 1210 3223 vero
1234 3172 1351 3235 quia
1386 3166 1487 3224 non
1510 3184 1696 3224 omnes
1726 3168 1813 3236 qui
1842 3166 1894 3218 in
1923 3166 2179 3237 C(Bttobiis
2214 3173 2257 3237 ρ

618 3252 999 3295 conversatttur
1028 3246 1187 3294 etiam
1226 3242 1390 3293 multo
1440 3251 1729 3315 tempore;
1756 3237 1886 3315 ideo
1933 3235 2185 3315 meliores

618 3311 869 3373 evadunt,
898 3320 991 3363 aut
1034 3312 1419 3363 anachoretica:
1462 3305 1581 3363 vita:
1626 3305 2190 3376 “judicattturidu-

620 3381 700 3432 nei
721 3422 735 3443 ,
774 3395 913 3436 nunc
940 3380 1220 3433 videndum
1255 3391 1331 3432 est
1359 3385 1445 3446 qui
1474 3388 1525 3432 et
1550 3379 1733 3445 quales
1762 3376 1826 3429 ad
1868 3390 1988 3446 eant
2019 3392 2048 3428 e
2076 3390 2188 3431 ca:-

621 3452 796 3503 nohiis
823 3450 1171 3503 transferendi
1200 3460 1344 3516 sunt,
1378 3445 1427 3502 id
1459 3450 1595 3519 quod
1644 3448 1839 3500 indicat
1878 3447 1934 3501 S.
1969 3445 2190 3503 Benedi-

623 3528 734 3571 ctus
762 3536 880 3571 cuut
912 3520 1055 3572 addit
1090 3537 1103 3574 :

696 3586 992 3640 Didicermtt
1037 3600 1215 3642 contra
1265 3590 1523 3643 diabolum
1554 3590 1829 3640 multorum
1859 3587 2051 3643 solatia.
2074 3587 2190 3656 jam

626 3658 764 3710 docti
796 3658 1062 3727 pugnarel.
1096 3660 1246 3725 Quod
1299 3660 1517 3724 perinde
1546 3670 1625 3711 est
1664 3673 1726 3712 ac
1773 3660 1813 3712 si
1844 3658 2065 3719 diceret,
2099 3659 2185 3720 qui

630 3727 770 3779 vitiis
793 3728 1039 3781 utnnibus
1071 3739 1359 3794 superatis,
1394 3729 1674 3781 virtutibus
1700 3729 1903 3787 cunctis
1933 3737 2186 3795 quantum

628 3798 826 3863 patitur
858 3803 1083 3851 humana
1121 3799 1374 3867 fragilitas
1406 3798 1612 3861 imbuti,
1641 3797 1749 3866 iam
1782 3799 2049 3856 diabolum
2084 3814 2188 3859 non

632 3868 845 3923 timent:
902 3869 1032 3922 tales
1063 3871 1200 3923 enim
1236 3878 1419 3923 contra
1448 3869 1714 3922 diabolum
1746 3869 2045 3929 didicerunt
2098 3886 2191 3934 pn-
2218 3868 2227 3874 ’

628 3951 807 4007 gnare,
840 3948 890 3990 et
944 3954 1123 3992 revera
1172 3945 1300 3994 ta‘es
1353 3940 1573 4006 requirit
1618 3954 1866 3992 rremus:
1903 3956 1920 3988 ι
1961 3938 2035 3990 De
2068 3938 2191 3990 Indo

632 4010 1076 4062 monasteriorum
1112 4009 1412 4079 huiusmodi
1446 4012 1686 4062 volumus
1714 4008 1942 4079 ingredi
1971 4008 2186 4071 milites,

628 4093 759 4136 quos
783 4079 947 4131 eremi
1001 4079 1128 4132 dttra
1160 4077 1456 4134 rudimenta
1490 4096 1595 4133 nun
1627 4087 1863 4133 terreant
1884 4120 1899 4139 ,
1932 4077 2101 4143 inquit
2131 4079 2187 4131 S.

638 4147 988 4217 Hieronymus
1019 4150 1209 4219 (Epist.
1239 4151 1320 4220 4),
1350 4154 1436 4218 qui
1470 4151 1738 4218 specimen
1770 4148 2191 4206 conversationis

596 4238 601 4251 ι
628 4232 737 4269 suto
770 4220 1194 4286 tunltotempore
1222 4222 1585 4287 dederint,qui
1609 4222 1841 4273 omnium
1871 4220 2065 4271 fuerint
2097 4220 2194 4272 titi-

630 4288 781 4347 ttimi,
819 4301 871 4340 ut
899 4290 1045 4354 primi
1081 4293 1316 4343 omnium
1352 4295 1558 4350 fierent.
1590 4305 1722 4356 quos
1746 4304 1841 4343 nec
1870 4288 2074 4342 esuries
2092 4289 2187 4341 ali-

630 4359 865 4428 quando,
900 4375 995 4413 nec
1054 4362 1300 4413 saturitas
1344 4360 1675 4428 superaverit
1706 4401 1719 4421 ,
1761 4359 1847 4426 qui
1881 4368 2191 4425 paupertate

632 4427 898 4492 laetantur,
930 4445 1152 4496 qtturttnt
1187 4427 1421 4493 habitus,
1461 4444 1659 4490 sermo,
1696 4430 1891 4493 vultus,
1927 4429 2186 4496 incessus,

629 4497 867 4549 doctrina
898 4495 1143 4551 virtutum
1174 4513 1286 4556 est:
1317 4520 1333 4549 ι
1365 4511 1422 4551 et
1460 4497 1743 4551 Cassianus
1768 4496 1907 4558 (Lib.
1939 4514 1967 4549 v
1993 4495 2188 4559 Ιηιιὶιη

2264 500 2696 571 dium,cuslodia
2721 506 2800 553 sui
2829 500 3517 571 inexpugttabilis,'veneris
3533 506 3849 567 exstinctio.

2264 570 2652 639 appetitionum
2689 570 3009 638 ignorantia,
3036 570 3239 627 ’mundi
3266 589 3431 638 mors,
3485 576 3687 629 nullum
3738 576 3850 629 cibi

2260 640 2751 702 desiderium,fnns
2792 642 3155 705 discretionis,
3209 645 3567 707 lacrymarum
3597 646 3850 707 facultas,

2266 710 2607 784 loquacitatis
2626 714 3025 784 exterminatio.
3076 722 3131 784 et
3157 715 3223 784 _si
3257 714 3384 784 quid
3412 715 3511 767 hoc
3540 729 3712 783 genus
3740 726 3849 774 est.

2264 780 2403 849 quod
2434 780 2600 833 turbis
2627 790 2710 834 est
2733 782 2994 848 ingratum
3016 792 3067 834 et
3094 780 3364 837 infestum.
3392 800 3411 836 ι
3463 785 3526 837 Et
3545 780 3681 838 ante
3707 786 3849 837 haec:

2271 868 2289 900 ι
2328 850 2617 925 Nemoirte
2641 862 2699 925 et
2722 852 2936 925 elationi
2962 852 3148 925 animi,
3168 864 3229 925 iet
3256 854 3607 917 simulationi,
3630 870 3729 925 seu
3752 855 3851 925 hy-

2270 919 2465 985 pocrisi
2498 922 2575 987 (et
2604 921 2722 973 aliis
2743 919 3044 988 huiusmodi
3069 923 3233 983 vitiis)
3264 925 3526 977 obnoxius
3573 924 3771 978 audeat
3791 919 3852 977 in

2268 989 2610 1043 solitudinem
2637 990 2915 1059 vestigium
2942 1006 3159 1058 ponere.
3200 1010 3217 1043 ι
3272 994 3336 1047 Et
3359 995 3547 1048 iterum
3586 995 3853 1048 rationem

2272 1059 2502 1113 reddens
2531 1078 2542 1111 :
2578 1079 2595 1109 ι
2648 1064 2745 1125 Qui
2779 1062 2979 1114 morbis
3008 1062 3169 1115 animi
3220 1064 3442 1124 laborat.
3474 1073 3531 1117 et
3561 1074 3738 1117 tamen
3770 1066 3852 1115 vi-

2271 1138 2375 1201 tam
2423 1130 2717 1182 solitariam
2739 1130 2897 1185 audet
2923 1134 3160 1199 aggredi,
3194 1132 3416 1201 perinde
3441 1133 3565 1186 facit
3590 1149 3655 1187 ac
3679 1136 3769 1201 qui
3798 1135 3855 1186 in

2272 1198 2382 1251 alto
2408 1202 2540 1251 mari
2570 1214 2634 1252 ex
2672 1203 2788 1252 navi
2818 1198 2998 1253 desilit
3028 1203 3079 1255 in
3110 1198 3323 1269 fluctus,
3372 1212 3425 1257 et
3449 1208 3498 1255 in
3526 1198 3709 1257 tabula
3736 1206 3858 1257 exi-

2271 1269 2522 1340 stimatse
2545 1270 2660 1340 sine
2691 1270 2990 1337 periculoin
3018 1282 3223 1339 portum
3251 1288 3562 1334 evasurum;
3587 1291 3604 1323 ι
3630 1282 3685 1326 et
3706 1274 3856 1340 quia.

2272 1348 2329 1410 ut
2355 1339 2431 1391 ait
2457 1339 2738 1393 Cassianus
2767 1382 2780 1401 ,
2812 1341 3041 1394 solitudo
3071 1360 3088 1391 ι
3124 1357 3307 1395 eorum
3340 1343 3429 1410 qui
3460 1344 3634 1395 mintts
3664 1339 3859 1397 emen-

2275 1409 2380 1462 dati
2413 1419 2557 1473 sunt,
2606 1411 2727 1463 vitia
2780 1426 2884 1464 non
2934 1413 3103 1464 solum
3133 1409 3389 1474 servare,
3446 1428 3629 1465 verum
3686 1414 3857 1467 etiam

2276 1492 2599 1547 exaggerare
2629 1486 2925 1533 consuevit.
2961 1499 2978 1531 ι
3015 1482 3120 1536 Sed
3150 1482 3217 1535 de
3242 1484 3322 1535 his
3346 1484 3495 1535 satis.

2345 1548 2582 1601 Notanda
2606 1559 2729 1601 sunt
2756 1563 2928 1603 autem
2962 1552 3129 1604 sancti
3184 1552 3453 1605 Benedicti
3485 1552 3680 1605 verba:
3714 1550 3861 1603 Muto

2275 1628 2445 1690 terunt
2464 1619 2677 1682 solatio;
2722 1635 2825 1673 non
2859 1620 2985 1673 dicit
3026 1622 3205 1674 eximii
3256 1622 3482 1690 alicujus
3533 1623 3735 1683 Patris,
3763 1633 3862 1674 aut

2277 1688 2560 1757 singularis
2582 1691 2799 1743 alterius
2821 1691 2953 1743 socii
2995 1692 3279 1758 adiutorio,
3304 1688 3699 1745 sed—multorum
3718 1736 3732 1757 ,
3770 1694 3855 1743 in-

2277 1761 2413 1827 quit,
2445 1758 2627 1829 solqtt’o
2660 1761 2761 1825 iam
2790 1760 2929 1815 docti
2963 1776 2976 1812 :
3019 1764 3143 1827 quia
3166 1801 3181 1820 .
3213 1772 3268 1813 ut
3296 1762 3509 1815 dicebat
3537 1762 3674 1829 apud
3727 1761 3863 1814 Cas-

2272 1830 2478 1902 sianum
2622 1831 2881 1883 Antonius
2928 1829 3066 1899 (Lib.
3102 1846 3130 1882 v
3160 1829 3292 1883 Inst.
3323 1848 3370 1886 c.
3397 1831 3452 1902 αἱ)
3489 1851 3499 1883 :
3549 1827 3703 1897 (Qui
3738 1841 3865 1895 post

2273 1899 2591 1969 ctenobitale
2640 1902 2967 1968 propositum
3024 1901 3227 1969 fastigia
3286 1899 3475 1955 nititur
3518 1903 3861 1955 sublitnioris

2276 1968 2619 2048 perfectionis
2647 1973 2954 2050 attingere,
3007 1979 3062 2024 et
3124 1968 3459 2050 apprehenso
3505 1970 3860 2050 discretionis

2273 2040 2523 2110 examine
2549 2043 2763 2107 proprio
2792 2040 2901 2109 iam
2932 2052 3119 2103 pOIens
3148 2053 3231 2096 est
3260 2052 3402 2096 stare
3429 2043 3650 2110 ittdicio,
3693 2052 3863 2109 atque

2278 2108 2343 2160 ad
2377 2122 2553 2162 arcem
2578 2110 2973 2180 anachoreseos
3005 2113 3309 2180 pervenire,
3345 2108 3561 2166 llliftlme
3601 2108 3864 2166 detet’ab

2277 2191 2381 2230 uno
2420 2178 2665 2251 quamvis
2692 2196 2920 2251 summo
2946 2178 3195 2235 universa
3243 2184 3496 2235 virtutum
3536 2197 3735 2251 genera
3762 2197 3861 2235 ex-

2279 2257 2465 2320 petere
2486 2247 2625 2320 £7;
2657 2249 2791 2304 alius
2832 2252 2972 2303 enim
3004 2253 3241 2307 scientize
3274 2251 3494 2306 floribus
3536 2247 3861 2311 exornatur.

2278 2341 2287 2365 .
2312 2317 2414 2371 lter
2437 2317 2774 2374 discretionis
2797 2322 3002 2376 ratione
3019 2324 3289 2375 robusuus
3311 2325 3692 2386 comminuitur,
3721 2324 3863 2374 alter

2280 2388 2547 2456 patientia:
2569 2391 2827 2457 gravitate
2853 2392 3120 2455 fundatur,
3142 2394 3277 2445 alius
3303 2394 3636 2451 humilitatis.
3658 2404 3765 2445 etc.
3788 2408 3803 2454 ;
3836 2412 3853 2441 ι

2280 2472 2344 2529 ex
2374 2457 2567 2526 quibus
2587 2460 2847 2514 inferebat
2878 2480 2894 2511 ι
2928 2463 3246 2515 monachum
3275 2463 3707 2529 spiritaliautella
3727 2477 3861 2515 con—

2280 2526 2407 2581 dere
2436 2530 2759 2598 cupientem,
2785 2532 2928 2603 velut
2959 2546 3110 2599 apem
3141 2526 3629 2597 prudentissimam,
3656 2532 3861 2585 debere

2285 2613 2712 2670 unamquamque
2744 2613 2992 2655 vntutem
3039 2602 3106 2654 ab
3146 2603 3226 2657 his
3260 2604 3345 2670 qni
3380 2619 3497 2655 eam
3544 2603 3862 2655 familiarius

2281 2670 2557 2791 gossident
2596 2669 2891 2739 deuorare,
2940 2681 2990 2725 et
3040 2673 3091 2724 in
3121 2676 3202 2726 sui
3249 2669 3478 2741 pectoris
3513 2687 3636 2725 vase
3664 2686 3863 2726 recon-

2319 2754 2429 2791 ere.
2472 2757 2489 2789 ι

2319 2754 2429 2791 ere.
2472 2757 2489 2789 ι

2356 2807 2420 2859 Et
2463 2810 2583 2861 bene
2630 2810 2872 2883 instructi
2918 2813 3143 2881 fraterni
3197 2830 3259 2867 ex
3286 2816 3394 2867 acie
3428 2814 3495 2867 ad
3543 2815 3863 2883 singularem

2284 2894 2507 2953 Pl‘gi’m'"
2539 2883 2711 2953 (τουδί.
2744 2879 2875 2953 at]
2919 2879 2999 2935 Ex
3040 2884 3139 2937 hic
3167 2898 3297 2952 ergo
3341 2886 3458 2937 loco
3483 2879 3691 2938 constat
3720 2886 3862 2951 quiid

2284 2949 2514 3001 diximus
2544 2952 2595 3003 itt
2630 2949 2875 3018 prologo,
2888 2963 2939 3006 et
2962 2949 3332 3007 cmttobiticattt
3357 2965 3410 3009 et
3431 2949 3863 3007 anachoreticam

2284 3022 2444 3071 vitam
2477 3032 2784 3086 perpetuam
2808 3038 2928 3076 esse
2968 3023 3232 3087 militiam,
3260 3040 3379 3079 cum
3420 3026 3520 3080 hoc
3549 3035 3722 3078 tamen
3754 3023 3866 3076 dis-

2283 3090 2524 3152 crimine,
2557 3094 2697 3157 quod
2750 3096 2847 3144 ista
2890 3095 3238 3160 periculosior
3279 3099 3368 3159 sit,
3420 3096 3507 3148 illa
3561 3095 3768 3147 facilior
3810 3104 3866 3145 et

2291 3162 2481 3233 tutior;
2515 3168 2672 3233 ‘quot
2708 3162 2925 3233 quidem
2969 3164 3255 3218 discrimen
3301 3167 3572 3233 eleganter
3608 3164 3867 3217 describit

2293 3228 2481 3282 Petrus
2514 3230 2834 3285 Vt-netabilis
2866 3232 2929 3285 ad
2958 3233 3308 3287 Gislebertum
3336 3228 3608 3289 erctnitani
3634 3237 3711 3287 sic
3734 3234 3867 3287 seti-

2291 3300 2424 3370 ltens
2454 3298 2589 3365 (Lib.
2626 3316 2663 3363 ι,
2694 3302 2842 3369 epist.
2864 3302 2957 3370 20)
2993 3320 3003 3354 :
3045 3321 3061 3353 ι
3110 3304 3479 3358 Claustralium
3506 3306 3867 3359 communiter

2293 3369 2579 3422 viventium
2607 3371 2930 3445 cohabitatio
2965 3387 3257 3445 castrorum
3291 3378 3353 3427 ad
3388 3391 3614 3445 pugnant
3650 3375 3867 3427 ordina-

2293 3449 2463 3491 turuttt
2514 3441 2839 3514 multitudini
2891 3443 3101 3497 videtur
3132 3441 3482 3514 comparari;
3504 3448 3588 3499 ubi
3639 3447 3867 3513 quisque

2292 3519 2436 3583 tanto
2462 3512 2707 3583 securius
2728 3514 2981 3566 adversus
3007 3512 3368 3568 adversarium
3396 3517 3635 3582 dimicat,
3663 3512 3867 3583 quanto

2291 3580 2390 3633 sibi
2426 3582 2646 3653 vicinius
2670 3582 2989 3649 adiutorium
3020 3584 3087 3638 de
3126 3583 3502 3640 commilitonis
3528 3580 3716 3640 deum
3744 3601 3866 3653 spe-

2292 3650 2493 3723 rat;wiu
2537 3652 2630 3704 illo
2656 3658 2795 3705 enim
2838 3656 3017 3721 pr.e|in
3048 3670 3152 3707 non
3195 3660 3364 3708 solum
3407 3658 3474 3710 de
3503 3672 3595 3711 sita
3638 3650 3866 3723 quilibet

2294 3722 2561 3788 praliator
2609 3724 2799 3776 virtute
2849 3726 3141 3792 priesumit,
3183 3728 3275 3778 sed
3313 3728 3471 3779 etiam
3525 3728 3592 3781 de
3638 3722 3865 3780 aliorum

2291 3797 2508 3865 tfex.era
2543 3792 2778 3861 latvaque
2814 3796 3281 3865 compugnandum
3324 3798 3523 3851 viribus
3549 3800 3867 3865 quandoque

2293 3863 2460 3927 magis
2481 3878 2637 3930 quam
2669 3872 2735 3917 de
2765 3864 2875 3917 suis
2905 3870 3121 3918 confidit
3154 3885 3165 3919 :
3204 3868 3442 3920 laborant
3469 3867 3539 3922 ibi
3566 3863 3873 3933 singuli.et

2293 3934 2455 4011 saluti
2479 3935 2924 4011 sua:_ittsiifiaiites
2956 3937 3236 4011 perimere.
3261 3948 3312 4011 et
3334 3938 3667 4011 coadjatnres
3692 3938 3866 3991 modis

2293 4005 2543 4076 omnibus
2576 4004 2884 4076 defensare;
2928 4021 3025 4059 nec
3067 4009 3238 4059 minus
3270 4004 3567 4076 intelligunt
3603 4012 3654 4060 ιιι
3695 4019 3877 4061 morte.

2294 4075 2557 4126 SOCiONIIIl
2604 4075 2922 4142 periculum,
2954 4091 3109 4141 quam
3140 4081 3188 4130 in
3229 4082 3328 4130 vita
3364 4075 3699 4131 inimicorum
3745 4093 3866 4133 sett-

2296 4145 2429 4195 tittnt
2457 4144 2854 4205 detrimentum.
2890 4149 2956 4198 At
2976 4148 3279 4205 solitudinis
3301 4148 3567 4216 singulare
3587 4158 3860 4202 certamen

2296 4222 2440 4286 tanto
2474 4216 2819 4286 periculosius
2847 4218 3018 4285 agitur
3037 4228 3232 4286 quatttu
3262 4222 3433 4272 serius
3462 4220 3691 4271 alienum
3715 4220 3868 4281 auxi-

2296 4284 2421 4356 lium
2452 4284 2712 4341 dimicans
2747 4284 3116 4355 prmstolatur;
3145 4290 3391 4356 quodque
3420 4290 3655 4356 periculo
3684 4304 3866 4345 accre-

2294 4354 2413 4413 scit.
2449 4370 2571 4414 non,
2608 4368 2661 4406 ut
2694 4354 2755 4408 in
2781 4362 2894 4410 acie
2926 4357 3036 4419 fieri
3061 4361 3220 4421 solet,
3251 4354 3399 4411 multi
3423 4354 3607 4411 contra
3640 4360 3864 4414 multos:

2296 4438 2416 4485 nec,
2466 4435 2521 4477 ut
2553 4427 2600 4476 in
2640 4426 2842 4489 duello,
2877 4442 3012 4479 unus
3046 4438 3227 4480 centra
3267 4445 3449 4493 unum,
3490 4429 3581 4481 sed
3612 4430 3868 4488 inusitato

2303 4508 2395 4558 pra
2416 4494 2574 4547 liandi
2609 4512 2755 4557 more
2776 4499 2921 4550 solus
2947 4507 3127 4549 contra
3161 4498 3434 4563 plurimos,
3458 4509 3510 4552 et
3541 4514 3787 4563 numero,
3814 4509 3867 4551 et

630 4580 676 4616 ε.
709 4566 799 4633 36)
836 4585 847 4620 :
877 4586 894 4616 α
926 4571 1022 4634 Qui
1057 4570 1107 4621 in
1140 4569 1398 4624 ctenohiis
1442 4567 1667 4636 primum
1719 4556 2017 4620 diutissime
2044 4556 2193 4629 com}
2228 4556 2272 4613 υ
2304 4556 2496 4636 vittate
2527 4556 2837 4631 prtestantes
2867 4568 3024 4620 dubia
3051 4556 3321 4623 sub'sorte
3348 4556 3637 4622 Contendit.
3676 4588 3694 4619 ι

631 4649 918 4707 morantes.
950 4643 1198 4707 omnique
1230 4641 1497 4705 patientia:
1548 4651 1611 4689 ac
1648 4637 1985 4691 discretionis
2015 4644 2193 4706 regu'a

628 4706 909 4776 diligenter
938 4710 1134 4773 edocti,
1170 4710 1479 4763 humilitatis
1504 4711 1701 4776 pariter
1728 4721 1790 4760 ac
1812 4707 2062 4760 nuditatis
2091 4710 2195 4761 vir-

630 4786 738 4829 tute
762 4793 1028 4845 po-sessa,
1056 4790 1213 4847 atque
1244 4782 1306 4832 ad
1341 4794 1529 4847 purum
1560 4777 1808 4830 vitiorum
1855 4779 2193 4837 universitate

628 4858 982 4913 consumpta.
1028 4850 1326 4903 durissimis
1365 4850 1666 4902 daemonum
1718 4848 1909 4914 pt-teliis
1942 4863 2192 4917 congres-

630 4917 741 4986 suri
797 4929 1073 4984 penetrant
1112 4921 1275 4973 eremi
1316 4919 1576 4986 profunda
1626 4930 1861 4982 secreta;
1901 4936 1919 4968 ι
1969 4929 2022 4971 et
2069 4920 2190 4972 alibi

630 4983 764 5050 (Lib.
796 4983 879 5040 vni
910 4986 1043 5040 Inst.
1073 5005 1115 5041 ι’.
1150 4990 1237 5056 l7)
1272 5006 1285 5042 :
1317 4983 1333 5040 ι
1372 4989 1620 5043 Eremum
1649 4990 1911 5056 perfectos
1942 4992 2194 5055 omnique

629 5056 757 5106 vitio
790 5068 1037 5124 purgatos
1073 5070 1281 5125 oportet
1325 5070 1605 5126 expetere.
1642 5070 1695 5113 et
1723 5064 1954 5112 excoctis
1992 5058 2056 5110 ad
2100 5074 2190 5125 pu-

630 5139 741 5196 rum
775 5125 827 5177 itt
855 5131 1266 5196 tuiigregatione
1294 5129 1512 5181 fratrum
1538 5130 1702 5190 vitiis,
1730 5145 1832 5180 non
1852 5129 2193 5196 pusillanimi-

626 5195 745 5245 tatis
779 5196 1018 5261 perfugio
1044 5195 1071 5259 ,
1104 5199 1195 5249 sed
1226 5200 1417 5249 divinat
1476 5195 1938 5264 contemplationis
1970 5201 2188 5251 obtentu

622 5274 673 5336 ct
693 5265 959 5318 desiderio
994 5266 1214 5321 intuitus
1244 5268 1570 5321 Stthlintioris
1602 5269 1820 5333 intrate,
1848 5272 1931 5336 qui
1960 5283 2062 5321 non
2093 5268 2190 5320 nisi

625 5333 675 5407 in
708 5336 995 5407 solitudine
1026 5352 1051 5385 a
1093 5338 1341 5401 perfectis
1394 5338 1732 5390 solummodo
1764 5333 1956 5405 poterit
1997 5353 2192 5407 appre-

626 5404 813 5458 hendi.
849 5425 864 5453 ι
903 5407 1223 5458 atomnium
1267 5410 1683 5461 lut‘ttlentissime
1732 5404 1786 5460 Sr.
1821 5404 2051 5462 Joannes
2070 5404 2187 5461 Cli-

624 5488 805 5545 manus
834 5473 1020 5543 (Grad.
1049 5475 1139 5545 27)
1165 5495 1175 5529 :
1206 5496 1222 5526 ι
1243 5478 1397 5542 Signa
1427 5490 1475 5530 ιιι
1505 5493 1836 5545 argumenta,
1870 5495 1959 5531 seu
1984 5493 2127 5531 exert
2151 5480 2189 5530 i-

624 5543 715 5594 tati
742 5560 848 5595 nes
892 5559 1077 5597 eorum
1124 5543 1212 5615 qui
1246 5564 1346 5601 non
1394 5552 1507 5601 sine
1534 5543 1690 5602 causa
1740 5550 2076 5601 solitudinem
2103 5565 2183 5601 se-

620 5624 869 5684 quuntur,
925 5615 1037 5669 hanc
1068 5629 1188 5670 sunt
1251 5635 1261 5669 :
1325 5634 1470 5672 mens
1520 5620 1675 5671 nullis
1731 5618 2183 5684 perturbationum

619 5681 862 5758 fluctibus
885 5686 1099 5754 agitata,
1125 5689 1472 5758 cogitationes
1496 5706 1683 5754 casszr,
1710 5681 1891 5754 raptus
1920 5690 1969 5740 iii
1996 5688 2181 5748 Deum,

618 5752 993 5820 suppliciorum
1029 5752 1347 5811 teternorum
1379 5774 1613 5831 ill'il‘SCﬂS
1659 5752 1872 5825 semper
1903 5762 2181 5826 memoria,

2373 4634 2445 4687 Ex
2478 4637 2574 4688 hoc
2604 4649 2763 4688 etiam
2798 4649 2997 4690 sancta:
3044 4639 3257 4704 Regula:
3285 4639 3583 4692 testimonio
3612 4640 3776 4693 infert
3806 4639 3861 4691 Β.

2302 4704 2485 4777 Petrus
2512 4705 2751 4759 Damiani
2776 4707 2833 4760 S.
2856 4708 3193 4762 Benedictum
3221 4726 3324 4762 non
3349 4709 3505 4764 modo
3532 4711 3865 4777 permisisse.

2299 4776 2391 4829 sed
2431 4786 2485 4847 et
2530 4779 2764 4847 suasisse
2814 4778 2922 4831 Suis
2970 4779 3380 4840 anachorcsim;
3420 4776 3543 4833 nam
3585 4791 3867 4847 p05tqnant

2300 4846 2549 4915 praedicta
2572 4846 2627 4899 S.
2664 4845 2879 4917 Regulae
2907 4850 3066 4911 verba
3096 4850 3293 4911 retulit,
3328 4851 3397 4902 ita
3428 4850 3695 4903 concludit
3723 4845 3863 4917 (Lib.

2300 4932 2370 4990 vt,
2403 4932 2483 4984 ep.
2526 4917 2671 4990 12),:A
2703 4935 2719 4967 ι
2773 4916 2845 4990 Es
2885 4919 3076 4985 quibus
3123 4921 3404 4981 manifeste
3448 4921 3711 4990 Colligitur
3736 4916 3864 4989 quia

2300 4988 2487 5039 doctor
2515 4986 2773 5039 almilicns
2794 4986 2861 5040 de
2887 4992 3208 5047 tttOnasterio
3241 4994 3453 5045 ftatretn
3485 4986 3777 5057 queinlibei
3803 4992 3865 5042 ad

2298 5072 2531 5110 cretnum
2552 5058 2912 5115 censcendere
2935 5074 3036 5110 non
3063 5062 3220 5112 modo
3245 5076 3348 5113 non
3374 5061 3662 5127 prohibuit,
3687 5077 3865 5113 rerum

2301 5128 2531 5199 insuper
2558 5130 2761 5199 monuit
2782 5140 2842 5199 Aet
2870 5130 3069 5195 docuit,
3104 5131 3318 5199 insuper
3357 5133 3515 5183 ctiam
3548 5130 3867 5196 quibusdam

2301 5196 2731 5261 persuasionibus
2779 5197 3016 5257 incitavit
3050 5218 3061 5251 :
3096 5196 3468 5254 auctoritatem
3517 5202 3712 5268 quippe
3754 5203 3866 5261 dat,

2298 5276 2356 5319 ut
2384 5268 2632 5339 diuturna
2664 5268 2814 5335 prius
2845 5270 3008 5329 frater
3037 5270 3350 5339 probatione
3380 5271 3547 5323 discat
3574 5272 3626 5323 in
3657 5287 3871 5325 monas-

2299 5336 2433 5399 tet-io
2458 5337 2684 5405 qualiter
2714 5339 2764 5394 itt
2791 5354 2973 5392 eremo
2988 5336 3172 5393 contra
3194 5341 3368 5395 callidi
3398 5342 3676 5394 tcntatoris
3706 5357 3867 5408 arguo

2297 5418 2471 5459 menta
2503 5410 2821 5477 confligat...
2855 5411 2909 5461 ltt
2950 5410 3055 5462 illis
3093 5412 3266 5479 itaque
3306 5412 3364 5464 S.
3409 5410 3621 5479 Regula:
3667 5412 3865 5473 verbis,

2297 5492 2414 5550 qua:
2454 5492 2615 5550 supra
2652 5479 2940 5544 ittsuimus,
2985 5484 3260 5548 perspicue
3294 5483 3593 5543 ἀρριιιτξιιιιι·
3648 5482 3772 5550 quia
3806 5483 3862 5533 S.

2297 5546 2647 5613 Benedictus,
2672 5550 2795 5600 ilum
2840 5552 2889 5603 iit
2921 5546 3243 5604 monasterio
3283 5551 3549 5605 hominem
3600 5546 3771 5618 ponit,
3804 5554 3866 5611 ad

2295 5632 2384 5671 ere
2410 5634 2533 5671 ι.ιιιιι
2572 5618 2787 5688 dirigit;
2832 5621 2915 5675 hic
2956 5623 3165 5688 quidem
3196 5623 3446 5686 collocat,
3482 5622 3572 5674 sed
3608 5623 3732 5675 illuc
3778 5638 3867 5674 eu-

2298 5691 2535 5741 ltortatus
2588 5690 2800 5754 invitat,
2844 5706 2947 5745 e.c.
3003 5710 3019 5742 ι
3056 5692 3182 5759 Quae
3236 5691 3750 5760 fuseproscquuur.
3807 5694 3867 5743 Et

2296 5773 2424 5814 sane
2451 5760 2871 5815 Camaldulensis
2908 5760 3059 5828 ordo,
3089 5770 3141 5816 et
3188 5761 3295 5830 ipse
3325 5763 3422 5823 sub
3448 5763 3643 5831 Regula
3683 5765 3737 5818 S.
3775 5764 3871 5815 Be-
