4102 6360
286 378 388 434 201

1422 364 1554 421 ιιιςα
1573 364 1700 421 ULA
1736 362 2233 420 COMMEN'I‘ATA.
2279 358 2436 416 CAP.
2478 360 2517 412 1.

3462 359 3567 414 16!

285 498 354 550 2°
372 494 495 565 quia
514 492 639 548 licet
666 508 726 546 ea
750 499 1120 561 cognosceret,
1144 501 1256 565 _non
1291 495 1468 565 tamen
1500 486 1650 539 facile
1685 499 1873 565 _euiena
1906 485 1952 541 Α
1986 481 2133 565 ribus
2150 490 2458 565 piomoveat
2477 494 2581 565 non
2607 477 2878 560 intelligit,
2897 493 3016 565 cuiu
3036 480 3213 564 omnis
3231 482 3304 536 illi
3331 483 3383 565 in
3408 498 3562 565 man-

286 555 465 626 daret,
492 579 611 618 cum
654 578 684 615 a
715 555 1283 631 quo'reprehendator
1312 558 1519 631 _italieat
1558 555 1826 631 neminem
1860 571 1873 606 :

293 655 313 688 ι
354 637 410 689 iu
434 625 747 701 solitudine,
771 625 947 702 inquit
975 632 1165 702 iterum
1195 628 1249 702 S_.
1310 626 1537 702 iiasiiitis
1575 625 1728 697 (Reg.
1769 628 1872 694 fus.

287 723 337 760 ε.
364 704 441 775 7),
472 716 527 759 et
553 705 679 758 illud
703 696 930 766 accedit,
949 700 1207 775 quodnon
1224 698 1375 750 facile
1416 696 1768 775 del'eetum;et_
1791 709 1879 775 erf

291 765 467 831 ratum
491 792 642 829 suum
675 765 934 841 agnoscit,
959 765 1046 839 qui
1064 771 1211 841 solus
1240 779 1343 831 est,
1371 782 1493 841 cum
1527 781 1636 841 _non
1660 765 1881 841 _habeat

291 863 322 902 ι
346 862 453 915 quo
477 847 529 900 io
561 836 992 905 mansuetudine,
1032 850 1087 894 et
1127 839 1318 915 affectu
1360 836 1744 915 misericordia;
1792 851 1879 915 art

289 906 511 986 guatur.
529 926 584 969 et
607 916 939 985 corrigatur;
967 910 1315 986 reprehensio
1332 912 1639 986 enimsaepe
1667 906 1876 986 etiaiusi

291 975 363 1041 Ξι»
426 975 644 1042 inimico
706 975 838 1048 lia't,
901 975 1292 1037 emendationis
1339 977 1665 1032 desiderium
1725 975 1882 1031 affert

294 1059 413 1111 viro
454 1060 616 1111 hono.
653 1076 671 1107 ι
698 1057 769 1109 At
792 1069 917 1109 vero
945 1071 964 1104 t
996 1051 1085 1121 qui
1144 1050 1311 1121 interi
1357 1048 1552 1121 multos
1578 1056 1801 1116 peccat,
1849 1062 1878 1100 a

298 1137 519 1195 peccato
552 1126 706 1181 facile
735 1118 1136 1195 abducitnr'per
1178 1118 1705 1195 condemnationem,
1759 1132 1879 1187 quae,

296 1187 326 1251 ᾖ
366 1198 609 1266 pluribus
661 1187 1296 1266 concorditeru'inferitir,
1331 1187 1772 1266 magisveretur,
1824 1197 1883 1266 ut

298 1258 570 1336 competat
599 1268 673 1321 illi
721 1265 849 1320 illud
876 1263 1048 1336 APauli
1076 1279 1089 1316 :
1122 1260 1319 1336 sufﬁcit
1341 1260 1419 1313 illi
1444 1259 1533 1328 qui
1573 1258 1879 1327 hujusmodi

300 1348 383 1392 est
415 1331 843 1405 increpatiOqum
865 1333 970 1405 fita
1002 1331 1261 1405 pluribus.
1294 1348 1311 1381 ι

372 1398 614 1463 Sexto.)
648 1398 891 1461 Mandata
914 1398 1013 1457 Dei
1032 1418 1058 1454 a
1079 1403 1317 1471 pluribus
1348 1398 1508 1453 unitis
1525 1399 1733 1471 facilius
1760 1413 1882 1466 per-

302 1479 575 1543 ﬁciuntur,
607 1478 793 1531 abono
824 1469 1124 1529 autemnon
1158 1474 1258 1534 ita;
1290 1472 1412 1543 doni
1451 1469 1593 1523 enim
1622 1471 1666 1543 is
1704 1485 1879 1543 _unum

300 1538 638 1615 exsequitur,
661 1546 805 1602 aliud
830 1543 1299 1615 impedituradum
1325 1541 1589 1615 infirmos
1620 1538 1821 1615 visiiat,
1850 1555 1880 1593 a

302 1608 642 1686 susceptione
664 1608 928 1684 hospitum
976 1613 1266 1686 retrahitur
1298 1615 1316 1681 (
1446 1608 1810 1686 B_asll.ibid_.).
1858 1629 1875 1661 ι

375 1679 636 1757 Septimo.
676 1707 694 1739 ι
723 1679 821 1754 Qui
852 1688 997 1757 solus
1020 1692 1104 1737 est
1127 1679 1425 1757 spiritualia
1471 1679 1612 1757 dona
1637 1680 1883 1757 _recipere

305 1774 409 1812 non
442 1749 603 1823 valet,
630 1749 1050 1812 sed'secundum
1124 1750 1526 1823 proportionem
1562 1749 1728 1823 oiidei,
1760 1766 1881 1821 quae.

304 1832 356 1882 in
381 1821 702 1898 unoquoque
740 1835 843 1889 est,
874 1834 931 1880 et
956 1821 1467 1898 submi’nistrationis
1494 1821 1733 1898 Spiritus,
1765 1834 1885 1898 quae

304 1908 387 1951 est
415 1900 470 1954 in
493 1890 1143 1972 vitat'comuiunicatitnie,
1175 1897 1432 1959 cujusque
1463 1890 1734 1959 prOprium
1791 1891 1887 1972 do:

304 1984 430 2023 num
449 1983 734 2023 commune
757 1970 812 2021 lit
832 1968 911 2022 eis
932 1967 1019 2034 qui
1050 1979 1152 2017 una
1167 1973 1592 2034 conversantur;
1627 1975 1747 2014 nam
1798 1962 1891 2034 aiii

300 2039 461 2093 datur
485 2053 665 2093 sermo
694 2032 994 2105 sapientiae,
1034 2035 1124 2105 alii
1159 2048 1287 2087 vero
1306 2047 1483 2105 sermo
1509 2032 1778 2105 scientiae,
1801 2032 1891 2084 alii

302 2109 461 2173 fides,
492 2120 624 2175 etc.,
656 2102 882 2177 quorum
904 2104 1151 2175 quodque
1183 2119 1287 2177 non
1323 2102 1515 2177 _magis
1553 2103 1645 2172 qui
1672 2104 1889 2171 accipit,

303 2180 389 2233 sui
420 2171 787 2248 ipsius,'quam
834 2171 1076 2248 aliorum'
1107 2171 1532 2248 gratia_habet;_
1555 2182 1611 2226 ut
1667 2187 1893 2227 necesse

304 2249 375 2303 sit
396 2242 455 2303 iri
474 2251 578 2302 vita
597 2242 1307 2315 communiSpiritus'saucti
1331 2242 1741 2315 operationem,
1764 2258 1885 2312 qua:

306 2321 360 2372 in
382 2334 724 2387 unoquoque,
756 2327 839 2372 est
879 2313 945 2369 ad
986 2328 1173 2387 omnes
1222 2313 1562 2387 pe_rtioger_e._
1594 2314 1693 2380 Qui
1730 2314 1893 2387 igitur

309 2382 589 2458 separatus
619 2382 746 2442 vivit
777 2402 940 2441 unum
981 2386 1205 2458 _aliquod
1228 2382 1231 2383 ⁷
1257 2385 1454 2458 donum
1479 2382 1672 2458 habet,
1732 2382 1891 2452 idque

305 2452 403 2529 per
438 2460 606 2513 otium
659 2460 713 2512 in
749 2459 929 2525 seipso
962 2452 1235 2509 defossum
1270 2452 1461 2529 inutile
1499 2454 1767 2507 reddit....
1798 2458 1887 2529 qui

310 2525 440 2585 vero
460 2530 752 2585 multorum
772 2529 822 2582 in
850 2529 1095 2581 convictu
1108 2526 1431 2579 constitutus
1459 2532 1562 2589 est,
1595 2532 1649 2578 et
1671 2525 1889 2593 proprio

306 2600 450 2655 dono
472 2600 683 2662 fruitur,
717 2600 840 2653 licet
892 2594 1338 2653 communicando
1379 2594 1508 2647 illud
1547 2595 1885 2663 multiplicet,

304 2670 468 2725 etiam
506 2685 624 2738 qua:
663 2670 887 2723 aliorum
960 2677 1086 2720 sunt
1138 2667 1284 2721 velut
1333 2664 1547 2735 propria
1624 2665 1891 2721 lucrifacit

333 2740 518 2795 Ibid.i.
558 2759 574 2791 ι

304 2741 598 2866 “mihi;
622 2828 640 2861 ι
686 2810 881 2865 Utilior
909 2820 991 2863 est
1026 2810 1134 2863 vita
1158 2806 1460 2863 communis
1506 2805 1572 2860 ad
1595 2821 1887 2862 conserva-

309 2883 511 2936 tionem
537 2895 723 2936 eorum
762 2881 1025 2934 donorum
1052 2895 1171 2947 qua:
1220 2894 1251 2932 a
1282 2878 1391 2931 Deo
1442 2877 1641 2932 donata
1685 2889 1831 2942 sunt,
1864 2897 1881 2930 ι

308 2953 639 3006 inlititerum
673 2952 727 3003 S.
762 2951 986 3005 Basdiu~
1020 2946 1233 3020 ([bid.).
1275 2951 1344 3020 At
1363 2961 1491 3001 vero
1518 2946 1886 3020 insolitudiue

309 3040 413 3077 non
448 3023 605 3076 modo
635 3021 860 3092 gratuita
885 3017 1052 3085 dona,
1073 3019 1193 3092 “sed
1239 3017 1686 3092 virtutes_multo_
1706 3019 1887 3092 iahore

306 3095 361 3146 in
389 3087 948 3159 cmnohio'acquisitas
982 3091 1237 3143 facillime
1284 3087 1550 3159 deperdit,
1602 3088 1756 3159 cujus
1808 3090 1884 3143 rei

343 3167 598 3218 ericiilum
643 3164 844 3216 fecerat
880 3162 936 3215 S.
969 3159 1270 3214 Bernardus
1308 3172 1429 3213 cum
1453 3158 1658 3212 diceret
1686 3158 1880 3227 (Serm.

306 3181 598 3230 perieulum
643 3181 844 3216 Ιεεετίιι
880 3181 936 3215 ὃ.
969 3181 1270 3214 υεῐιιξπαιιδ
1308 3181 1429 3213 CUI"
1453 3181 1658 3212 UICCI'UI
1686 3181 1880 3227 (carm.

302 3233 445 3288 64in
471 3232 648 3303 Cant.)
683 3252 701 3286 :
730 3252 749 3283 ι
784 3234 1024 3303 Quantos
1063 3245 1127 3284 ex
1148 3228 1514 3303 _monasteriis
1542 3229 1731 3303 spiritu
1786 3228 1890 3282 fer-
1920 3228 1963 3289 C

304 3318 492 3359 ventes
508 3300 674 3359 eremi
696 3302 926 3357 solitudo
949 3300 1208 3368 suscepit,
1233 3309 1287 3351 et
1316 3309 1406 3352 aut
1437 3300 1732 3366 tepefactus
1760 3313 1886 3353 evo-

303 3378 460 3440 muit,
486 3387 576 3428 aut
598 3374 768 3427 tenuit
792 3382 982 3427 contra
1021 3372 1187 3425 eremi
1220 3371 1391 3436 legem
1436 3383 1539 3423 nou
1592 3370 1752 3424 modo
1801 3385 1889 3424 re-

302 3444 521 3511 missos,
552 3444 645 3498 sed
668 3443 830 3498 etiam
877 3442 1202 3506 dissolutos;
1245 3441 1427 3507 sicque
1482 3440 1740 3511 apparuit,
1776 3443 1887 3495 vul-

302 3510 547 3595 pecuiam
578 3513 795 3595 affuisse
827 3513 914 3593 ubi
957 3522 1103 3595 tanta
1131 3512 1379 3595 facerest:
1422 3513 1652 3595 vastatio
1697 3510 1886 3576 vineae,

305 3579 355 3638 id
384 3594 467 3638 est
495 3585 616 3639 vitae
639 3593 694 3638 et
715 3584 1056 3639 conscientiae
1090 3582 1321 3635 hominis
1349 3579 1728 3634 detrimentum
1762 3594 1888 3635 :co-

303 3656 506 3725 gitabat
530 3655 573 3707 si
598 3653 742 3707 solus
769 3654 988 3722 degeret
1031 3653 1198 3706 multo
1236 3650 1653 3725 seicopiosiores
1687 3652 1890 3725 fructus

303 3721 533 3794 spiritus
552 3721 951 3796 percepturutn,
993 3724 1187 3796 quippe
1233 3722 1323 3792 qui
1356 3721 1408 3774 in
1456 3721 1888 3796 communi‘vita

304 3791 512 3851 tantum
537 3791 794 3864 spiritalis
823 3791 1022 3863 gratiae
1078 3791 1264 3864 luisset
1300 3800 1584 3864 expertus;
1644 3791 1890 3864 ethhona

306 3868 417 3920 visa
442 3875 525 3921 est
553 3860 647 3920 sua
692 3860 944 3933 cogitatio
987 3863 1112 3928 sibi,
1145 3862 1240 3917 scd
1271 3861 1346 3915 rei
1409 3863 1589 3933 exitus
1640 3860 1893 3917 indicavit

305 3938 475 4007 magis
506 3931 840 4007 eamdemilli
862 3935 1238 4007 cogitationem
1264 3933 1480 4007 vulpem
1506 3931 1889 4007 demolientem

304 4001 489 4062 fuisse.
525 4026 546 4058 ›
582 4005 789 4060 Etaute
819 4001 990 4071 ipsum
1023 4005 1083 4059 S.
1117 4003 1354 4059 Joannes
1406 4001 1674 4057 Climacus
1699 4002 1887 4074 (Grad.

307 4076 362 4147 ι)
388 4093 404 4129 :
435 4096 454 4129 ι
486 4076 853 4132 Animadverti
899 4076 1034 4147 alios
1065 4088 1158 4147 per
1202 4074 1521 4128 obedientite
1550 4073 1889 4141 disciplinam

309 4144 598 4214 perfectos,
637 4162 764 4201 cura
796 4145 1042 4215 praesidis
1086 4144 1150 4198 ad
1183 4154 1487 4213 promptum
1542 4153 1890 4215 peccatorum

304 4218 660 4286 iugendorum
689 4214 927 4280 senSum,
960 4215 1027 4268 ad
1052 4215 1235 4267 miram
1266 4214 1749 4280 mansuetudinem,
1770 4229 1895 4269 cou-
1938 4258 1941 4261 .

307 4285 590 4343 tineotiam
617 4329 632 4352 ,
707 4287 1034 4357 diligentiam
1061 4325 1077 4350 ,
1113 4354 1124 4357 _
1160 4285 1409 4337 invictam
1452 4286 1841 4357 _constautiaiu
1875 4326 1891 4349 ,

303 4372 363 4414 et
447 4359 696 4412 ardorem
747 4353 967 4426 spiritus
1038 4354 1321 4426 redactos;
1379 4353 1569 4426 quibus
1639 4354 1895 4426 insidian-

304 4438 392 4484 tes
434 4424 843 4483 cacodiemon'es
922 4425 1244 4494 persuadere
1296 4424 1514 4478 student
1565 4435 1716 4492 aptos
1779 4425 1893 4495 jam

310 4500 431 4553 illos
454 4513 571 4553 esse
585 4499 650 4552 ad
667 4496 1027 4557 solitudinem,
1063 4510 1158 4563 per
1179 4510 1335 4562 quam
1359 4496 1422 4546 ad
1458 4507 1764 4562 supremum
1788 4498 1895 4550 vir-

308 4571 443 4623 tutis
470 4579 522 4623 et
545 4570 775 4638 apathia:
798 4566 1017 4634 gradum
1046 4566 1253 4634 possint
1277 4567 1424 4638 eruti,
1460 4574 1622 4638 atque
1650 4566 1894 4621 infelices

303 4641 393 4694 isti
426 4641 503 4694 sic
518 4634 713 4705 delusi,
734 4639 833 4692 lida
860 4647 1044 4707 portus
1068 4635 1299 4704 religiosi
1315 4634 1424 4706 59
1439 4635 1668 4690 statione
1687 4640 1892 4702 relicta,

308 4712 365 4765 in
387 4712 552 4765 altum
569 4710 872 4764 solitudinis
891 4709 1105 4777 pelagus
1125 4709 1330 4774 abrepti
1350 4747 1365 4771 ,
1395 4713 1674 4777 ingruente
1693 4716 1897 4775 tempe-

307 4791 470 4845 state,
515 4776 933 4851 gubernatorum
974 4792 1078 4851 ope
1098 4777 1366 4851 destituti,
1421 4776 1616 4851 impuri
1675 4777 1890 4851 demum

306 4846 543 4920 salsique
570 4855 730 4904 maris
763 4850 935 4903 hausti
966 4848 1236 4912 fluctibus,
1268 4848 1634 4902 miserandum
1674 4846 1729 4900 in
1770 4862 1888 4902 mo-

306 4922 436 4975 dum
470 4922 763 4989 perierunt.
795 4939 812 4970 ι

380 4991 552 5046 Νυηο.
589 4993 727 5045 Inter
759 5000 953 5045 cmtera
982 4989 1279 5057 praesertim
1324 4989 1592 5058 superbia:
1619 4988 1885 5044 obnoxius

307 5072 393 5115 est
417 5064 714 5117 solitarius:
754 5080 770 5110 ι
809 5061 864 5114 in
898 5061 1207 5125 solitudine,
1236 5059 1488 5129 inquitS.
1523 5058 1880 5130 Hieronymus

306 5131 503 5199 (Epist.
535 5132 617 5201 4),
648 5133 799 5185 facile
827 5132 1037 5199 obrepit
1067 5130 1335 5201 superbia,
1364 5130 1408 5183 si
1436 5144 1721 5199 parumper
1743 5131 1880 5198 jeju-

307 5205 537 5268 naveril,
578 5204 951 5270 hominemque
991 5217 1093 5256 non
1137 5200 1348 5266 viderit,
1384 5210 1532 5268 putat
1560 5214 1618 5253 se
1656 5201 1879 5268 alicujus

305 5286 429 5326 esse
457 5274 730 5337 momenti,
759 5274 1061 5340 oblitusque
1092 5272 1234 5324 unde
1263 5280 1317 5323 et
1346 5286 1452 5339 quo
1482 5272 1710 5334 venerit,
1735 5272 1877 5326 intus

306 5345 492 5409 corde,
527 5344 703 5409 lingua
752 5343 880 5395 foris
914 5353 1169 5406 vagatur;
1212 5360 1228 5390 ι
1266 5348 1319 5394 et.
1363 5344 1418 5396 ὃ.
1453 5341 1678 5397 Basilius
1725 5340 1877 5412 (Reg.

307 5415 414 5482 fus.
438 5429 484 5466 c.
521 5412 574 5480 7)
601 5430 616 5466 :
654 5432 672 5465 ι
712 5413 1014 5467 Periculosa
1042 5420 1124 5465 est
1149 5414 1251 5464 vita
1278 5412 1536 5475 solitaria,
1574 5413 1716 5481 quod
1741 5414 1879 5466 soli-

310 5485 477 5537 tarius
507 5486 605 5538 sibi
640 5485 737 5553 ipsi
770 5485 1091 5553 complaeet;
1135 5497 1256 5535 cum
1302 5484 1443 5535 enim
1493 5486 1754 5539 neminem
1788 5486 1882 5536 ha-

310 5556 432 5608 beat
460 5555 549 5624 qui
575 5568 710 5622 opus
736 5552 854 5621 ejus
887 5552 1111 5624 probare
1137 5561 1325 5621 queat,
1358 5553 1422 5604 ad
1457 5554 1689 5608 mandati
1716 5554 1880 5608 divini

312 5622 694 5693 perfectionem
724 5640 783 5678 se
809 5622 1115 5691 pervenisse
1146 5629 1315 5693 putat.
1360 5643 1377 5673 ι

382 5695 624 5749 Decimo.
654 5695 748 5749 \‘ix
782 5708 1010 5761 unquam
1037 5692 1255 5745 eremita
1281 5693 1345 5743 ad
1377 5708 1638 5746 summum
1674 5693 1879 5761 perfec-

311 5766 472 5818 tionis
502 5766 707 5834 apicem
759 5763 1310 5834 ascendissepotest,
1345 5764 1499 5834 quia,
1552 5773 1606 5815 ut
1657 5766 1787 5817 dicit
1816 5769 1874 5819 5.

311 5833 548 5890 Βιιδίιίιις
584 5833 795 5905 (Ibid.),
836 5852 853 5885 t
895 5833 1163 5889 solitarius
1191 5846 1441 5903 quantum
1486 5833 1536 5887 iu
1570 5834 1721 5888 bonis
1748 5852 1867 5905 ope-

1984 552 2120 609 datis
2174 551 2264 605 Dei
2319 551 2578 616 operandi
2626 552 2846 603 materia
2897 551 3103 605 sublata
3147 554 3244 616 sit;
3293 554 3382 607 ubi
3413 556 3555 607 enim

1979 623 2141 678 animi
2177 622 2529 674 humilitatem
2566 621 2845 685 ostendet,
2893 636 3011 674 cum
3044 625 3312 676 neminem
3364 622 3559 677 habeat

1979 708 2085 765 quo
2104 707 2162 745 se
2182 692 2517 745 humiliorem
2546 692 2710 757 possit
2739 691 3035 746 exhibere?
3064 702 3171 748 etc.
3208 711 3227 744 ι

2054 783 2367 838 υηάϐι’ἰ11ιο.
2394 781 2612 836 Nullum
2631 792 2710 835 est
2732 783 3034 836 solitudinis
3064 784 3378 838 exercitium
3413 786 3554 851 quod

1987 858 2038 909 in
2063 853 2309 909 ρωποι)ἱο
2342 852 2567 921 implere
2589 868 2693 905 non
2716 854 2917 919 possis:
2956 853 3096 908 unde
3126 854 3311 909 Petrus
3344 856 3559 909 Blesen-

1982 929 2059 979 sis
2117 927 2169 977 iu
2228 924 2365 976 libro
2429 933 2616 975 contra
2666 924 3105 990 depravatorem:
3155 944 3172 974 ‹
3223 925 3465 978 liabebas
3513 927 3565 979 in

1983 997 2219 1049 claustro
2271 1001 2539 1046 secretum
2585 993 2929 1060 solitudinis,
2983 996 3156 1049 locum
3209 996 3559 1061 paenitentiae,

1986 1080 2169 1133 pacem
2193 1064 2407 1124 animze,
2437 1064 3207 1136 contemplatio_nis_arcanutn,
3233 1066 3482 1136 gaudium
3508 1069 3561 1119 in

1983 1137 2188 1205 Spiritu
2219 1144 2440 1205 sancito,
2484 1134 2774 1205 consilium
2816 1134 2867 1186 iu
2915 1133 3273 1192 limsitatione.
3304 1137 3355 1188 in
3388 1143 3568 1190 tenta-

1986 1204 2130 1260 tinne
2177 1204 2493 1263 remedium.
2528 1204 2580 1256 in
2611 1204 2861 1257 omnibus
2890 1205 3079 1259 eilicax
3107 1205 3423 1261 beneﬁcium
3455 1221 3567 1259 ine-

1984 1279 2197 1331 dicinte.
2226 1275 2298 1328 Ibi
2323 1276 2579 1328 virtutum
2600 1275 2778 1327 schola
2804 1283 2908 1341 est,
2934 1291 3175 1330 summus
3202 1278 3270 1329 ibi
3295 1278 3568 1329 modestia:

1987 1361 2134 1412 usus,
2171 1361 2383 1400 morum
2418 1344 2754 1414 regularitas,
2787 1346 2993 1414 legendi
3044 1347 3283 1410 libertas,
3316 1347 3568 1400 fraterni-

1987 1418 2110 1472 tatis
2127 1417 2359 1479 aiTectio,
2375 1416 2612 1470 omnium
2627 1417 3063 1486 communicatio,
3082 1417 3377 1486 disciplinac
3398 1419 3567 1485 vigor,

1988 1490 2070 1542 lex
2103 1487 2443 1552 obedientiaa,
2479 1487 2750 1540 vinculum
2781 1485 3081 1552 charitatis,
3115 1498 3169 1541 et
3196 1485 3375 1541 mutua
3404 1487 3559 1541 obse-

1985 1558 2161 1628 queia.
2214 1575 2231 1608 ι

2059 1646 2404 1701 Duodecimo.
2461 1644 2701 1699 Tandem
2755 1645 3024 1713 copiosior
3077 1648 3128 1700 in
3179 1649 3319 1702 caelo
3353 1663 3562 1703 merces

1987 1718 2269 1774 cmnobitzc
2297 1725 2568 1780 servatur,
2598 1716 2934 1787 ntidiscimus
2960 1733 3023 1771 ex
3056 1718 3259 1773 visione
3287 1718 3565 1787 cujusdam

1992 1788 2200 1860 ﬁguris,
2248 1802 2411 1860 quam
2432 1787 2621 1860 _refert
2647 1785 2892 1860 _Ruiinus
2937 1787 3028 1860 his
3052 1789 3227 1860 verbis
3259 1785 3395 1860 (Lib.
3428 1804 3485 1843 ιιι
3512 1795 3572 1842 de

1918 1855 1965 1914 B
2006 1857 2111 1911 Vit.
2151 1855 2350 1911 Ραιξη.
2386 1856 2540 1926 Mi):
2579 1875 2596 1907 t
2636 1856 2861 1923 Quidam
2893 1874 2956 1912 ex
2994 1856 3240 1914 Patribus
3269 1855 3331 1913 in
3375 1860 3572 1914 exstasi

2000 1930 2203 1997 positus
2233 1928 2364 1981 vidit
2393 1939 2620 1996 quatuor
2648 1928 2867 1982 ordines
2897 1938 3023 1983 ante
3057 1930 3249 1984 Deum:
3282 1941 3330 1984 et
3366 1931 3569 1997 primus

1997 1999 2212 2066 quidem
2231 2010 2347 2052 erat
2365 1997 2639 2051 hominum
2664 1998 3043 2053 inﬁrmantium
3066 2040 3079 2061 ,
3113 2012 3167 2054 et
3187 2002 3385 2069 gratias
3408 2015 3565 2069 agen-

1996 2071 2125 2122 tium
2175 2069 2313 2132 Deo;
2346 2069 2768 2140 secundus_vero
2797 2078 2915 2123 erat
2956 2084 3139 2124 eorum
3170 2072 3259 2139 qui
3290 2071 3568 2140 hospitali-

1997 2148 2158 2192 tatem
2204 2146 2501 2200 sectantur,
2531 2148 2586 2193 et
2617 2136 2668 2192 in
2704 2140 2806 2191 hoc
2845 2150 2989 2193 stant
3014 2150 3066 2194 et
3098 2136 3429 2205 ministrant;
3465 2150 3573 2195 ter-

1997 2210 2103 2262 tius
2131 2224 2259 2262 vero
2283 2210 2494 2261 illorum
2536 2210 2624 2276 qui
2649 2209 2991 2263 solitudinem
3016 2221 3289 2265 sectantur
3311 2253 3326 2276 ,
3368 2221 3423 2265 et
3464 2226 3567 2265 non

1994 2280 2177 2351 vident
2204 2279 2479 2351 homines;
2524 2289 2746 2347 quartus
2776 2295 2921 2351 vero
2968 2281 3178 2334 illorum
3221 2282 3311 2349 qui
3357 2293 3572 2351 pr0pter

1998 2349 2164 2403 Deum
2213 2358 2269 2403 et
2305 2349 2666 2403 obedientiam
2708 2350 2924 2406 solliciti
2954 2360 3007 2404 et
3055 2353 3277 2419 subjecti
3310 2349 3435 2406 sunt
3460 2349 3570 2405 'Pa-

1996 2420 2188 2475 tribus.
2220 2419 2349 2473 Erat
2369 2434 2498 2489 ergo
2523 2421 2692 2474 tribus
2721 2421 2829 2473 illis
2850 2421 3124 2477 ordinibus
3148 2423 3231 2474 hic
3259 2422 3392 2475 ordo
3411 2438 3571 2489 supe-

1995 2493 2126 2556 rior,
2161 2490 2254 2560 qui
2280 2488 2640 2545 obedientiam
2672 2490 2979 2556 exhibebat,
3015 2500 3070 2545 et
3098 2495 3348 2546 utebatur
3376 2488 3567 2560 torque

1991 2575 2175 2631 aurea,
2203 2570 2255 2614 et
2297 2562 2553 2628 majorem
2589 2561 2814 2629 gloriam
2848 2577 2954 2630 pm:
3006 2564 3216 2615 caneris
3245 2563 3569 2631 possidebat.

1994 2630 2137 2685 Dixit
2162 2638 2340 2701 autem
2370 2646 2537 2686 senex
2569 2632 2618 2686 ei
2648 2633 2737 2701 qui
2770 2632 2871 2686 sibi
2901 2632 3003 2686 hoc
3043 2632 3095 2686 in
3125 2630 3325 2687 exstasi
3350 2633 3571 2687 demou-

1991 2700 2433 2772 strabat:Quare
2481 2702 2568 2757 hic
2614 2700 2749 2756 ordo
2797 2713 3017 2772 quartus
3063 2705 3320 2771 majorem
3365 2705 3573 2759 caeteris

1990 2773 2212 2839 gloriam
2244 2771 2438 2825 habet?
2471 2772 2565 2826 ille
2596 2780 2774 2826 autem
2797 2771 3077 2843 respondit
3103 2774 3152 2827 ei
3179 2774 3364 2829 dicens
3394 2793 3408 2830 :
3439 2776 3571 2841 Quia

1991 2857 2179 2895 omnes
2221 2843 2308 2895 isti
2337 2843 2424 2894 alii
2460 2843 2658 2896 habent
2701 2844 2931 2912 aliquam
2965 2844 3203 2911 requiem
3231 2845 3573 2911 adimpleudo

1990 2912 2239 2979 quamvis
2264 2913 2315 2963 in
2346 2912 2501 2966 bonis
2524 2913 2782 2980 operibus
2807 2915 3110 2968 voluntates
3137 2928 3283 2969 suas.
3307 2916 3574 2970 Obediens

1990 2993 2168 3053 autem
2229 2983 2499 3053 propriam
2542 2984 2871 3037 voluntatem
2923 2984 3232 3050 relinquens
3275 2986 3470 3053 pendet
3519 2987 3571 3038 iu

1990 3050 2163 3105 Patris
2184 3053 2461 3107 voluntate
2484 3052 2744 3120 jubentis,
2778 3062 2833 3108 et
2863 3053 2984 3108 ideo
3005 3055 3263 3122 majorem
3276 3050 3392 3123 'pra:
3412 3066 3571 3110 crete-

1988 3123 2063 3176 ris
2090 3123 2311 3192 gloriam
2335 3131 2419 3177 est
2446 3123 2688 3177 sortitus.
2728 3141 2747 3174 ι

2068 3231 2161 3286 llis
2210 3243 2370 3302 atque
2430 3233 2549 3288 aliis
2605 3233 2908 3303 hujusmodi
2965 3236 3281 3303 rationibus,
3325 3235 3561 3290 convicti

1991 3304 2237 3357 asceticaa
2268 3304 2394 3357 vitae
2428 3302 2701 3372 magistri,
2754 3306 3074 3359 anachoresi
3126 3322 3229 3360 non
3266 3302 3427 3359 modo
3462 3322 3566 3361 non

1993 3373 2330 3438 inferiorem,
2350 3374 2444 3427 sed
2470 3383 2524 3428 et
2546 3373 2703 3443 longe
2727 3376 2994 3429 utiliorem
3014 3377 3177 3430 vitam
3196 3376 3573 3431 coenobiticam

1992 3443 2551 3514 praedicarunttunde
2576 3454 2630 3498 et
2651 3445 2816 3499 abbas
2834 3446 3071 3500 Joannes
3094 3447 3233 3514 apud
3255 3448 3570 3501 Cassianum

1996 3515 2156 3583 (Coll.
2193 3515 2280 3577 19,
2305 3530 2354 3566 c.
2389 3513 2443 3579 5)
2472 3529 2593 3567 cum
2622 3515 2809 3584 viginti
2840 3531 3011 3571 annos
3039 3517 3091 3570 in
3119 3513 3408 3572 solitudine
3447 3533 3575 3571 exe-

1992 3587 2181 3653 gisset,
2213 3587 2278 3636 ad
2303 3585 2609 3638 cmnobiutn
2640 3586 2812 3640 libens
2833 3597 2887 3640 et
2913 3587 3154 3654 gaudens
3178 3603 3435 3642 reversus
3456 3599 3539 3642 est
3561 3606 3571 3641 :

1992 3656 2051 3709 S.
2078 3654 2135 3708 P.
2168 3655 2489 3727 Benedictus
2514 3666 2568 3727 et
2595 3656 2745 3709 multi
2777 3657 2865 3710 alii
2894 3659 2963 3711 ab
2989 3658 3308 3712 anachoresi
3341 3661 3576 3727 incmpe-

1992 3735 2139 3798 runt,
2166 3727 2277 3795 60
2305 3726 2356 3778 in
2380 3725 2630 3798 coenobio
2681 3728 2801 3780 vitae
2852 3728 3011 3782 linem
3069 3728 3339 3791 fecerunt;
3374 3725 3574 3798 eosque

1992 3797 2081 3862 qui
2128 3798 2198 3847 ita
2230 3807 2451 3865 agerent
2492 3797 2783 3865 plurimum
2834 3800 3178 3853 commendat
3228 3800 3287 3855 S.
3339 3801 3577 3854 Joannes

1994 3869 2261 3939 Climacus
2286 3908 2301 3930 ,
2330 3870 2404 3939 uti
2456 3876 2721 3939 testantur
2768 3869 2882 3922 htec
2910 3868 3029 3937 ejus
3062 3870 3223 3924 verba
3258 3869 3443 3939 (Grati.
3481 3869 3536 3937 4)
3564 3889 3575 3922 :

1999 3954 2018 3986 ‹
2049 3935 2301 4003 Quisquis
2330 3938 2382 3990 in
2415 3938 2705 3992 solitudine
2735 3935 2983 3993 versatus
3021 3954 3173 3994 suam
3203 3935 3370 4004 ipsius
3401 3935 3576 4001 imbe-

1994 4006 2266 4080 cillitatem
2290 4007 2455 4074 ctepit
2484 4022 2897 4079 recognoscere,
2922 4009 3153 4080 indeque
3178 4011 3243 4064 ad
3270 4011 3575 4066 coenobium

1994 4077 2305 4142 demigrans
2368 4077 2804 4146 seipsum‘ultro
2859 4077 3183 4135 obedientia:
3232 4090 3473 4135 auctorat
3528 4092 3580 4134 et

1995 4147 2229 4219 addicit,
2262 4147 2349 4202 hic
2377 4162 2556 4203 ctecus
2584 4160 2743 4213 ante,
2777 4161 3000 4217 repente
3040 4152 3159 4204 sine
3200 4152 3384 4204 labore
3409 4152 3577 4219 coepit

1995 4216 2270 4271 Christum
2303 4219 2593 4287 respicere.
2632 4239 2651 4271 ι
2687 4216 3025 4287 Quapropter
3058 4236 3180 4274 cum
3212 4220 3309 4274 SS.
3339 4216 3524 4275 Patres
3550 4237 3580 4280 e

1994 4287 2241 4342 etenobio
2288 4287 2354 4341 ad
2398 4303 2638 4343 eremum
2693 4292 3076 4357 transmigrare
3125 4291 3441 4357 permittunt
3487 4303 3581 4345 aut

1995 4356 2240 4431 suadent.
2267 4372 2374 4431 non
2420 4358 2751 4431 idomnibus
2782 4356 3171 4427 indifferenter,
3204 4362 3366 4415 etiam
3394 4362 3461 4416 iis
3489 4363 3580 4431 qui

1996 4428 2330 4499 aliquantum
2357 4429 2413 4483 in
2444 4430 2528 4483 via
2571 4432 2785 4485 virtutis
2832 4434 3126 4499 proiecisse
3154 4434 3437 4498 videntur;
3473 4428 3569 4488 sed

1999 4498 2103 4552 illis
2152 4498 2417 4555 duntaxat
2466 4499 2556 4570 qui
2603 4502 2669 4555 ad
2723 4498 2927 4556 tantum
2960 4504 3305 4571 perfectionis
3350 4504 3575 4571 gradum

2000 4574 2399 4634 ascenderunt,
2450 4580 2509 4625 ut
2538 4571 2606 4627 de
2634 4587 2821 4626 eorum
2868 4587 2997 4628 casu
3044 4576 3266 4628 timendi
3319 4576 3464 4628 nulla
3494 4575 3577 4629 vel

1924 4610 1977 4667 Β
2002 4639 2271 4695 levissima
2302 4612 2558 4710 appareat
2589 4646 2799 4709 umhra,
2827 4645 3147 4712 permissum
3174 4660 3295 4699 esse
3327 4661 3577 4699 asseren-

1999 4712 2125 4764 dum
2152 4721 2263 4767 est:
2296 4712 2532 4781 alioquin
2558 4715 2604 4767 si
2632 4715 2779 4767 vitiis
2805 4714 3024 4768 obnoxii
3044 4727 3249 4770 secreta
3271 4716 3578 4769 solitudinis

1997 4791 2334 4854 expeterent,
2365 4797 2471 4836 non
2499 4784 2658 4854 modo
2687 4800 2792 4838 non
2818 4786 3185 4852 permittendi.
3212 4787 3306 4839 sed
3328 4794 3382 4839 et
3406 4787 3448 4840 si
3464 4787 3573 4854 jam

2000 4853 2280 4916 petiissent
2309 4852 2592 4907 revocandi
2634 4854 2699 4907 ad
2732 4857 3113 4909 iu0iiasterium
3145 4855 3343 4909 forent.
3391 4852 3479 4909 Sic
3511 4857 3569 4909 S.

1994 4920 2229 4995 .ioannes
2255 4922 2525 4995 Climacus
2548 4934 2747 4995 narrat,
2776 4925 2921 4994 quod
2946 4940 3067 4980 cum
3096 4926 3386 4995 aliquando
3408 4940 3543 4995 quos

1993 4992 2113 5067 dam
2171 4992 2423 5067 inviseret
2477 4992 2863 5067 anachoretas,
2905 4992 3219 5067 aliquasque
3264 4997 3359 5051 irae
3406 4992 3575 5050 obno-

1994 5062 2110 5135 xios
2155 5065 2477 5135 reperisset:
2541 5083 2559 5117 ι
2613 5064 2708 5119 His
2762 5081 2890 5135 ego,
2924 5062 3251 5135 inquitfpie
3285 5070 3427 5121 suasi
3461 5077 3517 5120 nt
3545 5091 3573 5119 ατ

1990 5132 2276 5207 solitudine
2298 5135 2363 5186 ad
2388 5138 2709 5189 monasteria
2741 5132 3055 5207 migrarent,
3085 5153 3151 5192 ne
3167 5132 3236 5192 ex
3263 5140 3573 5193 hominibus

1992 5205 2042 5255 in
2092 5202 2364 5279 daemones
2393 5215 2762 5279 verterentur;
2806 5202 2910 5262 {et
2960 5210 3018 5262 S.
3046 5202 3332 5273 rlsidorus,
3362 5209 3474 5279 qui.
3517 5223 3570 5259 ut

1989 5286 2150 5348 supra
2179 5274 2407 5327 vidimus
2437 5276 2488 5328 in
2522 5277 2613 5348 liii.
2657 5294 2689 5331 ιι
2721 5280 2789 5332 de
2823 5279 3024 5332 Divinis
3062 5280 3266 5333 Officiis
3288 5320 3303 5341 ,
3333 5274 3451 5348 cap.
3485 5279 3570 5339 i5.

1992 5345 2196 5418 nullum
2237 5354 2361 5418 ante
2414 5347 2669 5406 permittit
2716 5349 2781 5402 ad
2838 5364 3079 5403 eremum
3136 5364 3367 5404 transire
3402 5345 3570 5418 quam

1991 5416 2177 5483 viginti
2206 5416 2484 5469 minimum
2514 5432 2685 5472 annos
2716 5419 2769 5473 in
2802 5422 3133 5476 monasterio
3155 5435 3276 5473 cum
3312 5416 3568 5472 fratribus

1988 5485 2251 5560 exegerit,
2281 5486 2557 5560 initegula
2588 5504 2681 5560 sua
2711 5505 2925 5545 omnem
2958 5507 3183 5560 prorsus
3214 5490 3569 5543 reclusionem

1985 5555 2249 5631 excludit:
2289 5573 2306 5607 t
2343 5554 2553 5620 Nullus,
2587 5559 2759 5628 inquit
2786 5560 2942 5631 (Cap.
2959 5554 3048 5631 Β),
3076 5568 3378 5630 separatam
3404 5560 3569 5631 celiu-

1983 5627 2087 5701 iam
2108 5641 2143 5701 _a
2166 5637 2310 5681 cmtu
2337 5639 2575 5701 remotus
2599 5627 2832 5696 expetet,
2861 5627 2915 5685 in
2943 5627 3046 5701 qua
3071 5627 3170 5686 sub
3192 5631 3372 5685 studio
3399 5630 3566 5684 reclu-

1982 5696 2181 5759 sionis,
2230 5709 2321 5750 aut
2368 5699 2550 5752 Intenti
2583 5701 2713 5753 vitio
2766 5696 3003 5766 serviat,
3036 5713 3090 5756 et
3143 5702 3374 5755 maxime
3424 5715 3573 5753 vana:

1979 5768 2165 5840 gloria;
2187 5807 2199 5830 .
2225 5778 2318 5821 aut
2344 5770 2633 5824 mundialis
2660 5772 2933 5837 opinionis
2960 5772 3114 5825 fama:
3138 5789 3151 5836 ;
3181 5788 3302 5826 nam
3326 5770 3572 5840 plerique

1982 5838 2203 5905 proinde
2234 5842 2423 5893 reclusi
2454 5842 2619 5895 latere
2645 5844 2847 5905 volunt,
2880 5852 2935 5896 ut
2961 5852 3201 5912 pateant,
3234 5853 3288 5897 ut
3318 5838 3407 5912 qui
3436 5843 3570 5893 viles
