4102 6360
559 348 666 402 163

1909 337 1968 390 5.
2014 338 2070 389 Ρ.
2115 336 2473 391 BENEDICTI

3730 333 3845 386 261

559 467 715 513 erant
758 466 849 509 aut
875 455 1280 526 ignorabantur,
1317 451 1444 505 foris
1472 450 1625 518 positi
1671 450 1930 526 sciantur,
1962 460 2122 519 atque
2165 456 2216 512 Α
2245 450 2365 526 vitta
2396 451 2629 518 quietem
2678 465 2707 503 a
2746 449 2914 503 turbis
2959 449 3210 526 discedit,
3243 457 3441 517 quanto
3473 448 3645 515 magis
3678 465 3708 500 ι
3744 464 3837 516 pu-

568 520 920 581 boum-cutur'
941 525 1167 587 inclusi;
1200 539 1319 577 nam
1347 536 1533 577 revera
1571 522 1743 574 omnis
1783 520 1874 589 qui
1916 533 2131 588 prapter

2244 519 2383 573 blico
2413 529 2715 587 separatur,
2751 530 2896 574 tanto
2926 520 3102 577 minus
3133 520 3277 574 latet.
3322 538 3339 568 ι

1962 688 2348 698 .———-———_—__

1921 790 2307 875 CAPUT
2384 796 2493 873 Il.

1760 928 1983 1002 Qualis
2026 927 2235 986 debeat
2282 947 2403 988 esse
2442 928 2645 987 abbas.

640 1077 819 1134 A‘bbas
840 1074 925 1142 qui
957 1084 1190 1142 praeesse
1219 1068 1413 1138 dignus
1434 1077 1517 1122 est
1540 1063 1888 1130 monasterio,
1921 1079 2136 1133 semper

571 1160 862 1219 meminere
906 1161 1065 1215 debet
1113 1158 1253 1226 quod
1303 1157 1521 1219 dicitur,
1569 1166 1624 1229 et
1673 1168 1866 1208 nomen
1920 1152 2133 1221 Majoris

573 1256 725 1310 factis
751 1248 1206 1322 implere.Christi
1236 1248 1379 1311 enim
1398 1260 1555 1315 agere
1568 1246 1715 1300 vices
1734 1246 1784 1298 in
1814 1245 2144 1299 monasterio

571 1348 826 1411 creditur,
856 1342 1072 1415 quando
1092 1330 1264 1410 ipsius
1287 1348 1506 1393 vocatur
1525 1338 1853 1406 praenomine
1872 1346 1921 1400 ι,
1935 1337 2145 1390 dicente

568 1436 857 1505 Apostolo:
889 1433 1162 1501 Accepistis
1191 1432 1428 1501 spiritum
1454 1429 1750 1497 adoptionis
1796 1429 2022 1494 ﬁliarum
2048 1471 2063 1491 ,
2095 1431 2145 1480 in

566 1543 667 1597 quo
691 1527 992 1588 clamamus,
1024 1521 1198 1585 Abba,
1231 1519 1387 1573 Pater
1417 1518 1595 1587 (Rom.
1628 1520 1688 1583 ι).
1724 1518 1952 1587 Ideoque
1982 1517 2146 1587 abbas

571 1615 701 1670 nihil
747 1624 897 1667 extra
952 1621 1280 1680 praeceptum
1331 1609 1543 1676 Domini
1572 1607 1957 1678 (quodabsit)
1987 1609 2150 1663 debet

571 1715 663 1760 aut
688 1705 908 1767 docere,
941 1710 1034 1754 aut
1060 1701 1387 1755 constituere
1412 1740 1425 1762 ,
1476 1700 1558 1753 vel
1584 1699 1809 1767 jubere:
1836 1699 1931 1753 sed
1975 1699 2148 1768 jussiu

572 1796 686 1859 ejus
731 1792 816 1846 vel
863 1789 1128 1855 doctrina,
1179 1789 1497 1843 fermentum
1529 1785 1555 1825 δ
1603 1788 1801 1842 divinae
1838 1788 2061 1856 justitize
2094 1788 2145 1841 in

572 1886 959 1949 discipulorum
990 1882 1256 1937 mentibus
1280 1890 1681 1949 conspergatur.
1894 1944 1900 1953 1
1944 1950 1947 1953 Α
2062 1944 2063 1947 η

644 1980 752 2050 61
795 1977 999 2041 Memor
1022 1975 1091 2030 sit
1123 1984 1386 2040 csemper
1407 1972 1589 2035 abbas,
1616 1968 1737 2040 quia
1760 1970 2016 2025 doctrinae
2040 1985 2150 2025 sua:

580 2071 661 2122 vel
693 2066 1078 2135 discipulorum
1120 2064 1462 2127 obedientim,
1505 2072 1854 2131 utrarumque
1892 2078 2069 2116 rerum
2098 2063 2149 2115 iu

577 2159 854 2214 tremendo
871 2157 1071 2226 judicio
1091 2156 1184 2211 Dei
1210 2155 1449 2210 facienda
1469 2155 1571 2208 erit
1589 2154 1873 2223 discussio.
1901 2153 2152 2223 Sciatque

576 2251 740 2305 abbas
773 2250 942 2318 culpa:
980 2248 1557 2317 pastoristincumbere
1598 2245 1850 2316 Quidquid
1885 2245 1936 2301 in
1967 2245 2153 2300 ovibus

2245 1074 2299 1119 et
2347 1066 2447 1120 sub
2499 1078 2603 1120 uno
2658 1065 2882 1119 Domino
2946 1067 3204 1136 aqualem
3238 1066 3513 1122 servitutis
3578 1065 3836 1120 militiam

2250 1154 2544 1224 bajulamus
2578 1160 2739 1224 :quia
2777 1172 2879 1209 non
2921 1167 2993 1211 est
3033 1173 3366 1223 personarum
3413 1159 3645 1225 acceptio
3676 1158 3841 1227 apud

2254 1244 2412 1299 Deum
2436 1245 2572 1316 (Act.
2607 1247 2687 1315 ι).
2717 1246 3067 1301 Solummodo
3098 1249 3149 1301 in
3179 1247 3276 1301 hac
3304 1258 3454 1316 parte
3482 1248 3622 1316 apud
3655 1250 3837 1315 ipsum

2248 1336 2619 1401 discernimur,
2648 1338 2691 1391 si
2725 1338 2974 1391 meliores
2996 1342 3062 1393 ab
3086 1339 3289 1393 aliisin
3315 1339 3569 1408 operibus
3592 1339 3755 1392 bonis
3778 1350 3834 1393 et

2251 1425 2477 1481 humiles
2501 1426 2858 1481 inveniamur.
2889 1426 3028 1498 Ergo
3055 1428 3275 1497 :rqualis
3304 1431 3373 1483 sit
3402 1428 3470 1481 ab
3490 1444 3556 1483 eo
3580 1428 3840 1483 omnibus

2248 1524 2485 1574 charttas
2515 1535 2529 1573 :
2558 1536 2659 1572 una
2717 1520 3019 1589 praebeatur
3071 1521 3121 1574 in
3170 1521 3417 1576 omnibus
3447 1518 3494 1584 δ,
3535 1522 3838 1576 secundum

2252 1612 2473 1674 merita,
2504 1610 2784 1678 disciplina
2816 1609 2855 1664 ί.
2890 1611 2946 1664 ln
2991 1609 3233 1665 doctrina
3276 1625 3503 1680 namque
3540 1626 3637 1665 sua
3671 1612 3843 1664 abbas

2252 1701 2600 1771 apostolicam
2620 1701 2728 1772 62
2749 1702 2905 1756 debet
2938 1702 3084 1757 illam
3108 1715 3321 1771 semper
3345 1702 3568 1755 formam
3593 1717 3838 1763 servare,

2253 1791 2305 1845 in
2333 1791 2443 1861 qua-
2461 1792 2588 1849 dicit
2618 1810 2631 1845 :
2663 1794 2863 1861 Argue,
2886 1792 3123 1856 obsecra,
3157 1794 3363 1860 increpa
3388 1789 3441 1859 (1
3472 1786 3609 1846 Tim.
3648 1793 3743 1857 tv),
3784 1792 3837 1845 id

2249 1893 2356 1947 est,
2384 1886 2616 1938 miscens
2639 1884 2970 1952 temporibus
2996 1896 3233 1952 tempora
3259 1924 3273 1946 ,
3307 1883 3603 1937 terroribus
3628 1883 3832 1936 blandi-

2255 1982 2431 2029 menta
2466 1993 2477 2025 :
2510 1975 2687 2028 dirum
2716 1974 2975 2044 magistri,
3012 1976 3154 2043 pium
3182 1974 3346 2042 patris
3381 1976 3396 2022 Ι
3437 1973 3689 2027 ostendat
3709 1971 3839 2025 εσθ-

2254 2074 2398 2119 ctum
2425 2081 2441 2119 :
2464 2066 2513 2121 id
2542 2076 2623 2121 est
2647 2065 3073 2134 indiscipiinatos
3094 2074 3148 2120 et
3168 2065 3440 2135 inquietos
3459 2064 3622 2119 debet
3644 2065 3837 2118 durius

2255 2146 2507 2227 arguere;
2537 2157 2850 2212 obedientes
2892 2167 3104 2222 autem,
3138 2165 3193 2212 et
3230 2158 3420 2220 mites,
3454 2167 3509 2211 et
3538 2156 3835 2225 patierites,

2258 2258 2313 2302 ut
2337 2249 2390 2303 in
2422 2250 2612 2303 melius
2641 2247 2945 2318 proﬁciant,
2977 2248 3291 2313 obsecrare;
3312 2250 3634 2319 negligentes
3656 2260 3837 2303 autem

576 2340 956 2411 paterfamilias
980 2336 1223 2394 utilitatis
1252 2340 1427 2393 minus
1456 2339 1686 2407 potuerit
1718 2339 1984 2392 invenire.
2009 2336 2148 2390 Tan-
2190 2361 2231 2417 Β
2259 2351 2313 2394 et
2341 2353 2745 2396 contemnentes
2764 2385 2777 2405 ,
2818 2352 2873 2395 ut
2908 2343 3146 2410 increpet
3172 2353 3228 2397 et
3255 2343 3541 2410 corripiat,
3577 2343 3837 2398 admone-

578 2440 689 2486 tum
721 2429 747 2466 ά
789 2433 979 2485 iterum
1005 2429 1140 2483 liber
1163 2429 1284 2491 erit,
1308 2437 1368 2481 ut
1390 2428 1433 2481 si
1457 2428 1691 2497 inquieto
1717 2428 1801 2482 vei
1831 2426 2153 2495 inobedienti

576 2524 722 2593 gregi
752 2523 985 2592 pastoris
1021 2520 1180 2576 fuerit
1226 2521 1399 2591 omnis
1449 2518 1723 2591 diligentia
1772 2520 2056 2582 attributa,
2102 2529 2155 2570 et

581 2615 841 2681 morbidis
860 2600 1046 2669 earum
1074 2612 1282 2667 actibus
1305 2616 1547 2667 universa
1574 2612 1733 2666 fuerit
1752 2627 1874 2663 cura
1897 2610 2154 2673 exhibita,

581 2690 763 2778 pastor
808 2720 991 2760 earum
1024 2715 1046 2741 ο
1084 2705 1137 2758 in
1173 2704 1374 2773 judicio
1411 2703 1617 2758 Domini
1666 2703 1972 2766 absolutus,
2018 2702 2159 2756 dieat

578 2813 701 2854 cum
734 2796 997 2866 Propheta
1030 2795 1254 2851 Domino
1280 2815 1293 2851 :
1327 2795 1592 2849 Justitiam
1613 2804 1755 2870 tuam
1786 2812 1885 2872 non
1915 2796 2159 2849 abscondi

581 2893 635 2944 in
680 2890 833 2947 corde
865 2904 1011 2951 meo,
1064 2890 1327 2954 veritatem
1355 2897 1494 2943 tuam
1522 2894 1583 2939 et
1628 2885 1855 2939 salutare
1884 2897 2025 2939 tuum
2051 2886 2159 2939 dixi

583 2982 703 3048 (Ps.
723 2983 936 3049 XXXII):
963 2981 1062 3049 ipsi
1089 2990 1265 3033 autem
1287 2989 1688 3033 contemnentes
1710 2987 2026 3046 spreverunt
2051 2992 2154 3031 me.

587 3072 653 3125 Et
672 3081 806 3125 tunc
824 3073 1037 3125 demum
1058 3068 1483 3122 inobedieutibus
1504 3084 1646 3121 cura:
1670 3084 1779 3122 suae
1798 3069 1985 3121 ovibus
2006 3083 2159 3137 ptena

582 3164 653 3215 sit
680 3162 761 3216 eis
791 3162 1086 3229 prmvalens
1117 3159 1229 3226 ipSa
1267 3148 1431 3210 mors.
1460 3154 1463 3155 ⁷
1510 3151 1514 3155 ’
1754 3154 1757 3155 ⁷
1796 3147 1803 3154 ’

660 3253 797 3321 Ergo
823 3266 943 3305 cum
973 3248 1165 3317 aliquis
1194 3247 1419 3317 suscipit
1454 3262 1645 3301 nomen
1677 3247 1917 3309 abbatis,
1964 3247 2158 3316 duplici

582 3343 744 3397 debet
772 3341 1015 3395 doctrina
1044 3339 1154 3409 suis
1181 3351 1411 3405 prmesse
1443 3336 1743 3405 discipulis;
1778 3337 1827 3390 id
1870 3346 1953 3391 est
1984 3342 2159 3390 omnia

583 3434 723 3487 bona
753 3441 807 3485 et
844 3439 1027 3482 sancta
1060 3426 1209 3480 factis
1238 3426 1649 3493 ampliusquam
1669 3427 2161 3489 .verbisostentlat;

586 3532 644 3577 ut
671 3520 955 3592 capacibus
985 3516 1261 3585 discipulis
1293 3516 1541 3568 mandata
1579 3516 1787 3569 Domini
1819 3502 1999 3569 verbis
2042 3531 2161 3584 pro-

587 3611 793 3683 ponatf
834 3628 846 3663 :
878 3609 1026 3665 duris
1056 3624 1183 3663 vero
1221 3607 1382 3661 corde
1421 3616 1474 3659 et
1509 3606 1929 3675 simplicioribus
1954 3648 1967 3671 ,
2009 3609 2163 3661 factis

2260 2448 2397 2486 mus.

2333 2522 2513 2591 Neque
2527 2522 2828 2575 dissimulet
2846 2521 2871 2559 κ
2892 2532 3107 2591 peccata
3121 2524 3542 2594 delinquentium
3564 2542 3576 2574 :
3598 2525 3694 2578 sed
3717 2539 3838 2577 mox

2262 2624 2318 2673 ut
2337 2616 2597 2685 coeperint
2625 2616 2775 2681 oriri,
2800 2617 3056 2671 radicitus
3078 2633 3161 2685 ea,
3188 2628 3242 2671 ut
3266 2620 3540 2685 praevalet,
3571 2628 3834 2687 amputet,

2262 2721 2467 2760 memor
2498 2707 2716 2775 periculi
2753 2706 2866 2760 lleli
2896 2707 3189 2762 sacerdotis
3227 2710 3294 2761 de
3338 2710 3451 2763 Silo
3493 2706 3549 2779 (1
3585 2709 3716 2779 Reg.
3757 2716 3841 2776 tr).

2265 2795 2329 2847 Et
2357 2795 2694 2851 honestiores
2727 2797 2939 2865 quidem
2968 2806 3127 2867 atque
3160 2798 3519 2869 inti-lligibiles
3548 2799 3561 2835 ¹
3600 2802 3840 2862 animos,

2264 2886 2431 2954 prima
2463 2885 2543 2939 vel
2571 2886 2802 2939 secunda
2826 2886 3191 2942 admonitione
3219 2888 3394 2942 verbis
3420 2889 3710 2957 corripiat;
3744 2890 3842 2942 im-

2264 2976 2461 3043 probos
2487 2985 2664 3030 autem
2705 2985 2759 3031 et
2786 2976 2950 3031 duros
2979 2979 3171 3041 corde,
3202 2992 3264 3031 ac
3312 2979 3605 3046 superbos,
3648 2981 3733 3033 vel
3765 2981 3819 3033 iu

2262 3069 2597 3131 obedientes,
2617 3068 2900 3122 verberum
2923 3070 3005 3122 vel
3021 3071 3263 3137 corporis
3276 3071 3626 3140 castigatione
3651 3072 3704 3124 in
3730 3072 3847 3141 ipso

2266 3160 2415 3212 initio
2436 3162 2636 3229 peccati
2657 3170 2921 3225 coerceat,
2943 3161 3119 3216 sciens
3142 3163 3396 3230 scriptum
3419 3181 3431 3216 :
3453 3164 3659 3218 Stultus
3678 3166 3843 3218 verbis

2266 3267 2365 3304 non
2394 3253 2681 3325 corrigitur.
2716 3252 2781 3306 Et
2808 3252 3001 3319 iterum
3036 3269 3050 3306 :
3084 3250 3296 3307 Percute
3322 3254 3487 3319 ﬁlium
3518 3264 3659 3307 tuum
3683 3255 3847 3325 virga,

2264 3354 2311 3396 et
2336 3324 2568 3397 liberabis
2592 3344 2817 3396 animam
2842 3345 2953 3411 ejus
2983 3360 3013 3395 a
3045 3353 3204 3396 morte
3234 3342 3416 3407 (Prov.
3449 3345 3625 3411 xxttt).
3656 3344 3845 3399 Memi-

2268 3449 2394 3487 nere
2423 3435 2584 3488 debet
2626 3449 2839 3503 semper
2866 3435 3031 3487 abbas
3063 3436 3199 3502 quod
3243 3448 3347 3498 esu,
3382 3436 3677 3489 meminere
3704 3438 3846 3504 quod

2269 3527 2480 3592 dicitur,
2524 3536 2578 3579 et
2621 3526 2760 3579 sitire
2800 3526 2922 3594 quia
2953 3526 3036 3578 cui
3064 3524 3182 3593 plus
3223 3526 3604 3590 committitur,
3633 3528 3753 3594 plus
3780 3529 3847 3578 ab

2268 3630 2333 3669 eo
2359 3610 2611 3685 exigitur.
2639 3610 2897 3683 Sciatque'
2917 3628 3077 3682 quam
3105 3614 3376 3668 difficilem
3400 3625 3454 3668 et
3474 3616 3698 3668 arduam
3732 3631 3849 3669 rem

587 3705 698 3758 suis
724 3702 904 3755 divina
934 3707 1198 3769 prmeepta
1229 3699 1561 3751 demonstret
1589 3705 1636 3749 ε.
1666 3698 1857 3755 Omnia
1887 3712 2019 3775 vero
2046 3714 2163 3767 qua!
2196 3732 2237 3791 (ἶ
2270 3705 2507 3770 suscepit
2533 3717 2717 3773 regere
2738 3706 2944 3758 animas
2965 3713 3019 3757 et
3047 3704 3330 3758 multorum
3358 3706 3562 3760 servire
3584 3708 3849 3761 muribus.

588 3793 867 3862 discipulis
887 3791 1126 3844 docuerit
1142 3805 1263 3843 esse
1284 3788 1569 3854 contraria,
1592 3789 1643 3841 in
1659 3788 1770 3842 suis
1792 3788 1946 3844 factis
1964 3790 2163 3844 indicet

591 3901 696 3940 non
708 3884 929 3953 agenda,
947 3899 1011 3936 ne
1023 3873 1140 3935 aliis
1158 3882 1448 3951 prmdicans
1464 3883 1576 3947 ipse
1592 3882 1853 3949 reprobus
1871 3882 2166 3936 inveniatur

588 3977 643 4047 (Ι
676 3975 793 4030 Cor.
818 3980 919 4043 ts),
957 3974 1239 4042 nequando
1260 3974 1402 4028 dicat
1427 3973 1500 4027 illi
1528 3972 1665 4026 Deus
1684 3975 1923 4042 peceanti
1957 3992 1969 4025 :
2001 3973 2167 4038 Quare

586 4079 642 4121 su
664 4082 871 4120 enarras
885 4066 1117 4136 justitias
1140 4082 1301 4129 meas,
1329 4078 1371 4118 et
1387 4067 1609 4119 assumis
1633 4073 1984 4117 testamentum
2002 4079 2165 4115 meum

587 4176 676 4229 per
699 4157 968 4225 astuant?
996 4156 1075 4210 Tu
1105 4155 1220 4210 vero
1251 4156 1408 4209 odisti
1431 4156 1797 4224 disciplinam,
1834 4164 1881 4207 et
1909 4154 2167 4223 projecisti

585 4248 1005 4304 sermones-meos
1029 4258 1140 4317 post
1158 4247 1393 4317 te(l’sal.
1418 4245 1585 4316 itus).
1619 4248 1681 4299 Et
1705 4249 1792 4316 qui
1819 4248 1868 4299 iu
1892 4245 2075 4299 fratris
2095 4250 2164 4296 tui

566 4343 745 4395 .ocnlo
790 4324 1051 4397 fesmcam
1080 4341 1334 4406 videbas,
1378 4342 1430 4395 in
1471 4349 1565 4395 tuo
1604 4344 1807 4395 trabem
1850 4357 1953 4393 non
1992 4341 2165 4393 vtdisn

590 4430 808 4500 (Matth.
840 4432 953 4501 vn).

626 4532 629 4535 ‘
665 4523 779 4574 Non
803 4522 870 4587 ab
891 4537 956 4576 eo
984 4537 1208 4590 persona
1233 4523 1286 4578 in
1320 4526 1646 4579 monasterio
1675 4523 2027 4577 discernatur.
2050 4525 2163 4577 Plan

590 4627 730 4665 tinus
761 4598 884 4679 plus
907 4623 1115 4667 ametur
1151 4628 1312 4682 quam
1358 4614 1510 4679 alius,
1560 4614 1661 4666 nisi
1710 4628 1865 4681 quem
1915 4615 1967 4671 iu
2010 4612 2170 4667 bouis

588 4700 800 4754 actibus
819 4710 910 4754 aut
936 4700 1238 4755 obedientia
1265 4702 1525 4755 invenerit
1558 4699 1850 4755 meliorem.
1887 4702 2000 4754 Non
2032 4716 2168 4770 prae-

574 4803 819 4862 ponatur
844 4793 1108 4861 ingenuus
1158 4808 1221 4847 es
1254 4792 1476 4847 servitio
1514 4794 1875 4856 convertenti,
1924 4793 2021 4845 ui-i
2068 4795 2166 4845 alia

594 4880 928 4937 rationabilis
943 4897 1106 4958 causa
1135 4883 1351 4957 existat.
1380 4883 1527 4949 Quod
1549 4884 1591 4936 si
1617 4883 1689 4936 ita
1707 4882 1909 4951 justitia
1931 4882 2169 4937 dictante

590 4976 769 5029 abbati
798 4976 970 5031 visum
999 4974 1179 5041 fuerit,
1204 4988 1257 5031 et
1283 4966 1349 5031 de
1375 4958 1660 5043 cujuslibet
1682 4975 1875 5027 ordiue‘
1897 4974 1945 5026 id
1978 4974 2165 5037 iaciat;

588 5066 673 5119 sin
711 5066 871 5130 alias,
910 5066 1123 5135 propria
1162 5076 1380 5121 teneant
1424 5066 1538 5119 loca
1571 5082 1584 5117 :
1614 5066 1739 5133 quia
1780 5065 1895 5116 sive
1945 5079 2163 5125 servus,

590 5158 703 5212 sive
731 5144 866 5210 liber
893 5155 941 5228 (Ι
968 5156 1085 5209 Cor.
1111 5160 1229 5223 xu),
1258 5170 1443 5211 omnes
1466 5157 1516 5210 in
1534 5154 1746 5210 Christo
1763 5171 1923 5209 unum
1948 5170 2165 5209 Sumus:

665 5381 684 5404 η
715 5372 913 5434 (ὶυιιι.,
942 5373 1255 5438 pronomine.

660 5438 687 5476 δ
718 5438 923 5507 0min,
955 5442 1219 5509 fermento.

665 5519 687 5548 ε
732 5511 814 5563 Al.
842 5511 1036 5563 omittit
1062 5512 1146 5562 sit.

660 5578 685 5615 ά
730 5580 814 5633 ΑΙ.
846 5580 1179 5633 tantumdem.

666 5654 706 5685 ν’
733 5654 814 5717 ΑΙ.
841 5668 1036 5703 eorum.

667 5719 684 5755 ¹
729 5722 809 5773 Al.
848 5735 1141 5789 proponere.

665 5801 686 5834 κ
731 5791 815 5843 ΑΙ.
860 5802 1159 5860 monstrare,

2273 3796 2337 3849 Et
2360 3796 2521 3849 alium
2549 3795 2762 3863 quidem
2790 3793 3170 3849 blandimentis
3190 3838 3204 3859 ,
3241 3794 3403 3847 alium
3430 3808 3567 3871 vciro
3595 3796 3848 3863 increpa-

2273 3887 2510 3942 tionibus
2539 3926 2556 3950 ,
2588 3889 2748 3940 alium
2782 3887 3120 3941 suasiOnibus
3144 3926 3160 3950 ,
3186 3898 3236 3939 et
3268 3873 3558 3940 secundum
3601 3888 3853 3941 uniuscu—

2267 3979 2458 4047 jusque
2478 3980 2788 4047 qualitatem
2816 3982 2896 4033 vel
2921 3980 3350 4049 intelligentiam,
3371 3981 3442 4033 ita
3462 3994 3524 4033 se
3544 3980 3795 4033 omnibus
3813 3988 3852 4016 ³

2271 4072 2568 4123 confovmet
2599 4083 2649 4123 et
2679 4086 2817 4137 aptet
2851 4112 2863 4133 ,
2896 4083 2951 4124 ut
2983 4088 3085 4126 non
3117 4074 3287 4125 solum
3319 4072 3640 4126 detrimenta
3668 4076 3854 4143 gregis

2272 4163 2369 4215 sibi
2396 4162 2669 4217 commissi
2710 4169 2815 4216 non
2844 4167 3091 4229 patiatur,
3124 4178 3305 4217 verum
3334 4162 3385 4215 in
3415 4166 3854 4232 augmentationo

2271 4253 2396 4305 boni
2428 4254 2605 4321 gregis
2634 4252 2881 4321 gaudeat.

2342 4346 2482 4398 Ante
2532 4346 2711 4397 omnia
2739 4384 2753 4407 ,
2811 4359 2878 4398 ne
2921 4344 3262 4398 dissimulans
3309 4354 3399 4399 aut
3460 4345 3856 4413 parvipendeus

2255 4436 2497 4494 salutem
2548 4436 2845 4488 animarum
2901 4435 3004 4489 Sibi
3054 4437 3487 4499 commissarum,
3538 4436 3655 4504 plus
3704 4447 3857 4504 gerat

2273 4525 2687 4580 sollicitudinem
2711 4525 2778 4579 de
2794 4525 2957 4579 rebus
2981 4525 3322 4586 transitoriis,
3344 4536 3397 4579 et
3417 4524 3663 4589 terrenis,
3692 4534 3857 4590 atque

2274 4616 2523 4681 caducis;
2555 4616 2648 4669 sed
2699 4630 2911 4683 semper
2963 4615 3160 4682 c0gitet
3212 4619 3333 4684 quia
3386 4616 3591 4668 animas
3621 4620 3858 4684 suscepit

2275 4708 2552 4773 regendas,
2578 4706 2645 4761 de
2667 4706 2857 4775 quibus
2882 4715 2936 4760 et
2958 4707 3217 4760 rationem
3243 4706 3549 4759 redditurus
3570 4715 3681 4769 est;
3707 4716 3763 4761 et
3786 4723 3857 4761 ne

2273 4806 2521 4853 causetur
2550 4797 2616 4851 de
2642 4798 2848 4852 minore
2876 4797 3010 4851 forte
3031 4796 3350 4861 substantia,
3384 4797 3690 4852 meminerit
3718 4800 3857 4851 scri-

2279 4897 2423 4952 ptum
2452 4904 2464 4939 :
2497 4886 2729 4939 Primum
2755 4889 2964 4955 quwrite
2984 4905 3196 4959 regnum
3228 4886 3324 4940 Dei
3354 4899 3399 4953 et
3418 4889 3675 4960 justitiam
3698 4889 3812 4958 ejus
3840 4906 3858 4941 :

2272 4992 2320 5031 et
2349 4980 2456 5032 hac
2482 4980 2651 5032 cuiuis
2671 4980 2981 5049 adjiciantur
3002 4979 3140 5033 vobis
3160 4978 3377 5051 (Matth.
3402 4982 3499 5049 vr).
3527 4981 3588 5034 Et
3618 4982 3809 5036 iterum
3843 5000 3857 5033 :

2280 5068 2427 5121 Nihil
2457 5069 2591 5121 deest
2621 5070 2905 5123 timentibus
2936 5085 3051 5122 eum
3077 5067 3253 5136 (Psal.
3283 5069 3502 5138 χχχιιι).

2348 5160 2598 5229 Sciatque
2621 5161 2742 5228 quia
2764 5161 2852 5227 qui
2880 5161 3101 5229 suscipit
3121 5162 3327 5215 animas
3366 5162 3623 5232 regendas
3652 5171 3801 5233 paret
3830 5173 3859 5197 ·

2345 5371 2367 5407 ¹¹
2408 5374 2491 5427 ΑΙ.
2534 5375 2781 5431 omnibus.

2264 5500 2271 5501 ,
2348 5441 2363 5483 ί
2409 5440 2605 5505 Οκοη..
2649 5445 2953 5511 άιδεὶριὶηω.

2348 5511 2361 5585 ξ
2414 5515 2497 5585 AI.
2529 5515 2630 5566 diri
2652 5516 2903 5583 magistri,
2932 5517 3004 5584 pii
3033 5517 3208 5585 patris.

2350 5579 2369 5655 ξ
2418 5579 2811 5655 Hiltlem.,ante
2832 5579 3003 5637 omnia
3033 5579 3200 5655 neque
3219 5587 3518 5644 dissimulet.
3580 5636 3583 5637 ,

2357 5648 2369 5684 ¹
2419 5654 2503 5706 ΑΙ.
2545 5652 2985 5723 intelligibiliares.

2354 5731 2389 5757 ω
2412 5723 2599 5782 Cunc..
2630 5740 2680 5774 se
2711 5725 2960 5777 omnibus.

2356 5802 2379 5827 υ
2411 5795 2491 5846 ΑΙ.
2516 5793 2736 5861 sciatque
2750 5794 2837 5845 aui
2855 5796 3059 5847 suscipit
3084 5796 3277 5849 animas
3301 5799 3545 5851 radendas
3568 5814 3834 5865 primaut.
