4102 6360
192 265 300 321 965

1285 257 1556 316 REGULA
1593 256 2083 315 COMMENTATA.
2125 254 2276 310 CAP.
2320 252 2384 308 II.

3367 248 3470 307 εθο

195 398 256 440 se
281 380 348 438 ad
375 380 634 437 rationem
659 377 1004 436 reddendam.
1042 376 1109 432 Et
1137 387 1392 448 quantum
1416 378 1512 432 sub
1531 393 1658 434 cura
1686 393 1782 434 sua
1813 382 1865 442 Α
1889 374 2276 436 discussionem
2329 371 2559 442 pastorls
2609 371 2677 428 de
2723 370 2947 428 creditis
3002 370 3230 436 ovibus,
3256 362 3380 422 'cutn
3410 368 3480 424 de

200 476 420 529 fratrum
467 487 530 528 se
573 472 771 527 habere
817 470 1000 526 scierit
1049 463 1368 535 numerum,
1403 478 1658 540 agnoscat
1689 484 1784 538 pro

199 575 349 618 certo
379 563 502 633 quia
531 563 584 618 in
608 562 697 617 die
721 561 907 631 judicii
950 561 1186 630 ipsarum
1219 561 1456 614 omnium
1487 559 1785 615 animarum

200 653 510 709 redditurus
549 663 634 708 est
679 653 906 706 Domino
937 652 1224 716 rationem,
1269 651 1386 706 sine
1415 651 1577 705 dubio
1607 651 1787 704 addito

199 755 254 800 et
277 760 388 802 sum
418 745 611 800 anima:
641 761 655 800 :
688 754 744 799 et
796 746 867 798 ita
895 757 1109 813 semper
1139 746 1334 799 timens
1387 744 1494 815 63
1553 745 1782 798 futuram

285 891 310 920 ⁸
340 897 426 937 Δ..
453 880 843 936 monitionibus.

1891 468 2082 522 alients
2117 465 2413 520 ratiociniis
2437 472 2619 529 cavet,
2653 463 2894 518 redditur
2923 462 2992 518 de
3026 462 3142 516 suis
3181 460 3493 522 sollicitus;-

1893 568 1945 611 et
1975 573 2094 611 cum
2125 557 2193 610 de
2223 555 2673 609 admonitionibus
2704 563 2728 590 ἰ
2759 555 2868 608 suis
2897 551 3328 607 emendationem
3364 550 3482 603 aliis

1895 647 2286 708 subministrat,
2325 647 2436 713 ipse
2475 646 2704 700 efficitur
2729 659 2756 698 a
2787 645 2929 699 vitiis
2958 642 3294 698 emendatrrs.

1536 1097 2177 1161 COMMENTARIUS

279 1250 445 1304 Abbas
475 1249 558 1312 qui
599 1261 812 1314 prreesse
844 1245 1028 1315 dignus
1068 1253 1141 1297 est
1178 1241 1534 1315 monasterio]
1566 1241 1790 1315 Abbatis

208 1322 428 1374 nomine
468 1320 525 1373 S.
581 1313 914 1371 Benedictus
944 1323 1107 1368 vocat
1150 1328 1272 1367 eum
1314 1314 1403 1378 qui
1449 1313 1700 1366 fratribus
1733 1315 1786 1364 in

207 1391 540 1445 monasterio
582 1387 871 1458 prmﬁcitur
903 1401 917 1437 :
947 1400 1062 1458 quo,
1084 1384 1300 1438 nomine
1329 1383 1490 1458 etiam
1510 1422 1526 1448 ,
1556 1392 1612 1437 ut
1644 1391 1791 1434 notat

208 1461 494 1524 Boherius,
528 1477 546 1509 ι
583 1454 866 1525 aliquoties
893 1455 1226 1522 appellantur
1251 1454 1560 1525 sacerdotes
1579 1495 1592 1517 ,
1623 1468 1793 1521 quan-

204 1533 384 1598 doqttc
421 1528 621 1598 praelati
655 1524 685 1579 :7
710 1545 728 1578 a
765 1527 874 1598 imo
909 1525 1068 1598 etiam
1100 1526 1204 1598 ipsi
1216 1524 1610 1598 _cmnobi_orurn
1655 1525 1794 1598 anti-

209 1592 434 1664 quiores
468 1609 560 1652 attt
594 1596 894 1651 solitudinis
934 1592 1142 1659 incolm,
1193 1594 1314 1664 licet
1359 1595 1520 1648 nullis
1574 1592 1795 1661 praesint

207 1663 508 1732 monachis,
533 1678 590 1722 ttt
611 1668 808 1737 passim
831 1664 1013 1720 videre
1036 1673 1119 1737 est
1139 1663 1339 1737 invitis
1363 1664 1575 1737 [fatrum
1598 1673 1796 1737 ;atque

205 1743 280 1793 ita
327 1743 385 1793 S.
428 1732 625 1792 I’aultts
662 1739 861 1804 primus
900 1736 1122 1790 crentita
1166 1734 1321 1804 abbas
1351 1732 1550 1786 Paulus
1579 1733 1792 1804 dicitur.

205 1811 304 1864 Est
330 1820 505 1864 autem
531 1803 684 1860 altbas
707 1822 807 1860 vox
837 1805 1056 1858 Ilebt'ma
1075 1843 1090 1866 ,
1113 1819 1233 1872 qua:
1257 1803 1444 1857 Latine
1467 1813 1610 1873 pater
1636 1803 1800 1870 signi-

205 1882 375 1933 licat:
406 1898 426 1932 r
461 1875 882 1947 Siqttterisquid
905 1875 975 1928 sit
999 1874 1157 1939 abba,
1189 1875 1359 1947 inquit
1384 1874 1797 1947 S.»_A_ugttstinus

203 1949 418 2018 (Serm.
472 1944 573 2002 156
618 1952 681 2018 de
724 1946 978 2014 δαίνυ,
1026 1944 1380 2018 respondetur
1424 1944 1517 1999 tibi
1562 1961 1575 1996 :
1619 1945 1795 2009 Pater,

200 2014 345 2074 abba
378 2019 523 2072 enim
555 2017 813 2071 ilebraice
843 2027 990 2082 pater
1014 2014 1229 2068 dicitur.
1271 2033 1290 2066 ι

281 2091 498 2158 Semper
537 2087 805 2140 meminere
836 2084 1156 2158 debetquod
1199 2084 1432 2158 militum]
1463 2083 1529 2140 Ut
1562 2082 1799 2158 nominis

206 2153 593 2227 signiﬁcationi
617 2159 938 2224 respondeat
960 2155 1064 2208 vita
1094 2155 1387 2227 ccnsintilis
1405 2153 1429 2220 ;⁷
1451 2165 1506 2209 et
1530 2155 1669 2209 sicut
1696 2153 1799 2227 Ifgt-

207 2223 296 2284 tci-
322 2237 565 2292 vocatur,
597 2223 801 2294 patrem
835 2238 1022 2280 revera
1064 2239 1191 2294 erga
1239 2225 1518 2280 inferiores
1547 2240 1606 2279 se
1648 2223 1803 2278 exhi-

207 2303 357 2359 beat,
395 2316 413 2350 r
451 2307 673 2366 paterno
717 2309 867 2349 more
915 2294 1073 2366 lilios,
1119 2295 1172 2349 id
1216 2305 1298 2349 est
1340 2297 1803 2366 monachosqsuoﬁs

207 2364 700 2436 muriam—paterno
729 2379 876 2419 more
906 2364 1124 2432 diligat,
1149 2373 1351 2436 etcum
1394 2378 1616 2420 necesse
1646 2365 1804 2418 fuerit

210 2450 442 2508 paterno
466 2434 614 2508 more
640 2436 886 2508 castiget,
917 2445 1133 2504 arguat,
1167 2434 1434 2500 obsecret,
1458 2446 1565 2490 etc.
1587 2476 1601 2500 ,
1641 2454 1659 2486 ι
1694 2438 1804 2488 sic-

210 2505 562 2578 illIﬂIOtlllllllr
590 2505 935 2578 Stnaragdus.
1018 2575 1028 2578 _
1111 2574 1121 2578 Δ
1220 2553 1230 2578 ι
1627 2515 1632 2520 '

293 2577 358 2631 Et
402 2574 594 2630 nomen
644 2577 857 2646 majoris
908 2575 1055 2646 factis
1103 2574 1358 2646 intplere.|
1415 2576 1480 2631 Ift
1531 2579 1674 2631 enim
1732 2575 1808 2627 ait

213 2650 277 2703 S.
321 2647 628 2717 Gregorius,
681 2645 898 2700 r'tarrto
927 2645 1087 2699 debet
1127 2645 1390 2700 actionem
1442 2649 1621 2717 populi
1668 2647 1808 2699 actio

217 2719 602 2774 transcendere
635 2717 901 2785 prtesulis,
930 2724 1187 2782 quantum
1229 2717 1392 2770 distat
1422 2733 1451 2770 a
1495 2732 1656 2785 grege
1700 2717 1806 2769 vita

220 2791 454 2859 pastoris
485 2803 500 2843 :
543 2796 756 2856 oportet
797 2801 1025 2859 namque
1058 2797 1111 2859 ut
1138 2789 1311 2859 metiri
1343 2802 1401 2841 sc
1431 2789 1665 2859 sollicite
1693 2798 1809 2840 Stu-

219 2855 380 2923 deat,
426 2855 620 2926 quanta
668 2857 912 2926 tenenda:
959 2855 1294 2926 rectitudinis
1335 2858 1653 2912 necessitate
1683 2871 1812 2909 con-

218 2921 505 2993 stringitur
529 2929 629 2982 sub
658 2921 812 2995 cujus
844 2925 1202 2998 :estimatiorte
1240 2929 1466 2994 pupulus
1495 2943 1622 2998 grex
1654 2940 1812 2980 voca-

222 3017 331 3055 utr.
359 3002 443 3056 Sit
464 3014 591 3068 ergo
615 3010 834 3053 necesse
856 3006 936 3068 est
963 2996 1286 3068 cogitatione
1312 2996 1571 3063 mundus,
1601 2999 1812 3051 actione

223 3066 554 3140 prrcipuus',
607 3071 872 3140 discretus
922 3066 973 3119 in
1019 3067 1263 3140 silentio,
1321 3069 1460 3122 t:tilis
1505 3069 1561 3140 in
1611 3068 1807 3127 verbo,

219 3137 449 3210 singulis
477 3137 1312 3210 compassioneprovirnus,‘prre
1339 3139 1546 3210 cunctis
1568 3147 1807 3210 content-
1835 3139 1880 3201 ρ

223 3206 462 3280 piaitone
501 3206 811 3279 suspensus,
858 3208 991 3280 bene
1021 3206 1298 3280 agentibus
1327 3223 1420 3280 per
1451 3208 1805 3262 humilitatem

222 3278 435 3346 socius,
489 3278 661 3334 etei:
710 3296 728 3329 ι
778 3292 894 3346 quze
941 3278 1109 3329 lttsius
1154 3278 1504 3345 sequentibus
1545 3279 1811 3347 capitibus

225 3353 588 3420 prosequitur,
616 3362 840 3418 quaeque
881 3347 1062 3420 ultima
1106 3348 1270 3420 verba
1301 3363 1437 3417 pene
1482 3351 1672 3405 iisdem
1705 3359 1811 3404 ter-

227 3417 702 3489 initiis'rcttetitin
733 3419 866 3472 libra
892 3433 905 3471 r
937 3417 1195 3486 Itegistri,
1219 3433 1338 3485 cap.
1372 3421 1465 3477 24.

298 3488 500 3546 Christi
531 3490 662 3544 enim
701 3505 848 3560 agere
878 3488 1086 3561 t'ieesin
1127 3491 1430 3543 monasterio
1460 3488 1728 3561 creditur.]
1761 3489 1812 3543 Id

223 3573 312 3618 est
340 3561 538 3616 Christi
571 3558 852 3630 personant
884 3558 1168 3630 exhibere,
1210 3573 1305 3613 seu
1347 3561 1464 3628 ejus
1498 3558 1814 3628 potestatem

228 3635 283 3687 itt
307 3632 550 3688 subditos
573 3629 792 3692 habere,
815 3629 1260 3700 ctrattctoritatem
1282 3645 1575 3696 exercere;
1611 3651 1630 3683 r
1661 3634 1811 3700 quia,

230 3702 404 3772 inquit
447 3700 741 3756 llic-bardus
779 3701 845 3754 de
871 3699 936 3772 8ἶ
973 3699 1210 3769 Angelo,
1256 3702 1466 3769 quando
1505 3701 1558 3755 in
1597 3699 1818 3755 abbates

230 3769 522 3842 eliguntur,
556 3781 814 3842 vocantur
843 3783 872 3822 a
919 3769 1311 3842 Deo‘tanquam
1340 3773 1518 3825 Aaron
1539 3811 1554 3837 ,
1584 3782 1638 3825 et
1665 3781 1815 3841 post-

233 3839 396 3912 «nam
446 3851 574 3898 sttnt
621 3839 837 3906 vocati,
883 3839 1144 3912 recipiunt
1174 3839 1506 3912 potestatem
1558 3854 1612 3897 et
1650 3839 1818 3896 vicem

232 3911 432 3968 Christi
454 3931 481 3966 :t
512 3926 644 3981 papa
665 3952 680 3976 ,
710 3926 798 3980 qur
828 3911 965 3980 gerit
985 3912 1152 3965 vicem
1186 3914 1296 3966 veri
1331 3911 1446 3966 Dei.
1501 3931 1520 3964 ›

309 3984 530 4050 Quando
559 3981 723 4049 ipsius
761 3990 1007 4034 curantur
1048 3981 1406 4051 praenomina]
1438 3982 1490 4035 Id
1521 3992 1605 4037 est
1630 3983 1819 4039 eodem

234 4070 344 4123 quo
370 4054 612 4123 Christus
657 4053 1155 4123 vocaturunomine,
1189 4067 1382 4123 nempe
1412 4053 1620 4123 abbatis
1647 4065 1700 4108 et
1733 4070 1824 4122 pa-

237 4121 358 4178 tris.
405 4124 517 4177 Non
565 4122 697 4176 dixit
741 4121 1056 4189 simpliciter
1082 4122 1313 4186 nomine;
1355 4122 1448 4176 sed
1477 4121 1823 4191 praenomine,

239 4194 383 4265 quod
428 4209 562 4247 onus
612 4191 880 4265 nominis,
927 4205 1024 4265 seu
1064 4192 1377 4265 dignitatem
1419 4193 1720 4264 significat.
1770 4205 1827 4248 ut

237 4259 456 4334 exponit
474 4263 789 4334 Bernartius
817 4259 1174 4334 Cassittensis.

309 4330 421 4404 ea
462 4333 669 4386 Dicente
692 4330 981 4404 Apustium]
1027 4333 1189 4404 Paule
1232 4332 1459 4404 scilicet,
1491 4335 1828 4404 quisemper

240 4402 622 4474 intelligendus
672 4403 815 4456 venit
840 4442 860 4474 ._
904 4402 1118 4474 quoties
1162 4403 1336 4458 solum
1381 4403 1690 4471 Apostolus,
1735 4402 1828 4459 aut

244 4472 474 4547 Magnus
496 4474 788 4547 Apostolus,
819 4472 936 4547 sine
963 4472 1145 4547 addito
1169 4474 1308 4528 inter
1321 4475 1616 4547 legendum
1647 4490 1830 4547 occur-

245 4542 357 4601 ηιξ
390 4564 410 4597 r
445 4546 577 4611 Quis
611 4544 876 4608 loquitur?
901 4542 1073 4611 inquit
1103 4545 1292 4599 Petrus
1321 4542 1658 4600 Venerabilis
1689 4546 1826 4614 (Lib.

239 4631 324 4682 vr,
357 4633 441 4683 ep.
470 4615 581 4686 ‘24)”
612 4631 626 4668 :
662 4613 883 4686 Magnus
912 4616 1225 4682 Apostolus.
1271 4615 1328 4671 Si
1372 4615 1670 4686 interroges
1712 4617 1833 4686 quis

242 4687 507 4755 magnus?
553 4685 1169 4755 Rcspondeo,_nonest
1218 4685 1675 4755 interrogandum.
1732 4685 1833 4742 Ubi

241 4753 532 4826 Aposwlus
566 4757 782 4826 Magnus
810 4753 1048 4826 additur,
1080 4754 1279 4810 Paulus
1309 4754 1670 4826 intelligitur.]

317 4827 592 4896 Accepistis
623 4824 880 4897 Spiritum
908 4825 1200 4897 udoptionis
1231 4824 1561 4893 ﬁliorum—in
1599 4824 1700 4897 quo
1727 4826 1833 4880 cla-

244 4892 494 4977 mamus:
520 4892 693 4959 Abba,
726 4892 931 4977 Patet}
956 4892 1091 4977 Cum
1119 4892 1272 4977 pater
1298 4906 1353 4952 et
1387 4897 1558 4951 abbas
1580 4892 1830 4977 eamdem

244 4968 546 5023 sortiantur
601 4965 833 5020 nominis
890 4965 1373 5037 signiﬁcationem,
1428 4968 1682 5034 quaeritur
1735 4981 1832 5022 cur

246 5048 533 5106 utrumque
564 5037 804 5106 posuerit
832 5037 1120 5104 Apostolus
1145 5080 1160 5101 ,
1193 5053 1314 5093 cum
1341 5038 1655 5093 alterutrum
1690 5038 1833 5092 haud

245 5105 468 5164 dubium
518 5105 768 5178 sufficere
821 5117 1022 5174 posset.
1081 5108 1390 5178 Respondet
1447 5109 1830 5164 Ilildernarus:

251 5197 270 5230 ι
320 5180 502 5233 Abbas
528 5177 791 5250 llebraica
817 5187 870 5231 et
896 5179 1115 5250 Syriaca
1143 5177 1319 5250 lingua
1345 5188 1461 5234 est:
1490 5179 1676 5233 Grarca
1705 5195 1834 5234 vero

243 5259 302 5304 et
321 5250 506 5302 Latina
523 5260 674 5320 pater
689 5245 907 5320 dicitur.
927 5245 1062 5314 Quia
1077 5245 1327 5320 cognovit
1348 5251 1409 5304 B.
1433 5250 1627 5306 Paulus
1647 5259 1836 5317 gentes

245 5334 373 5374 suas
401 5319 655 5387 epistolas
680 5331 800 5371 esse
822 5319 1082 5383 lecturos,
1109 5319 1229 5376 ideo
1251 5322 1382 5376 dicit
1410 5338 1422 5372 :
1454 5323 1625 5386 Abba,
1657 5322 1833 5384 Pater,

187 5409 198 5418 κ
249 5402 308 5443 ut
357 5403 689 5460 unaqtragque
718 5403 848 5460 gens
891 5388 1117 5444 haberet
1163 5396 1262 5446 hoc
1308 5406 1534 5456 nomen,
1568 5393 1707 5460 quod
1753 5401 1838 5445 est

249 5461 432 5514 Pater.
487 5479 504 5510 ι
544 5459 704 5512 Forte
744 5459 934 5524 etiam,
969 5461 1089 5528 quia
1122 5461 1364 5514 Christus
1409 5459 1695 5529 utrumque
1741 5476 1837 5514 sua

249 5533 302 5584 irt
333 5531 584 5599 passione
610 5543 976 5596 usurpaverat,
1000 5543 1120 5583 cum
1149 5546 1310 5584 orans
1334 5533 1396 5584 ad
1428 5534 1634 5585 Patrem
1657 5533 1790 5584 dixit
1820 5547 1835 5584 :

249 5602 426 5662 Abba,
461 5600 648 5663 I’atrr;
701 5602 948 5653 nimirum
1004 5601 1211 5655 locutus
1269 5612 1351 5654 est
1402 5601 1586 5654 Grrece
1637 5612 1691 5654 et
1737 5603 1841 5656 Ile-

251 5674 469 5736 braice;
503 5670 620 5739 qtria
656 5685 758 5721 non
802 5681 882 5724 e-t
911 5670 1184 5726 distinctio
1210 5671 1378 5726 Judzei
1410 5684 1462 5725 et
1494 5671 1666 5726 Grzcc't
1700 5673 1838 5740 apud

249 5757 395 5800 ουιυ.

536 5859 807 5920 Purser.
841 5856 1058 5918 LXVI.

1970 1237 2237 1306 Ideoque]
2277 1235 2333 1290 Si
2381 1234 2552 1288 vicem
2607 1232 2817 1287 Domini
2863 1233 2915 1286 itt
2968 1236 3294 1288 monasterio
3323 1234 3487 1290 abbas

1897 1323 2067 1380 agere
2083 1310 2338 1362 creditur.

1972 1378 2122 1431 Nihil
2173 1387 2316 1431 ea‘tra
2368 1387 2674 1446 praereptura
2729 1372 2980 1446 Domini.]

1899 1515 2312 1592 continetuer
2359 1517 2678 1583 Scripturis,
2735 1516 2788 1568 in
2841 1515 3075 1584 Regula,
3125 1516 3178 1569 in
3231 1516 3387 1579 vitis,
3431 1527 3486 1570 et

1902 1590 2116 1658 scriptis
2155 1588 2252 1645 SS.
2283 1589 2521 1642 Patrum.
2601 1657 2608 1658 ί
2864 1656 2872 1658 _
3060 1608 3062 1610 -

1977 1656 2132 1714 Debet
2175 1671 2263 1713 aut
2306 1657 2526 1728 docere.]
2572 1657 2747 1711 Verbo
2791 1656 2874 1709 vel
2924 1656 3204 1728 exemplo:
3237 1657 3362 1726 quia
3389 1658 3487 1713 du-

1908 1730 2029 1800 plici
2060 1731 2220 1784 debet
2241 1731 2482 1800 doctrina
2517 1727 2629 1783 StlIS
2658 1742 2890 1794 praeesse
2920 1727 3215 1794 discipulis.

1975 1804 2075 1855 Aut
2103 1799 2454 1855 constituere.l
2497 1801 2551 1853 ld
2597 1809 2683 1853 est
2728 1807 2923 1851 statuta
2975 1808 3068 1851 aut
3115 1800 3329 1852 decreta
3361 1814 3487 1854 san-

1902 1886 2031 1926 etre.

1985 1941 2074 1995 Vel
2103 1939 2321 2012 iubere]
2362 1941 2414 1995 Id
2448 1949 2530 1994 est
2573 1942 2858 2006 imperare.
2892 1938 3055 2012 Qum:
3082 1938 3179 2012 tria
3213 1942 3389 2008 posuit
3428 1943 3488 1996 S.

1904 2013 2084 2077 Pater,
2139 2033 2154 2060 ς
2191 2009 2352 2080 quii,
2387 2021 2444 2065 ttt
2483 2011 2611 2064 dicit
2669 2009 2970 2063 Bernartius
3017 2009 3383 2080 Ca~sinensis,
3437 2013 3490 2066 in

1906 2083 2024 2136 istis
2054 2079 2225 2136 tribus
2255 2084 2404 2151 quasi
2456 2092 2562 2134 tnta
2613 2081 2807 2145 pendet
2857 2079 3382 2151 potestasabbatis,
3435 2095 3490 2137 ut

1906 2153 2098 2207 doceat
2145 2149 2306 2218 sarta,
2336 2153 2628 2206 constituat
2652 2152 2828 2219 justa,
2858 2150 3042 2218 jubeat
3089 2149 3268 2217 licita,
3314 2155 3490 2220 possi-

1908 2224 2030 2277 bilia
2071 2231 2123 2275 et
2153 2223 2396 2278 honesta.
2448 2243 2464 2274 ι

1979 2293 2082 2348 Sed
2099 2293 2266 2360 jrtssio
2289 2297 2398 2363 ejus
2415 2334 2428 2358 ,
2458 2294 2533 2345 vel
2555 2292 2789 2345 doctrina
2811 2293 3111 2360 fermentum
3133 2289 3321 2363 divina:
3341 2295 3491 2360 iusti-

1909 2365 1993 2418 tia:
2030 2366 2083 2416 in
2114 2360 2484 2430 discipulorum
2515 2362 2765 2416 mentibus
2793 2360 3200 2432 conspergatur.]
3241 2362 3493 2419 Fertrten-

1910 2446 2022 2488 tum
2063 2434 2348 2502 aliquando
2395 2436 2446 2488 irt
2491 2435 2718 2498 bonam,
2748 2432 3036 2500 aliquando
3067 2432 3122 2484 in
3152 2433 3344 2486 malam
3371 2451 3494 2502 par-

1910 2515 2013 2560 tem
2053 2505 2312 2568 sumitur;
2356 2506 2480 2574 quia
2525 2505 2650 2557 licet
2679 2509 2991 2571 corrumpat
3021 2502 3489 2574 larittmmrnassanr,

1909 2590 2026 2630 eam
2063 2585 2238 2628 tamen
2266 2572 2658 2641 currumpendo
2685 2574 2922 2643 sapidarn
2962 2572 3158 2646 reddit.
3189 2573 3339 2646 TunAc
3367 2591 3494 2646 ergo

1913 2647 2231 2699 fermentum
2265 2646 2697 2713 divinzejttstitia:
2728 2641 2779 2698 in
2810 2642 3078 2697 mentibus
3109 2641 3490 2712 discipmortritt

1910 2716 2120 2770 abbatis
2139 2714 2383 2769 doctrina
2408 2715 2799 2783 conspergitur,
2828 2729 2948 2768 cum
2976 2714 3208 2766 divinam
3233 2717 3493 2781 justitiam

1912 2788 2149 2854 sapidam
2171 2827 2186 2848 ,
2218 2800 2434 2840 suavem
2458 2827 2472 2850 ,
2502 2797 2556 2840 et
2576 2785 2944 2839 defeetablcm
2974 2785 3250 2851 discipulis
3283 2787 3452 2841 reddit
3478 2805 3492 2844 ε

1913 2859 1996 2910 vel
2045 2856 2089 2908 si
2134 2857 2453 2910 fermentum
2503 2867 2745 2909 sumatur
2791 2871 2884 2922 pro
2926 2855 3222 2918 citat-irate,
3267 2865 3320 2910 et
3364 2858 3496 2920 dite:

1913 2928 2090 2980 ctione
2132 2927 2256 2990 Dei,
2290 2935 2344 2980 ttt
2387 2927 2659 2980 nonnullis
2704 2928 2905 2993 placet,
2945 2925 3183 2976 dactrina
3231 2936 3284 2978 et
3323 2927 3496 2995 jussio

1917 2996 2122 3054 abbatis
2168 2997 2366 3049 divina:
2405 2997 2628 3064 juSIitia:
2679 2995 3000 3049 fermentum
3062 2999 3148 3054 tit,
3205 3009 3323 3049 cum
3366 2998 3497 3050 divi-

1917 3081 2036 3120 nam
2062 3066 2316 3133 justitiam
2348 3067 2477 3120 dura
2513 3068 2634 3120 licet
2663 3066 3014 3132 imperantem
3039 3065 3322 3118 amabilem
3350 3068 3495 3122 facit.

1984 3137 2181 3190 Memor
2226 3138 2291 3190 sit
2333 3154 2531 3202 semper
2579 3139 2734 3190 abbas
2783 3138 2901 3204 quia
2951 3136 3196 3188 (locu-ina:
3241 3153 3364 3204 sure,
3422 3137 3497 3191 vel

1913 3207 2285 3279 discipulorum
2330 3208 2658 3279 obedientiw,
2711 3218 3037 3279 utrarumque
3081 3222 3251 3260 rerum
3309 3210 3361 3261 in
3405 3211 3498 3279 ju-

1915 3275 2051 3331 dicio
2097 3276 2201 3352 Dei
2241 3278 2619 3352 {aeienrla_erit
2661 3275 2955 3352 discussioj
2995 3275 3072 3330 Ne
3127 3286 3310 3352 contra
3365 3275 3500 3348 prae-

1915 3359 2127 3416 ceptum
2174 3347 2384 3403 Domini
2426 3349 2589 3402 abbas
2632 3348 2829 3418 aliquid
2873 3357 3180 3416 praesumat,
3225 3348 3366 3402 hunc
3414 3365 3500 3403 sa-
3561 3390 3567 3393 -

1917 3419 2125 3488 pienter
2171 3421 2388 3472 omnino
2433 3419 2490 3474 S.
2541 3420 2698 3473 Pater
2739 3419 3010 3473 admonuit
3037 3457 3054 3481 ,
3083 3428 3140 3470 ut
3184 3434 3393 3474 memor
3430 3420 3503 3474 sit

1916 3504 2132 3557 semper
2179 3491 2301 3558 quia
2347 3490 2472 3544 doct
2503 3491 2532 3542 Il
2558 3505 2604 3544 re
2647 3504 2793 3553 Sum,
2819 3489 2900 3542 vel
2942 3488 3325 3556 discipulorum
3357 3491 3502 3544 obe-

1918 3559 2162 3622 dientize,
2190 3561 2349 3614 simul
2381 3561 2433 3614 irt
2469 3560 2746 3614 tremendo
2778 3559 2872 3612 Dei
2895 3559 3101 3628 judicio
3130 3559 3371 3614 facienda
3401 3563 3504 3615 erit

1919 3630 2182 3686 discussio
2213 3647 2228 3682 :
2260 3645 2379 3698 qua:
2424 3632 2636 3699 quidem
2683 3632 2876 3695 verba,
2921 3639 2978 3683 ut
3021 3631 3094 3683 ait
3140 3630 3501 3699 Smaragdus,

1922 3716 2028 3755 non
2078 3701 2317 3769 indigent
2360 3703 2716 3769 expositione,
2765 3702 2860 3754 sed
2909 3702 3086 3769 ponus
3128 3701 3410 3756 abbatibus
3449 3711 3504 3757 et

1923 3771 2200 3824 monachis
2245 3771 2588 3825 fottissirnunt
2623 3771 2883 3825 incutiunt
2923 3771 3033 3842 65
3075 3786 3346 3839 pavorem.
3377 3773 3502 3828 Tria

1923 3842 2272 3895 nihilominus
2301 3842 2385 3894 hic
2415 3842 2634 3909 inqrtirit
2666 3842 3027 3912 IIildemarus.
3082 3842 3318 3896 l’ritnutn
3368 3856 3449 3897 est
3483 3888 3501 3912 ,

1923 3926 2044 3966 eum
2067 3912 2275 3966 abbatis
2299 3913 2559 3967 doctrinas
2580 3912 2738 3966 simul
2761 3927 2812 3966 et
2845 3911 3226 3979 discipulorum
3248 3911 3507 3969 obedienQ-

1926 3983 2014 4036 tize
2047 3983 2286 4036 facienda
2318 3983 2422 4036 erit
2461 3984 2722 4036 discussio
2749 4023 2762 4045 ,
2794 3997 2889 4035 cur
2927 3983 3097 4035 solum
3131 3985 3419 4048 abbatem,
3450 3992 3507 4039 et

1927 4068 2032 4107 non
2064 4053 2222 4106 simul
2255 4053 2546 4120 discipulos
2585 4055 2789 4106 monuit
2836 4067 2956 4106 esse
3000 4067 3268 4108 memores
3312 4056 3509 4111 futurae

1927 4122 2299 4177 discussionis.
2337 4121 2476 4175 Dixit
2503 4124 2644 4176 enirn
2679 4137 2693 4175 :
2727 4138 2920 4176 memor
2967 4124 3030 4174 sit
3071 4139 3271 4192 semper
3308 4123 3504 4191 abbas,
3595 4127 3600 4134 ’

1930 4208 2027 4247 nec
2057 4192 2284 4255 addidit,
2333 4203 2380 4244 et
2418 4193 2674 4248 monachi.
2720 4193 3028 4262 Respondet
3058 4193 3198 4246 idem
3232 4193 3508 4249 Ilildema-

1930 4278 2022 4317 rus
2055 4277 2069 4317 :
2106 4283 2123 4314 ‹
2162 4264 2299 4316 Dixit
2324 4265 2661 4332 εοιιιηιιηοάρ
2686 4263 2934 4316 abbatem
2958 4278 3250 4318 memorem
3280 4280 3422 4333 esse,
3449 4276 3508 4321 trt

1932 4335 2020 4388 ille
2059 4335 2318 4388 sollicitus
2347 4335 2416 4386 sit
2452 4337 2517 4387 de
2546 4335 2697 4388 doctr
2720 4347 2787 4387 na
2823 4349 2948 4401 sua,
2994 4345 3049 4388 et
3077 4334 3367 4404 discipulos
3397 4341 3512 4392 red-

1932 4406 2021 4459 dat
2048 4405 2305 4457 sollicitos
2345 4405 2411 4458 de
2439 4404 2740 4458 oltedientia
2783 4420 2901 4458 sua.
2957 4407 3141 4460 Altero
3188 4421 3316 4460 vero
3345 4412 3510 4463 modo

1935 4476 2133 4529 idcirco
2182 4475 2316 4528 divit
2363 4476 2610 4530 abbatem
2663 4475 3000 4530 solummodo
3047 4491 3340 4532 memorem
3390 4493 3512 4535 esse

1855 4513 1908 4574 Ι)
1937 4547 2157 4617 debere,
2189 4562 2254 4599 eo
2281 4548 2420 4617 quod
2453 4547 2544 4599 ille
2587 4556 2692 4600 tam
2723 4548 2789 4599 de
2817 4546 3064 4600 doctrina
3103 4513 3514 4617 Euitwﬁiliniii;

1936 4616 2240 4671 obedientia
2287 4616 2668 4685 discipulorum
2716 4632 2932 4671 suorum
2967 4616 3280 4674 redditurus
3309 4628 3394 4674 est
3421 4636 3513 4674 ra-

1940 4687 2138 4741 tionem
2164 4687 2272 4742 Deo
2291 4687 2346 4740 in
2371 4687 2458 4740 die
2475 4688 2685 4755 iudicii,
2709 4699 2762 4740 et
2789 4695 3067 4755 propterea
3091 4688 3228 4742 dixit
3252 4689 3514 4745 obedien-

1941 4757 2008 4830 tia
2038 4757 2420 4830 discipulorum
2452 4767 2627 4830 utrum
2677 4758 2759 4830 sit,
2795 4757 3034 4830 perfecta,
3055 4799 3070 4822 ,
3101 4775 3168 4813 an
3200 4760 3514 4830 imperfecta

1938 4827 2436 4900 obedirentia,_sicut
2462 4838 2568 4900 tota
2594 4827 3070 4900 doctrinaabbatis
3097 4831 3142 4884 si
3172 4827 3296 4900 plus
3326 4828 3512 4898 fuerit,

1939 4914 2004 4952 an
2034 4899 2209 4951 minor
2232 4898 2322 4951 illa
2352 4897 2612 4964 doctrina,
2638 4913 2795 4966 quant
2825 4899 3002 4952 debet.
3042 4917 3062 4951 ι
3173 4897 3188 4900 ’
3322 4943 3328 4948 .

2008 4968 2313 5022 Secundum
2340 4979 2421 5022 est
2446 4985 2541 5022 cur
2566 4970 2804 5038 semper?
2833 4969 3244 5038 Respondetque
3274 4988 3290 5026 :
3331 4990 3351 5024 ‹
3378 4973 3516 5038 Quia

1939 5039 2105 5092 voluit
2146 5040 2203 5092 S.
2242 5039 2561 5094 Benedictus
2607 5049 2664 5092 ut
2704 5055 2975 5107 nunquam
3015 5055 3044 5093 a
3087 5042 3252 5096 corde
3303 5044 3516 5099 abbatis

1938 5108 2203 5164 discussio
2234 5109 2332 5162 ista
2364 5111 2597 5164 recedat.
2631 5127 2649 5160 ι
2683 5110 2814 5164 Ilinc
2843 5119 2987 5164 tanta
3017 5112 3074 5164 S.
3107 5111 3281 5167 Patris
3311 5115 3515 5169 sollici-
3562 5140 3572 5177 ε

1940 5180 2066 5234 tudo
2087 5182 2312 5234 extremi
2335 5181 2518 5248 iudicii
2549 5184 2599 5235 in
2629 5183 2941 5235 memoriam
2965 5182 3174 5238 abbatis
3198 5186 3511 5246 revocandi,
3558 5201 3574 5242 .'

1940 5259 1997 5304 ut
2027 5252 2113 5304 vix
2146 5266 2377 5320 unquam
2403 5254 2470 5306 de
2491 5267 2559 5307 eo
2598 5251 2922 5322 quunturin
2957 5252 3154 5322 [tegula
3181 5256 3350 5322 ,_quin
3383 5256 3518 5308 illud
3560 5255 3568 5320 ξ·

1939 5321 2056 5388 ejus
2075 5327 2236 5375 menti
2257 5325 2484 5384 intinret,
2507 5333 2562 5378 et
2583 5337 2770 5377 revera
2793 5321 2922 5376 nihil
2949 5324 3015 5376 ita
3039 5321 3514 5392 prtesumptionern
3554 5329 3586 5360 ‘-

1940 5393 2148 5446 abbatis
2169 5407 2439 5457 coercere,
2467 5408 2694 5460 euntque
2718 5395 2853 5446 intra
2882 5395 2962 5447 sui
2987 5395 3181 5448 limites
3203 5395 3364 5448 oftlcii
3388 5411 3518 5448 con-

1943 5463 2115 5516 tinere
2147 5471 2345 5531 potest,
2376 5466 2513 5518 sicut
2539 5466 2679 5532 jttgis
2711 5466 2970 5518 memoria
3002 5464 3192 5516 futura:
3221 5465 3513 5518 discussio-

1945 5535 2049 5586 nis.
2086 5535 2347 5587 I’rasclare
2377 5536 2664 5589 admodum
2700 5534 2878 5587 Xisttts
2909 5533 3259 5602 pltilosomtus
3288 5535 3519 5601 (Citatur

1946 5619 1976 5654 α
2001 5603 2221 5656 Bolierio
2244 5606 2292 5656 in
2317 5619 2332 5656 t
2356 5608 2566 5674 comm.)
2590 5607 2640 5658 irt
2666 5606 2802 5658 libro
2821 5603 3216 5658 Sententiarum
3239 5603 3516 5659 Morahurn

1949 5675 2059 5726 ait:
2095 5694 2113 5725 ι
2147 5674 2277 5727 Cum
2323 5690 2490 5743 prices
2537 5675 2784 5730 erunibus
2812 5714 2826 5738 ,
2877 5681 3145 5728 memento
3173 5674 3292 5739 quia
3335 5686 3389 5729 et
3420 5679 3516 5735 tibi

1951 5755 2142 5812 przcest
2189 5747 2329 5800 Deus
2357 5762 2370 5810 ;
2404 5756 2454 5801 et
2477 5746 2718 5815 judtcare
2753 5745 2992 5799 homines
3018 5745 3172 5810 scito,
3197 5745 3320 5812 quia
3349 5756 3404 5803 ct
3428 5747 3521 5818 ίαν

2919 5859 2958 5905 0

2918 5908 2948 5924 4

3036 1374 3087 1428 Id
3139 1382 3223 1429 est
3261 1383 3482 1429 contra.
3548 1375 3554 1381 ’

1901 1448 2060 1515 ultra,
2103 1449 2186 1502 vel
2235 1419 2428 1517 pra-tm
2457 1419 2780 1515 praeceptum
2827 1419 3072 1517 Domini,
3117 1447 3254 1517 quod
3285 1419 3485 1499 divinis
3548 1430 3581 1516 ,⁷
