4102 6360
254 387 366 441 277

1320 387 1592 444 REGULA
1632 383 2118 442 COMMENTATA.
2157 382 2310 440 CAP.
2352 384 2414 438 Il.

3395 378 3499 433 £73

255 503 371 569 ejus
397 501 612 569 gradum
645 503 914 557 const'tuit
943 516 1004 555 ex
1034 501 1246 569 Regulae
1278 514 1395 569 cap.
1423 502 1488 563 5;
1522 509 1609 552 aut
1635 500 1676 551 si
1707 497 1817 552 dis-
1854 501 1901 559 Λ
1928 498 2126 566 gentia,
2158 492 2823 569 velcupiditatisoccasio,
2849 491 2939 569 sed
2967 490 3253 569 consilium
3267 492 3495 569 diariis:

254 574 555 640 tinguantur
579 611 593 637 ,
639 573 709 626 ita
754 575 907 640 plane
944 586 1246 635 connexos,
1288 581 1347 624 ut
1379 580 1566 624 neutra
1605 569 1822 623 alterius

254 642 362 710 pati
391 643 556 710 possit
583 642 898 696 absentiam.

328 707 466 779 Ergo
493 712 706 780 aequalis
735 714 797 765 ait
825 716 887 765 ab
909 730 968 766 eo
999 713 1228 765 omnibus
1251 707 1716 780 charitos.iSitttile
1742 717 1822 761 est

251 782 382 836 illud
413 779 703 837 S.Ursiesii
735 783 1076 837 S.Pachotnii
1102 779 1427 848 diseipuliin
1451 779 1820 832 exhortatione

251 853 319 905 ad
362 851 651 905 monachos
688 868 702 904 :
733 870 751 902 ι
787 853 1002 908 Cunctis
1047 851 1301 907 exhibeas
1329 850 1706 918 aequalitatem,
1753 863 1822 901 ne

250 921 392 992 forte
433 936 588 985 quem
631 932 684 973 tu
723 923 918 992 diligis,
951 922 1089 976 Deus
1127 921 1332 986 oderit;
1361 917 1597 992 et‘qttem
1635 917 1816 984 odisti,

253 990 394 1044 Deus
436 991 638 1060 diligat.
683 1010 699 1041 ι
769 988 934 1045 Uitam
965 993 1050 1045 hic
1078 1001 1290 1044 movent
1329 988 1720 1060 difficultatem,
1753 1002 1816 1060 ex

247 1073 316 1113 eo
341 1061 478 1128 quod
500 1058 588 1129 qui
617 1063 858 1127 superius
882 1063 1048 1116 bonos
1075 1061 1192 1115 aliis
1231 1061 1350 1126 plus
1371 1059 1517 1126 diligi
1560 1058 1816 1129 permisit,

249 1127 632 1198 a-qualetn‘hic
662 1133 908 1185 omnibus
937 1145 1057 1186 esse
1085 1129 1400 1186 charitatcm
1433 1129 1580 1182 velit.
1623 1128 1689 1180 At
1718 1127 1819 1180 dif-

248 1198 501 1272 ﬁcultatis
527 1201 733 1272 nodum
775 1204 982 1256 solvere
1013 1201 1149 1255 haud
1176 1200 1522 1272 difficileeSt,
1551 1198 1814 1272 duplicem

246 1283 369 1322 cum
420 1269 749 1333 Hildemaro,
797 1272 1064 1326 Bernardo
1111 1271 1438 1333 Cassinensi,
1490 1278 1542 1322 et
1590 1268 1816 1321 Boherio

245 1339 561 1392 cbaritatetn
594 1340 998 1408 disdnguendo,
1029 1357 1189 1395 unam
1219 1340 1418 1404 cordis,
1448 1340 1664 1391 alteram
1694 1353 1815 1391 cor-

245 1408 330 1461 dis
359 1410 513 1462 simul
550 1420 604 1463 et
632 1417 826 1477 operis.
881 1411 1203 1465 Charitatem
1245 1409 1422 1464 cordis
1465 1424 1588 1476 erga
1631 1422 1815 1462 omnes

246 1479 526 1542 atqttalitcr
571 1480 765 1534 habete
814 1481 1059 1534 abbatem
1119 1490 1349 1546 oportet,
1406 1481 1526 1548 quia
1579 1479 1813 1530 omnium

242 1549 471 1602 salutem
512 1559 717 1618 Optare,
764 1562 820 1604 et
861 1562 1109 1616 quantum
1155 1552 1204 1603 in
1250 1551 1365 1609 ipso
1408 1558 1488 1601 est
1533 1563 1815 1614 procurare

242 1619 446 1683 debet;
496 1628 551 1673 at
597 1635 724 1673 vero
766 1623 1074 1675 charitatem
1116 1621 1292 1674 cord's
1335 1619 1488 1672 simul
1536 1630 1586 1671 ct
1635 1618 1813 1683 operis

241 1687 492 1758 omnibus
523 1690 793 1758 aequaliter
828 1693 1135 1755 impendere
1163 1706 1266 1744 neu
1307 1698 1546 1750 tenetur;
1585 1704 1725 1750 natu,
1759 1697 1815 1740 ut

240 1755 372 1810 dicit
395 1755 687 1813 Boherius:
737 1779 752 1810 ι
789 1760 1028 1816 Charitas
1073 1761 1249 1827 operis
1288 1761 1440 1813 aliter
1485 1767 1674 1810 tractat
1713 1758 1810 1815 b0-

159 1846 168 1853 ·
239 1840 393 1890 num,
451 1837 503 1880 et
549 1829 701 1883 aliter
745 1833 1034 1884 secundum
1095 1831 1280 1883 merita
1348 1837 1536 1882 tractat
1579 1830 1809 1888 ma'um;

238 1897 404 1950 a'iter
463 1898 692 1959 ﬁrmum,
722 1901 1182 1964 aliter'debilem;
1232 1899 1385 1953 aliter
1428 1897 1806 1958 abundantem,

237 1967 401 2020 aliter
444 1967 788 2036 indigentem.
845 1989 864 2020 ι
929 1972 1096 2023 Aliam
1151 1971 1215 2022 ad
1265 1969 1399 2022 hanc
1446 1968 1808 2020 difficultatem

237 2036 565 2090 solutionem
610 2038 824 2092 adhibet
856 2040 1229 2103 llildemarus,
1265 2049 1319 2092 ut
1360 2039 1604 2091 nimirum
1643 2037 1812 2091 omni-

235 2103 342 2176 bus
374 2107 592 2174 aequalis
617 2109 686 2161 sit
712 2108 961 2173 cbaritas,
987 2109 1248 2170 omnibus,
1276 2109 1510 2176 inquam,
1543 2108 1814 2175 mqualiter

233 2174 420 2228 bonis.
449 2176 546 2228 (.‘ui
570 2179 802 2230 concinit
824 2180 1069 2232 Nicolatts
1099 2178 1163 2230 de
1190 2174 1442 2231 Fractura
1470 2174 1617 2230 hunc
1639 2178 1810 2236 locum

235 2245 312 2315 ita
348 2259 626 2314 exponens
658 2265 670 2299 :
710 2267 727 2298 ‹
766 2248 861 2302 Hic
889 2249 1002 2301 vult
1031 2250 1240 2310 dicere,
1272 2250 1315 2300 si
1340 2262 1542 2304 .omnes
1581 2247 1812 2315 :equales

235 2311 439 2367 fuerint
490 2317 538 2367 in
581 2327 761 2372 sancta
812 2318 1237 2379 conversatione,
1269 2317 1514 2370 omnibus
1554 2311 1808 2382 aequalem

236 2384 498 2437 exhibeat
539 2387 882 2451 charitatetn;
933 2389 1016 2441 sin
1061 2398 1273 2454 autem,
1324 2399 1478 2456 prout
1529 2388 1811 2453 unicoipte

234 2466 374 2521 epos
402 2456 520 2507 erit.
560 2474 577 2506 ι

317 2523 436 2577 Una
452 2527 732 2593 praebeatur
752 2546 830 2580 ant
842 2530 980 2580 uibus
1002 2530 1275 2580 secundum
1300 2529 1476 2580 merita
1493 2527 1617 2578 disci
1626 2525 1809 2594 plina]

238 2592 411 2666 ldiest
435 2592 695 2666 correctio
724 2600 836 2651 sive
869 2599 1090 2666 punitio,
1123 2599 1205 2652 ubi
1242 2598 1486 2650 nimirum
1517 2601 1702 2651 eadem
1731 2592 1812 2649 esi.

235 2665 416 2731 culpa,
451 2665 602 2734 juxta
648 2669 774 2721 illud
824 2665 881 2723 S.
911 2670 1258 2736 Hieronymi:
1297 2688 1314 2720 ι
1351 2669 1549 2721 λιιἸὶιις
1581 2667 1809 2732 accipias

237 2745 546 2802 personam,
590 2753 692 2789 non
738 2739 968 2799 divitias,
1023 2754 1125 2790 non
1177 2739 1468 2803 (sententias;
1523 2745 1808 2805 quantum-

238 2819 452 2871 cunque
486 2811 555 2858 sit
586 2819 794 2873 potens,
828 2807 909 2860 vel
941 2809 1155 2869 nobilis,
1187 2811 1229 2860 si
1261 2817 1576 2874 peccavent,
1603 2808 1810 2869 rut-ripe

237 2886 399 2945 eum,
441 2885 495 2929 et
543 2880 818 2933 comedisli
863 2894 1047 2945 azyma
1095 2879 1413 2932 sinceritatis
1461 2880 1510 2930 itt
1560 2878 1810 2930 amaritu-

239 2943 388 3014 dine.
424 2965 441 2995 ι
482 2947 639 3001 Plane
669 2966 836 3014 IIS-(tle
865 2943 998 3003 adeo
1028 2964 1191 3001 exosa
1229 2950 1324 3002 fuit
1357 2949 1539 3012 priscis
1571 2947 1810 2999 I’atribtts

226 3012 293 3065 'in
341 3012 764 3088 correptionibus
817 3028 868 3074 et
909 3018 1124 3088 juilictis
1175 3019 1404 3072 ferendis
1463 3032 1808 3088 personarum

239 3087 499 3156 acceptio,
525 3096 580 3139 ut
598 3086 947 3156 negligentem
975 3089 1072 3143 hac
1099 3093 1148 3141 in
1177 3105 1236 3141 re
1260 3091 1617 3155 przrpositum,
1644 3097 1698 3139 ct
1722 3086 1812 3156 ju-

240 3152 506 3210 dicantem
550 3152 986 3212 non'stécundum
1034 3160 1108 3212 rei
1145 3152 1440 3221 veritatem,
1487 3161 1577 3213 sed
1621 3152 1810 3210 secun-

1931 562 1997 622 iis
2027 586 2038 620 :
2075 583 2218 632 nam,
2248 577 2305 618 ut
2335 562 2400 619 in
2452 581 2517 619 ax
2564 563 2833 618 Moralium
2877 562 3011 617 libro
3052 563 3242 616 dicitur
3264 605 3279 625 ,
3313 562 3492 620 Sancti

1926 639 2024 691 viri
2051 653 2173 690 eum
2207 637 2384 690 vide-nt
2411 635 2668 704 quosdam
2707 649 2800 704 sua
2832 635 2996 687 verba
3026 633 3302 700 despicere
3322 675 3337 696 ,
3367 635 3492 689 dum

1926 722 2019 762 eos
2051 707 2350 774 intelligunt
2396 707 2646 758 divinitus
2687 703 2900 774 deseri,
2949 714 3221 770 gementes
3259 707 3493 758 comice-

1925 788 2107 840 scunt;
2143 773 2279 830 unde
2296 789 2374 830 est
2407 775 2533 828 illud
2560 793 2573 829 :
2602 773 2870 839 Quomodo
2898 774 3213 827 cantabimus
3239 777 3491 830 canticum

1926 846 2134 920 Domini
2178 848 2231 900 in
2270 855 2410 920 terra
2442 847 2608 920 aliena
2625 847 2674 920 ξ-
2677 844 2935 911 scriptum
2963 853 3046 898 est
3076 860 3089 896 :
3125 843 3509 920 Noliargum.

1923 918 2227 982 derisui-em,
2255 932 2317 969 ne
2344 916 2507 970 oderit
2537 925 2602 968 te.
2631 914 2830 969 Tacent
2866 929 2993 982 ergo
3020 914 3188 968 sancti
3219 914 3350 980 viri,
3381 932 3486 972 non

1924 998 1981 1041 ιιι
2005 1003 2190 1042 eorum
2212 989 2389 1040 odium
2420 987 2686 1050 timeatur,
2705 985 2796 1038 sed
2827 999 2895 1040 ne
2919 985 2999 1039 illi
3023 984 3250 1038 odiendo
3278 986 3489 1055 pejores

1924 1060 2070 1111 tiai-t.
2105 1077 2122 1108 ι
2153 1058 2244 1110 His
2266 1056 2569 1112 concin'tS.
2598 1055 2918 1120 Bernartius,
2942 1069 3036 1110 seu
3061 1055 3282 1120 quilibet
3303 1068 3488 1113 auctor

1923 1137 2177 1180 tractatus
2203 1128 2269 1180 de
2301 1127 2553 1180 Passione
2594 1125 2822 1189 Domini,
2874 1140 2991 1194 cap.
3044 1125 3137 1190 19,
3175 1127 3262 1181 ubi
3300 1130 3376 1181 sic
3411 1129 3488 1182 Io.

1921 1199 2100 1264 quitur
2129 1215 2142 1250 :
2181 1215 2198 1247 ι
2241 1197 2376 1252 Sunt
2403 1195 2722 1266 quandoque
2747 1195 3009 1266 malorum
3032 1195 3156 1251 vitia
3188 1199 3480 1266 arguendo,

1919 1269 2236 1334 quandoque
2273 1268 2429 1320 tacite
2459 1264 2787 1335 sufferenda,
2815 1264 3103 1319 secundum
3134 1264 3273 1335 quod
3304 1271 3488 1324 unius.

1918 1337 2196 1406 cuju-que,
2224 1338 2310 1405 qui
2344 1337 2464 1391 talis
2504 1347 2614 1402 est,
2661 1334 2853 1406 videris
2901 1334 3190 1403 expedire;
3220 1338 3342 1406 quia
3381 1356 3485 1394 non

1919 1404 2103 1461 omnes
2127 1404 2309 1476 ingrati
2343 1421 2446 1460 uno
2482 1420 2677 1474 genere
2706 1404 2982 1476 medicinas
3025 1404 3294 1461 curantur.
3331 1428 3348 1460 ι
3390 1410 3508 1464 Ve-‘

1919 1493 2034 1529 rum
2077 1479 2119 1530 si
2165 1475 2241 1529 sic
2285 1477 2511 1531 miscere
2541 1477 2736 1530 debent
2768 1475 2969 1542 praelati
3001 1478 3323 1540 temporibus
3351 1490 3483 1533 tem~

1918 1561 2046 1614 pora
2066 1587 2082 1610 ,
2124 1557 2180 1600 tit
2205 1548 2588 1600 correctionem
2621 1547 2673 1598 in
2704 1545 2830 1617 illud
2874 1555 3080 1610 tempus
3108 1546 3352 1603 diﬂ‘erant
3382 1567 3486 1617 quo

1918 1617 2186 1671 fruetnose
2226 1633 2340 1670 eam
2390 1617 2654 1670 sustinere
2692 1615 2893 1681 possint
2921 1617 3146 1680 subditi;
3182 1634 3282 1672 non
3313 1615 3485 1672 minus

1917 1697 2162 1742 tenentur
2203 1697 2254 1741 et
2299 1687 2398 1753 ipsi
2427 1703 2489 1741 ea
2529 1695 2838 1753 exspectare
2880 1696 3114 1755 tempora
3145 1690 3336 1754 quibus
3367 1706 3481 1743 emt

1917 1759 2114 1811 utiliter
2135 1766 2326 1827 queant
2349 1756 2568 1821 inferre,
2587 1767 2642 1810 ιιι
2686 1759 3286 1827 nunquamperturbato
3313 1761 3496 1814 adhuc.

1917 1829 2094 1880 animo
2119 1825 2397 1899 peccantes
2420 1829 2658 1899 puniant,
2684 1841 2749 1878 ne
2773 1825 2905 1899 forte
2929 1826 3045 1894 plus
3063 1826 3304 1882 vindicta,-
3325 1845 3482 1899 quant

1918 1899 2105 1949 rationi
2136 1910 2188 1952 et
2224 1898 2442 1965 justititc
2485 1898 2718 1950 tribuere
2767 1895 3086 1949 videantur:
3127 1916 3142 1947 ι
3183 1899 3321 1954 Sane
3345 1895 3482 1960 'quia

1916 1976 2128 2040 mox‘ut
2180 1968 2402 2040 infertur
2432 1967 2628 2040 injuria
2657 1965 2948 2040 [egregium
2985 1967 3040 2019 Β.
3079 1968 3214 2040 Petri
3249 1969 3484 2024 Datniani

1915 2038 2172 2110 monitum
2197 2037 2414 2110 (Opusc.
2446 2039 2542 2100 18,
2577 2037 2912 2110 άὶδὲςνςαῑτῇ,
2938 2052 3060 2110 cap.
3080 2037 3185 2110 4)].
3217 2041 3485 2106 perturba-

1916 2107 2278 2180 tnrianinrus,
2319 2108 2404 2161 vix
2454 2110 2651 2180 rectum
2680 2107 2791 2180 80
2818 2107 2956 2180 illico
2983 2109 3122 2161 valet
3145 2107 3486 2180 promulgare

1909 2178 2163 2250 judicium
2192 2179 2371 2250 :sicut_
2393 2179 2530 2250 enim
2552 2178 2800 2250 intuentis
2829 2176 2995 2250 visum
3016 2192 3154 2250 aqua
3183 2180 3306 2234 dum
3331 2176 3482 2250 quie-

1914 2249 2014 2300 scit
2040 2248 2299 2312 admlttit,
2332 2248 2374 2301 si
2411 2249 2655 2301 turbatur
2681 2247 2950 2311 obtundit;
2983 2247 3060 2300 sic
3083 2247 3483 2304 humanus—ani-

1913 2334 2034 2370 mus
2068 2319 2120 2371 in
2150 2319 2264 2385 ipso
2305 2317 2713 2386 perturbationis
2744 2317 2966 2370 articulo
3005 2317 3318 2374 inoffensam
3352 2321 3484 2376 recti

1909 2388 2092 2456 judicii
2137 2389 2376 2456 regulam
2403 2398 2453 2442 et
2478 2388 2668 2440 lineam
2699 2403 2800 2440 non
2833 2387 3076 2454 attendit,
3106 2390 3243 2444 unde
3265 2405 3483 2447 necesse

1913 2455 1994 2510 cst
2039 2467 2095 2510 ut
2140 2455 2508 2524 in’posterum
2559 2459 2818 2512 sententia
2861 2455 3170 2520 differatur.
3223 2471 3484 2528 quatenus

1914 2537 2115 2594 thuata
2139 2530 2354 2593 justitite
2382 2529 2555 2584 lance.
2591 2528 2840 2593 judicium
2880 2530 3018 2594 quod
3051 2532 3355 2594 perturbata
3394 2547 3486 2586 tte-

1915 2601 2178 2664 quiverat,
2203 2613 2353 2669 mens
2379 2601 2553 2669 quieta
2583 2597 2892 2669 suspendat.
2926 2616 2945 2649 ι
2983 2598 3216 2669 Etrecte
3239 2603 3484 2669 quidem;

1915 2683 2058 2736 nam,
2085 2677 2144 2722 ut
2172 2668 2244 2721 ait
2267 2667 2324 2722 S.
2357 2667 2582 2721 Basilius
2611 2668 2762 2737 (Reg.
2792 2668 2889 2737 fus.
2916 2684 2960 2720 c.
2987 2666 3099 2737 50),
3138 2686 3156 2719 t
3193 2666 3485 2736 qu'i'animo

1913 2748 2181 2811 commoto
2209 2747 2262 2792 et
2288 2739 2538 2811 iracundo
2571 2737 2789 2811 fratrem
2820 2739 3015 2811 arguit,
3049 2754 3154 2811 non
3185 2739 3333 2794 illum
3365 2757 3485 2811 pec-

1914 2817 2034 2861 cato
2063 2809 2272 2870 liberat,
2299 2807 2392 2861 sed
2423 2809 2655 2874 seipsum
2688 2807 2894 2860 delictis
2921 2809 3156 2861 invtilvit.
3192 2829 3210 2860 ι

1986 2879 2154 2931 Aliam
2187 2879 2344 2931 etiam
2377 2878 2532 2943 hujus
2563 2879 2660 2930 loci
2701 2879 3084 2944 expositionem
3122 2881 3281 2933 tradit
3312 2880 3486 2936 Bohe-

1917 2947 2024 3000 rius
2060 2965 2072 3001 :
2107 2949 2334 3002 miscens
2381 2948 2706 3013 temporibus
2750 2958 3009 3012 temjora,
3059 2947 3110 3001 id
3154 2959 3236 3002 est
3283 2949 3486 3006 habens

1915 3019 2173 3072 rationem
2225 3028 2555 3088 temporum,
2588 3017 2778 3084 quibm
2818 3017 3220 3071 committuntur
3259 3020 3427 3088 culpas
3469 3038 3483 3075 :

1914 3089 2067 3141 aliter
2097 3088 2236 3140 enim
2281 3087 2444 3140 abbas
2491 3101 2760 3153 corrigere
2807 3088 2964 3140 debet
2993 3089 3193 3142 :cstatis
3223 3099 3502 3157 tempore,.

1914 3158 2068 3211 aliter
2098 3157 2564 3229 Quadragesimae:
2600 3172 2718 3229 nam
2768 3157 3100 3226 negligentiae
3139 3159 3514 3229 quadragesi--

240 3222 368 3298 dum
410 3241 688 3298 personas,
721 3230 787 3282 de
823 3231 956 3283 solio
994 3228 1188 3298 depozti
1229 3229 1498 3296 principiat
1527 3230 1583 3283 S.
1613 3227 1811 3282 Pacho-
1839 3233 1883 3294 (ζ
1918 3229 2084 3281 moles
2114 3222 2296 3282 durius
2317 3222 2589 3282 emendari
2621 3225 2839 3281 debent.

240 3293 612 3367 migsiliegui.
640 3311 736 3352 nrt.
761 3299 872 3367 QE),
905 3293 1077 3352 donec
1101 3293 1413 3360 corrigatur.

261 3387 264 3390 ·
452 3365 514 3418 In
547 3369 775 3444 doctrina
805 3365 1020 3439 namque
1041 3367 1176 3437 sum]
1204 3371 1446 3422 flet-tritta
1473 3368 1558 3422 hic
1581 3383 1674 3437 pro
1697 3383 1813 3422 enr-

240 3443 487 3501 reptione
516 3443 755 3490 sumitur.

314 3507 656 3578 Aposluticam
686 3509 825 3561 illam
855 3511 994 3563 debet
1025 3528 1218 3578 semper
1247 3511 1465 3578 formam
1495 3524 1694 3562 servare
1715 3551 1729 3573 ,
1763 3509 1813 3561 in

237 3589 341 3650 qua
357 3575 516 3650 dicit;
544 3577 732 3648 Argue,
759 3579 980 3645 obsecra,
1013 3575 1258 3650 increpa.]
1287 3585 1412 3645 Quae
1441 3596 1519 3633 vet
1537 3581 1602 3632 ba
1627 3581 1704 3632 sic
1723 3593 1815 3632 ex-

238 3644 405 3710 plicat
452 3644 641 3700 citatus
687 3664 716 3702 a
761 3644 1052 3715 Smaragdo
1095 3644 1160 3704 ἓξ
1207 3644 1604 3720 Hieronymus:
1641 3655 1814 3717 Argue

238 3725 558 3787 peccantes,
590 3728 894 3773 eontestare
924 3736 988 3773 ne
1019 3731 1237 3787 pecvcnt
1258 3763 1270 3780 ,
1308 3721 1520 3786 increpa
1565 3720 1815 3773 resisten-

239 3792 348 3848 tes;
382 3796 435 3859 ct
464 3786 522 3842 S.
550 3789 774 3855 Prosper
809 3809 819 3838 :
852 3786 1028 3843 Arene
1053 3791 1366 3859 comquales.
1395 3791 1618 3845 obsecra
1641 3792 1817 3843 seniu-

238 3867 348 3917 res,
385 3855 591 3928 increpa
619 3859 889 3926 juniores;
927 3855 1218 3913 Iiicltardu‘s
1256 3862 1320 3914 de
1349 3863 1404 3915 S.
1439 3861 1640 3928 Angt-lo
1673 3877 1684 3909 :
1717 3861 1812 3912 Ar-

239 3937 339 3990 gue
387 3927 752 3991 admonendo,
794 3931 1013 3983 obsecra
1051 3931 1461 3994 comminando,
1492 3927 1703 3998 increpa
1751 3933 1810 3982 :d

243 4007 452 4068 pinnam
481 3998 834 4062 procedendo.
868 4001 935 4053 At
963 4004 1195 4053 omnium
1227 4003 1478 4068 Optimam
1500 4042 1514 4064 ,
1545 4011 1601 4053 ut
1631 4000 1814 4052 existi-

239 4067 731 4139 tnat__Smaragdus.
766 4073 1073 4133 apostolica:
1119 4067 1395 4126 sententiae
1425 4071 1809 4139 expositionem

241 4135 402 4187 tradit
428 4136 484 4189 S.
513 4137 846 4202 lieni-dictus,
873 4155 992 4192 rutn
1019 4141 1198 4194 subdit
1231 4159 1242 4191 :

310 4202 381 4255 1d
403 4214 475 4258 est
494 4207 1050 4280 ⁸ηιὶιιιξειηδίιιέηιροιὴιηιδ
1076 4221 1301 4280 tempora
1324 4252 1338 4275 ,
1371 4208 1643 4262 terroribus
1670 4209 1812 4261 blan-

241 4271 511 4348 dimenta]
543 4295 558 4326 ι
593 4281 667 4329 Ac
692 4279 735 4330 si
760 4271 993 4344 diceret,
1026 4271 1194 4347 inquit
1221 4271 1569 4348 Stnaragdus,
1605 4287 1814 4343 tempo-

237 4343 388 4396 ribus
440 4343 730 4412 argtttiotiis
799 4343 986 4402 misce
1030 4343 1268 4415 tempora
1338 4343 1750 4414 obsecrationis;
1789 4368 1806 4400 ι

237 4415 481 4484 quamvis
509 4416 662 4469 aliter
699 4417 836 4471 hunc
867 4419 1038 4470 locum
1086 4419 1350 4484 extilicent
1381 4420 1716 4472 llifdemarus
1761 4427 1814 4473 rt

237 4479 541 4538 Bernardus
566 4487 899 4540 Cassinensis
930 4503 944 4538 :
979 4479 1433 4542 Abbas'nintirum
1471 4489 1656 4541 miscet
1681 4497 1812 4541 tem-

237 4551 456 4618 poribus
481 4563 736 4623 tempora,
763 4573 880 4610 cum
915 4566 1130 4623 propter
1157 4558 1387 4611 furorem
1417 4569 1506 4611 aut
1527 4560 1682 4610 aliam
1714 4559 1811 4611 ali-

237 4624 387 4684 cujus
418 4626 592 4695 l_ratris
625 4634 959 4693 passionem,
1001 4627 1140 4680 a'iud
1174 4629 1225 4680 in
1258 4638 1467 4695 tempus
1507 4627 1685 4680 differt
1728 4629 1805 4682 in-

236 4693 621 4757 crepationem,
653 4711 808 4763 quam
841 4695 928 4750 ille
958 4699 1120 4750 iratus
1149 4709 1240 4751 aut
1287 4693 1624 4765 perturbatus
1667 4697 1804 4752 ferre

235 4773 340 4835 non
383 4773 599 4835 posset,
643 4775 696 4818 et
747 4778 871 4819 tunc
921 4783 1022 4819 non
1069 4768 1228 4821 modo
1268 4783 1372 4822 non
1406 4768 1679 4835 prodesse,
1710 4769 1804 4821 sed

234 4831 615 4906 t’fiafl_1__0_ltesse
647 4836 926 4903 plurimum
957 4845 1152 4901 posset.
1185 4831 1419 4906 Egregie
1435 4839 1575 4891 enim
1612 4838 1805 4892 citatus

233 4899 657 4978 abdiildemaro'
688 4906 743 4959 S.
788 4899 1070 4975 Gregorius
1122 4924 1134 4958 :
1189 4927 1205 4956 ι
1229 4899 1540 4960 Ῥοιτιιιιειιειηι
1565 4949 1578 4972 ,
1613 4908 1800 4978 inquit,

231 4969 356 5042 quid
387 4971 603 5042 audiant
629 4969 922 5042 ignorantf
945 4979 1034 5029 sed
1063 4980 1125 5027 atl
1154 4993 1211 5031 se
1237 4978 1438 5032 reducti
1470 4969 1615 5030 tanto
1636 4969 1804 5030 libené

232 5039 751 5115 tiusexbortationis
791 5039 948 5100 verba
993 5046 1252 5114 recipiunt
1277 5087 1290 5109 ,
1332 5056 1529 5115 quanto
1559 5056 1820 5100 se-tran--

229 5108 449 5179 quillius
491 5112 740 5168 toleratos
784 5108 1128 5179 erubescunt;
1181 5108 1364 5171 menti-
1390 5124 1566 5170 autem
1621 5115 1800 5170 furore

229 5177 393 5254 ebria:
435 5194 606 5254 omne.
626 5193 836 5254 rectum
856 5225 868 5246 ,
898 5187 1037 5252 quod
1069 5177 1289 5250 dicitur,
1326 5201 1628 5254 perversum
1656 5187 1799 5240 vide-

229 5252 352 5325 tur:
386 5249 524 5304 unde
545 5261 599 5325 et
623 5252 786 5306 Nabal
809 5249 959 5308 ebrio
982 5258 1188 5323 culpam
1213 5249 1360 5310 suam
1389 5257 1590 5322 Abigail
1617 5256 1798 5309 lauda-

227 5313 411 5372 biliter
440 5322 622 5393 tacuit,
645 5338 801 5393 quam
825 5325 1030 5393 digesto
1059 5313 1390 5381 laudabiliter
1418 5313 1572 5380 dixit.
1608 5345 1627 5376 ι
1659 5329 1799 5390 Qua-

228 5395 450 5465 propter
475 5391 518 5443 si
563 5392 772 5458 quando
804 5391 980 5448 tacere
1009 5405 1062 5448 et
1106 5410 1326 5464 parcere
1357 5395 1602 5450 videntur
1640 5410 1798 5464 supe-

227 5469 421 5537 riores,
451 5474 554 5513 non
582 5475 796 5537 semper
823 5465 1202 5537 negligentiae,
1237 5466 1333 5520 sed
1351 5466 1644 5534 aliquando
1675 5481 1798 5537 pru-_

226 5524 422 5602 gentia:
448 5543 633 5602 eorum
657 5524 933 5602 silentium
959 5524 1327 5588 {scribendum
1360 5524 1464 5598 est:
1493 5537 1640 5602 juxta
1671 5524 1798 5589 illud

224 5593 499 5672 $.9donis
520 5601 729 5672 abbatis
749 5601 1114 5657 Cluniacensis
1140 5604 1276 5671 (Lib.
1295 5620 1353 5659 ιιι
1370 5593 1577 5667 Cottae,
1595 5622 1647 5658 η.
1667 5604 1759 5672 44)
1781 5623 1794 5660 :

231 5681 251 5743 ς
289 5663 428 5721 Sane
467 5671 553 5737 qui
594 5679 878 5739 propterea
909 5687 1011 5726 non
1043 5663 1306 5743 objurgat,
1350 5663 1591 5741 quiavel
1625 5663 1797 5743 aptius

225 5740 437 5812 tempus
463 5749 762 5812 caspectat,
797 5743 878 5797 vel
911 5740 1476 5811 metuit—ne'increpati
1506 5740 1798 5812 deteriores

225 5803 384 5870 ﬁant,
415 5817 468 5862 et
502 5803 760 5868 invalidos
791 5813 945 5881 pejus
972 5823 1228 5880 noceant,
1261 5816 1358 5871 hoc
1374 5803 1495 5870 'non
1525 5823 1605 5870 est
1635 5809 1797 5885 negli-

1991 3318 2285 3372 Terroribus
2314 3317 2704 3388 blandintenta.]
2741 3318 2899 3372 Recte
2939 3319 2991 3372 Β.
3031 3318 3213 3373 Petrus
3254 3321 3517 3377 Damiani'

1923 3389 2133 3459 (tipnsc.
2165 3390 2252 3453 5f,
2285 3407 2400 3460 cap.
2433 3389 2517 3459 H)
2547 3407 2560 3442 :
2596 3409 2613 3441 ι
2649 3391 2702 3444 Si
2728 3398 2908 3458 pectus
2938 3400 3080 3441 tuum
3112 3405 3232 3444 arca
3267 3391 3356 3444 Dei
3386 3404 3485 3457 est,

1916 3462 2052 3513 sicut
2075 3460 2314 3531 profecto
2339 3461 2557 3531 dignum
2585 3469 2690 3522 est,
2724 3475 2826 3512 non
2878 3476 2927 3510 tn
2979 3475 3042 3512 οι»
3073 3461 3183 3512 sola
3221 3463 3288 3514 sit
3319 3464 3486 3531 virga,

1915 3545 2032 3595 qua:
2062 3530 2246 3595 feriat;
2270 3530 2363 3584 sed
2403 3542 2457 3584 et
2500 3546 2724 3592 manna,
2767 3532 2903 3594 quod
2936 3531 2984 3582 iu
3017 3531 3265 3583 fraternae
3295 3530 3486 3588 mentis

1917 3601 2090 3667 palato
2111 3600 2410 3672 dulcescat;
2435 3615 2537 3651 non
2564 3601 2706 3672 ineo
2728 3600 2795 3672 sit
2817 3600 2959 3672 zelus
2981 3600 3372 3672 amaritudinis,
3399 3607 3486 3672 qui

1915 3672 2212 3736 deterreat;
2242 3671 2335 3724 sed
2367 3672 2512 3725 zelus
2545 3671 2715 3736 potius
2745 3671 3018 3722 charitatis
3039 3711 3054 3733 ,
3086 3672 3174 3738 qui
3205 3671 3486 3728 salubriter

1916 3739 2179 3808 corrigat.
2225 3743 2407 3807 sicque
2454 3741 2803 3808 correptionis
2851 3740 3063 3792 aculeus
3101 3742 3293 3794 vulnus
3321 3743 3485 3796 delin-

1893 3811 2192 3877 quentium
2224 3819 2437 3878 pungat.
2461 3820 2519 3862 ut
2548 3821 2600 3864 ct
2640 3810 3058 3863 mansuetudinis
3089 3812 3262 3864 oleum
3297 3813 3484 3866 leniori

1915 3896 2124 3947 quoque
2156 3879 2389 3933 fomento
2418 3880 2706 3934 dulcescat.
2749 3900 2760 3923 ν
2803 3879 2867 3932 Et
2890 3895 3032 3933 certe
3059 3882 3244 3933 eodem
3270 3897 3486 3948 prorsus

1916 3952 2076 4021 modo
2102 3950 2352 4021 exhibere
2381 3965 2438 4003 se
2467 3950 2660 4003 debent
2689 3949 2904 4002 abbates
2935 3965 3056 4021 erga
3085 3953 3354 4017 subditos,
3381 3968 3483 4021 quo

1919 4020 2054 4071 Deus
2086 4021 2217 4086 ipse,
2250 4020 2398 4088 cujus
2428 4022 2565 4073 vices
2594 4029 2774 4088 agunt,
2808 4033 2866 4073 se
2895 4019 3028 4087 gerit
3060 4033 3181 4086 erga
3218 4019 3482 4076 homines.

1918 4089 2085 4142 Porro
2129 4093 2240 4153 ipse
2292 4091 2462 4150 Deus,
2510 4099 2566 4142 ut
2609 4089 2839 4156 loquitur
2881 4092 2937 4144 ὃ.
2977 4090 3092 4141 Udo
3120 4091 3485 4145 Cluuiacensis

1915 4159 2078 4210 abbas
2106 4159 2240 4223 (Lib.
2269 4176 2282 4212 t
2314 4159 2522 4218 Collat.,
2550 4175 2603 4211 η.
2635 4160 2712 4226 5),
2748 4175 2780 4227 «ί
2805 4158 2963 4211 modo
2993 4173 3088 4211 nos
3120 4161 3322 4227 asperis
3350 4161 3483 4215 inci-

1918 4227 2202 4281 tariottibtts
2232 4238 2411 4292 terret,
2443 4229 2598 4282 modo
2627 4226 2836 4281 blandis
2864 4226 3315 4283 consolationibus
3344 4230 3484 4284 refo-

1917 4307 2033 4359 vet;
2069 4309 2325 4351 terrorcm
2356 4299 2602 4351 fomentis
2629 4298 2835 4360 miscet,
2865 4297 3095 4351 fomenta
3126 4300 3337 4363 terrori,
3362 4311 3487 4356 utet

1915 4368 2074 4420 Corda
2115 4378 2449 4434 peccatorum
2481 4367 2725 4422 indicatis
2767 4367 3062 4422 terroribus
3104 4371 3168 4436 ad
3215 4370 3487 4424 humilita-

1917 4447 2022 4488 tt-m
2046 4438 2294 4501 inclinet,
2327 4449 2380 4492 et
2419 4438 2666 4491 humilem
2698 4451 2980 4491 mmrorem
3011 4441 3270 4492 enarratis
3299 4454 3487 4493 conso-

1919 4507 2175 4580 lationum
2217 4508 2462 4561 fomentis
2504 4509 2743 4580 attollat,
2777 4519 3053 4580 quatenus
3101 4516 3222 4562 dum
3267 4523 3490 4580 utraque

1838 4588 1888 4650 ι)
1915 4576 2054 4628 circa
2081 4593 2174 4629 nos
2201 4580 2330 4650 mira
2361 4588 2472 4631 arte
2503 4579 2786 4650 magisterii
2821 4586 3182 4650 temper-titur
3203 4624 3218 4646 ,
3253 4597 3349 4632 nec.
3393 4576 3486 4636 de-

1912 4657 2123 4711 sperate
2156 4649 2487 4702 inveniantur
2513 4656 2621 4701 terr
2645 4648 2702 4711 ti,
2730 4662 2829 4701 nec
2854 4649 3059 4700 incaute
3080 4665 3275 4704 securi.
3305 4669 3324 4702 ι
3361 4650 3489 4705 Vide

1913 4715 1969 4770 S.
1999 4716 2238 4787 Gregorii
2271 4734 2417 4786 papa:
2447 4718 2537 4771 lib.
2567 4733 2604 4770 ιι
2635 4718 2863 4782 Pastor.,
2891 4732 3008 4786 cap.
3041 4718 3090 4774 6.

1984 4817 2162 4895 Dirum
2212 4818 2476 4895 magistri,
2528 4818 2683 4895 piant
2709 4819 2873 4895 patris
2921 4821 3185 4895 ostendat_
3205 4819 3485 4895 allectum]

1909 4886 2064 4940 Juxta
2111 4887 2233 4962 illud
2271 4886 2328 4941 S.
2352 4886 2602 4962 _Grcgorii
2635 4888 2770 4956 (Lib.
2801 4903 2873 4954 Ix,
2901 4905 2982 4958 ep.
3015 4889 3070 4951 8)
3101 4910 3112 4942 :
3147 4889 3274 4945 Boni
3305 4904 3350 4962 te
3369 4886 3486 4946 dul:

1912 4973 2038 5024 cem,
2068 4959 2209 5022 pravi
2235 4958 2448 5009 sentiant
2477 4967 2827 5012 correctorem.

1987 5043 2049 5098 Id
2095 5054 2165 5098 est
2208 5045 2612 5116 indisciplinatos
2648 5057 2692 5100 et
2735 5047 2982 5116 inquietos
3024 5048 3165 5102 debet
3193 5050 3374 5106 durius
3409 5069 3483 5105 ar-

1907 5131 2079 5189 guere,
2107 5115 2233 5186 etc.]
2257 5115 2346 5189 (lla
2356 5133 2410 5189 ra
2431 5131 2649 5189 prorsus
2668 5127 2720 5189 et
2742 5115 3016 5189 perSpicua
3033 5121 3339 5189 apostolica:
3363 5138 3480 5177 sen-

1910 5187 2090 5257 tentia:
2141 5187 2437 5257 expositio,
2467 5187 2550 5240 cui
2582 5186 2803 5257 proinde
2844 5186 2975 5241 nihil
3019 5186 3479 5257 superaddendum

1908 5255 2118 5309 videtur
2165 5273 2177 5326 ς
2224 5256 2396 5326 obiter
2434 5265 2663 5326 tantum
2707 5256 2792 5309 hic
2836 5259 3031 5311 notabo
3081 5255 3479 5326 itildemarum,

1907 5338 2065 5392 quem
2097 5325 2196 5378 sub
2229 5325 2370 5378 Petri
2413 5325 2622 5380 diaconi
2650 5325 2957 5380 Bernarst
2995 5327 3347 5395 Cassinensis,
3380 5325 3483 5385 sub

1906 5396 2124 5465 nomine
2149 5395 2293 5448 Pauli
2319 5395 2526 5449 diaconi
2551 5395 2805 5449 Boherius
2833 5398 2973 5450 hunc
2993 5399 3056 5449 ad
3089 5400 3261 5454 loeum
3292 5404 3478 5465 citant,

1908 5464 2231 5530 observare,
2263 5465 2681 5533 indisciplinatos
2706 5480 2825 5520 esse
2852 5467 3019 5521 tribus
3045 5469 3216 5522 modis
3248 5487 3259 5521 :
3294 5470 3347 5523 1⁸
3377 5464 3480 5523 Alii

1907 5549 2009 5588 nec
2032 5535 2328 5601 intelligunt
2358 5550 2456 5589 nec
2488 5536 2911 5590 verccundantnr
2954 5537 3317 5604 disciplinam,
3346 5548 3399 5593 et
3427 5540 3481 5592 in

1909 5617 2187 5672 peccatum
2218 5605 2498 5668 labuntur;
2529 5606 2592 5657 2°
2630 5607 2717 5658 alii
2766 5606 3064 5674 intelligunt
3110 5615 3164 5660 et
3210 5621 3506 5661 verecun-.

1909 5677 2103 5728 dantur
2148 5675 2756 5729 excommunicationem
2787 5717 2802 5741 ,
2858 5679 2950 5728 sed
2995 5688 3194 5727 consue
3221 5675 3381 5732 udine
3427 5690 3498 5733 et.

1909 5745 2156 5810 cupidine
2186 5745 2385 5812 peceati
2417 5745 2542 5798 illud
2574 5744 2946 5806 committunt;
2974 5743 3035 5797 5ο
3069 5743 3197 5807 alii,
3235 5747 3326 5812 qui
3369 5750 3509 5805 sive.

1909 5812 2225 5884 intelligant,
2252 5813 2364 5891 sive
2390 5827 2518 5881 non,
2550 5814 2730 5870 dicunt
2751 5828 2808 5869 se
2829 5812 2972 5868 nolle
2993 5812 3336 5883 disciplinam
3359 5833 3482 5884 sus;
