4102 6360
373 329 466 383 281
1428 327 1704 386 REGULA
1743 325 2228 384 COMMENTATA.
2269 329 2420 386 CAP.
2462 333 2524 388 ΙΙ.

3513 345 3618 400 ξω

447 442 511 495 Et
538 443 808 496 nuntiorum
839 442 1023 520 servire
1051 441 1318 520 moribus.]
1355 440 1478 496 "me
1505 441 1666 494 verba
1685 455 1943 520 _e}t_com-
1973 442 2021 499 A
2048 448 2324 520 commissi,
2347 449 2489 520 quia,
2515 450 3058 520 iuquitHildemarus,
3087 473 3106 508 ι
3137 471 3244 511 non
3263 468 3344 513 est
3368 475 3496 516 suus
3529 463 3614 515 ille

371 522 728 566 mentatorum
771 513 1030 566 sententia
1077 510 1314 580 priorum
1351 522 1474 564 sunt
1513 510 1849 578 espositiiia;
1881 521 1939 564 ut

372 583 512 636 idem
543 583 612 635 sit
654 599 837 650 regere
878 584 1103 648 animas,
1138 593 1190 634 et
1219 583 1502 635 multOruin
1549 581 1752 634 servire
1781 583 1940 634 mori-

371 651 491 714 bus,
514 653 562 704 id
592 657 768 707 estsic
790 661 1070 722 seaptare,
1094 661 1145 704 et
1171 656 1327 704 talem
1361 652 1582 722 reddere
1610 652 1938 705 s‘ubditomm

373 724 633 792 moribus,
664 733 716 775 ut
749 723 914 775 bonus
943 723 1136 792 foveat,
1163 737 1369 792 pravos,
1383 721 1652 792 corripiat,
1677 725 1943 787 superbos

371 790 637 856 humiliet,
672 795 909 845 inﬁrmus
951 791 1234 856 confortet,
1266 791 1428 842 fortes
1458 791 1668 858 dirigat,
1700 804 1941 846 errantes

370 861 427 913 in
471 863 607 913 viam
659 861 896 914 veritatis
945 871 998 914 et
1040 861 1256 924 iustitia:
1308 863 1562 923 reducat,
1606 871 1661 912 ut
1711 863 1944 929 loquitur

371 930 718 997 'l‘rilheaiius,
755 941 921 998 totque
967 931 1144 1001 habent
1174 930 1391 1001 ianimos
1424 938 1540 1001 quot
1579 930 1645 1001 in_
1679 947 1770 984 suo
1810 935 1942 1001 regi-

372 1002 509 1054 mine
547 1003 701 1071 ﬁlios,
743 1012 798 1054 ut
846 1001 975 1054 dicit
1019 999 1217 1068 Regula
1264 999 1537 1068 cujusdam
1585 999 1649 1052 ad
1702 999 1943 1071 Virgines

370 1084 489 1136 cap.
531 1074 547 1124 Ι
1768 1127 1778 1132 -

442 1142 610 1194 Porro
640 1156 702 1194 ex
738 1142 835 1191 hoc
862 1139 1077 1206 Regula:
1121 1139 1178 1195 S.
1210 1139 1476 1192 Benedicti
1520 1140 1636 1194 loco
1669 1155 1771 1193 non
1804 1141 1943 1194 male

371 1210 652 1264 deducitur
699 1209 916 1262 abbates
949 1221 1001 1260 et
1030 1210 1162 1262 alios
1191 1224 1533 1276 quoscmiquc
1577 1211 1823 1278 praelatos
1852 1227 1941 1265 eo-

371 1296 489 1333 rum
541 1295 669 1334 vere
714 1280 814 1332 dici
866 1278 1061 1331 debere
1108 1294 1331 1346 servos,
1381 1296 1604 1346 quorum
1665 1281 1762 1332 sibi
1814 1295 1942 1334 cura

371 1351 657 1403 commissa
685 1358 787 1410 est,
815 1358 868 1401 ut
892 1359 1013 1416 pote
1042 1364 1265 1418 quorum
1295 1351 1478 1402 servire
1501 1349 1733 1404 moribus
1754 1349 1944 1418 juben-

322 1427 330 1432 “
374 1429 480 1473 tur.
515 1421 584 1473 Et
606 1435 732 1471 sane
763 1420 806 1471 si
837 1419 1042 1487 praelati
1070 1419 1334 1486 spiritales
1361 1420 1464 1472 sint
1504 1420 1798 1473 animarum
1833 1436 1942 1473 me-

371 1491 498 1554 dici,
523 1489 832 1542 meminisse
859 1491 1077 1543 omnino
1104 1491 1296 1542 debent
1323 1488 1592 1557 proprium
1616 1489 1939 1542 medicorum

371 1575 492 1615 esse
520 1577 622 1613 non
655 1559 935 1621 dominari,
969 1559 1061 1611 sed
1093 1561 1295 1612 servire
1325 1559 1557 1629 argrotis.
1594 1560 1725 1612 Hinc
1754 1561 1810 1613 S.
1845 1560 1944 1611 Ba-

371 1633 522 1685 silius
571 1628 780 1702 (Regni.
815 1631 942 1697 fus,
973 1631 1209 1702 cnp._50)
1241 1647 1253 1680 :
1286 1647 1302 1680 ι
1345 1628 1716 1702 Praepositum,
1750 1630 1938 1702 inquit,

372 1703 535 1755 ofﬁcii
566 1699 797 1768 dignitas
825 1715 927 1751 non
953 1700 1192 1758 extollat.
1217 1715 1282 1751 ne
1309 1706 1362 1752 et
1391 1701 1502 1764 ipse
1530 1699 1597 1751 ab
1627 1700 1940 1754 humilitatis

370 1780 427 1824 ct
465 1771 736 1824 modestia:
776 1768 1026 1822 felicitate
1075 1769 1304 1830 decidat,
1334 1779 1386 1820 et
1418 1768 1628 1822 inflatus
1662 1769 1861 1821 incidat
1891 1772 1942 1822 in

371 1841 617 1908 laqueum
649 1839 874 1899 diaboli;
904 1840 996 1891 sed
1032 1838 1131 1892 hoc
1160 1814 1307 1892 certo
1334 1838 1484 1902 sciat,
1513 1854 1630 1905 quia
1659 1839 1941 1893 multorum
1974 1814 2023 1874 Β

373 1925 498 1964 cura
531 1919 775 1974 suscepta
809 1909 962 1959 simul
993 1909 1183 1975 exigat,
1218 1919 1269 1961 ut
1296 1908 1475 1960 multis
1515 1909 1761 1961 serviat.)
1868 1952 1875 1959 .

446 1981 511 2032 Et
555 1981 832 2031 secundant
876 1980 1275 2048 uniuscujusque
1322 1978 1616 2048 qualitatem
1645 1979 1720 2031 vel
1761 1979 1950 2032 intelli-

373 2056 592 2120 gentiam
616 2049 686 2100 ita
708 2064 758 2100 se
781 2048 1007 2120 omnibus
1033 2053 1307 2113 conformet
1328 2056 1370 2098 et
1395 2047 1574 2116 αντα]
1599 2049 1745 2112 Quod
1769 2051 1948 2118 utique

377 2119 671 2185 prmstabit,
713 2136 729 2167 ι
762 2119 968 2183 quando
998 2135 1116 2171 cum
1149 2133 1337 2184 magno
1367 2134 1606 2181 uiagnus,
1638 2134 1755 2174 cum
1785 2135 1946 2185 parvo

373 2205 492 2258 parx
508 2205 566 2241 us
595 2189 840 2247 efﬁcitur,
875 2187 1088 2258 quando
1116 2187 1358 2258 inﬁrmis
1405 2187 1633 2258 ellieitur
1683 2189 1946 2255 inﬁrmus,

375 2256 433 2312 iit
463 2260 704 2311 inﬁrmes
751 2259 924 2326 salms
955 2256 1065 2326 84
1109 2257 1294 2319 iaciat;
1328 2257 1539 2322 quando
1579 2257 1744 2310 forma
1779 2259 1947 2314 factus

374 2330 540 2398 gregi.
569 2325 857 2398 humilibus
905 2325 1222 2379 humilitatis
1268 2328 1502 2398 ostendit
1548 2328 1790 2398 formam,
1823 2331 1948 2382 obe-

375 2396 644 2453 dientihus
673 2396 989 2449 obedientia:
1017 2397 1216 2463 brzebet
1246 2396 1517 2464 exempla;
1551 2397 1799 2449 similiter
1826 2401 1948 2452 abs-

376 2471 690 2526 tinentibus,
724 2478 776 2520 et
807 2466 1166 2534 vigilantibus,
1225 2477 1278 2519 et
1308 2466 1600 2527 orantibus,
1635 2477 1686 2520 et
1735 2468 1788 2520 iu
1834 2485 1948 2522 om-

376 2541 534 2594 nibus
560 2537 712 2592 bonis
749 2537 1029 2589 virtutibus
1058 2536 1263 2588 cunctis
1293 2537 1390 2588 sibi
1422 2535 1676 2604 subjectis
1709 2553 1947 2592 normam

357 2607 581 2681 praebet
607 2609 811 2681 salutis,
836 2624 856 2657 ι
885 2616 938 2681 ut
978 2609 1212 2681 loquitur
1243 2607 1588 2681 Smaragtius.

451 2679 518 2734 Ut
548 2695 648 2731 non
691 2677 857 2729 solum
904 2677 1204 2728 detrimenta
1232 2677 1397 2746 gregis
1441 2677 1534 2727 sibi
1571 2678 1822 2731 commissi
1850 2695 1948 2731 non

377 2755 622 2821 patiatur,
650 2763 819 2800 urunt
845 2747 896 2798 in
921 2747 1473 2821 augntentationcboni
1498 2751 1662 2817 gregis
1687 2747 1951 2820 gaudeat]

377 2819 566 2892 Grrgis
599 2830 948 2892 augmentum
988 2821 1082 2892 hic
1135 2819 1386 2892 intelligit
1421 2832 1523 2892 non
1575 2831 1678 2892 tam
1731 2819 1952 2892 numero

379 2888 534 2960 quam
563 2890 756 2942 virtute
787 2902 847 2940 ac
877 2888 1031 2940 bonis
1063 2889 1319 2960 moribus.
1370 2888 1528 2960 Quid
1551 2890 1691 2941 enim
1740 2889 1951 2953 Irodest

380 2957 658 3017 multitudo
681 2961 1087 3021 monachorum,
1105 2958 1190 3009 ubi
1215 2959 1468 3010 virtutum
1501 2957 1677 3010 deficit
1700 2973 1952 3013 numerus

380 3036 710 3102 pullulatque
760 3028 1369 3102 multitudu_viti_orum?
1407 3027 1955 3102 Multipliciistigenf

380 3098 510 3167 tein,
540 3098 706 3168 inquit
740 3100 1000 3168 prOpheta
1050 3099 1295 3163 Domino,
1327 3098 1420 3152 sed
1455 3114 1558 3150 non
1592 3100 1953 3166 multiplicasti

2043 526 2196 601 grex,
2227 519 2323 601 sed
2354 518 2644 601 Domiriiet
2674 523 2773 576 sibi
2806 518 3148 601 commissus;
3175 527 3315 601 unde
3341 533 3459 601 quia
3484 545 3615 584 suus

2043 598 2150 638 non
2199 595 2302 668 cst,
2342 589 2434 641 sed
2484 592 2583 643 sibi
2630 596 2974 664 commissus,
3001 589 3143 652 .idco’
3172 599 3329 654 debet
3357 589 3610 668 'diligeuti

2043 668 2169 708 cura
2198 657 2342 710 illum
2379 668 2624 714 tractare.
2668 682 2685 713 ι

2117 725 2252 809 dare
2275 729 2444 809 omnia
2466 747 2526 809 ne
2546 732 2920 809 dissintulons.]
2946 735 2997 809 Id
3027 745 3108 793 est
3133 738 3433 809 negligens;
3466 755 3612 808 nam,

2045 803 2102 879 ut
2129 799 2258 849 dicit
2291 799 2567 879 Biiiierilis.
2603 802 2653 856 in
2687 805 2867 859 multis
2895 799 3031 861 iocis
3063 799 3612 876 ponit‘ur'dissimula:

2045 870 2118 918 tio
2150 881 2243 930 pro
2273 870 2605 936 negligentia.

2114 936 2222 1017 Aut.
2242 939 2656 1018 parvipendcyd
2703 942 2812 1018 l'loc
2839 954 2921 1000 est
2948 956 3316 1002 contemnens.
3370 949 3613 1018 Magnum

2043 1012 2253 1088 noveris
2280 1021 2396 1061 esse
2427 1012 2564 1076 quod
2591 1014 2847 1088 sequitur;
2877 1028 3099 1088 namlut
3120 1019 3270 1074 aiunt
3293 1012 3615 1088 Smaragdus

2043 1082 2098 1127 et
2126 1076 2460 1156 llildemarus
2482 1120 2496 1142 ,
2531 1076 2910 1156 parvi-pendere
2937 1086 3044 1156 85
3072 1087 3211 1142 idem
3257 1097 3341 1143 est
3387 1103 3449 1142 ac
3481 1076 3614 1142 “ma-

2042 1160 2203 1227 guum
2254 1148 2448 1216 aliquid
2480 1151 2660 1205 animo
2688 1157 2919 1221 superbo
2942 1148 3263 1225 'dESpicere,
3301 1173 3394 1212 seu
3426 1173 3611 1227 parum

2044 1225 2330 1270 mstimare.

2108 1284 2357 1368 .Salntem
2410 1289 2695 1368 animarum
2745 1293 2841 1345 sibi
2889 1295 3314 1368 commissarum]
3366 1296 3613 1368 Magnum

2044 1358 2227 1429 utique
2253 1358 2396 1412 salus
2425 1363 2631 1424 animae,
2663 1376 2757 1428 pro
2780 1378 2880 1429 qua
2910 1364 3153 1419 Christus
3181 1358 3418 1420 moriuus
3439 1358 3540 1421 e'st.

2116 1425 2245 1504 I_’_lus
2275 1440 2414 1494 gerat
2436 1425 2827 1504 sollicitudinem
2853 1433 2915 1486 de
2939 1435 3082 1488 rebus
3103 1437 3314 1490 terrenis
3336 1453 3396 1489 ac
3419 1442 3612 1491 transi-

2045 1498 2221 1571 toriis,
2261 1510 2411 1561 atque
2451 1499 2700 1570 cuducis.]
2746 1501 2971 1571 Sapple,
3003 1520 3160 1570 quam
3195 1506 3263 1559 de
3310 1506 3610 1560 animabus.

2044 1564 2161 1646 μοι)
2184 1581 2415 1646 “munem
2447 1571 2664 1646 omnino
2685 1564 2883 1646 curaui
2909 1564 3085 1626 rerum
3119 1576 3488 1642 temporalium
3520 1577 3614 1629 ab-

2044 1633 2153 1714 bati
2183 1636 2237 1690 S.
2269 1637 2421 1714 [fater
2449 1639 2662 1714 adimit,
2693 1641 2787 1694 sed
2831 1643 3049 1714 nimiam
3087 1633 3286 1698 tantum
3328 1661 3390 1699 ac
3427 1661 3616 1714 super-

2046 1703 2202 1785 ﬂuant
2222 1723 2236 1785 ξ
2260 1706 2451 1785 de_qua
2470 1703 2886 1785 S.__A_ugu_stiuus
2911 1713 3105 1782 (Serm.
3133 1714 3254 1776 l01,
3284 1715 3346 1767 de
3371 1703 3610 1785 Script.),

2054 1792 2072 1824 ι
2100 1775 2234 1852 Quid
2266 1775 2419 1852 pejus
2443 1775 2799 1852 sollicitudine
2829 1775 2971 1848 vitaz,
3014 1798 3131 1846 quae
3179 1775 3457 1852 pervenire
3488 1775 3608 1838 ἰιοῆ

2050 1848 2422 1923 permittit_ad
2467 1851 2836 1923 vitamiQuid
2864 1853 3132 1923 miserius
3179 1848 3335 1922 quam
3378 1854 3614 1908 curando

2048 1917 2476 1994 vitamamittere
2499 1921 2694 1994 vitam?
2723 1941 2741 1972 ι
2778 1921 3090 1990 llujusmodi
3119 1917 3501 1994 sollicitudines
3531 1925 3614 1977 hic

2050 1985 2101 2036 in
2147 1985 2338 2040 abbate
2383 1992 2661 2054 reprobat,
2709 1985 3081 2057 perversurum
3127 1993 3472 2058 quorumdam
3517 2009 3611 2055 oc,-

2049 2065 2284 2131 currens
2305 2058 2625 2131 cupiditati,
2659 2061 2723 2113 de
2753 2062 2944 2131 quibus
2974 2064 3225 2131 graphice
3270 2063 3458 2124 Petrus
3495 2062 3616 2116 Ble.

2049 2126 2223 2176 sensis
2267 2125 2461 2199 (Epist.
2494 2128 2670 2198 154):
2709 2149 2726 2181 ι
2757 2130 2892 2184 Sunt
2933 2125 3180 2197 abbaies,
3231 2132 3428 2199 inquit.
3471 2147 3616 2197 quae-

2051 2197 2434 2272 rentespotius
2471 2213 2588 2264 qua:
2613 2197 2713 2252 'sua
2744 2209 2866 2253 sunt
2893 2215 3050 2272 quam
3085 2217 3208 2272 qua;
3228 2197 3352 2255 Jestt
3386 2201 3613 2266 Christi;

2050 2277 2079 2314 a
2109 2264 2363 2336 fructibus
2398 2281 2582 2320 eorum
2631 2264 2962 2336 cognosci-tis
3005 2264 3120 2323 eos:
3172 2271 3267 2335 Ili,
3317 2264 3614 2325 animarum

2051 2345 2176 2384 cura
2209 2335 2539 2402 posthabita,
2569 2335 2830 2391 summam
2871 2340 2951 2394 sui
2993 2340 3154 2395 ofﬁcii
3190 2348 3434 2407 reputant
3473 2343 3518 2393 si
3563 2343 3614 2394 in

2051 2416 2202 2453 suam
2248 2411 2568 2475 etsuorum
2619 2409 2906 2475 perniciem
2965 2410 3329 2474 possessiones
3375 2411 3614 2464 ecclesiae

2053 2475 2284 2550 sute‘iper
2322 2473 2398 2526 tas
2423 2487 2474 2528 et
2504 2473 2652 2550 nefas
2678 2479 2899 2531 culturis
2925 2473 2978 2533 et
3004 2479 3242 2533 aediﬁciis
3284 2481 3620 2547 magniﬁceut

2052 2551 2106 2616 et
2133 2541 2387 2616 dilatent;
2437 2547 2730 2600 animarum
2779 2564 2905 2602 vero
2950 2564 3162 2614 curam,
3191 2565 3308 2616 qua:
3347 2541 3397 2602 aw
3425 2551 3616 2616 spiritu

2055 2612 2262 2693 timoris
2292 2625 2648 2682 conceperant
2687 2618 2914 2693 fructum
2947 2612 3156 2693 salutis,
3187 2612 3335 2687 quasi
3366 2612 3614 2693 aborsum

2054 2688 2355 2757 perniciose
2376 2697 2704 2757 procurant;
2736 2697 2792 2740 ut
2825 2688 2902 2741 eis
2930 2689 3119 2742 merito
3159 2697 3370 2757 aptetur
3397 2689 3618 2750 verbum

2055 2751 2328 2830 prophetae
2357 2754 2622 2830 dicentis:
2654 2758 2934 2830 Secuerunt
2966 2751 3283 2830 praegnantes
3324 2757 3524 2812 Galaad
3553 2759 3620 2812 ad

2055 2819 2379 2898 dilatandam
2406 2829 2646 2898 terminos
2670 2844 2788 2880 suos
2808 2819 2987 2898 (Amos
3009 2819 3162 2892 ι).ἹτΙὶ
3189 2837 3312 2882 sunt
3352 2843 3485 2896 quos
3513 2831 3621 2898 agi~

2059 2893 2382 2970 tat_spi_r_itu_s
2437 2896 2599 2970 hujus
2641 2893 2854 2959 mundi,
2896 2899 3115 2964 spiritus
3159 2893 3431 2970 vertiginis
3457 2909 3510 2951 et
3539 2893 3621 2953 Er-

2057 2962 2216 3012 roris.
2243 2962 2428 3039 Melius
2460 2962 2541 3019 cst
2571 2968 2786 3039 domum
2819 2962 2958 3021 tuam
2987 2962 3444 3039 augeregmoribus
3464 2983 3620 3035 quam

2058 3035 2521 3104 possessionibus;
2567 3038 2758 3090 melius
2806 3049 2890 3091 est
2943 3041 3137 3092 caelum
3193 3037 3412 3103 implere
3463 3052 3620 3104 quam

2061 3100 2348 3176 ξιυπεξιιηι.⁸
2371 3123 2387 3176 s
2418 3100 2566 3170 Quoi!
2599 3117 2772 3160 tamen
2800 3123 2902 3159 non
2928 3109 3004 3160 sic
3031 3107 3229 3160 dictum
3257 3100 3410 3159 velim
3433 3147 3446 3169 ,
3473 3100 3621 3176 quasi

382 3175 642 3248 lmtitiam.
678 3169 1009 3248 Sanan-iulio
1031 3171 1236 3248 mquius
1260 3179 1400 3222 esset
1429 3182 1642 3248 paucos.
1668 3170 1760 3246 sed
1786 3173 1953 3222 bonos
1983 3182 2030 3248 ο
2066 3169 2253 3248 liceret
2302 3169 2477 3248 abbati
2532 3177 2797 3243 negligere
2845 3176 3188 3245 temporalia,
3236 3177 3352 3248 sine
3398 3169 3621 3248 quorum

383 3245 581 3298 habere
628 3241 951 3303 monachos,
983 3254 1149 3308 quam?
1189 3241 1444 3304 plurimos
1497 3239 1696 3303 malos’,
1730 3255 1953 3308 quorum

385 3315 628 3380 exctuplo
678 3322 1092 3376 corrumpuntur
1142 3307 1305 3370 boui,
1356 3309 1637 3376 omnisque
1698 3307 1956 3376 regularis

385 3386 660 3448 diseiplina
688 3384 1088 3450 pessumdatur;
1119 3387 1173 3431 ut
1219 3380 1407 3432 merito
1437 3380 1572 3432 inter
1614 3381 1958 3434 relaxationis

386 3457 440 3510 in
469 3455 655 3507 ordine
686 3461 866 3504 nostro
895 3465 1102 3513 Causas,
1132 3452 1480 3516 quorumdam
1509 3451 1757 3502 abbatum
1790 3453 1959 3519 negli-

385 3527 644 3595 gentiam,
667 3523 752 3590 qui
778 3538 878 3595 non
904 3533 1044 3588 quos
1085 3528 1176 3595 aut
1205 3519 1415 3595 quales,
1431 3521 1521 3595 sed
1535 3529 1670 3595 quot
1702 3519 1960 3595 haberent

388 3590 680 3649 monachos
720 3594 1008 3651 curabant,
1042 3591 1324 3656 assignat-it
1371 3590 1706 3644 Mabillonius
1754 3592 1957 3655 noster,

385 3668 526 3734 quod
558 3675 792 3734 erratum
824 3677 966 3734 anno
996 3663 1202 3734 imperii
1230 3662 1293 3734 _i_t
1325 3661 1374 3712 in
1399 3662 1540 3713 edito
1568 3661 1716 3734 brevi
1744 3661 1960 3734 capitu-

387 3730 579 3790 larium
612 3732 956 3802 reprehendit
983 3732 1204 3803 Carolus
1228 3731 1443 3798 Magnus
1469 3733 1546 3782 his
1574 3731 1748 3803 veibis
1773 3730 1957 3803 (Pi-(vf.

386 3807 455 3858 ad
485 3821 599 3860 sa‘c.
636 3799 714 3867 .v‘,
747 3815 883 3871 part.
917 3819 964 3866 ι,
991 3819 1041 3854 n.
1080 3799 1234 3867 MU):
1271 3820 1286 3851 ι
1325 3807 1491 3866 Quam
1525 3801 1801 3854 utilitatem
1832 3799 1962 3856 coti-

387 3876 524 3929 ferat
548 3876 795 3928 Ecirlesia:
816 3872 1032 3934 Christi,
1051 3873 1190 3939 quod
1213 3872 1254 3923 is
1274 3877 1360 3939 qui
1385 3883 1560 3938 pastor
1582 3873 1663 3924 vel
1688 3874 1956 3939 magister,

388 3948 748 4014 cujUsCunque
777 3943 1101 3997 venerabiis
1131 3941 1232 4014 luci
1262 3957 1380 3995 esse
1424 3943 1602 4014 debet,
1633 3957 1798 4008 magis
1846 3954 1961 3996 stu-

388 4011 478 4070 det
502 4017 551 4069 in
576 4011 1098 4068 sua’convchattone
1130 4011 1326 4065 habere
1358 4013 1553 4064 multos
1580 4028 1736 4078 quam
1770 4015 1958 4078 bonos,

389 4096 451 4140 et-
477 4102 578 4139 non
610 4093 716 4138 tam
763 4084 938 4152 probis
985 4099 1139 4150 quam
1191 4083 1528 4134 multitudine
1576 4085 1903 4136 deleCtatur?
1937 4104 1956 4135 ι

390 4157 506 4210 Non
537 4159 816 4208 nmltiiudo
849 4155 1118 4206 hominum
1141 4195 1155 4218 ,
1185 4154 1276 4203 sed
1310 4152 1588 4204 multitudo
1617 4153 1749 4204 bene
1776 4158 1960 4206 viven-

392 4228 520 4279 tium
551 4228 790 4280 caanobia
823 4224 1117 4276 SanctiIiCaI
1144 4240 1156 4275 :
1184 4223 1310 4283 imo,
1342 4224 1478 4274 sicut
1519 4222 1752 4288 paucitas
1781 4238 1964 4275 mona-

390 4299 610 4350 chorum
661 4302 814 4348 olicst
866 4295 1148 4361 quominus
1201 4304 1386 4345 exarte
1435 4293 1632 4359 regule
1688 4292 1962 4359 disciplina

391 4368 747 4428 custodiatur,
778 4371 843 4417 ita
879 4379 980 4415 non
1014 4364 1186 4415 minus
1216 4362 1498 4415 multitudo
1531 4363 1840 4415 monasticae
1867 4367 1963 4416 ob-

391 4440 670 4490 servantiae
704 4447 890 4496 nocet;
924 4435 1004 4484 vix
1036 4433 1179 4485 enim
1212 4432 1264 4484 in
1303 4441 1444 4493 tanta
1478 4432 1814 4485 multitudine
1847 4435 1958 4486 fieri

395 4515 569 4575 puleb‘l
604 4518 660 4559 ut
689 4508 848 4573 aliqui
883 4520 984 4555 non
1032 4505 1363 4575 reperiantur
1409 4505 1552 4566 mali,
1585 4519 1807 4569 quorum
1842 4518 1959 4570 per,-

394 4572 563 4630 i'ersis
589 4572 820 4630 moribus
839 4575 961 4626 boui
989 4583 1041 4626 et
1063 4572 1292 4640 religiosi
1313 4582 1742 4638 corrun'tpuutur.
1764 4575 1960 4627 Deinde

392 4648 480 4700 ubi
510 4648 660 4700 mulli
691 4656 830 4710 sunt,
867 4645 1106 4697 nonnulli
1154 4653 1387 4696 cxistuut
1417 4645 1608 4711 quibus
1638 4643 1795 4709 jusds
1841 4645 1964 4698 licet

392 4719 459 4770 de
488 4721 663 4770 causis
695 4718 884 4785 aliqua:
922 4719 1287 4783 cxemptiones
1317 4723 1439 4766 sunt
1467 4713 1857 4785 conoedendm.
1889 4729 1955 4767 ex

392 4787 585 4852 quibus
615 4783 810 4838 sensim
841 4795 894 4839 et
926 4785 1039 4838 sine
1071 4799 1228 4837 sensu
1260 4786 1402 4850 rigor
1431 4783 1782 4836 observantia:
1811 4798 1962 4850 regu-

395 4856 522 4909 laris
573 4865 876 4911 euervatur.
932 4855 1084 4920 Quod
1144 4854 1484 4921 praisensisse
1533 4855 1738 4907 videtur
1780 4866 1963 4906 auctor

396 4925 528 4980 Vitae
555 4929 610 4980 S.
651 4926 906 4990 Stephani
955 4925 1298 4978 Ubaziuensis
1351 4925 1555 4976 abbatis
1599 4924 1773 4976 librot
1806 4941 1859 4976 ιι.
1901 4924 1962 4976 16

397 4996 568 5066 (Tom.
603 4997 669 5050 Ν
699 4997 847 5048 Misc.
880 4997 1110 5064 Batus),
1145 4994 1231 5048 ubi
1265 4998 1374 5066 haec
1403 4995 1625 5066 scribit;
1653 5013 1676 5066 ι
1708 4995 1834 5046 [)um
1863 4994 1963 5066 mi:

399 5061 541 5119 nima
573 5082 795 5135 quaeque
828 5061 1226 5134 prieteudimus,
1261 5064 1457 5130 majora
1491 5065 1834 5132 negligimus;
1867 5061 1962 5117 sed

398 5147 455 5189 et
487 5139 734 5190 diuturna
773 5142 1024 5205 temporis
1067 5136 1449 5205 longinquitate
1496 5137 1693 5200 lassati,
1724 5146 1776 5188 et
1801 5137 1962 5188 coha-

401 5208 680 5260 bitantium
727 5210 1060 5262 multitudine
1094 5206 1422 5274 pnngravati,
1456 5222 1485 5258 a
1531 5208 1754 5273 pristino
1785 5206 1964 5273 vigore

400 5280 712 5344 deiecimus,
747 5290 798 5330 et
845 5279 1116 5332 remissius
1147 5295 1243 5330 nos
1273 5277 1725 5344 negligentiusmie
1775 5283 1966 5330 tracta-

402 5363 550 5412 mus;
583 5349 811 5416 dumquc
842 5350 1062 5401 inﬁrmis
1107 5349 1538 5402 condescwdere
1579 5349 1842 5408 volumus,
1875 5358 1966 5397 eo-

404 5432 519 5471 rum
574 5415 747 5483 potius
796 5421 1165 5486 negltgeutiam
1213 5422 1401 5471 sci-tari
1433 5433 1589 5484 quam
1633 5431 1725 5469 eos
1756 5415 1820 5468 ad
1851 5430 1967 5482 per—

407 5490 686 5541 fectionem
721 5489 930 5542 trahere
969 5488 1293 5541 festinamus.
1328 5507 1346 5538 ι
1379 5489 1527 5541 Adde
1572 5486 1709 5554 quod
1743 5487 1792 5538 in
1825 5494 1966 5538 tanta

408 5562 626 5611 fratrum
662 5559 996 5612 multitudine
1040 5564 1122 5611 vix
1156 5559 1318 5610 abbas
1368 5574 1601 5610 omnium
1647 5555 1968 5623 spiritalibus

411 5631 815 5682 necessitatibus
860 5631 1106 5682 sufficere
1154 5630 1339 5694 possit,
1381 5643 1499 5680 cum
1545 5629 1836 5693 praesertim
1879 5641 1970 5680 eas

413 5713 506 5769 per
529 5714 589 5752 se
616 5714 936 5767 cognoscere
983 5697 1082 5751 sibi
1116 5698 1515 5769 haudquaquam
1549 5707 1719 5769 vacet.

481 5765 762 5841 Eiguantcr
813 5785 935 5826 vero
985 5771 1040 5826 S.
1096 5770 1410 5825 Benedictus
1453 5767 1604 5836 dixit,
1663 5767 1828 5838 gregis
1879 5765 1973 5820 sibi

1992 4544 2045 4604 D

2059 3242 2378 3314 adminiculo
2409 3260 2507 3298 nec
2536 3242 2790 3312 spiritalia
2849 3242 3170 3300 nec'aztvrna
3201 3247 3285 3298 vix
3325 3242 3622 3314 comparari

2061 3323 2302 3377 possunt.
2332 3313 2479 3367 Unde
2502 3327 2554 3369 et
2582 3318 2637 3372 S.
2663 3317 2915 3369 Theresia
2945 3316 3157 3370 dicebat.
3180 3314 3284 3384 (De
3313 3313 3462 3368 modo
3488 3319 3621 3371 visit.

2060 3391 2312 3445 ’πρηθείη
2340 3402 2392 3437 n.
2425 3383 2488 3453 ἓ)
2522 3403 2534 3438 :
2581 3405 2600 3438 ι
2638 3387 2702 3440 Ut
2745 3387 3004 3453 spiritalia
3051 3387 3118 3439 de
3159 3383 3300 3439 bono
3340 3389 3389 3439 in
3436 3388 3624 3442 melius

2059 3465 2272 3519 semper
2322 3457 2632 3523 proﬁciant,
2682 3456 2895 3517 maximi
2945 3467 3026 3509 est
3065 3456 3317 3509 momenti
3369 3456 3528 3510 etiam
3572 3459 3623 3511 in

2061 3527 2398 3577 monasteriis
2428 3525 2783 3595 indigentibus
2819 3541 2880 3578 ac.
2909 3525 3117 3579 redditu
3145 3525 3478 3590 carentibus,
3515 3542 3624 3578 ma-

2060 3605 2216 3665 gnam
2247 3596 2319 3665 rei
2351 3599 2655 3665 temporalis
2683 3611 2862 3650 caram
2902 3611 3107 3665 gerere.
3135 3615 3152 3646 ι
3182 3595 3343 3649 Recte
3364 3606 3538 3649 autem
3563 3596 3623 3651 S.
3661 3624 3670 3630 ~

2061 3661 2344 3739 gregorius
2375 3663 2509 3731 (Lib.
2537 3681 2554 3719 1
2582 3667 2867 3739 Regist.,_c.
2894 3661 2988 3739 ﬁt)
3015 3684 3027 3716 :
3061 3684 3080 3714 ι
3109 3666 3358 3739 Quisquis
3385 3667 3625 3739 regendis

2065 3730 2315 3784 fratribus
2344 3730 2565 3801 praeest,
2592 3730 3038 3790 va'eare'l‘unditus
3061 3751 3088 3788 a
3112 3730 3626 3791 curis'exterioribus

2063 3815 2168 3853 non
2201 3812 2413 3874 potest;
2448 3807 2540 3859 scd
2588 3819 2763 3860 tamen
2808 3806 3099 3859 curandum
3151 3820 3470 3874 magnopere
3510 3815 3622 3871 est,

2063 3886 2130 3944 ne
2166 3872 2357 3944 abhis
2401 3875 2748 3931 immoderate
2781 3876 3142 3944 deprimatur;
3170 3872 3308 3929 unde
3350 3884 3495 3929 recte
3531 3891 3626 3944 per

2064 3941 2397 4015 Ezechielem
2430 3946 2661 3999 dicitur:
2693 3941 2995 3998 Sacerdotes
3025 3954 3173 4015 caput
3213 3961 3359 3998 suum
3400 3962 3501 3998 non
3533 3941 3626 3998 ra—

2065 4011 2218 4074 dant,
2245 4027 2401 4079 neque
2430 4031 2625 4066 comam
2660 4017 2914 4078 nutriant,
2942 4017 3030 4067 sed
3053 4011 3312 4068 tondentes
3337 4015 3629 4068 attondeant

2066 4083 2236 4146 Capita
2259 4099 2374 4134 sua.
2406 4086 2539 4148 Quid
2559 4086 2769 4153 signant
2797 4086 2971 4151 capilli
3003 4085 3054 4137 in
3083 4085 3254 4152 capite
3283 4085 3380 4137 nisi
3413 4086 3628 4138 uberio-

2068 4167 2152 4203 res
2182 4153 2529 4216 Cogitationes
2559 4155 2610 4206 in
2644 4154 2854 4208 mente?
2894 4155 2980 4222 qui
3011 4156 3133 4205 dum
3165 4169 3324 4220 super
3351 4154 3628 4222 cerebrum

2067 4222 2443 4275 insensibililer
2483 4225 2746 4286 oriuntur,
2780 4238 2934 4276 curas
2973 4223 3096 4275 vitae
3140 4224 3416 4290 pr:rsentis
3453 4224 3631 4291 expri-

2067 4301 2246 4360 munt;
2300 4307 2417 4359 qua:
2469 4307 2533 4347 ex
2589 4294 2830 4360 neglecto
2877 4307 2939 4345 ac
2986 4292 3217 4358 torpenti
3268 4306 3460 4355 sensu,
3508 4295 3628 4358 quia

2069 4359 2422 4427 iuopportuue
2452 4359 2741 4429 prodeunt,
2776 4363 2926 4432 quasi
2955 4362 3108 4415 nobis
3138 4376 3240 4415 non
3283 4363 3632 4432 sentientibus

2068 4433 2383 4503 procedunt.
2432 4433 2564 4498 Quia
2612 4449 2739 4502 ergo
2787 4431 2962 4503 cuncti
3012 4431 3101 4500 qui
3137 4440 3384 4503 prmsunt
3436 4431 3634 4487 habere

2069 4499 2280 4568 quidem
2320 4499 2703 4556 Sollicitudiues
2742 4499 3043 4557 exteriores
3065 4502 3286 4562 debent,
3317 4516 3416 4555 nec
3458 4511 3633 4556 tamen

2068 4572 2147 4623 eis
2198 4574 2540 4628 vehementer
2613 4576 2952 4637 incumbere,
3027 4571 3330 4625 sacerdotes
3380 4585 3524 4626 recte
3582 4583 3636 4626 et

2069 4651 2228 4707 eaput
2259 4644 2606 4711 prohibentur
2638 4645 2844 4704 radere,
2877 4656 2929 4695 et
2957 4658 3163 4696 comam
3209 4642 3430 4704 nutrire,
3463 4651 3512 4695 ut
3547 4656 3636 4694 Co-

2067 4710 2347 4779 gitationes
2376 4710 2552 4767 carnis
2575 4714 2641 4766 de
2669 4715 2770 4767 vita
2796 4713 3123 4766 subditorum
3142 4727 3237 4764 nec
3257 4727 3285 4764 a
3315 4727 3373 4764 se
3403 4712 3637 4765 funditus

2069 4793 2371 4848 amputent,
2399 4799 2495 4837 nec
2523 4800 2702 4838 rursus
2725 4782 2790 4836 ad
2817 4783 3158 4835 crescendum
3183 4782 3338 4834 nimis
3365 4783 3630 4843 rclaxeut;

2071 4855 2210 4904 unde
2238 4852 2374 4906 bene
2417 4855 2608 4906 dicitur
2639 4871 2650 4904 :
2686 4852 2986 4906 'l‘ondeutes
3019 4855 3269 4904 tondeant
3297 4852 3468 4917 eapita
3514 4865 3635 4915 sua,

2073 4929 2132 4972 ut
2161 4921 2406 4976 videlicet
2436 4938 2561 4976 cura
2591 4923 2894 4988 tempora'is
2914 4920 3288 4975 sollicitudinis
3310 4931 3362 4972 et
3387 4921 3452 4972 ad
3479 4936 3638 4988 quan-

2074 5000 2181 5042 tum
2215 5007 2436 5045 necesse
2463 5001 2545 5047 est
2574 4995 2862 5060 prodeant,
2904 5002 2958 5046 et
3003 5001 3176 5044 tamen
3221 4991 3524 5043 recidantur
3565 4991 3638 5044 ci-

2071 5063 2195 5124 tius,
2229 5076 2294 5115 nc
2324 5062 2674 5116 immoderate
2702 5069 3042 5126 excrescunt,
3065 5071 3170 5114 etc.
3205 5078 3222 5111 ι
3257 5061 3639 5114 lu'unoderatas

2072 5130 2374 5196 hujusmodi
2428 5148 2584 5185 curas
2632 5133 2898 5199 abjecerat
2946 5130 3001 5185 S.
3047 5129 3326 5184 Gertrudis
3373 5131 3636 5183 abbati~sa

2071 5201 2394 5256 Nivialensis
2436 5205 2594 5272 (δατ.
2619 5218 2653 5255 ιι
2696 5202 2916 5265 Bened.,
2944 5217 2996 5272 ρ,
3019 5200 3170 5271 465),
3203 5216 3341 5268 quat,
3376 5199 3640 5272 ut_sc_ribit

2073 5273 2382 5341 Anonymus
2415 5268 2464 5324 in
2495 5273 2612 5341 ejus
2648 5273 2794 5335 Vita,
2823 5287 2939 5338 cap.
2965 5271 3020 5335 3,
3055 5289 3071 5320 ι
3104 5268 3258 5325 bonis
3287 5286 3349 5341 ac
3393 5268 3638 5341 ﬁdelibus

2074 5337 2540 5409 dispensatoribus
2575 5342 2702 5396 fors
2749 5348 2814 5396 de
2861 5337 2970 5411 85
3019 5341 3288 5402 fratribus,
3333 5337 3467 5391 infra
3501 5353 3640 5411 _vero

2073 5406 2220 5477 septa
2253 5414 2561 5466 monasterii
2594 5406 2960 5479 sp'ritualib'us
2982 5411 3255 5464 sororibus
3283 5422 3464 5461 curam
3497 5406 3641 5479 fami-

2072 5481 2254 5536 liarem
2297 5477 2716 5544 commendavit,
2762 5493 3021 5550 quatenus
3064 5480 3251 5533 diebus
3292 5492 3354 5530 ac
3396 5477 3640 5550 noctibus

2072 5553 2325 5626 inagoue
2354 5564 2557 5626 sancto,
2611 5545 2806 5626 vigiliis
2835 5567 2895 5604 ac
2926 5551 3275 5626 orationibus,
3297 5545 3511 5626 .sanctis
3565 5549 3642 5625 le-

2072 5623 2341 5675 ctionibus
2371 5632 2422 5675 et
2440 5624 2655 5690 jejuniis
2668 5635 2849 5677 contra
2865 5621 3131 5689 spiritales
3155 5620 3384 5684 nequitia
3400 5645 3413 5664 η
3441 5620 3637 5682 potuis-

2075 5702 2162 5765 set
2181 5693 2456 5746 dimicare.
2488 5710 2505 5742 ι
2536 5763 2546 5765 _
2574 5763 2581 5765 Α
3157 5754 3168 5765 .

2150 5764 2314 5818 Porro
2351 5775 2472 5817 cum
2502 5763 2662 5819 abbas
2694 5776 2798 5817 non
2837 5772 3049 5817 omnem
3093 5757 3171 5812 rei
3203 5757 3509 5823 temporalis
3548 5773 3642 5814 cu-
