4102 6360
515 356 617 425 πι

1866 383 1924 439 8.
1965 381 2027 436 P.
2068 382 2427 441 BENEDICTI

3675 385 3792 439 288

518 488 660 571 enim
685 502 765 570 ⁸σθ
816 489 1003 571 magis
1033 492 1168 547 velle
1219 492 1393 571 largiri
1453 497 1623 564 egenti
1667 512 1839 571 quam
1871 501 2089 571 exigere
2117 503 2173 565 Α
2222 570 2225 571 ν
2272 496 2334 554 Et
2364 503 2435 554 ita
2460 517 2650 570 semper
2680 501 2861 555 timent
2894 502 3118 571 futuram
3147 498 3509 555 discussionem
3540 498 3788 555 Pastoris

519 559 788 639 quidpiam
810 560 877 612 ab
895 559 1182 639 ibdigente.
1218 579 1236 613 ι
1267 559 1474 628 Ο⁷ριίιιιιι
1488 559 1630 621 ⁷εειηθ
1658 559 1879 622 monitio
1908 559 2085 639 iiquui

520 628 596 708 rei
648 632 953 708 temporalis
1000 628 1179 684 curam
1228 639 1436 699 gerunt,
1488 645 1643 699 quam
1692 647 1750 688 ut
1798 628 2087 708 sequant'ur

519 698 807 766 plurimum
834 700 1195 754 obsecramus.

594 768 832 839 sciatque
874 773 993 838 quia
1033 772 1115 837 qui
1157 770 1365 832 suscipit
1408 769 1607 821 animas
1652 769 1917 836 regendas,
1961 772 2090 839 etc.]

520 833 800 907 Terribilis
847 833 1063 904 prorsus
1112 842 1404 904 sententia,
1456 848 1507 892 et
1559 851 1676 899 (iure
1710 833 1839 907 plus
1883 833 2091 894 timoris

518 906 683 973 exigit
711 924 867 975 quam
899 910 1263 976 expositionis.

2192 570 2258 623 de
2278 572 2481 625 creditis
2510 573 2702 633 ovibus,
2730 588 2844 623 cum
2873 572 2935 624 de
2962 572 3140 623 alienis
3165 571 3443 625 ratiociniis
3472 573 3784 635 cavet,'redo

2193 641 2332 693 ditur
2364 643 2424 694 de
2453 642 2559 694 suis
2586 642 2854 704 sollicitus,
2887 640 3018 708 etc.|
3058 640 3255 707 Sicque
3301 643 3354 693 fit
3403 651 3481 705 ut,
3522 640 3662 705 quod
3702 644 3786 694 ait

2192 711 2250 763 S.
2284 710 2573 778 Gregorius
2601 712 2792 764 citatus
2822 728 2849 762 a
2881 711 3038 764 Petro
3070 712 3309 765 Blesensi
3332 713 3490 777 epist.
3520 711 3620 764 132
3643 710 3782 773 (Pa-

2192 789 2315 831 ctor.
2348 790 2491 851 Part.
2542 795 2618 851 tu,
2648 782 2790 832 adnt.
2818 782 2893 846 5).
2942 790 3018 851 tot
3048 780 3151 836 sibi
3191 794 3418 835 coronas
3456 781 3780 851 multiplicat

2194 854 2321 907 (ιυοι
2348 848 2457 899 Deo
2489 850 2692 905 animas
2722 850 3000 903 lucrifacit.

2167 1056 2496 1062 -—
2935 1065 3152 1075 -————-
3168 1067 3704 1078 ~————

1837 1156 2225 1243 CAPUT
2298 1160 2453 1240 III.

1481 1290 1565 1352 De
1599 1290 1959 1353 adhibendis
1994 1294 2075 1354 ad
2105 1293 2435 1391 consilium
2466 1294 2797 1372 fratribus.

595 1435 847 1502 Quotiens
875 1436 1049 1504 aliqua
1080 1437 1340 1506 prrecipua
1369 1441 1567 1509 agenda
1595 1453 1720 1496 sunt
1748 1445 1800 1497 in
1829 1452 2091 1498 monaste-

521 1528 626 1591 rio,
652 1538 908 1581 convocet
935 1528 1096 1581 abbas
1122 1543 1334 1584 omnem
1359 1536 1843 1601 congregationem,
1876 1543 1928 1588 et
1953 1535 2094 1588 dicat

518 1618 635 1686 ipse
666 1619 805 1673 unde
836 1619 1026 1688 agitur.
1058 1620 1123 1673 Et
1149 1622 1368 1676 audiens
1397 1626 1680 1679 consilium
1712 1625 1956 1693 fratrum,
1986 1638 2093 1680 ira-

518 1720 627 1765 etet
651 1713 789 1779 apud
821 1728 908 1777 se;
941 1722 995 1765 et
1021 1715 1158 1781 quod
1191 1717 1369 1771 utilius
1394 1717 1736 1785 judicaverit,
1769 1722 1941 1774 iaciat.
1968 1722 2091 1777 ideo

517 1814 549 1854 ιι
591 1810 694 1855 tem
737 1816 923 1856 omnes
972 1803 1039 1857 ad
1087 1806 1364 1859 consilium
1410 1809 1586 1861 vocari
1618 1818 1643 1845 ἰ
1684 1810 1935 1877 diximus,
1968 1811 2087 1879 quia

517 1906 663 1959 sape
687 1892 887 1961 juniori
920 1892 945 1930 ιι
980 1893 1229 1949 Dominus
1256 1897 1458 1951 revelat
1480 1898 1619 1967 quod
1651 1900 1839 1954 melius
1870 1910 1967 1955 est.
2005 1902 2091 1957 Sic

519 1993 697 2037 autem
729 1986 855 2037 dent
900 1986 1088 2040 fratres
1118 1990 1397 2042 consilium
1428 2004 1547 2043 cum
1588 1992 1733 2044 omni
1786 1992 2094 2046 humilitatis

519 2072 873 2140 subjectiune,
907 2084 963 2129 ut
1002 2092 1104 2131 non
1137 2089 1456 2145 prmsumant
1486 2081 1784 2149 procaciter
1811 2082 2097 2137 defendere

520 2166 661 2232 quorl
691 2180 720 2219 e
742 2180 767 2219 s
799 2168 967 2220 visum
1000 2167 1183 2233 fuerit;
1224 2170 1317 2225 sed
1357 2171 1523 2239 magis
1552 2171 1604 2225 in
1638 2171 1842 2226 abbatis
1871 2176 2098 2241 pendeat

520 2257 634 2309 arbi
663 2258 769 2319 rio;
797 2268 853 2311 ιιι
880 2260 1017 2328 quod
1050 2270 1071 2297 ε
1095 2260 1700 2328 salubriusjudicaverit
1726 2275 1865 2329 esse,
1895 2263 1942 2315 ei
1969 2278 2098 2316 cun-

519 2350 588 2399 cti
621 2348 888 2403 obediant.
929 2350 1031 2404 Sed
1075 2351 1210 2404 sicut
1237 2351 1509 2419 discipulis
1536 2349 1562 2387 ά
1592 2354 1841 2407 convenit
1878 2354 2094 2407 obedire

522 2437 794 2503 magistro,
846 2437 915 2491 ita
967 2448 1019 2492 et
1074 2440 1243 2507 ipsum
1296 2440 1512 2509 provide
1555 2450 1609 2498 et
1652 2442 1795 2512 juste
1838 2444 2093 2498 condecet

519 2536 707 2581 cuncta
737 2527 1038 2596 disponere.

590 2692 615 2719 ι
656 2683 826 2746 Flor.,
855 2698 1053 2735 vocare.

596 2747 626 2789 δ
659 2752 828 2825 Bon,
851 2755 1073 2825 jtmiore,

598 2831 623 2892 ξ
662 2821 831 2889 Flor.,
852 2821 906 2875 ἐι
932 2823 1081 2892 quod.

592 2886 621 2927 δ
656 2892 765 2955 AL,
807 2886 1100 2963 discipulos.

2275 1444 2330 1499 In
2360 1446 2605 1500 omnibus
2644 1445 2800 1515 igitur
2826 1460 3013 1499 omnes
3041 1446 3342 1515 magistram
3373 1455 3662 1515 sequantur
3687 1464 3781 1504 re-

2200 1536 2376 1604 gulam
2408 1553 2420 1589 :
2452 1552 2621 1605 neque
2650 1539 2716 1590 ab
2742 1552 2803 1590 ea
2828 1546 3026 1591 temere
3054 1536 3349 1590 declinetur
3378 1545 3401 1573 ·
3427 1551 3455 1589 a
3486 1552 3780 1606 quoquam.

2199 1627 2386 1682 Nullus
2418 1628 2471 1681 in
2503 1629 2824 1683 monasterio
2855 1628 3049 1696 prOprii
3090 1638 3343 1697 sequatur
3379 1630 3555 1683 cordis
3584 1630 3776 1683 volun-

2199 1729 2391 1784 tatem;
2437 1734 2607 1789 neque
2654 1730 2939 1788 praesumat
2976 1722 3251 1789 quisquam
3290 1735 3410 1775 cum
3456 1721 3647 1774 abbate
3678 1735 3779 1774 suo

2199 1819 2450 1878 proterve
2473 1811 2552 1865 vel
2581 1809 2708 1864 foris
2734 1808 2753 1848 ί
2779 1810 3155 1864 monasterium
3182 1819 3208 1857 It
3233 1808 3580 1864 contendere.
3622 1810 3774 1875 Quod

2197 1900 2243 1955 si
2280 1901 2696 1970 praesumpserit,
2729 1901 2957 1970 regulari
2984 1902 3275 1969 disciplina:
3319 1902 3609 1970 subjaceat.
3652 1902 3772 1971 Ipse

2198 2001 2376 2047 tamen
2406 1992 2569 2046 abbas
2595 2008 2715 2046 cum
2745 1994 2935 2047 timore
2968 1993 3058 2047 Dei
3090 2003 3145 2047 et
3180 1994 3552 2047 observatione
3580 1996 3791 2060 regula:-

2198 2082 2378 2135 omnia
2403 2083 2579 2147 iaciat,
2612 2084 2785 2136 sciens
2812 2097 2869 2137 se
2900 2084 3080 2151 procul
3111 2084 3271 2136 dubio
3298 2081 3366 2137 de
3394 2083 3643 2138 omnibus
3667 2084 3777 2153 92

2194 2171 2408 2240 judiciis
2437 2174 2547 2229 suis
2576 2174 2883 2243 mquissimo
2907 2173 3073 2241 judici
3110 2174 3219 2228 Deo
3249 2176 3510 2228 rationem
3540 2171 3776 2228 redditu-

2198 2276 2339 2316 rum.
2373 2264 2431 2318 Si
2462 2280 2567 2333 qua
2596 2280 2720 2320 vero
2751 2265 2953 2320 minora
2983 2266 3183 2335 agenda
3222 2276 3341 2319 sunt
3376 2265 3426 2319 in
3468 2264 3775 2319 monasterii

2202 2354 2539 2415 utilitatibus.
2580 2354 2850 2409 seniorum
2899 2363 3100 2408 tantum
3152 2366 3327 2408 utatur
3364 2355 3612 2419 consilio,
3643 2354 3774 2407 sicut

2200 2444 2455 2512 scriptum
2488 2452 2567 2497 est
2599 2461 2609 2495 :
2643 2443 2829 2497 Omnia
2860 2443 2941 2513 {ac
2969 2457 3084 2498 cum
3111 2444 3347 2509 consilio,
3372 2452 3418 2498 et
3446 2452 3555 2511 past
3584 2443 3775 2512 factum

2200 2550 2297 2587 non
2324 2534 2585 2605 pwnitcbis
2613 2530 2640 2569 ιι
2668 2533 2857 2602 (Eccli.
2890 2531 3084 2603 xxx").

2274 2695 2297 2723 ο
2336 2685 2420 2740 Al.
2433 2726 2446 2750 ,
2477 2686 2721 2740 devictur.

2274 2752 2295 2793 ί
2337 2757 2447 2821 Al.,
2479 2766 2705 2825 proterve
2732 2756 2870 2810 intus
2897 2758 2973 2809 vel
3004 2756 3148 2825 foris.

2270 2834 2297 2872 8
2339 2826 2449 2890 AL,
2482 2828 2809 2879 monasterio.

2265 2891 2295 2931 δ
2332 2898 2441 2960 Al.,
2482 2898 2814 2950 omnitcberis.

1706 3024 3775 3047 -——-—-———.—_—_——_—-——_—————

1826 3108 2479 3182 COMMENTARIUS.

597 3260 837 3325 Quotiens
865 3258 1038 3325 aliqua
1063 3257 1317 3327 pra’cipua
1342 3256 1540 3326 agenda
1559 3265 1675 3309 sunt
1696 3257 1748 3309 in
1769 3258 2093 3322 monasterio,
2126 3260 2171 3321 C
2202 3273 2304 3313 non
2351 3258 2525 3311 solent
2574 3272 2670 3312 nec
2718 3256 2908 3310 debent
2952 3255 3127 3308 vocari
3176 3254 3462 3318 interdicti,
3508 3257 3771 3321 suspensi,

520 3338 754 3382 convocet
800 3329 952 3380 abbas
997 3342 1195 3379 omnem
1235 3328 1699 3396 congregationem,
1735 3334 1780 3378 et
1817 3329 1953 3379 dicat
1991 3329 2097 3393 ipse

521 3400 656 3450 unde
676 3398 880 3465 agitur;
906 3408 950 3448 et
975 3398 1184 3447 audiens
1209 3399 1474 3449 consilium
1500 3401 1738 3465 fratrum,
1762 3406 1940 3448 tractet
1962 3398 2101 3464 apud

521 3485 594 3531 se,
625 3478 667 3519 et
698 3468 831 3534 quod
859 3466 1036 3518 utilius
1058 3468 1363 3537 judicaverit
1387 3483 1510 3527 esse,
1543 3468 1587 3517 ei
1616 3466 1784 3537 cuncti
1816 3466 2099 3537 obediant.]

522 3538 618 3591 llis
648 3537 699 3589 in
734 3537 933 3593 verbis,
968 3548 1021 3587 ut
1053 3544 1197 3587 notat
1229 3536 1508 3595 Bolterius,
1542 3536 1772 3603 quinque
1804 3536 2096 3597 przesertim

521 3609 895 3672 complectitur
919 3606 973 3659 S.
1006 3605 1304 3672 legislator:
1329 3607 1377 3658 l.
1411 3605 1477 3659 Ut
1518 3606 1569 3657 in
1602 3605 1758 3656 rebus
1787 3605 1961 3657 dubiis
1989 3621 2100 3659 ma-

521 3675 759 3744 iorisque
786 3675 1038 3728 momenti
1068 3684 1353 3740 congregat
1379 3676 1541 3728 abbas
1569 3690 1756 3744 omnes
1781 3675 2095 3744 monachos,

523 3742 756 3797 convocet
781 3744 936 3796 abbas
966 3760 1161 3795 onmem
1190 3747 1649 3813 congregationem.
1681 3742 1734 3795 2.
1773 3743 1838 3796 Ut
1869 3754 2097 3799 tractan-

521 3815 619 3867 das
650 3830 732 3867 res
764 3815 879 3878 ipse
901 3822 1147 3881 exponat,
1181 3823 1228 3866 et
1258 3815 1395 3866 dicat
1427 3816 1533 3880 ipse
1567 3814 1698 3866 unde
1726 3814 1916 3880 agitur.
1947 3816 1999 3867 3.
2036 3816 2101 3869 Ut

522 3884 743 3937 fratrum
774 3885 839 3935 de.
868 3900 925 3936 re
958 3884 1222 3951 proposita
1273 3886 1587 3936 sententiam
1626 3885 1897 3949 deposcat,
1930 3894 1976 3936 et
2004 3901 2099 3936 au-

525 3954 670 4004 diens
718 3954 983 4006 consilium
1027 3955 1262 4020 (rutrum.
1293 3954 1346 4006 4.
1381 3954 1573 4007 Audito
1604 3959 1820 4005 fratrum
1852 3955 2095 4019 consilio,

524 4023 638 4093 ipse
666 4038 847 4077 secum
878 4023 1159 4083 deliberet,
1191 4032 1367 4075 tractet
1396 4025 1532 4093 apud
1553 4039 1622 4075 se.
1648 4024 1701 4074 5.
1732 4023 1881 4088 Quod
1910 4026 2099 4077 melius

522 4092 863 4161 judicaverit,
897 4108 1057 4160 opere
1106 4092 1474 4160 exsequatur:
1520 4109 1637 4162 qua:
1667 4095 1877 4161 quidem
1918 4095 2097 4148 omnia

522 4163 794 4230 sigillatiin
827 4162 1170 4228 expendenda
1203 4172 1344 4215 sunt.

595 4233 837 4297 Quotiens
876 4235 1046 4300 aliqua
1092 4235 1348 4302 pra'cipua
1376 4234 1575 4301 agenda
1606 4243 1720 4287 sunt
1757 4234 1808 4287 in
1847 4242 2098 4286 monaste-

522 4302 621 4354 rio.
655 4302 924 4369 Prtecipua
955 4312 1143 4355 vocant
1169 4317 1229 4355 ea
1258 4319 1375 4370 qme
1404 4304 1617 4371 majoris
1656 4312 1781 4357 sunt
1822 4305 2097 4367 momenti,

524 4382 871 4439 spectantque
918 4374 982 4423 ad
1037 4382 1196 4424 totam
1255 4374 1750 4439 congregationem,
1797 4390 1860 4427 ex
1909 4375 2099 4439 quibus

522 4442 756 4506 quinque
790 4442 1121 4509 potissimum
1155 4452 1393 4494 recenset
1434 4444 1785 4509 llildemarus,
1822 4455 2049 4511 suntque
2083 4459 2097 4496 :

526 4515 579 4580 1.
613 4511 908 4580 Susceptio
957 4512 1294 4562 novitiorum.
1342 4512 1398 4562 ξ).
1452 4512 1650 4580 Ejeetio
1679 4531 1709 4566 e
1751 4516 2094 4568 monasterio.

524 4578 916 4652 §._Pmnitcntia
942 4581 1055 4652 sive
1070 4578 1557 4652 excommunicatio
1578 4598 1669 4649 pro
1691 4586 1920 4652 graviori
1944 4584 2095 4652 culpa

523 4648 883 4716 injungeuda,
939 4650 1109 4720 qualis
1164 4661 1251 4699 aut
1307 4652 1536 4718 quandtu
1580 4648 1786 4707 durare
1833 4648 2097 4720 operteat.

523 4720 578 4791 ᾖ,
611 4721 808 4791 ltonnm
835 4722 905 4771 rei
930 4718 1315 4791 cujuscunque,
1345 4737 1462 4788 qua:
1486 4724 1553 4775 sit
1575 4723 1794 4791 alicujus
1827 4718 1997 4791 pretii.
2042 4727 2099 4781 5.

522 4787 742 4861 Mutatio
770 4790 945 4861 gravis
974 4790 1196 4850 alicuius
1219 4790 1316 4841 rei.
1357 4787 1556 4855 Quibus
1586 4787 1961 4861 addi'pos'sunt
1986 4796 2100 4848 col-

526 4856 752 4910 lationes
782 4858 1157 4910 beneﬁciorum
1178 4898 1190 4917 .
1222 4860 1547 4915 venditiones
1570 4856 1753 4915 rerum
1770 4868 2096 4926 monasterii,

524 4928 904 5000 conductiones
950 4930 1075 5000 sive
1099 4930 1384 4982 locationes
1427 4935 1779 4987 immobilium
1812 4936 2094 5000 bonorum,

523 5006 576 5049 et
602 4999 703 5049 alia
734 4996 1031 5065 hujusmodi
1064 4998 1197 5051 bene
1233 5002 1413 5053 tunlta.

596 5067 838 5142 Convocat
862 5068 1017 5142 abbas
1046 5084 1243 5121 onmem
1273 5072 1754 5142 congregationem]
1796 5074 2097 5140 Congrega-

527 5135 685 5188 tionis
732 5140 945 5191 nomine
997 5140 1303 5208 intelligitur
1350 5135 1520 5195 c'uatits
1570 5135 1948 5197 monachorum
2001 5135 2100 5196 sub

524 5208 713 5261 abbate
758 5221 845 5259 aut
884 5210 1157 5275 superiore
1197 5211 1516 5276 viventium;
1550 5214 1743 5279 quibus
1789 5229 1890 5265 non
1934 5227 2099 5265 annu-

525 5288 800 5349 merantur
842 5282 1045 5344 novitii,
1090 5292 1145 5333 ιιι
1179 5293 1298 5349 pote
1326 5287 1411 5349 qui
1443 5286 1672 5336 nondum
1716 5290 1839 5335 sunt
1878 5297 2101 5348 congre-

524 5348 750 5405 gationis
777 5352 981 5414 Ctll‘pori
1012 5348 1217 5419 sociati,
1240 5362 1293 5403 et
1317 5348 1482 5405 libere
1512 5354 1575 5404 ad
1600 5354 1852 5405 smculum
1882 5362 2102 5419 possunt

526 5421 721 5469 reverti
759 5437 767 5468 :
803 5422 894 5471 Sed
928 5436 1094 5489 neque
1140 5423 1325 5475 l‘ratres
1371 5423 1512 5484 laici,
1544 5424 1660 5476 sive
1696 5424 1957 5483 conversi,
1991 5422 2101 5475 sive

525 5490 821 5553 Commissi,
852 5494 961 5543 sive
991 5493 1177 5558 quovis
1207 5493 1310 5545 alio
1343 5496 1554 5544 nomine
1595 5502 1870 5557 vocentur,
1902 5495 1987 5559 qui
2029 5493 2093 5545 ad

527 5560 794 5609 citeriora
829 5572 1025 5613 tantum
1056 5562 1429 5615 monachorum
1461 5563 1674 5615 servilia
1707 5569 1831 5612 sunt
1869 5563 2089 5626 recepti.

605 5625 764 5679 l’orro
796 5629 915 5683 licet
947 5632 1143 5682 unlltnn
1176 5634 1242 5683 ab
1284 5630 1581 5697 bnjttstuetli
1622 5642 1951 5697 negauerunt
1985 5625 2094 5683 tra-

529 5698 847 5751 ctationibus
888 5703 1069 5752 exc‘ntl
1114 5703 1211 5755 tS.
1252 5703 1305 5753 P.
1353 5703 1681 5764 Benedictus,
1715 5716 1924 5754 omnem
1956 5701 2095 5752 enim

531 5771 985 5837 Congregationem
1028 5773 1308 5827 convocari
1362 5771 1618 5839 prmcipit,
1661 5772 1725 5824 ad
1780 5765 1870 5825 has
1921 5781 2094 5825 tamen

2128 4624 2181 4683 D

2204 3327 2674 3392 excommunicati,
2707 3328 3040 3385 incarcerati,
3072 3334 3125 3379 et
3151 3326 3243 3392 qui
3276 3327 3324 3377 in
3357 3339 3568 3392 poenam
3599 3327 3776 3390 gravis

2202 3399 2427 3464 alicujus
2468 3399 2653 3459 errati,
2700 3406 2791 3448 aut
2835 3396 3013 3461 aliquo
3058 3396 3419 3460 qualicunque
3460 3394 3615 3447 modo
3644 3409 3775 3448 voce

2202 3469 2373 3520 activa
2401 3476 2455 3520 et
2494 3468 2696 3534 passiva
2733 3466 3025 3532 privantur.
3065 3465 3138 3517 De
3182 3464 3491 3517 absentibus
3517 3465 3620 3533 93
3648 3477 3778 3534 vero

2201 3538 2373 3606 major
2402 3533 2817 3589 estitbllicultas.
2861 3538 2936 3606 De
2978 3534 3056 3586 his
3100 3535 3169 3585 ita
3215 3534 3466 3606 discurrit
3508 3537 3556 3606 in
3609 3533 3781 3606 primo

2201 3602 2487 3660 Comment.
2524 3606 2783 3659 liobcrius
2816 3623 2826 3655 :
2865 3622 2882 3654 t
2920 3604 2974 3655 In
3021 3604 3378 3656 contractibus
3425 3602 3679 3655 faciendis
3713 3602 3783 3659 de

2198 3676 2316 3744 jure
2344 3692 2446 3744 non
2479 3686 2738 3728 vocantur
2766 3674 3050 3735 absentes;
3080 3674 3128 3724 in
3162 3672 3510 3725 clectionibus
3539 3673 3782 3744 praelato-

2202 3740 2341 3809 rum,
2382 3740 2778 3813 rcceptionibus
2822 3758 2913 3797 seu
2963 3744 3326 3813 creationibns
3376 3741 3780 3813 monachorum,

2201 3826 2253 3868 et
2278 3812 2652 3870 collationibus
2684 3814 3088 3876 beneﬁciorum,
3114 3812 3362 3864 absentes
3385 3821 3505 3863 sunt
3534 3812 3777 3876 vocandi,

2201 3886 2489 3938 dummodo
2520 3885 2696 3937 vocari
2728 3884 2934 3952 pos~int
2966 3882 3245 3935 commode
3282 3892 3333 3933 et
3374 3882 3491 3952 sine
3528 3882 3778 3952 periculo.

2202 3955 2271 4007 Et
2298 3956 2339 4005 si
2373 3954 2606 4007 nescitur
2646 3950 2739 4007 nbi
2774 3968 2975 4006 moram
3020 3954 3251 4009 trahant.
3283 3952 3431 4003 citari
3463 3950 3657 4003 debent
3688 3965 3785 4017 per

2200 4026 2430 4079 edictum
2474 4024 2740 4091 publicum
2792 4024 2845 4077 in
2890 4022 3139 4088 ecclesia,
3172 4021 3252 4073 vel
3304 4025 3418 4074 loco
3457 4020 3542 4072 ubi
3585 4022 3779 4073 morari

2200 4104 2619 4156 consueverunt;
2664 4094 2761 4145 nisi
2806 4103 2978 4145 tamen
3025 4091 3355 4144 consuetudo
3399 4092 3589 4142 habeat
3634 4093 3777 4157 ipsos

2200 4164 2263 4217 ad
2288 4166 2572 4231 capitulum
2608 4179 2711 4216 non
2742 4164 2939 4216 vocari.
2974 4163 3038 4215 Et
3067 4161 3205 4229 quod
3252 4163 3329 4213 sic
3371 4161 3591 4213 vocandi
3632 4168 3776 4224 sunt,

2201 4249 2381 4288 verum
2417 4234 2671 4299 intelligo.
2705 4248 2823 4286 cum
2857 4233 3145 4300 pra‘missae
3170 4246 3307 4294 recej
3330 4232 3525 4300 tiones,
3553 4231 3779 4283 creatio-

2202 4320 2317 4369 nes,
2352 4306 2464 4359 sive
2507 4305 2818 4357 collationes
2860 4299 3014 4355 Simul
3053 4309 3295 4370 spectant
3334 4299 3397 4352 ad
3446 4299 3690 4353 abbatem
3727 4309 3781 4353 et

2202 4387 2517 4428 conventum
2530 4414 2539 4423 .
2574 4392 2590 4423 1

2277 4444 2717 4497 Convocabantnr
2738 4452 2910 4494 autem
2952 4440 3127 4493 sonitu
3160 4438 3384 4506 alicujus
3412 4438 3767 4504 instrumenti,

2204 4524 2326 4582 puta
2352 4513 2659 4578 crepitaenli
2707 4523 2796 4582 aut
2847 4512 3196 4582 campannla‘,
3229 4526 3347 4573 quae.
3377 4509 3514 4582 apud
3550 4510 3775 4582 Bursielo

2203 4578 2396 4637 denses
2439 4582 2672 4651 (Cterem.
2713 4578 2977 4650 Bursfeld.
3002 4581 3121 4632 dist.
3156 4583 3204 4639 l,
3247 4578 3483 4651 cap.15)
3519 4594 3637 4631 cum
3678 4579 3775 4651 hoc

2207 4648 2809 4721 pulsatur'dtscrimine,'
2829 4648 2923 4721 (ιιι
2953 4664 3045 4717 pro
3066 4648 3642 4721 capitulotraclatuum
3671 4650 3774 4701 duo

2208 4718 2338 4777 Iiant
2363 4726 2542 4790 signa;
2587 4736 2691 4787 pro
2714 4720 2944 4787 capitulo
2978 4736 3100 4771 vero
3134 4718 3440 4790 quotidiauo
3468 4734 3628 4769 unntn
3653 4731 3767 4771 tan-

2209 4802 2337 4846 tum.
2377 4813 2393 4843 ι
2414 4788 2505 4846 Βθ
2532 4792 2747 4844 notione
2769 4802 2943 4842 autem
2984 4790 3198 4855 capituli
3227 4788 3275 4839 in
3307 4804 3411 4855 quo
3443 4790 3636 4839 iiebaut
3682 4791 3770 4841 bn-

2202 4863 2434 4931 jusmodi
2486 4861 2934 4922 cotivocationes,
2985 4862 3167 4912 videtis
3212 4857 3408 4909 Bened.
3464 4857 3770 4911 Ilaeftenum

2206 4934 2299 4986 lib.
2334 4948 2450 4991 vin.
2480 4942 2630 4985 tract.
2665 4934 2713 4995 1,
2748 4933 2884 4997 disq.
2913 4932 2961 4982 l.

2279 5002 2344 5055 Et
2392 5006 2525 5054 dicat
2573 5019 2679 5063 ipse
2710 4995 3087 5068 unde—agitanl
3118 4995 3437 5049 Convocatis
3482 4996 3727 5050 fratribus
3754 5036 3768 5059 ,

2205 5072 2371 5125 abbas
2403 5088 2514 5124 rem
2548 5072 2698 5135 cujus
2746 5084 2901 5122 causa
2954 5070 3293 5133 congregavit
3333 5081 3463 5129 eos,
3515 5069 3768 5134 exponit;

2202 5144 2345 5208 quia,
2379 5151 2433 5194 ut
2459 5143 2528 5193 ait
2572 5141 2717 5191 l’lato
2743 5138 2830 5205 (In
2879 5139 3146 5201 Pltredro).
3181 5155 3198 5187 t
3236 5138 3285 5187 in
3314 5138 3458 5208 ntnni
3501 5152 3558 5190 re
3588 5152 3776 5208 consu-

2204 5206 2344 5264 lendi
2377 5210 2719 5279 principium,
2752 5225 2908 5261 nosse
2938 5210 2987 5261 id
3020 5210 3085 5259 tle
3112 5222 3216 5271 quo
3249 5206 3526 5279 consilium
3563 5207 3767 5259 institu-

2206 5291 2336 5345 tum;
2367 5291 2454 5335 aut
2479 5292 2582 5333 t0ta
2603 5281 2683 5331 via
2710 5280 2956 5331 aberrare
2980 5291 3252 5329 necessum
3286 5285 3385 5329 est.
3427 5278 3770 5345 rAnthuam

2203 5366 2333 5404 vero
2367 5350 2698 5405 tractandum
2731 5350 2997 5415 negotium
3043 5355 3307 5414 exponat,
3336 5359 3400 5397 ex
3434 5344 3768 5405 lliltlemaro,

2212 5439 2228 5471 ι
2262 5423 2426 5475 oculis
2452 5420 2725 5486 corporeis
2752 5422 2866 5470 “MS
2910 5419 2960 5469 in
2994 5426 3165 5479 terra,
3216 5427 3268 5467 et
3314 5416 3469 5486 oculo
3520 5417 3692 5468 cordis
3723 5417 3770 5467 in

2207 5491 2396 5553 Deum,
2426 5485 2611 5558 rogare
2635 5488 2791 5541 debet
2822 5489 2984 5539 Deum
3018 5488 3218 5558 dicens:
3252 5485 3491 5558 Domine,
3526 5502 3654 5558 rogo
3670 5486 3763 5537 ele-

2205 5563 2455 5614 ntentiam
2491 5556 2655 5620 tuam,
2690 5567 2743 5609 ιιι
2776 5574 2866 5623 per
2884 5572 3038 5625 quem
3064 5557 3141 5607 vis
3162 5557 3525 5625 manifestare,
3552 5556 3766 5621 dignate

2206 5630 2490 5684 indicare.»
2519 5630 2707 5682 Divino
2743 5624 3021 5694 implorato
3046 5627 3275 5688 auxilio,
3310 5624 3577 5691 negotium
3608 5625 3777 5691 expli—

2204 5710 2289 5752 cet
2317 5742 2330 5763 ,
2359 5702 2529 5753 allatis
2562 5700 2805 5765 utrinque
2846 5697 3141 5749 rationibus
3173 5738 3185 5760 ,
3220 5698 3296 5748 sic
3348 5703 3524 5746 tamen
3550 5704 3605 5747 nt
3626 5709 3768 5748 Suam

2206 5773 2318 5840 ipse
2368 5788 2469 5827 non
2512 5771 2712 5839 aperiat
2750 5767 3093 5836 sententiam,
3118 5776 3174 5820 ut
3201 5766 3372 5822 omnis
3406 5766 3621 5820 toilatttr
3646 5765 3773 5821 adu-
