4102 6360
515 298 609 358 101

1869 293 1923 345 3.
1965 293 2023 343 P.
2068 290 2200 344 BEN
2209 289 2428 347 EDICTI

3699 290 3816 346 ω

517 413 633 472 lteri
659 417 1010 483 posset,etc.
1030 450 1046 476 ,
1073 405 1382 483 adjicienda
1411 403 1540 483 illud
1573 402 1715 483 quod
1749 402 2095 483 peritissimis
2124 408 2178 468 Α
2200 403 2426 483 alicujus
2453 398 2598 483 quod
2621 409 2881 480 exercent
2902 399 3062 483 ofﬁcii
3091 413 3259 483 sesea
3284 401 3810 483 regulisesemptos

517 474 732 555 quoque
759 474 1104 555 theologis—et
1127 474 1458 549 j'urisperitis
1486 474 1752 528 familiare
1777 482 1860 528 est
1895 490 1906 524 :
1937 475 2098 527 Salvo

519 551 974 622 meliorijudicio.
1404 616 1413 624 _
1562 615 1632 624 ,Δ
1714 615 1724 624 ,
1979 612 1989 624 ,
2065 613 2076 624 ,

597 624 666 680 ω
712 612 814 677 nbit
859 629 1172 690 prmumant
1211 616 1506 690 procaciter
1538 615 1809 690 defendere
1853 612 2101 690 quodvis

485 695 683 750 -iiisum
723 681 1089 765 fueri't.]_lloc
1135 681 1276 741 enim
1326 685 1642 765 humilitati,
1670 699 1806 764 .cuin
1837 699 1948 765 qua
1987 681 2105 738 dari

523 754 808 820 consilium
830 754 1015 833 jussit,
1046 765 1323 833 repugnat.
1361 773 1388 833 t_
1417 755 1551 833 Quae
1579 754 1752 833 uiiion
1785 763 1955 833 potest
1983 766 2107 807 esse

523 834 773 901 superbia
793 876 808 899 ,
830 821 1013 900 inquit
1052 821 1123 883 S.'
1159 821 1457 901 Bernartius
1484 821 1682 901 (serui.
1717 823 1750 874 2
1771 821 1796 887 ,ί
1815 826 1878 901 de
1910 821 2106 901 Resuro

527 891 701 974 recc),
745 891 978 972 quam-si
1026 912 1159 974 unus
1204 910 1372 974 suum
1403 896 1662 974 judicium
1708 893 1966 974 praeferat
1990 891 2107 974 uni:

528 964 702 1030 versaé
739 964 1166 1040 congregationis
1209 964 1433 1034 judicio,
1484 967 1637 1040 quasi
1667 964 1834 1040 solus
1883 965 2106 1040 haberet

529 1044 771 1114 spiritum
792 1113 800 1114 ί
821 1033 966 1114 D'eij?
999 1058 1017 1091 ι
1052 1033 1235 1114 Neque
1281 1050 1410 1114 vero
1457 1036 1534 1088 sic
1563 1033 1822 1114 capienda
1854 1041 2012 1114 sunt,
2045 1033 2105 1112 5ἶ

533 1101 804 1170 Βεηθάἰειί
824 1111 1004 1175 verba,
1033 1101 1184 1176 quasi
1211 1107 1431 1158 omnino
1452 1105 1771 1157 sententiam
1795 1119 1945 1157 suam
1973 1101 2110 1176 tueri

531 1185 878 1253 prohiberet;
923 1172 1029 1232 ἱιιιό
1051 1172 1185 1253 licet
1213 1175 1279 1229 ad
1309 1178 1520 1253 objecta
1552 1175 1876 1253 restiondere
1897 1213 1911 1236 ,
1941 1172 2111 1253 quod:

531 1241 638 1322 que
691 1253 790 1306 sibi
835 1241 1002 1322 visum
1052 1246 1212 1322 fuerit
1242 1247 1468 1322 sanius,
1515 1245 1888 1322 validissimis,
1935 1241 2111 1322 quoad

533 1315 645 1378 lieri
675 1329 866 1390 potest.
899 1320 1194 1390 rationibus
1235 1317 1470 1390 (irritare,
1498 1315 1795 1390 dummodo
1823 1316 1996 1365 omnis
2021 1315 2113 1390 ab-

531 1395 603 1447 sit
628 1384 913 1445 obstinatio
943 1399 1034 1442 aut
1063 1388 1375 1456 pertinacia.
1407 1385 1513 1440 Sed
1539 1386 1663 1451 quid
1693 1385 1737 1436 si
1769 1387 2007 1450 insurgat
2037 1384 2115 1456 lo:

533 1462 712 1531 quenti
734 1459 1034 1515 contrarius
1058 1452 1288 1531 aliquis?
1308 1457 1444 1508 Audi
1470 1456 1839 1531 llildeuiarum
1865 1471 1877 1504 :
1912 1452 2113 1531 {Quod

533 1524 579 1587 si
606 1537 739 1586 alter
768 1546 798 1585 e
830 1531 1000 1582 latere
1038 1524 1212 1594 surgit
1241 1527 1426 1580 dicetis
1451 1542 1471 1578 '.
1514 1527 1646 1592 Quia
1681 1527 1781 1578 hoc
1808 1524 1949 1592 quod
1980 1525 2116 1576 dicis

535 1616 633 1657 nec
660 1604 880 1665 bonum,
911 1613 1009 1652 nec
1031 1612 1216 1652 verum
1244 1607 1326 1650 est
1345 1636 1361 1660 ,
1391 1597 1476 1649 hic
1503 1597 1661 1649 debet
1687 1598 1773 1649 ille
1803 1596 1941 1647 alter
1963 1603 2117 1646 caule

534 1673 778 1741 vigilare,
828 1685 895 1724 ne
934 1669 995 1741 in
1022 1667 1396 1741 procacitatem
1427 1667 1608 1728 cadat;
1655 1667 1706 1741 id
1737 1675 1816 1718 est
1846 1667 2004 1741 debet
2034 1665 2115 1715 di-

534 1737 658 1796 cere
685 1741 862 1795 abbati
898 1757 910 1791 :
943 1739 1002 1793 Si
1033 1740 1182 1792 vobis
1226 1738 1428 1805 placet,
1462 1751 1562 1804 ego
1615 1739 1816 1787 mittam
1855 1737 2115 1787 rationem

535 1787 1524 1880 iiii'a'm'IiE'iia'c‘Ee'iéiiit5,"éi:_iiaii
1567 1806 1941 1880 debetcontra
1971 1805 2119 1856 illum
2150 1787 2198 1846 Β

537 1877 754 1936 fratrem
795 1883 882 1948 qui
913 1880 1015 1932 sibi
1057 1877 1324 1948 contrarie
1363 1877 1514 1948 dixit,
1548 1877 1745 1943 aliquid
1792 1887 2117 1948 contrarium

538 1951 741 2005 dicere.
773 1946 923 2016 Quod
971 1949 1014 2002 si
1064 1950 1229 2001 abbas
1268 1947 1475 2000 dederit
1506 1946 1806 2009 licentiam,
1839 1947 1981 1998 dicat
2031 1959 2119 1998 ra-

541 2022 742 2075 tionem
789 2019 1057 2072 humiliter
1098 2019 1234 2070 illius
1280 2020 1354 2070 rei
1403 2019 1472 2069 ita
1521 2033 1534 2069 :
1578 2017 1775 2069 Tantas
1806 2017 1963 2068 habet
1993 2029 2124 2068 con-

540 2093 811 2161 gruentias
831 2098 932 2161 ,_et
959 2098 1149 2161 tantas
1192 2087 1620 2161 contrarietatcs.
1654 2088 1708 2140 Si
1738 2096 1926 2161 autem
1958 2086 2124 2138 abbas

543 2157 651 2214 non
695 2159 903 2213 dederit
955 2159 1223 2212 licentiam
1267 2157 1476 2211 dicendi
1533 2161 1823 2223 rationein,
1877 2157 1964 2210 ille
1997 2168 2125 2207 vero

544 2240 736 2285 taceat.
786 2248 804 2280 ι

615 2299 722 2354 Sed
749 2298 912 2367 magis
937 2298 986 2349 in
1015 2297 1212 2350 abbatis
1241 2297 1456 2365 pendeat
1485 2297 1712 2360 arbitrio,
1738 2305 1788 2348 ut
1813 2294 1949 2364 quod
1980 2294 2126 2346 salu-

545 2371 682 2424 brius
708 2385 817 2422 esse
835 2367 1176 2438 judicaverit,
1223 2368 1266 2418 ei
1312 2369 1479 2418 cuncti
1510 2367 1801 2438 abditam.)
1853 2367 1961 2418 Etsi
1997 2380 2128 2438 con-

547 2441 768 2495 trarium
793 2437 892 2506 ipsi
915 2441 1213 2498 senserint;
1239 2451 1412 2506 neque
1435 2437 1646 2504 indigne
1671 2440 1839 2489 ferant
1868 2437 2129 2502 siquando

545 2525 702 2565 suum
746 2505 977 2562 viderint
1018 2507 1191 2558 deseri
1230 2505 1516 2573 jud.cium,
1561 2508 1655 2560 sed
1702 2512 1876 2574 potius
1904 2509 2130 2558 aliorum

547 2579 844 2650 praevalere
889 2578 1186 2644 gaudeant;
1236 2585 1291 2650 ut
1330 2577 1524 2650 tacitus
1565 2579 1795 2650 quisque
1844 2578 1974 2650 illud
2027 2575 2130 2650 sibi

549 2644 686 2718 apud
711 2663 768 2702 se
795 2660 1052 2718 usurpate
1073 2644 1306 2718 queat
1343 2645 1596 2698 Bernardi
1626 2647 1689 2698 ad
1717 2649 1966 2714 Ugeriuin
1999 2646 2133 2698 scri~

551 2716 724 2774 beatis
755 2717 946 2787 (Epist.
991 2716 1082 2784 87)
1124 2733 1137 2769 :
1177 2733 1200 2787 (ν
1241 2717 1549 2787 Agnoscens
1579 2717 1841 2782 siquidem
1876 2732 2008 2770 mea:
2049 2731 2132 2767 sa-

553 2785 770 2858 pientiae
803 2785 1130 2858 siccitatem,
1192 2786 1300 2838 imo
1332 2785 1674 2858 insipientia:
1735 2803 1866 2841 tne-.e
1921 2800 2134 2858 semper

551 2854 851 2927 suspectam
904 2854 1546 2927 habenstemeritatem;
1580 2871 1700 2909 cum
1751 2873 1854 2910 non
1905 2857 1959 2909 fit
1993 2856 2134 2922 quod

555 2925 670 2983 ﬁeri
696 2929 875 2992 laudo,
915 2941 1014 2981 nec
1042 2926 1234 2990 audeo,
1269 2940 1369 2979 nec
1397 2925 1567 2978 debeo
1599 2928 1892 2995 indignari,
1925 2927 2136 2979 deside-

553 3013 680 3053 rans
723 3012 989 3067 quemque
1035 2997 1328 3051 consultius
1375 2999 1818 3067 ageresuuoties
1859 3012 1986 3049 vero
2019 3009 2135 3048 mea

549 3065 817 3123 sententia
847 3065 1060 3136 eligitur
1083 3081 1145 3121 ac
1173 3075 1402 3133 tenetur,
1435 3065 1582 3135 gravi
1629 3067 1798 3120 fateor
1843 3081 2007 3119 onere
2051 3080 2136 3118 me

555 3141 721 3208 premi
775 3139 973 3203 sentio,
1019 3139 1099 3193 rei
1151 3138 1307 3191 linem
1353 3151 1566 3208 semper
1611 3138 1850 3206 pavidus,
1901 3146 1956 3189 et
2000 3152 2136 3208 nun:

588 3224 711 3264 uani
739 3223 958 3263 securus
988 3221 1322 3276 exspectans.
1364 3224 1382 3256 ι
1425 3207 1622 3260 Eadem
1652 3218 1767 3261 erat
1799 3222 1947 3260 mens
1997 3207 2137 3258 haud

588 3227 711 3264 uani
739 3227 958 3263 securus
988 3227 1322 3276 Βιδβεοιεηδ.
1364 3227 1382 3256 ι
1425 3227 1622 3260 nauem
1652 3227 1767 3261 erat
1799 3227 1947 3260 "lens
1997 3227 2137 3258 lliluu

551 3227 772 3334 dubium
819 3278 1026 3332 abbatis
1073 3276 1340 3332 Poemenis
1361 3317 1375 3341 ,
1406 3276 1473 3329 de
1501 3292 1605 3344 quo
1636 3277 1873 3330 referunt
1903 3277 2139 3344 (Apoph-

555 3351 762 3420 tltegm.
794 3346 915 3400 Pat.
963 3357 1085 3401 tom.
1139 3348 1159 3402 l
1200 3347 1346 3420 Μοητ
1411 3344 1558 3420 Eccl.
1611 3347 1836 3420 (ἕνωσίν,
1884 3365 1937 3416 p.
1989 3347 2138 3414 018),

561 3439 582 3473 ι
628 3417 770 3490 quod
825 3434 1102 3490 nunquam
1145 3417 1371 3471 voluerit
1425 3417 1555 3471 dare
1609 3418 1908 3490 consilium
1946 3433 2138 3490 suum,

558 3488 681 3560 post
723 3489 944 3542 alterius
991 3489 1135 3542 senis
1177 3502 1538 3560 responsum,
1578 3489 1669 3542 sed
1700 3489 1867 3558 magis
1898 3488 2140 3541 laudibus

555 3556 688 3615 illud
719 3572 936 3626 prorsus
964 3556 1236 3611 extulerit.
1286 3575 1304 3608 ι

632 3630 738 3684 Sed
782 3632 912 3681 sicut
950 3628 1216 3698 discipulis
1256 3627 1484 3679 convenit
1529 3628 1729 3682 obedire
1772 3630 2036 3696 magistro,
2071 3629 2144 3698 ita

554 3709 603 3754 et
648 3701 825 3769 ipsunt
845 3699 1050 3769 provide
1079 3697 1124 3751 et
1156 3700 1298 3769 juste
1334 3703 1569 3752 condecet
1599 3710 1779 3752 cuncta
1826 3697 2142 3768 disponere]

556 3767 714 3836 Quod
745 3767 960 3837 adjicit,
993 3785 1058 3822 ne
1092 3767 1224 3822 forte
1269 3769 1432 3822 abbas
1463 3785 1609 3837 qtiaSt
1660 3774 1822 3823 libera
1867 3782 2020 3823 utens
2054 3767 2146 3837 po;

557 3848 786 3906 testate,
836 3838 1030 3906 spretis
1077 3840 1295 3892 lratrum
1344 3841 1618 3903 cunsiliis,
1665 3840 1859 3909 injuste
1898 3842 2147 3908 disponat

554 3909 782 3978 aliquid.
815 3910 957 3962 Sane
999 3909 1135 3963 sicut
1163 3909 1406 3963 abbatem
1441 3913 1660 3963 fratrum
1708 3914 1986 3963 adtiarrere
2014 3925 2142 3963 sen-

565 3981 743 4035 tentia:
790 3995 896 4033 non
945 3980 1222 4048 astringit,
1266 3979 1344 4032 sic
1377 3994 1485 4031 non
1528 3983 1676 4034 decet
1710 3996 1833 4034 eum
1865 3983 1931 4033 ab
1959 3995 2143 4033 eorum

561 4053 862 4117 sententia,
903 4053 1135 4105 maxime
1172 4051 1278 4119 97
1323 4064 1444 4102 cum
1489 4052 1542 4102 iii
1583 4067 1740 4104 unam
1785 4051 2144 4117 conveniunt,

558 4121 716 4175 facile
747 4119 1014 4174 recedere.

630 4191 698 4244 In
727 4189 956 4244 omnibus
978 4191 1135 4261 igitur
1165 4205 1334 4242 omnes
1365 4191 1659 4261 magistram
1691 4203 1967 4259 sequantur
1996 4209 2150 4261 regu-

567 4261 721 4331 lam.)
760 4261 1027 4315 Hactenus
1065 4261 1310 4314 abbatem
1345 4270 1399 4314 et
1429 4264 1620 4315 fratres
1641 4263 1977 4330 singillatim;
2010 4279 2148 4319 nunc

573 4343 827 4402 utrosque
875 4332 1031 4385 simul
1070 4331 1320 4402 admonet
1363 4333 1500 4384 utin
1547 4335 1792 4386 omnibus
1822 4350 2006 4388 omnes
2039 4352 2150 4386 ina-

565 4401 788 4470 gistram
837 4409 1126 4469 sequantur
1175 4401 1443 4469 regulam,
1491 4418 1597 4455 non
1647 4407 1817 4457 solum
1869 4408 1919 4457 in
1961 4406 2149 4460 dandis

563 4473 832 4532 consiliis,
864 4471 930 4523 de
965 4472 1156 4537 quibus
1189 4472 1272 4524 hic
1319 4475 1647 4538 prazsertim.
1680 4475 1773 4528 sed
1819 4477 1870 4527 in
1901 4475 2148 4530 omnibus

565 4542 689 4613 aliis
716 4542 1026 4613 monasticis
1053 4543 1426 4595 observantius.
1461 4543 1627 4598 Porro
1648 4545 1736 4613 qui
1763 4546 1892 4598 dicit
1921 4561 2110 4599 omnes
2130 4587 2145 4611 ,

569 4612 774 4668 nulloin
822 4611 1051 4678 excipit;
1099 4627 1225 4680 ergo
1271 4628 1371 4667 nec
1417 4611 1677 4668 abbates.’
1720 4615 1883 4669 Recte
1931 4617 2150 4671 omnino

570 4681 758 4754 Petrus
800 4682 1068 4754 Blesensis
1095 4682 1310 4754 (Epist,
1341 4686 1464 4753 131)
1499 4703 1514 4737 :
1563 4704 1582 4737 ς
1629 4685 1769 4738 Nulli
1811 4688 2026 4754 praelato
2054 4698 2147 4742 aut

567 4753 782 4805 subdito
807 4752 1134 4806 voluntatem
1163 4752 1324 4822 sequi
1345 4752 1496 4818 licet;
1531 4769 1650 4808 nam
1679 4766 1732 4809 et
1761 4752 2142 4812 monachorum

567 4821 839 4890 legislator
882 4823 1031 4886 quasi
1075 4821 1254 4878 edicto
1297 4827 1533 4894 praecipit
1562 4828 1833 4894 generali,
1863 4835 1921 4878 ut
1958 4842 2144 4882 omnes

568 4896 875 4962 magistram
922 4905 1212 4963 sequantur
1260 4898 1530 4964 regulam,
1563 4907 1618 4950 et
1659 4900 1726 4950 ab
1762 4899 1861 4950 hac
1903 4899 2016 4964 lege
2045 4913 2143 4953 nec

567 4965 735 5036 abbas
765 4979 866 5019 nec
905 4966 1054 5036 prior
1101 4965 1385 5034 excipitur.
1432 4984 1455 5020 ι
1491 4966 1559 5020 Et
1600 4969 1658 5023 S.
1707 4967 2008 5022 Bernardus
2042 4968 2142 5036 (De

570 5031 738 5087 l’rtec.
781 5045 831 5088 et
879 5031 1012 5102 disp.
1040 5051 1089 5090 ε.
1116 5037 1171 5104 4)
1205 5031 1274 5090 ί(
1319 5037 1555 5104 Omnes,
1601 5038 1800 5106 inquit,
1835 5031 2141 5106 magistratu

568 5116 860 5173 sequantur
904 5108 1175 5174 regulam;
1209 5123 1366 5162 nemo
1412 5123 1541 5176 ergo
1569 5122 1718 5161 suam
1766 5111 2090 5162 voluntatem
2125 5126 2138 5161 :

569 5179 658 5228 ubi
688 5190 818 5230 sane
867 5191 966 5229 nec
1013 5177 1258 5230 abbatem
1307 5179 1480 5246 excipi
1531 5190 1677 5245 puto.
1729 5198 1746 5231 ι
1801 5180 1951 5235 Unde
1980 5181 2141 5233 etiam

567 5247 872 5316 congregati
923 5248 977 5300 in
1024 5249 1251 5302 concilio
1298 5249 1714 5316 Aqiiisgranensi
1763 5253 1980 5304 abbates
2021 5266 2144 5304 san-

569 5319 950 5389 ICI‘DII‘lCmt.
977 5319 1054 5386 1),
1111 5335 1128 5368 t
1187 5331 1242 5371 ut
1279 5319 1497 5372 abbatcs
1539 5323 1772 5385 regulam
1811 5337 1912 5387 per,
1934 5323 2140 5389 singula

570 5388 728 5440 verba
761 5387 1106 5460 discutientcs
1135 5389 1360 5458 pleniter
1379 5390 1584 5459 legant;
1601 5401 1653 5444 et
1673 5387 2144 5460 ititelligctitesvo-

570 5460 715 5510 mino
737 5459 1028 5526 opitulante
1044 5459 1464 5531 eftii-acitcrcum
1501 5464 1612 5514 suis
1628 5459 1900 5515 monachis
1926 5465 2145 5531 implere

567 5541 652 5580 stu
675 5534 836 5582 teant.
871 5546 888 5578 ι
926 5531 1106 5597 beque
1142 5543 1269 5582 vero
1295 5530 1378 5581 hic
1402 5531 1574 5583 solum
1599 5533 1895 5586 desidiosos
1919 5530 2142 5587 delicio-

570 5613 764 5670 sosque
793 5603 1032 5670 abbates,
1064 5599 1178 5666 qui,
1225 5610 1401 5666 spreta
1445 5604 1712 5655 communi
1747 5604 1966 5657 fratrum
2000 5605 2140 5670 vita,

568 5669 665 5718 sibi
709 5669 836 5732 ipsis
887 5671 938 5722 in
989 5669 1220 5721 cameris
1271 5671 1572 5738 indulgent,
1617 5677 1670 5726 ὃ.
1723 5673 1781 5726 P.
1826 5669 2142 5732 Benedictus

569 5738 775 5804 arguit;
808 5741 902 5795 sed
944 5739 1058 5794 illos
1108 5738 1326 5810 insuper
1371 5740 1604 5811 qmjure
1635 5746 1997 5814 antiquitatis,
2052 5761 2143 5804 aut

2203 471 2512 528 existimant
2554 489 2565 523 :
2615 471 2768 540 quasi
2810 485 2938 525 vero
2977 481 3109 525 tetas
3147 481 3237 525 aut
3280 471 3557 540 dignitatis
3595 476 3805 540 gradus

2203 543 2535 607 absolveret,
2578 551 2633 595 et
2673 556 2779 595 non
2821 542 2995 610 potius
3034 543 3330 596 monachos
3369 543 3679 610 stringeret.
3734 543 3802 596 Si

2199 611 2442 681 juniores
2472 627 2534 666 ea
2558 611 2813 679 jubentur
2842 628 3004 680 agere
3044 627 3164 680 qua:
3205 611 3466 680 majorum
3501 612 3808 666 cohortati-

2207 693 2291 735 tur
2317 685 2559 748 exempla
2581 723 2595 744 ,
2630 697 2721 736 eos
2755 697 2973 751 prorsus
3005 684 3104 736 hac
3135 682 3345 736 vivendi
3387 686 3593 736 ratione
3623 683 3807 752 majo-

2209 767 2296 806 res
2347 753 2631 806 absolvunt
2671 765 2700 803 a
2731 753 2927 817 regulae
2957 752 3335 806 observatione
3357 793 3372 816 ,
3405 763 3666 819 eruntque
3718 770 3807 806 in-

2208 823 2367 876 utiles
2396 836 2583 875 omnes
2611 836 2939 890 quiscunque
2973 823 3196 890 regulae,
3231 837 3363 890 quas
3396 837 3494 876 nec
3519 826 3760 877 seniores
3787 864 3805 888 ,

2210 908 2308 946 nec
2340 892 2439 958 ipsi
2466 891 2709 959 juniores
2737 894 3024 947 observare
3053 893 3395 946 tenebuntur.

2282 963 2432 1027 Quod
2481 977 2608 1014 vero
2656 962 2711 1014 S.
2760 963 3030 1029 legislator
3073 963 3147 1015 ait
3174 964 3226 1015 in
3276 962 3540 1026 omnibus,
3578 962 3810 1029 intelligi

2211 1031 2371 1086 debet
2399 1046 2505 1084 non
2533 1031 2706 1085 solum
2735 1031 2785 1084 in
2813 1034 3047 1101 magnis,
3081 1033 3176 1086 sed
3201 1035 3359 1086 etiam
3387 1036 3438 1084 in
3465 1034 3680 1100 parvis;
3711 1033 3810 1100 qui

2213 1106 2356 1156 enim
2389 1103 2520 1154 dicit
2556 1105 2610 1154 in
2646 1104 2876 1154 omnibus
2919 1104 3049 1155 nihil
3081 1105 3298 1155 omnino
3329 1103 3525 1168 excipit
3558 1119 3573 1154 :
3607 1104 3696 1154 ubi
3729 1113 3812 1154 ta-

2212 1174 2322 1226 cite
2342 1171 2609 1240 rcdargnit
2627 1187 2722 1226 eos
2737 1174 2823 1240 qui
2844 1174 3128 1226 nonnullas
3153 1175 3523 1226 observantias
3551 1182 3808 1238 tanquam

2215 1243 2464 1296 minimas
2503 1245 2802 1309 deSpiciunt
2843 1259 2857 1295 :
2900 1244 3050 1311 qiaasi
3089 1259 3213 1296 vero
3244 1255 3463 1310 parvum
3494 1241 3692 1308 aliquid
3728 1243 3814 1293 l'o-

2216 1313 2463 1380 retapud
2497 1311 2694 1374 Deum;
2733 1328 2954 1377 parvum
2994 1329 3099 1381 quo
3143 1314 3280 1365 Deus
3321 1317 3634 1373 honoratur,
3682 1328 3814 1376 par-

2228 1398 2508 1452 vuinrquo
2551 1393 2808 1435 :cteriium
2864 1384 3047 1452 gloria:
3101 1384 3306 1451 pondus
3353 1383 3555 1452 acquiri
3606 1392 3810 1448 potest.

2220 1451 2484 1505 Praeclare
2525 1452 2582 1505 S.
2632 1452 2958 1520 Augustinus
2992 1453 3128 1521 (Lib.
3176 1469 3225 1506 iv
3265 1452 3329 1505 de
3367 1451 3544 1504 Doctr.
3579 1452 3811 1511 Christ,

2218 1539 2334 1587 cap.
2384 1524 2496 1588 18),
2545 1539 2562 1572 ‹
2610 1522 2760 1587 Quod
2802 1525 3078 1576 minin'ium
3117 1535 3230 1590 est,
3281 1525 3486 1589 inquit,
3526 1523 3812 1574 minimum

2218 1602 2340 1655 est;
2375 1595 2468 1646 sed
2501 1594 2555 1646 in
2586 1595 2804 1646 minimo
2837 1596 3044 1648 lidelein
3077 1609 3196 1648 esse
3244 1608 3492 1660 magnam
3536 1602 3640 1644 est.
3676 1592 3812 1644 Nam

2221 1666 2361 1716 sicut
2393 1666 2527 1716 ratio
2557 1665 2900 1716 rotunditatis
2929 1673 3008 1716 est
3041 1674 3097 1716 tit
3123 1683 3150 1716 a
3184 1677 3377 1731 ptlllClO
3408 1663 3588 1716 medio
3620 1677 3815 1714 omnes

2225 1733 2377 1785 line-.e
2425 1739 2579 1801 pares
2620 1735 2670 1786 in
2711 1744 2951 1787 extremo
2990 1734 3275 1797 ducantur,
3318 1735 3504 1786 eadem
3548 1742 3631 1785 est
3669 1735 3812 1786 etin

2229 1817 2418 1868 magno
2439 1805 2606 1866 disco,
2632 1819 2748 1871 qu.e
2775 1810 2824 1855 in
2854 1806 3128 1857 nummulo
3153 1806 3345 1871 exiguo
3377 1821 3388 1856 :
3426 1805 3497 1856 ita
3528 1804 3616 1855 ubi
3651 1818 3814 1865 parva

2226 1885 2369 1926 recte
2399 1884 2680 1940 geruntur,
2714 1888 2817 1926 non
2852 1875 3106 1926 minuitur
3132 1875 3358 1941 jllSillillt
3397 1875 3730 1940 magnitudo.
3788 1892 3808 1923 s

2225 1944 2457 1997 Audaut
2485 1947 2573 2012 qui
2607 1944 2804 2010 regula:
2844 1946 3214 1998 obscrvanias
3261 1954 3509 2012 tanquam
3560 1945 3812 1996 tuininia's

2230 2023 2615 2078 conteini'iunt,
2659 2015 2877 2067 audiant
2913 2015 2970 2069 S.
3016 2015 3341 2068 Berllal‘dlllll
3384 2018 3448 2067 ad
3495 2013 3810 2067 Lothaiiuai

2230 2085 2606 2152 imperatorem
2636 2084 2958 2138 scribentem
2989 2085 3184 2153 (Epist.
3214 2087 3338 2150 139)
3370 2103 3380 2135 :
3435 2104 3451 2135 σ
3511 2085 3812 2137 Vereudum

2231 2168 2313 2207 cst
2342 2171 2409 2207 ne
2440 2155 2778 2208 minimarum
2820 2162 3092 2222 neglettus
3130 2157 3570 2222 impedimentinn
3604 2165 3671 2205 sn
3703 2168 3814 2204 tua;

2233 2229 2524 2286 xiiiioruni;
2556 2245 2582 2291 _i
2616 2237 2669 2278 et
2696 2216 3033 2292 Scriptiira‘in
3068 2243 3080 2278 :
3117 2216 3219 2290 Qui
3246 2229 3436 2292 spernit
3464 2226 3659 2275 modico
3687 2240 3813 2286 pan-

2235 2297 2376 2346 lutiui
2403 2298 2620 2349 deridet.
2641 2297 2825 2348 Nullus
2849 2312 2976 2364 ergo
2997 2297 3164 2348 dicat:
3196 2295 3316 2347 llazc
3346 2296 3524 2363 regula
3551 2296 3678 2345 nihil
3714 2305 3811 2357 est,

2237 2368 2347 2416 lia-.c
2375 2367 2712 2418 (tliSiHlelllil
2745 2382 2923 2433 parva,
2962 2367 3100 2419 istud
3128 2375 3452 2433 prtem-ptum
3481 2368 3681 2417 festuca
3707 2376 3807 2419 est.

2233 2438 2276 2488 0
2307 2437 2506 2488 festuca
2538 2439 2750 2504 quidem
2786 2438 2954 2499 initio,
2988 2437 3078 2488 sed
3119 2453 3236 2503 quae
3270 2451 3522 2503 proceSsu
3556 2444 3766 2500 temper
3791 2452 3815 2486 s

2236 2509 2287 2558 iii
2334 2508 2533 2557 trabem
2579 2508 2784 2560 evadit!
2833 2506 3054 2558 Festum
3095 2508 3287 2558 nutrita
3325 2507 3381 2572 ﬁt
3413 2507 3610 2569 (rubus,
3649 2507 3816 2570 inquit

2238 2579 2294 2630 ὃ.
2337 2578 2657 2642 Augusdnus
2692 2579 2883 2645 (Serm.
2932 2579 3013 2632 19.
3059 2577 3120 2628 de
3159 2576 3401 2644 Script.).
3444 2581 3819 2645 Certe‘teiret

2238 2662 2321 2698 me
2349 2648 2480 2697 licrn
2504 2649 2644 2698 .rdus
2670 2643 2786 2698 cum
2815 2648 2845 2697 d
2870 2656 2938 2699 Cll
2967 2648 3159 2714 (Serm.
3192 2645 3238 2708 1,
3263 2650 3312 2698 in
3338 2643 3494 2700 Conv.
3525 2647 3583 2699 S.
3616 2643 3818 2712 Pauli),

2243 2734 2259 2764 ι
2307 2717 2503 2768 Cavete
2555 2734 2621 2768 ne
2671 2717 2790 2784 quis
2842 2732 3000 2783 parva
3047 2727 3286 2783 reputet,
3335 2718 3625 2785 quamlibet
3657 2730 3812 2782 parva

2243 2789 2801 2852 si-ieiiterdelinquere
2827 2788 3196 2840 convincatur.
3225 2787 3390 2840 Nemo
3418 2789 3554 2840 dicat
3583 2803 3633 2836 in
3657 2787 3819 2838 corde

2242 2873 2339 2909 SIIU
2370 2872 2384 2908 :
2416 2857 2574 2909 Leiia
2611 2868 2733 2909 sunt
2761 2859 2892 2919 ista,
2926 2875 3027 2909 non
3077 2874 3208 2910 curo
3254 2859 3553 2925 euriigere,
3586 2872 3690 2907 non
3738 2862 3815 2912 csl

2243 2943 2488 2993 magnum
2519 2929 2563 2978 si
2597 2928 2647 2978 in
2684 2930 2764 2980 liis
2796 2943 3037 2980 tiianeani
3090 2929 3385 2981 venialibiis
3412 2932 3520 2996 93
3553 2927 3812 2977 minimis-

2241 3012 2343 3064 quc
2376 3000 2606 3063 pet-catis
2637 3015 2649 3050 :
2682 3000 2792 3049 base
2823 3007 2905 3051 est
2933 3003 3073 3051 enim
3106 3001 3434 3051 dilectis~iiiii
3470 3005 3817 3064 nupti-inten-

2246 3079 2345 3129 tia,
2380 3073 2490 3118 lucc
2521 3069 2848 3134 blasphemia
2884 3069 2935 3121 in
2967 3071 3224 3135 Spiritum
3254 3079 3492 3120 sanctum
3514 3107 3528 3129 ,
3575 3070 3820 3133 blasphe-

2164 3154 2209 3214 ρ
2245 3136 2344 3186 ιιιὶλι
2389 3141 2788 3214 irrciiiissibilis‘.
2829 3157 2845 3188 ι
2885 3139 3398 3214 bed‘dcniusﬂparva
3429 3154 3536 3214 sitit
3571 3149 3818 3204 peccata,

2247 3209 2478 3272 nunquid
2523 3210 2640 3259 ideo
2681 3207 3012 3274 spernenda?
3064 3228 3079 3257 t
3129 3209 3246 3261 Noli
3290 3211 3567 3276 dCSpit-i-rc
3607 3221 3819 3274 peccata

2248 3285 2364 3337 tua,
2399 3279 2517 3343 quia
2563 3292 2719 3343 pzirVa
2762 3290 2914 3342 sunt,
2960 3281 3131 3346 inquit
3171 3281 3226 3332 δ.
3275 3283 3599 3344 Augustinus
3627 3279 3822 3344 (Serui.

2245 3347 2380 3408 292,
2413 3362 2462 3396 in
2493 3349 2715 3415 append.
2765 3350 2935 3402 Serm.
2983 3351 3042 3401 S.
3087 3346 3248 3417 Aug.)
3287 3365 3379 3401 seu
3425 3353 3596 3416 quivis
3649 3349 3821 3413 alius,

2250 3432 2372 3466 nam
2412 3427 2465 3467 et
2508 3420 2800 3482 piuviariim
2839 3429 2999 3486 gutti-
3038 3431 3192 3480 sunt,
3226 3431 3275 3471 et
3319 3422 3531 3470 llntiiina
3568 3420 3823 3482 implent,

2246 3496 2298 3537 et
2328 3489 2490 3537 moles
2525 3495 2771 3552 trahunt,
2805 3503 2858 3543 et
2887 3490 3109 3542 arbores
3135 3507 3253 3542 cuin
3286 3492 3396 3541 suis
3429 3490 3696 3541 radicibus
3730 3492 3823 3540 iol-

2246 3557 2379 3608 lunt.
2414 3557 2490 3609 'l'u
2523 3559 2610 3623 qui
2640 3562 2770 3612 dicis
2804 3562 2922 3627 quia
2963 3575 3178 3626 parvum
3213 3572 3488 3627 peCcatuiu
3519 3571 3632 3624 est,
3668 3561 3823 3611 vcliut

2246 3629 2385 3678 scire
2416 3639 2622 3694 quoties
2649 3629 2752 3682 tale
2785 3644 3061 3697 peccatum
3095 3630 3360 3690 admittis,
3396 3630 3440 3682 si
3474 3640 3552 3681 tot
3582 3632 3828 3695 parvulas

2249 3698 2427 3764 plagas
2459 3703 2508 3749 in
2553 3713 2779 3766 corpore
2811 3709 2920 3760 tuo.
2955 3708 3030 3752 tut
3064 3703 3299 3753 maculas
3344 3713 3433 3751 aut
3463 3704 3724 3753 SCi:SUl‘35
3776 3699 3826 3752 in

2251 3771 2486 3820 vcs.ibus
2532 3772 2635 3821 tuis
2684 3770 2796 3822 lieri
2844 3772 3011 3822 velis?
3040 3771 3173 3823 Cum
3206 3786 3333 3838 ergo
3373 3786 3471 3823 nec
3512 3775 3563 3823 iii
3603 3785 3827 3838 corpore

2249 3845 2339 3890 tuo
2371 3842 2579 3906 plagas,
2615 3855 2711 3893 nec
2745 3856 2793 3890 in
2827 3851 2972 3893 veste
3003 3842 3266 3893 scissuras
3307 3842 3388 3894 vel
3431 3842 3670 3893 maculas
3716 3843 3826 3894 tier‘

2251 3911 2578 3976 acquiescis,
2608 3925 2710 3978 qua
2738 3911 3063 3963 ciitisi-ieiilia
3105 3913 3204 3963 hoc
3238 3914 3411 3965 lacere
3450 3915 3501 3964 iii
3531 3915 3705 3964 anima
3740 3922 3826 3964 tua

2250 3994 2354 4031 non
2381 3982 2606 4032 metuis?
2637 3989 2712 4034 Ac
2741 3981 2816 4033 sic
2841 3983 3144 4049 quicunque
3173 3985 3272 4033 hoc
3301 3983 3515 4046 fecerit,
3549 3988 3665 4048 plus
3689 3993 3827 4034 amat

2255 4061 2457 4102 vestem
2488 4061 2580 4102 aut
2610 4066 2824 4103 carnem
2860 4061 3002 4103 tuam
3034 4068 3189 4121 quam
3223 4068 3477 4104 animam.
3529 4072 3548 4102 ι
3585 4053 3648 4104 Et
3677 4057 3828 4118 paulo

2250 4131 2408 4187 post:
2447 4141 2460 4165 ι
2497 4122 2560 4173 Et
2588 4123 2732 4188 quia,
2757 4121 2893 4174 sicut
2922 4123 3054 4186 dixi,
3089 4122 3139 4174 in
3173 4127 3348 4175 anima
3377 4133 3557 4176 nostra
3591 4123 3712 4174 facti
3739 4138 3830 4174 su-

2253 4207 2368 4242 mtis
2399 4191 2462 4243 ad
2497 4194 2779 4259 imaginem
2835 4191 2962 4257 Dei,
2999 4195 3126 4245 siin
3169 4193 3347 4245 tabula
3389 4205 3479 4245 aut
3520 4193 3692 4259 lignea
3743 4204 3829 4247 aut

2253 4262 2458 4330 lapidea
2491 4263 2692 4314 laceres
2725 4264 3006 4329 imaginem
3043 4272 3215 4327 tuam,
3251 4274 3304 4316 et
3331 4264 3523 4329 aliquis
3556 4264 3830 4330 itttpudrttl

2253 4334 2412 4384 homo
2441 4334 2603 4384 vellet
2628 4335 2772 4386 illaut
2807 4335 3088 4400 imaginem
3121 4345 3211 4387 aut
3241 4335 3513 4403 lapidibus
3552 4332 3826 4401 frangere,

2250 4414 2340 4456 aut
2369 4404 2630 4470 aliquibus
2661 4403 2909 4456 sordibus
2939 4405 3218 4472 inquinare
3237 4445 3252 4470 ,
3285 4407 3439 4458 velini
3471 4409 3611 4458 scire
3637 4422 3681 4458 si
3708 4419 3830 4457 coii-

2253 4481 2330 4525 tra
2364 4475 2508 4526 illum
2557 4489 2660 4526 non
2709 4477 3250 4529 movereturanimus
3294 4479 3447 4529 tuus‘t
3476 4487 3581 4528 etc.
3631 4493 3650 4526 ι
3695 4475 3830 4528 Tan.

2175 4520 2227 4580 D
2251 4545 2372 4595 dem
2397 4588 2410 4611 ,
2439 4552 2497 4596 ut
2525 4543 2660 4597 hanc
2701 4559 2813 4598 rem
2847 4546 3001 4598 brevi
3031 4547 3306 4599 absolva'in
3326 4589 3340 4613 ,
3377 4562 3538 4600 unum
3572 4547 3655 4599 bis
3694 4548 3830 4599 addo

2253 4615 2316 4685 ὃ.
2340 4616 2594 4668 Bernardi
2619 4615 2835 4670 verbum
2853 4616 3051 4685 (Serm.
3075 4619 3128 4669 iu
3148 4617 3302 4670 Cinna
3329 4617 3535 4670 Domini
3542 4631 3558 4684 )
3587 4635 3600 4668 :
3633 4637 3650 4666 ι
3690 4618 3830 4679 llaec,

2251 4683 2452 4756 inquit,
2498 4702 2655 4739 nemo
2699 4683 3008 4740 contemnat
3043 4697 3138 4740 aut
3167 4683 3546 4756 pariipendat.’
3577 4687 3834 4755 Imposu-

2249 4754 2357 4826 bile
2384 4767 2468 4810 est
2495 4759 2636 4812 enim
2665 4771 2786 4810 cum
2815 4759 2894 4811 eis
2923 4759 3120 4811 salvari
3139 4754 3516 4826 {impossibile
3545 4767 3632 4811 est
3661 4754 3722 4810 ea
3753 4759 3834 4810 di-

2250 4825 2353 4890 lui,
2403 4826 2502 4881 uisi
2546 4843 2638 4896 per
2666 4827 2938 4883 Christum
2966 4827 3146 4882 Jesum
3167 4869 3182 4893 ,
3215 4825 3274 4882 et
3299 4845 3328 4881 a
3359 4832 3599 4882 L‘liristo.
3631 4828 3858 4890 Nemu,’

2248 4896 2462 4964 inquam
2481 4937 2496 4962 ,
2526 4898 2824 4966 perniciosa
2846 4908 3133 4954 securitate
3160 4900 3449 4965 dormitet,
3479 4901 3755 4953 declinans
3782 4903 3830 4952 in

2251 4971 2408 5021 verba
2443 4969 2656 5022 mazitiie
2695 4969 2758 5022 ad
2787 4971 3115 5023 excusandas
3144 4975 3518 5031 excusationes
3556 4971 3608 5022 iii
3649 4985 3828 5037 pecca-

2250 5038 2348 5100 tis;
2382 5041 2632 5102 quoniam
2657 5038 2758 5094 nisi
2789 5041 2977 5094 laverit
3000 5055 3061 5094 ea
3086 5041 3330 5095 Christus
3350 5081 3365 5105 ,
3390 5058 3494 5095 non
3521 5042 3830 5100 habebimus

2250 5116 2452 5174 partem
2480 5123 2601 5163 cuin
2640 5124 2724 5163 eo.
2775 5129 2792 5161 ι
2829 5111 2985 5164 Plura
3021 5111 3088 5165 de
3129 5112 3226 5165 hac
3255 5115 3474 5165 materia
3507 5113 3595 5180 qui
3625 5112 3831 5164 deside-

2248 5182 2474 5242 raverit,
2506 5182 2662 5234 adeat
2699 5183 2744 5234 si
2791 5182 2935 5235 lubet
2976 5182 3172 5236 Juliuin
3218 5184 3508 5252 Nigrouum
3563 5193 3717 5236 tract.
3767 5183 3829 5235 10

2248 5251 2387 5304 inter
2415 5253 2712 5316 asceticos;
2757 5252 3098 5307 Benedictum
3130 5251 3450 5308 Hael‘tenuni
3480 5255 3573 5306 lib.
3609 5268 3641 5305 ii
3677 5265 3828 5306 traei.

2245 5325 2300 5385 δ,
2343 5322 2484 5389 disq.
2517 5323 2580 5386 8;
2615 5323 2832 5391 Dionys.
2863 5325 3271 5378 Cai'tliusianum
3302 5328 3370 5379 de
3404 5328 3606 5378 liel'cct.
3638 5324 3824 5377 claust:

2249 5405 2367 5459 cap.
2393 5394 2455 5455 6;
2490 5393 2731 5447 Dacriani
2761 5397 3042 5462 Speculum
3069 5397 3317 5450 niooach.
3349 5400 3450 5449 sub
3478 5401 3635 5449 tinent

2323 5462 2433 5515 Nec
2462 5465 2524 5539 ab
2565 5481 2626 5515 ea
2668 5467 3159 5539 temeredecltnctur
3183 5485 3214 5519 a
3237 5466 3542 5539 quoquam.]
3581 5467 3824 5526 Temere,

2251 5532 2298 5585 id
2331 5546 2410 5586 est
2441 5534 2556 5587 sine
2585 5551 2741 5587 causa
2772 5537 3023 5604 legitima.
3068 5540 3148 5590 An
3189 5532 3314 5591 vero
3353 5532 3464 5593 sola
3495 5532 3698 5591 abbatis
3722 5540 3824 5589 dis-

2249 5614 2486 5670 pensatio
2515 5606 2786 5659 sufficiens
2817 5609 2884 5658 sit
2911 5621 2938 5658 a
2971 5614 3148 5677 regula
3177 5610 3478 5663 declinandi
3511 5623 3669 5662 causa
3703 5609 3825 5671 legi-

2249 5678 2414 5726 tima?
2448 5677 2762 5744 ltespundco
2795 5677 3079 5744 legitimam
3109 5695 3226 5732 esse
3247 5723 3261 5745 ,
3293 5683 3584 5732 dummodo
3609 5680 3824 5732 accedat

2247 5747 2535 5802 necessitas
2568 5758 2652 5811 aut
2680 5748 2911 5814 utilitas;
2952 5750 3184 5818 aliOqoin
3210 5753 3297 5807 illa
3327 5751 3656 5821 dispensatio
3680 5748 3820 5803 aliud
