4102 6360
359 309 468 368 295

361 423 492 481 nihil
543 422 647 478 erit

361 436 492 481 1111111
543 436 647 478 erit
700 436 858 502 quam
925 436 1167 474 eulorala
1216 436 1604 498 prmvancauo.
1659 436 1734 494 ua
1783 436 1934 468 uocet

361 497 424 552 5.
447 489 907 565 Bernarduletb.
934 505 989 544 ιιι
1013 491 1075 543 de
1099 486 1390 565 Considera,
1421 502 1465 540 c.
1491 485 1546 553 ti)
1575 484 1718 565 «ιιι»
1746 490 1934 565 neces-.-

361 567 495 621 sitas
534 570 719 632 urget,
751 553 958 632 inquit,
981 557 1298 632 excusabilis
1341 555 1668 632 d_i5pe_t_isatio
1696 553 1935 632 est;__ubi

362 635 565 690 utilitas
593 624 877 701 provocat,
908 630 1234 701 dispensatio
1264 626 1546 681 laudabilis
1579 632 1711 701 est;
1737 624 1934 701 utilitas

361 707 482 762 dico
501 694 802 758 communis
823 743 837 765 ,
863 694 974 773 ἰιοιι
996 694 1215 773 propria
1239 713 1254 762 ;
1285 712 1406 773 nam
1436 711 1556 773 cum
1585 694 1935 773 nilnilliorum

361 785 480 839 est,
506 788 611 828 non
643 762 1369 844 planejidelis'dispeusatio,
1415 763 1788 844 sed_crudelis
1828 762 1937 844 dis-

362 833 558 913 sipatio
601 833 704 913 est.
742 860 762 893 1
800 833 1486 913 Et_i’etrus_'Blesens_is‘ad
1517 833 1937 913 ELprioremnde

363 904 745 969 m'onasteriolo
780 910 1020 964 scribens
1049 907 1246 979 (Epist.
1289 905 1413 979 l5l_)
1447 923 1460 959 :
1497 923 1517 979 μ
1565 904 1620 979 Si
1649 919 1776 979 vero
1807 904 1938 956 alle-

361 998 457 1052 ges
479 994 530 1038 te
544 996 645 1054 per
664 981 921 1054 abbatem
936 974 1082 1034 tuum
1109 974 1138 1032 ά
1157 977 1473 1054 monasticae
1497 974 1936 1054 legis'observan-

364 1045 438 1108 iia
481 1045 806 1123 relaxatum,
847 1049 984 1104 scias
1031 1049 1170 1118 quod
1221 1048 1339 1102 licet
1381 1045 1560 1098 abbati
1609 1045 1936 1123 diSpensatio

361 1123 566 1178 credita
611 1122 710 1186 sit,
764 1135 827 1175 ea
875 1129 1052 1174 tamen
1091 1126 1324 1172 statuere
1381 1125 1492 1186 aut
1521 1122 1786 1186 sustinere
1829 1129 1936 1168 non

367 1184 715 1262 permittitur,
747 1204 865 1259 qua:
892 1190 1098 1262 lucrum
1125 1187 1420 1262 impediunt
1447 1184 1740 1262 charitatis.
1770 1201 1787 1232 1

438 1262 629 1316 Nullus
656 1253 711 1314 iii
746 1253 1050 1314 monasterio
1078 1253 1538 1328 propriisequatur
1564 1254 1734 1328 cordis
1761 1253 1938 1328 volun-

367 1331 564 1401 tatem]
595 1334 717 1384 Hinc
755 1339 837 1383 est
873 1321 1181 1401 enimquie'
1216 1321 1476 1401 infernmn
1511 1325 1712 1401 creavit
1744 1338 1757 1374 :
1792 1321 1937 1401 Tol_le

365 1392 625 1472 propriam
654 1403 993 1472 voluntatem,
1027 1392 1193 1466 inquit
1222 1400 1277 1451 5.
1314 1395 1615 1472 Ιξετηῦιιιᾱιιε
1645 1393 1836 1472 (Serui.
1870 1392 1930 1472 ᾇ,

366 1463 431 1525 δέ
457 1463 794 1539 Resurrect.),
817 1479 862 1522 et
891 1463 1121 1538 infernus
1153 1468 1395 1539 nouerit.
1431 1465 1580 1539 Quod
1620 1478 1746 1516 vero
1779 1463 1930 1528 dixit,

365 1544 419 1596 in
448 1535 772 1603 monasterio,
799 1554 902 1592 non
934 1535 1012 1593 sic
1041 1538 1381 1606 capiendum,
1404 1535 1553 1602 quasi
1576 1543 1728 1588 extra
1751 1548 1936 1606 monaf

366 1613 593 1667 sterium
621 1601 889 1679 propriam
920 1601 1430 1679 liceret'adimplere
1453 1609 1809 1679 voluntatem;
1842 1601 1936 1679 sed

367 1672 743 1736 monasterium
777 1679 861 1732 hic
889 1679 1050 1731 sumit
1092 1692 1186 1743 pro
1224 1672 1340 1744 ejus
1382 1675 1818 1744 habitatoribus;
1853 1672 1936 1725 illa

365 1751 759 1830 seiljc_et_ligura
799 1763 900 1816 qua
941 1747 1218 1802 continens
1249 1743 1344 1814 pro
1372 1743 1932 1830 contento‘accipitur.
1967 1772 2014 1830 Β
2043 1753 2126 1830 ter
2150 1759 2176 1793 a

434 1822 545 1891 99
566 1816 740 1891 Neque
769 1827 1040 1884 pra’sumat
1061 1826 1329 1891 quisquam
1359 1831 1472 1891 cum
1500 1816 1680 1891 abbate
1696 1828 1787 1864 suo
1817 1828 1935 1891 pro-

367 1881 614 1943 ιενῖεάιιε
644 1881 778 1956 {oris
799 1881 1161 1956 monasterium
1189 1881 1548 1952 contendere]
1581 1883 1634 1956 lu
1666 1882 1931 1956 nonnullis

370 1951 1049 2013 codicibusrecentioribus
1081 1955 1290 2022 legitur,
1326 1951 1554 2021 proterve
1575 1953 1710 2022 intus
1741 1960 1824 2001 aut
1849 1951 1930 2022 fo-

367 2030 472 2092 ris;
501 2029 595 2082 sed
626 2029 760 2080 intus
784 2041 888 2078 non
919 2020 1184 2092 reperitur
1207 2026 1258 2076 in
1298 2020 1572 2092 cedicibus
1597 2020 1932 2092 Cassineusi-

371 2090 468 2151 lius
490 2141 503 2162 ,
537 2113 709 2163 neque
737 2098 788 2148 in
815 2090 1137 2156 Oxoni‘ensi,
1163 2107 1333 2158 neque
1367 2094 1504 2157 apud
1539 2090 1929 2163 Hildemarum,

368 2160 540 2235 neque
571 2160 706 2233 apud
737 2165 1119 2235 Smaragdum;
1150 2164 1256 2235 imo
1282 2163 1528 2235 nequein
1558 2160 1741 2212 codice
1770 2173 1933 2235 quem

369 2231 616 2304 propriis
644 2235 887 2304 manibus
927 2233 1137 2300 scripsit
1177 2233 1231 2286 5.
1277 2231 1623 2304 Benedictus,
1678 2240 1732 2280 ut
1776 2232 1933 2304 docet

370 2298 508 2359 idem
551 2299 897 2372 Smaragdus,
925 2298 1194 2356 nec—sane
1223 2301 1530 2372 requiritur.
1577 2298 1754 2365 Itaque
1780 2299 1931 2372 juxta

367 2384 604 2428 nostram
634 2369 913 2426 lectionem
946 2386 1133 2426 sensus
1155 2381 1264 2434 est,
1301 2369 1442 2437 quod
1470 2383 1573 2420 non
1622 2382 1834 2420 omnem
1871 2369 1929 2437 in

370 2445 695 2498 monasterio
724 2443 1121 2496 contentionem
1144 2443 1200 2494 5.
1228 2435 1548 2492 Benedictus
1577 2435 1927 2505 prohibuerit,

365 2514 458 2566 Sed
491 2507 1181 2580 protervam,soperbantct
1210 2519 1608 2580 contumacem;
1633 2517 1781 2580 extra
1811 2523 1930 2560 mo-

367 2577 654 2637 nasterium
677 2597 805 2636 vero
831 2590 883 2634 et
902 2577 1210 2648 protervam
1237 2589 1291 2632 et
1317 2582 1561 2632 amicam.
1580 2577 1653 2629 Ita
1683 2579 1931 2644 Smarag-

365 2653 495 2706 dus:
534 2672 553 2704 ‹
587 2652 873 2707 Sciendum
899 2660 999 2714 est,
1024 2651 1214 2718 inquit,
1239 2651 1360 2717 quia
1391 2663 1509 2700 cum
1533 2649 1927 2718 contentionem

365 2738 484 2776 cum
502 2724 863 2777 additamento
888 2717 1116 2791 prorerve
1145 2723 1326 2782 vetuit,
1345 2719 1568 2791 amicam
1585 2728 1634 2769 et
1655 2717 1924 2791 pacificam

365 2793 761 2847 contentionem
807 2789 1105 2854 concessit;
1137 2799 1218 2844 est
1245 2791 1385 2843 enim
1415 2790 1584 2841 amica
1612 2796 1665 2840 et
1697 2789 1928 2853 prolicua

364 2865 640 2918 contentio
679 2877 797 2932 quze
837 2861 1140 2932 lrequenter
1169 2862 1306 2914 inter
1352 2859 1487 2932 duos
1541 2856 1802 2932 homines
1835 2872 1928 2922 pro

363 2935 618 3000 qualitate
669 2925 1072 2985 interveniI-ntis
1107 2947 1281 2983 causa:
1310 2929 1576 3000 eflieitur:
1607 2925 1748 2980 sicut
1791 2927 1929 2980 inter

364 2999 423 3056 Β.
452 3003 794 3057 Benedictum
817 3012 870 3055 et
893 3001 1133 3054 Maurum
1164 3001 1280 3068 ejus
1303 2999 1619 3064 discipulum
1649 3012 1742 3063 pro
1763 3012 1926 3063 puero

364 3073 577 3127 Placido
598 3071 863 3142 quondam
895 3071 1056 3124 fuisse
1084 3073 1291 3138 legitur.
1312 3107 1324 3120 .
1348 3110 1359 3122 .
1388 3068 1568 3142 {Foris
1591 3081 1687 3142 me
1719 3075 1927 3142 proter-

363 3158 506 3208 vam,
539 3138 638 3198 nec
657 3145 882 3195 amicam
909 3144 1191 3205 concessit,
1223 3143 1342 3208 quia
1370 3138 1415 3192 si
1442 3140 1492 3189 iii
1528 3138 1737 3203 publico
1759 3139 1922 3208 etiam

362 3215 531 3267 amica
553 3211 822 3267 contentio
847 3212 956 3276 fiat,
983 3213 1234 3279 magistro
1261 3213 1385 3262 inde
1413 3209 1596 3279 nociva
1623 3217 1706 3260 est
1737 3207 1926 3279 despe-

359 3284 490 3347 Ctio,
517 3292 572 3336 et
599 3283 858 3349 discipulo
892 3277 1164 3334 moi-til‘era
1205 3281 1440 3333 nascitur
1469 3277 1676 3349 ela_tio._
1701 3294 1720 3328 ι
1759 3277 1822 3329 lit
1851 3280 1928 3331 sic

366 3351 501 3406 forte
552 3347 925 3420 intelligendus
953 3359 1034 3403 est
1064 3352 1118 3405 S.
1163 3349 1278 3403 Odo
1315 3349 1478 3420 abbas
1530 3347 1925 3420 Cluniaceusis,

362 3436 484 3492 cum
502 3423 573 3474 ait
602 3418 777 3492 (Liin
803 3420 1013 3484 Collat.,
1045 3437 1099 3492 ri.
1129 3420 1222 3488 20)
1245 3438 1261 3492 :7
1283 3437 1300 3469 ‹
1321 3418 1728 3492 Quodmagistri
1749 3420 1924 3492 a_sub-

362 3491 487 3545 ditis
511 3486 829 3558 reprehendi
855 3506 956 3544 non
980 3486 1228 3556 debeant,
1253 3491 1389 3542 bene
1413 3489 1578 3540 bobus
1599 3486 1926 3558 calcitriiuti-

362 3559 462 3614 bus
493 3557 743 3614 inclinata
771 3562 857 3613 illa
887 3562 1206 3623 testamenti,
1233 3576 1348 3628 qutc
1377 3570 1612 3612 rectores
1642 3557 1924 3624 significat,

359 3645 482 3684 arca
521 3631 802 3700 figuravit:
839 3646 994 3698 quam
1033 3631 1152 3699 quia
1182 3645 1425 3683 casuram
1457 3630 1678 3682 credens
1709 3633 1814 3680 Uza
1855 3628 1928 3700 le-

360 3701 496 3755 vites
523 3697 731 3770 erigere
776 3697 962 3764 voluit,
995 3697 1117 3754 mox
1148 3701 1470 3754 sententiam
1501 3703 1686 3770 mortis
1722 3697 1928 3764 accepit

359 3771 414 3840 in
448 3769 670 3827 humero
701 3785 1013 3840 percussus,
1045 3785 1152 3839 quo
1201 3785 1267 3824 ex
1311 3778 1576 3840 praecepto
1625 3769 1756 3836 legis
1808 3784 1923 3820 eam

358 3839 500 3894 ferre
542 3839 830 3905 debuerat;
865 3843 985 3910 quia
1033 3841 1284 3895 nimirum
1338 3857 1458 3894 cum
1497 3839 1696 3899 subditi
1741 3847 1926 3891 contra

358 3911 629 3980 prtelatos,
661 3925 885 3980 quorum
919 3913 1140 3981 imperia
1190 3913 1326 3964 ferre
1357 3910 1644 3963 debuerant
1666 3952 1678 3972 ,
1715 3923 1925 3961 manum

357 3983 726 4036 submissionis
764 3983 1007 4046 mittunt,
1041 3996 1069 4034 a
1106 3993 1252 4034 Sorte
1300 3981 1592 4033 viventium
1639 3981 1928 4046 reproban-

359 4059 465 4132 tur.
506 4069 522 4102 ι
545 4052 711 4173 2idem
740 4051 897 4106 docet
942 4051 1229 4106 Gaufridus
1281 4049 1682 4104 Vindocinensis
1714 4049 1805 4101 lib.
1842 4063 1924 4114 tv,

359 4131 515 4173 entst.
543 4131 562 4150 ε
589 4157 634 4173 ...

357 4123 515 4175 epist.
543 4123 634 4175 2-3.

659 4191 1056 4260 prazsumpserit,
1073 4188 1300 4260 regulari
1318 4189 1600 4260 disciplina:
1621 4185 1925 4260 subjaceat.]

356 4246 543 4314 ἕιιῆίιε
569 4246 802 4314 εειἰιιυιι
828 4246 1415 4328 ιιὲειέιιυ’δ.“ι›ιιοιιυιηίί
1446 4246 1560 4327 (Art
1623 4246 1742 4326 tts')
1775 4274 1787 4307 ε
1819 4274 1835 4306 ι
1872 4246 1926 4311 si

356 4329 602 4384 iuventus
633 4330 794 4384 fuerit
813 4344 949 4384 unus
977 4345 1042 4384 ex
1067 4331 1315 4382 fratribus
1347 4329 1542 4396 aliquid
1583 4343 1677 4395 per
1704 4336 1928 4381 conten-

359 4401 556 4452 tionem
613 4415 807 4468 agens,
848 4401 930 4454 vel
975 4399 1345 4453 contradicens
1399 4398 1618 4468 majoris
1667 4399 1922 4466 imperio,

355 4467 718 4539 increpabitur
741 4473 887 4538 juxta
931 4485 1233 4524 mensuram
1277 4471 1499 4535 peceati.
1552 4487 1571 4520 s
1606 4467 1921 4536 ltegularem

353 4518 897 4608 satiassatias};
931 4518 1562 4602 3;;';s“¢5.'auta;.;..;'ut
1586 4518 1924 4605 aestuat;
1955 4518 2001 4576 υ

352 4611 491 4677 quit,
518 4611 684 4664 semel
713 4619 768 4665 et
799 4612 989 4665 iterum
1013 4619 1222 4664 secreto
1252 4611 1630 4672 admoneatur;
1662 4608 1856 4662 deinde
1879 4609 1924 4662 si

353 4693 460 4731 non
484 4681 844 4734 emendaverit
871 4679 1182 4748 objurgetur
1201 4679 1436 4747 publice;
1469 4687 1648 4746 postea
1671 4680 1724 4748 isi
1755 4693 1924 4746 neque

354 4748 434 4802 sic
455 4751 769 4814 correxerit,
787 4747 1352 4804 excommunicationis
1375 4749 1602 4802 vindicta
1633 4747 1922 4816 plectatur;

355 4818 568 4872 tandem
593 4834 697 4873 non
723 4821 1035 4876 emendatus
1052 4819 1604 4874 excommunicatioue
1631 4817 1920 4885 corporal',

356 4888 602 4942 vindicta:
631 4889 933 4958 subjaceat;
965 4890 1196 4959 denique
1231 4891 1276 4944 si
1306 4888 1567 4958 ﬂagellum
1599 4902 1705 4941 non
1735 4902 1922 4942 emen-

353 4960 592 5024 daverit,
614 4960 929 5014 adhibeatur
948 4960 1118 5014 oratio
1145 4961 1398 5022 fratrum;
1433 4967 1722 5027 postremo,
1751 4959 1922 5011 omni-

354 5029 453 5100 bus
482 5028 673 5100 frustra
723 5031 967 5100 tentatis,
1001 5031 1300 5100 expellatur
1340 5030 1407 5084 de
1451 5032 1794 5100 monasterio.
1846 5027 1922 5081 Ita

352 5099 463 5150 fere
481 5099 825 5168 Smaragdus,
850 5099 1210 5163 Hildemarus,
1235 5109 1290 5155 et
1314 5099 1618 5155 Bernardus
1640 5099 1923 5168 cassiuen-

349 5168 446 5228 sis,
470 5167 694 5236 quorum
725 5173 1040 5224 sententiam
1063 5172 1382 5224 confirmare
1412 5169 1660 5222 videntur
1683 5167 1922 5222 Consue-

351 5237 562 5292 tudines
582 5239 638 5292 5.
655 5239 926 5295 Benedicti
949 5242 1270 5294 Aniauensis
1294 5249 1423 5293 tom.
1451 5239 1515 5293 ιν
1543 5240 1921 5292 Analectorum

348 5306 538 5372 edita;
577 5320 737 5378 atque
787 5311 889 5364 hoc
916 5312 1177 5364 vocabant
1215 5317 1431 5363 transire
1477 5325 1564 5378 per
1608 5312 1815 5378 gradus.
1863 5309 1920 5362 lu

349 5380 549 5450 tlegula
571 5379 628 5432 S.
647 5381 832 5433 Donati
851 5385 914 5433 a-t
939 5381 1173 5449 virgines
1191 5382 1418 5450 regulari
1446 5379 1598 5450 subdi
1620 5379 1919 5450 disciplina}

348 5448 489 5502 idem
519 5457 604 5503 est
631 5463 694 5503 ac
722 5452 926 5504 carceri
952 5448 1274 5517 manciparii
1309 5465 1432 5504 nam
1480 5449 1652 5516 capite
1680 5451 1746 5515 2,
1776 5449 1917 5518 quod

348 5527 517 5570 totum
547 5534 612 5572 ex
643 5520 821 5588 regula
841 5519 897 5574 5.
931 5521 1202 5575 Benedicti
1233 5535 1353 5589 cap.
1380 5521 1413 5572 ὅ
1433 5519 1752 5587 desumpsit,
1785 5534 1917 5574 sexu

346 5589 645 5642 masculino
676 5590 728 5642 in
780 5590 1093 5644 femininum
1153 5601 1383 5652 mutato,
1425 5598 1698 5656 postquam
1743 5590 1916 5643 dixit:

309 5656 320 5661 “
351 5657 506 5722 Quod
545 5661 590 5711 si
627 5661 1002 5727 pra'sumpserit
1035 5658 1319 5727 disciplina:
1362 5657 1586 5727 regulari
1617 5662 1920 5727 subjaceat;

351 5680 504 5722 uuou
545 5680 590 5711 δι
627 5680 1002 5727 pra'sumpsertt
1035 5680 1319 5727 atscrptmw
1362 5680 1586 5727 regulari
1617 5680 1707 5710 suo
1736 5680 1916 5725 occat;

343 5729 496 5797 quasi
541 5730 816 5799 explicans
841 5731 970 5802 qttid
1013 5730 1140 5786 illud
1170 5732 1272 5796 sit,
1308 5729 1610 5799 subjungit:
1650 5680 1817 5783 ltl’est
1864 5732 1916 5786 in

1433 301 1709 360 REGULA
1746 297 2234 358 COMMENTATA.
2275 299 2424 355 CAP.
2464 298 2550 353 lli.

774 435 858 475 am
925 420 1167 488 colorata
1216 413 1734 488 prmvaricat_io.__l_ta
1783 413 1937 468 docet
1968 415 2019 475 Α
2045 413 2172 488 cella
2185 414 2504 488 detrudatur,
2528 411 2996 488 doueopwuitertdo
3013 409 3460 488 humiliatur.Eri_t
3478 411 3618 488 torto

3516 296 3620 354 ΞΜ

2043 487 2130 553 qui
2177 485 2476 551 regularem
2513 480 2853 553 disciplinam
2904 479 2989 535 hic
3018 481 3384 553 accipiatnpro
3422 482 3618 548 ﬂagelli

2040 550 2306 622 verbere:
2329 555 2482 622 100
2510 551 2584 604 lta
2627 550 2927 622 Venusinus
2953 551 3117 622 abbas
3147 552 3197 605 in
3231 551 3347 605 Vita
3377 553 3433 605 5.
3468 553 3615 608 Petri

2040 625 2247 678 abbatis
2269 621 2523 676 Ca’ven’sis
2549 639 2600 675 η.
2626 622 2696 677 9.8
2728 621 2888 680 lBoll.
2920 623 2954 675 4
2977 621 3162 687 Mart.)
3187 638 3200 673 :
3232 639 3249 672 ι
3285 622 3424 676 Ante
3444 623 3614 679 altare

2039 710 2161 749 eum
2184 695 2404 756 ducens,
2437 695 2660 762 regulari
2693 693 2992 760 disciplinac
3021 692 3277 755 subdidit,
3307 697 3466 758 atque
3502 702 3611 748 tam

2039 765 2235 820 acriter
2286 765 2569 817 verberare
2605 765 2795 832 erepit,
2828 763 3060 832 utinter
3085 763 3299 816 dolores
3344 764 3612 832 exclama-

2039 842 2139 890 ret.
2190 853 2209 886 ι
2252 832 2411 890 Certe
2437 831 2768 901 disciplinam
2813 834 2864 886 in
2892 831 3088 900 Regula
3113 833 3169 888 S.
3206 831 3483 886 Benedicti
3513 849 3610 900 pro

2038 902 2301 972 corporali
2329 903 2501 971 aliqua
2529 905 2757 958 vindicta
2789 905 2923 958 sumi
2963 912 3103 970 patet
3131 919 3195 956 ex
3227 902 3468 972 ejusdem
3498 904 3608 959 lie-

2039 971 2172 1043 gula:
2193 989 2311 1039 cap.
2345 974 2438 1039 65,
2469 974 2557 1026 ubi
2583 974 2826 1028 vitiosum
2848 974 3186 1042 prapositum
3219 971 3395 1026 verbis
3422 975 3608 1027 admo-

2039 1047 2150 1116 neri
2203 1045 2440 1116 prtecipit
2485 1059 2653 1116 usque
2679 1057 2898 1111 quater,
2933 1054 2978 1098 et
3008 1045 3176 1116 sinon
3225 1043 3564 1116 emendaverit
3589 1085 3608 1116 ,

2038 1115 2202 1180 addit,
2240 1114 2545 1167 adhibeatur
2566 1115 2610 1165 ei
2639 1117 2886 1182 correptio
2917 1115 3198 1183 disciplina
3227 1115 3496 1180 regularis.

2110 1183 2230 1250 Ipse
2272 1195 2437 1236 tamen
2487 1184 2641 1236 abbas
2687 1201 2800 1236 cum
2848 1187 3025 1237 timore
3065 1185 3157 1236 Dei
3189 1195 3232 1235 et
3263 1185 3608 1239 observatione

2037 1255 2226 1323 regula:
2246 1256 2416 1306 omnia
2440 1253 2639 1324 faciat.]
2664 1254 2840 1307 Primo
2862 1270 2980 1307 cum
3009 1255 3198 1308 timore
3230 1254 3342 1313 Dei,
3375 1255 3518 1321 quia,
3549 1265 3610 1310 ut

2036 1324 2166 1378 dicit
2199 1325 2392 1378 citatus
2419 1340 2446 1375 a
2477 1325 2705 1377 Bulierio
2749 1325 3133 1385 Cassiodorus,
3166 1343 3181 1373 t
3220 1339 3430 1390 semper
3471 1325 3610 1380 bene

2037 1395 2255 1463 geritur,
2278 1394 2322 1446 si
2351 1394 2586 1448 coalestis
2618 1403 2788 1447 metus
2817 1395 3060 1446 humanis
3087 1394 3322 1447 moribus
3363 1410 3602 1461 appmia-

2041 1474 2145 1516 tm'.
2185 1483 2202 1514 1
2239 1464 2439 1518 Deinde
2469 1479 2590 1516 cum
2615 1464 2987 1517 observatione
3018 1468 3229 1530 regulae,
3258 1473 3315 1518 ut
3353 1465 3604 1520 ostende-

2039 1543 2118 1585 ret
2138 1550 2239 1586 nou
2260 1536 2434 1586 minus
2455 1535 2697 1586 abbatem
2720 1549 2874 1602 quam
2901 1536 3188 1588 monachos
3211 1536 3408 1602 regula;
3429 1537 3604 1590 subdi.

2110 1603 2287 1657 Sciens
2311 1621 2363 1658 se
2385 1605 2560 1674 procul
2583 1605 2736 1656 dubio
2755 1605 2816 1656 tle
2837 1603 3062 1656 omnibus
3075 1607 3288 1672 judiciis
3303 1608 3405 1657 suis
3425 1607 3608 1674 (Equis-

2038 1671 2166 1726 simo
2185 1671 2492 1744 judiciDeo
2515 1676 2758 1727 rationem
2790 1671 3149 1744 redditurum]
3181 1676 3328 1744 Quod
3358 1671 3606 1742 frequen-

2219 1693 2355 1727 uatcr
2387 1693 2492 1726 υεο
2515 1693 2758 1727 rationem
2790 1693 3149 1744 reaatmrumq
3181 1693 3328 1740 υυοα
3358 1693 3605 1742 trequen-

2184 1693 2325 1798 {limi
2353 1743 2408 1798 S.
2441 1744 2596 1797 Pater
2619 1745 2830 1813 ingerit,
2863 1747 3155 1812 przesertim
3184 1743 3302 1798 cuin
3329 1747 3524 1813 aliquid
3553 1747 3605 1802 ei

2042 1813 2316 1880 potestatis
2345 1815 2608 1877 concedit,
2635 1814 2770 1866 utde
2797 1823 3012 1880 accepto
3040 1824 3091 1868 et
3115 1829 3372 1869 concesso
3401 1818 3604 1871 honore

2035 1883 2172 1935 haud
2205 1885 2511 1955 extollatur,
2561 1900 2621 1936 ac
2652 1899 2864 1950 semper
2891 1885 3130 1954 cogitans
3181 1885 3338 1954 quale
3367 1891 3604 1955 suscepit

2033 1966 2189 2021 Onus.
2223 1953 2272 2005 iri
2301 1953 2390 2006 Dei
2423 1954 2610 2006 timore
2641 1953 2974 2021 pertttaneal.’
3201 1953 3210 1954 ί
3529 1953 3541 1955 ⁷
3621 1981 3628 2010 l

2104 2020 2165 2075 Si
2185 2038 2282 2085 qua
2308 2039 2420 2074 vero
2444 2020 2650 2075 minora,
2667 2025 2859 2089 agenda
2880 2035 2996 2076 sunt
3019 2025 3069 2076 in
3097 2025 3388 2077 monasterii
3413 2026 3606 2079 utilita-

2034 2091 2212 2162 tibus.]
2245 2091 2338 2145 Vel
2370 2093 2528 2145 etiam
2572 2092 2912 2146 detrimento.
2958 2095 3156 2145 Minora
3189 2103 3344 2146 vocat
3385 2109 3446 2147 ea
3486 2109 3605 2162 quas

2036 2161 2149 2232 fere
2180 2177 2275 2214 usu
2308 2162 2618 2230 quotidiano
2649 2163 2930 2226 eveniunt,
2959 2172 3013 2215 et
3041 2163 3105 2214 ad
3137 2178 3348 2216 omnem
3375 2161 3604 2232 congre-

2031 2231 2298 2299 gationem
2333 2245 2439 2285 non
2488 2233 2786 2300 pertinent,
2817 2232 2910 2284 sed
2948 2234 3012 2284 ad
3061 2235 3322 2300 speciales
3369 2231 3605 2287 tantum-

2033 2300 2191 2353 modo
2221 2315 2496 2367 personas,
2526 2315 2819 2368 eorumque
2845 2303 3040 2364 ol'licia,
3074 2303 3205 2367 sive,
3239 2311 3295 2354 ut
3322 2306 3604 2368 vocabant’,

2031 2370 2393 2432 obedientias;
2421 2379 2478 2423 ut
2506 2382 2626 2423 sunt
2657 2372 2853 2439 eligere
2884 2373 3249 2439 prarpositum,
3279 2372 3416 2424 sicut
3442 2374 3605 2426 liabe-

2033 2450 2116 2492 tur
2149 2440 2363 2509 Regula:
2389 2455 2507 2507 cap.
2531 2442 2628 2503 (55,
2651 2457 2760 2492 cum
2783 2443 2998 2494 consilio
3027 2445 3244 2508 fratrum
3268 2443 3376 2503 ip._e
3403 2443 3604 2494 ordinet

2028 2511 2124 2562 sibi
2161 2511 2520 2579 prwpositum,
2549 2512 2832 2574 decanum,
2860 2511 3216 2576 cellerarium,
3259 2520 3387 2574 etc.,
3422 2527 3604 2567 emere

2033 2581 2136 2633 hoc
2167 2580 2413 2649 autillud
2442 2581 2507 2633 ad
2536 2582 2829 2634 ornandam
2862 2581 3176 2642 ecclesiam,
3209 2591 3259 2633 et
3287 2583 3386 2633 alia
3421 2581 3604 2649 hujus-

2032 2649 2194 2720 modi.
2230 2647 2328 2720 Vel
2354 2651 2514 2703 etiam
2559 2653 2766 2704 minora
2802 2659 3023 2718 possunt
3071 2652 3172 2703 dici
3205 2667 3264 2703 ea
3301 2666 3418 2720 qua:
3460 2647 3603 2704 nunc

2029 2735 2092 2772 ex
2121 2719 2244 2800 jure
2287 2719 2487 2788 absque
2517 2722 2625 2774 ullo
2655 2721 2876 2774 fratrum
2924 2736 3188 2775 consensu
3219 2719 3382 2774 abbas
3426 2729 3602 2790 potest

2029 2803 2270 2842 CXSCllUl.

2102 2806 2172 2841 set
2197 2806 2270 2842 nt.

2102 2806 2374 2912 Seiiiorum
2404 2868 2601 2912 tantum
2631 2870 2803 2912 utatur
2830 2853 3085 2930 consilia]
3116 2861 3364 2915 Seniores
3397 2861 3480 2914 hic
3508 2875 3602 2914 vo-

2030 2938 2114 2983 cat
2144 2945 2248 2982 non
2281 2929 2498 2983 omnino
2541 2931 2865 2997 decrepitos,
2908 2939 3001 2982 aut
3045 2929 3232 2982 ordine
3287 2931 3601 2985 monasterii

2033 3000 2251 3067 primos,
2301 3000 2389 3051 sed
2438 2999 2758 3068 prudentes,
2802 3001 3080 3065 discretos,
3113 3009 3467 3068 expertosque
3497 3001 3602 3054 fra-

2032 3079 2158 3133 tres,
2191 3084 2413 3137 quorum
2446 3072 2498 3121 in
2521 3070 2782 3123 electione
2811 3087 2913 3124 non
2943 3079 3045 3121 tam
3091 3083 3218 3123 mtas
3245 3086 3401 3137 quam
3432 3080 3602 3123 matu-

2033 3140 2160 3192 ritas
2201 3139 2587 3192 consideranda
2619 3149 2698 3192 est
2723 3158 2732 3191 :
2761 3141 3001 3208 quamvis
3031 3142 3078 3192 in
3114 3141 3176 3192 iis
3209 3156 3310 3192 non
3342 3140 3411 3191 sit
3451 3155 3601 3204 Sper-

2033 3210 2201 3262 ucuda
2229 3220 2497 3273 senectus,
2529 3211 2756 3263 maxime
2778 3211 2820 3262 si
2845 3225 2960 3262 cum
2982 3209 3181 3278 judicio
3204 3220 3256 3264 et
3279 3210 3602 3266 discretione

2024 3279 2205 3349 juncta
2240 3279 2337 3343 rit;
2372 3295 2513 3345 nam,
2547 3281 2754 3332 utdicit
2797 3281 3039 3349 vulgatus
3077 3283 3133 3334 S.
3169 3281 3480 3332 Ambrosius
3509 3279 3601 3345 (lrt

2030 3348 2059 3400 Ι
2089 3349 2218 3401 Tim.
2249 3352 2300 3417 v)
2329 3366 2342 3404 :
2375 3370 2389 3399 t
2425 3349 2574 3415 Apud
2607 3365 2792 3403 omnes
2824 3348 3003 3418 utique
3053 3362 3238 3420 gentes
3271 3350 3600 3420 honorabilis

2029 3428 2111 3471 est
2132 3415 2418 3489 senectus,
2448 3420 2588 3474 unde
2626 3431 2677 3471 ct
2705 3415 2981 3489 Synagoga
3005 3464 3018 3487 ,
3050 3415 3104 3473 et
3146 3433 3325 3488 posma
3367 3415 3600 3476 Iiccle'sia

2027 3487 2266 3541 Seniores
2299 3489 2502 3552 habuit,
2529 3505 2753 3556 quorum
2785 3494 2900 3544 sine
2927 3487 3155 3543 consilio
3187 3490 3315 3543 nihil
3343 3490 3601 3554 agebatur

2027 3558 2080 3611 in
2114 3558 2374 3612 Ecclesia.
2425 3579 2442 3609 ι
2492 3558 2592 3613 Ubi
2615 3575 2741 3627 ergo
2769 3562 2988 3628 tequilis
3025 3571 3103 3613 est
3138 3576 3340 3614 morum
3373 3562 3600 3614 maturi-

2031 3635 2110 3680 tas
2132 3668 2146 3691 ,
2188 3630 2473 3690 discretio,
2517 3632 2825 3696 prudentia,
2857 3640 2909 3684 ct
2951 3634 3000 3682 in
3033 3647 3160 3685 sene
3192 3640 3246 3683 et
3283 3632 3330 3682 in
3359 3629 3558 3698 juvene
3581 3669 3599 3694 ,

2028 3699 2187 3751 debet
2234 3714 2396 3752 senex
2444 3699 2641 3767 juniori
2697 3702 2953 3768 praeponi.
2997 3701 3110 3754 lam
3145 3717 3272 3753 vero
3300 3701 3341 3752 si
3391 3715 3600 3768 qumras

2029 3785 2270 3837 quamam
2301 3772 2636 3838 potissimum
2686 3769 2907 3824 virtutes
2938 3771 2988 3823 iii
3029 3773 3328 3823 senioribus
3372 3773 3602 3824 debeant

2031 3841 2256 3906 requiri,
2309 3843 2598 3906 respondet
2643 3840 3016 3894 llildemarus:
3053 3842 3104 3893 lti
3157 3842 3271 3894 istis
3303 3843 3600 3895 senioribus

2031 3912 2127 3962 tria
2162 3911 2208 3961 ιιι
2231 3910 2356 3961 bent
2387 3912 2579 3975 inquiri
2607 3926 2620 3962 :
2656 3911 2807 3975 fides,
2838 3926 2981 3977 spes,
3013 3913 3248 3963 eltaritas
3275 3928 3288 3962 :
3316 3912 3466 3977 lides,
3497 3925 3601 3975 qua

2028 3983 2126 4033 sub
2154 3980 2363 4032 silentio
2394 3989 2570 4047 tegant
2606 3983 2813 4041 omnia;
2848 3997 2969 4048 spes
2999 3992 3319 4033 aeternorum
3357 3985 3602 4043 praemio-

2029 4066 2166 4112 rum,
2213 4066 2310 4117 qua
2343 4051 2576 4102 roborati
2609 4065 2705 4115 pro
2748 4053 2937 4103 tuenda
2973 4057 3195 4102 veritate
3225 4051 3401 4103 omnia
3433 4051 3602 4104 susti-

2030 4129 2216 4181 neant;
2243 4121 2496 4181 eharitas,
2527 4133 2629 4186 qua
2659 4135 2845 4172 omnes
2896 4120 3032 4173 idem
3067 4123 3295 4184 sapiant.
3328 4121 3418 4174 llis
3463 4121 3601 4174 adde

2028 4191 2382 4256 cognitionem
2409 4191 2528 4241 boni
2561 4199 2615 4243 et
2639 4192 2783 4254 mali,
2810 4205 2908 4258 qua
2944 4198 3150 4256 possunt
3173 4189 3298 4241 illud
3325 4191 3600 4258 prosequi,

2027 4274 2073 4312 et
2097 4260 2232 4312 istud
2257 4261 2531 4328 persequi;
2557 4275 2816 4312 summam
2845 4261 3204 4328 prudentiam,
3231 4273 3600 4328 summamque

2026 4329 2422 4383 discretionem.

2099 4399 2174 4452 De
2197 4415 2417 4452 numero
2444 4413 2572 4451 vero
2595 4399 2862 4452 seniorum
2892 4398 3151 4453 Boherius
3178 4397 3602 4455 existimatduos

2027 4469 2296 4541 sufficere,
2321 4479 2371 4521 et
2409 4471 2558 4539 ιο]
2584 4483 2766 4541 revera
2791 4471 2919 4522 satis
2944 4483 3064 4522 esse
3088 4470 3138 4522 in
3163 4469 3354 4541 minori
3378 4486 3602 4541 congre-

2026 4540 2242 4608 gatione
2268 4555 2372 4592 non
2405 4539 2738 4607 negaverim;
2773 4549 2828 4593 at
2857 4555 2984 4594 vero
3015 4542 3065 4592 iti
3109 4540 3294 4608 majori
3335 4549 3444 4595 tres
3473 4539 3603 4610 qua-

2029 4623 2217 4664 tuorve
2265 4611 2622 4663 consulendos
2670 4610 3054 4666 existimarent.
3098 4612 3269 4678 Atque
3312 4611 3380 4664 ita
3423 4627 3481 4665 se
3510 4615 3602 4663 lia-

2030 4681 2206 4734 buisse
2237 4682 2372 4748 apud
2389 4689 2612 4750 veteres
2648 4682 2941 4734 monachos
2971 4683 3242 4750 colligitur
3272 4696 3338 4733 ex
3381 4681 3464 4735 his
3493 4682 3603 4736 llit-

2025 4751 2228 4804 demat-i
2253 4748 2458 4802 verbis:
2491 4768 2508 4800 ι
2541 4749 2671 4803 Cum
2703 4758 2813 4804 tres
2836 4760 2924 4803 aut
2945 4748 3172 4818 quatuor
3198 4751 3357 4804 locuti
3382 4750 3597 4819 fuerint,

2026 4819 2161 4873 alius
2190 4819 2328 4871 inter
2362 4819 2478 4872 illos
2507 4819 2622 4873 sine
2656 4821 2933 4874 vocatione.
2961 4823 3179 4874 accedat
3207 4821 3409 4887 absque
3440 4837 3599 4876 vere-

2025 4889 2236 4942 cundia.
2288 4907 2310 4938 »
2351 4890 2506 4955 Apud
2535 4889 2883 4945 Cassinenses
2937 4892 3176 4946 seniores
3228 4901 3398 4944 sunt:
3447 4892 3600 4947 l'rior

2025 4958 2342 5030 claustralis,
2377 4959 2599 5024 decani,
2625 4962 2879 5030 magister
2914 4961 3257 5030 novitiorurn,
3290 4970 3343 5014 et
3371 4963 3602 5017 cellera-

2025 5031 2164 5092 rius;
2199 5029 2250 5080 in
2279 5037 2690 5098 congregatione
2717 5029 2904 5085 Montis
2933 5031 3124 5084 Oliveti
3151 5049 3162 5084 :
3201 5029 3460 5098 Vicarius,
3489 5036 3601 5089 cel-

2027 5099 2271 5160 lerarius,
2303 5101 2552 5167 magister
2582 5103 2901 5155 novitiorum
2921 5141 2935 5163 ,
2969 5111 3304 5169 procurator.
3338 5115 3388 5155 et
3417 5105 3599 5158 senior

2025 5170 2317 5222 secundum
2345 5171 2749 5237 professioni-tn.
2779 5171 3054 5224 Fulienses
3079 5187 3206 5226 vero
3234 5172 3286 5224 in
3313 5173 3424 5225 suis
3447 5175 3594 5228 Con-

2023 5239 2386 5311 stitutionibus
2418 5239 2532 5294 haec
2557 5251 2797 5295 statuunt
2822 5241 2972 5310 (Cap.
2999 5241 3054 5311 5)
3088 5259 3100 5295 :
3141 5259 3159 5292 ι
3194 5242 3473 5295 Seniorqu
3502 5258 3597 5311 ap-

2027 5309 2314 5377 pellatione
2344 5311 2687 5380 intelligimus
2729 5309 2922 5378 pra-ter
2952 5309 3285 5379 sobpriorem
3335 5309 3594 5378 cujusque

2027 5380 2335 5433 monasterii
2364 5382 2498 5432 duos
2522 5383 2847 5444 sacerdotes,
2873 5382 2961 5435 ubi
2993 5382 3179 5437 decem
3208 5381 3416 5432 vocales
3439 5391 3594 5447 sunt;

2026 5459 2119 5503 aut
2145 5466 2303 5502 unum
2340 5450 2693 5517 sacerdotem,
2728 5453 2812 5504 ubi
2846 5453 3019 5504 minor
3043 5463 3123 5506 est
3156 5465 3432 5513 numerus,
3461 5467 3596 5517 quos

2024 5522 2266 5588 superior
2290 5530 2538 5588 tanquam
2559 5525 2772 5583 virtute,
2791 5520 3016 5590 judicio,
3043 5534 3244 5588 usuque
3267 5533 3441 5572 rerum
3469 5537 3601 5587 pra:-

2023 5591 2311 5644 stantiores
2339 5606 2369 5644 e
2394 5603 2655 5644 conventu
2686 5607 2783 5644 suo
2805 5596 3044 5659 elegerit,
3076 5604 3125 5641 ut
3156 5602 3339 5659 eorum
3370 5592 3599 5646 consilio

2024 5663 2333 5728 adjuvetur;
2361 5661 2569 5728 quibus,
2601 5657 3022 5730 quotiescunque
3050 5660 3116 5714 de
3142 5657 3299 5713 rebus
3330 5671 3600 5727 tempora.

2025 5732 2164 5787 libus
2186 5731 2378 5801 agitur,
2410 5734 2626 5787 accedet
2656 5730 2986 5786 cellerarius.
3035 5748 3054 5781 1
3207 5756 3210 5758 -
