4102 6360
567 257 677 312 298

1913 258 1970 311 S.
2019 262 2075 315 Γ.
2119 261 2466 316 ΒΕΝΕΜΟΠ
2517 346 2520 348 _

3730 267 3842 316 3313

571 376 793 446 diligere
819 375 1007 438 Deum,
1061 375 1162 430 hoc
1193 384 1274 430 est
1327 391 1357 432 e
1382 376 1469 430 tim
1507 375 1732 443 primum
1765 386 1817 428 et
1848 379 2140 430 niaximum
2177 387 2216 443 Α
2250 379 2682 446 copiosissimum
2715 377 3137 446 redempturam,
3170 386 3431 432 :i-ternum
3478 391 3835 432 conservato-

557 448 630 500 iin
655 449 770 518 lege
792 449 1096 500 mandatum
1134 466 1142 498 :
1181 447 1414 518 ptimum
1439 447 1716 514 dignita'e,
1745 448 1970 514 primum
2001 450 2142 501 utili-

575 517 723 580 tate,
758 518 983 587 primunt
1029 518 1364 587 necessitaie.
1400 517 1684 587 Dignitaie,
1730 519 1876 584 quia,
1911 531 1966 569 ιιι
2010 521 2137 571 dicit

571 588 712 660 apud
733 586 1042 660 Cassianum
1073 586 1281 660 (Callet.
1305 589 1383 651 ll,
1406 603 1462 660 ὥς.
1497 586 1585 660 l‘i)
1613 588 1778 660 abbas
1803 589 2140 660 Chaeremon,

579 657 768 712 (nihil
796 657 1099 726 pretiosius,
1139 658 1267 712 nihil
1304 657 1611 723 perfecdus,
1645 657 1779 710 nihil
1835 659 2138 721 sublimius,

573 726 708 782 nihil
756 728 1020 782 charitate
1073 728 1398 794 perennius;
1436 745 1453 778 ι
1509 738 1561 779 et
1603 729 1831 782 Sanetus
1877 728 2141 782 Cmsarius

571 800 767 860 (Serm.
790 796 889 851 107
911 799 963 850 in
987 797 1215 866 Append.
1241 795 1408 850 Serm.
1429 797 1488 851 S.
1509 799 1668 867 Aug.)
1690 815 1701 849 :
1729 798 2001 850 «Charitas
2022 799 2142 851 oleo

571 883 946 937 comparatur;
983 884 1100 920 naui
1126 867 1391 935 quomodo
1421 869 1595 922 oleuiii
1627 868 1874 921 oionibus
1906 869 2143 922 liuinori-

575 940 672 991 bus
701 937 946 1006 superius
975 951 1092 1007 esse
1121 939 1511 1007 cognoscimus,
1547 939 1618 991 ita
1645 939 1875 992 eburnas
1891 938 2141 991 omnibus

573 1009 858 1061 viridibus
903 1006 1585 1075 sublimiorcomparatur.
1628 1027 1645 1058 ι
1701 1007 1967 1065 υιιιὶεειιε.
2019 1011 2137 1075 quia

574 1078 921 1145 diligentibus
969 1076 1134 1130 Deum
1184 1079 1363 1136 omnia
1407 1089 1758 1142 cooperantur
1804 1095 1853 1129 III
1906 1081 2137 1141 bonum;

574 1147 768 1202 bonum
815 1150 1014 1216 utique,
1067 1147 1230 1200 Deum
1264 1150 1672 1214 possidendum;
1706 1158 1761 1200 ut
1789 1149 1930 1201 enim
1980 1149 2052 1201 ait
2078 1148 2137 1203 S.

570 1215 1072 1285 Augustinus’(Lib.
1103 1233 1117 1270 ι
1147 1219 1209 1271 de
1235 1218 1392 1270 'Doct.
1419 1219 1570 1284 ϐίω,
1620 1234 1732 1284 cap.
1777 1219 1892 1286 ‘29),
1944 1236 1960 1268 t
2001 1220 2141 1272 Dens

573 1288 687 1340 vult
710 1301 768 1340 se
795 1288 961 1356 diligi,
995 1302 1099 1340 non
1131 1296 1188 1340 ut
1218 1289 1319 1340 sibi
1350 1287 1570 1356 aliquid,
1600 1289 1692 1340 sed
1722 1298 1878 1341 uteis
1902 1289 1987 1356 qui
2021 1290 2140 1341 dili-

572 1368 702 1426 gunt
727 1366 984 1411 mternum
1007 1360 1235 1426 pretium
1261 1357 1584 1421 conferatur,
1615 1359 1713 1411 hoc
1733 1369 1814 1411 est
1841 1359 1952 1425 ipse
1983 1373 2140 1425 quem

571 1427 815 1496 diligunt.
858 1446 877 1478 ι
910 1426 1059 1481 Unde
1086 1441 1139 1481 et
1168 1427 1226 1481 S.
1266 1428 1578 1482 Ambrosius
1614 1427 1748 1495 (Lib.
1775 1445 1788 1481 ι
1819 1430 1869 1480 in
1898 1427 2138 1493 ﬂexam”

573 1514 620 1552 ο.
651 1498 738 1568 l2)
772 1514 784 1550 :
825 1515 841 1546 ι
875 1498 1122 1551 Charitas
1150 1509 1254 1564 est,
1289 1500 1478 1565 inquit,
1505 1515 1624 1568 qua:
1647 1513 1743 1552 nos
1773 1500 2141 1565 supcl‘.0fibtts

573 1570 740 1623 nectit
764 1569 1009 1638 cmloque
1037 1569 1237 1621 inserit.
1277 1586 1294 1619 ι
1324 1568 1560 1622 Tandem
1592 1571 1928 1632 necessitate,
1953 1582 2004 1622 et
2027 1570 2141 1637 qni-

575 1639 698 1693 dem
730 1648 944 1693 (eterna!
994 1639 1196 1704 salutis,
1227 1654 1344 1706 qua:
1385 1641 1500 1693 sine
1543 1641 1632 1693 Dei
1657 1639 1943 1692 dileeiimze
1975 1639 2141 1692 haud-

574 1724 836 1778 quaquam
889 1709 1118 1778 obtineri
1169 1718 1370 1776 potest,
1424 1710 1678 1778 Apostolo
1721 1709 1785 1762 ad
1835 1708 2142 1765 Corinthios

571 1777 838 1834 Soi'ihente
869 1796 882 1832 :
918 1777 1026 1831 Etsi
1055 1781 1274 1832 habuero
1314 1777 1662 1850 prophetiam,
1700 1789 1747 1831 et
1777 1780 2000 1850 noverim
2031 1796 2138 1835 om-

573 1853 660 1903 nia
697 1850 966 1919 mysteria,
999 1858 1042 1902 et
1076 1865 1273 1902 onmem
1302 1848 1593 1914 scientiam;
1651 1851 1740 1902 elsi
1765 1848 1846 1901 ha'
1867 1866 1985 1902 uero
2029 1866 2140 1903 oni-

573 1921 884 1988 nemﬁdcm,
913 1920 986 1973 ita
1017 1929 1070 1973 ut
1102 1929 1295 1973 montes
1336 1925 1640 1989 transferam
1670 1935 1687 1972 :
1720 1920 2020 1972 cliaritatein
2047 1939 2142 1974 au-

574 2002 672 2044 tent
693 2007 793 2043 non
823 1990 1067 2054 habuero,
1115 1991 1245 2043 nihil
1288 2008 1397 2044 sum
1426 2006 1444 2044 :
1470 1993 1559 2043 (lsi
1590 1990 1896 2044 distribnero
1925 1994 1974 2044 in
2007 1994 2143 2045 cibos

575 2077 854 2131 pauperum
880 2063 1334 2131 omnarfacultates
1352 2077 1482 2114 meos
1502 2078 1518 2126 ;
1540 2061 1636 2114 etsi
1682 2065 1941 2113 tradidero
1959 2077 2143 2127 corpus

577 2130 764 2197 meum,
788 2131 861 2184 ita
886 2145 938 2183 u:
967 2132 1174 2184 ardeam
1203 2149 1218 2183 :
1247 2130 1542 2185 cftaritatem
1571 2143 1741 2184 autem
1770 2150 1870 2184 non
1895 2134 2138 2200 habuero,

577 2201 706 2255 nihil
737 2201 857 2254 mihi
893 2204 1094 2273 prodest
1118 2200 1166 2273 (Ι
1194 2200 1311 2273 Cor.
1345 2215 1481 2273 xiii‘.

645 2273 728 2326 Ali
761 2273 858 2323 liae
877 2286 1006 2324 vero
1035 2271 1339 2325 dilectionis
1357 2271 1487 2341 .lege
1515 2272 1691 2325 nullus
1719 2271 1989 2336 eximitur,
2026 2273 2142 2324 nul-

578 2343 662 2394 lus
689 2344 864 2410 aliquo
909 2351 1082 2408 potest
1110 2343 1352 2394 excusari
1398 2352 1660 2408 praetextu
1696 2360 1707 2394 :
1749 2361 1765 2392 ι
1807 2341 1986 2394 l‘otest
2016 2344 2141 2396 mini

571 2411 771 2480 aliquis
808 2411 988 2472 dicere
1016 2427 1030 2463 :
1061 2412 1174 2480 Non
1209 2425 1420 2477 possum
1449 2411 1709 2480 jejiuiarc,
1743 2412 1910 2480 inquit
1937 2415 1992 2465 S.
2024 2411 2140 2465 Cie-

577 2477 750 2536 sariits
780 2483 974 2550 (Serm.
1004 2477 1114 2534 225
1142 2483 1192 2533 in
1223 2477 1464 2551 Appeud.
1505 2477 1674 2536 Serm.
1722 2483 1782 2535 S.
1816 2477 2004 2550 Ἀιιφ),
2038 2499 2140 2536 non

569 2567 792 2620 .possum
819 2551 1065 2620 vigilare;
1092 2554 1325 2619 nunquid
1355 2561 1521 2620 poteSI
1546 2553 1722 2605 dicere
1744 2571 1754 2604 :
1777 2552 1890 2605 Non
1927 2568 2142 2617 possum

578 2623 794 2676 amare?
823 2623 1004 2676 Potest
1047 2622 1227 2676 dicere
1261 2639 1274 2674 :
1310 2622 1420 2676 Non
1454 2638 1668 2689 possum
1721 2638 1806 2676 res
1835 2639 1977 2676 meas
2009 2633 2143 2676 totas

583 2693 903 2761 panperibus
953 2690 1106 2758 dare,
1159 2702 1216 2746 et
1268 2695 1319 2746 iti
1374 2698 1696 2746 monasterio
1748 2694 1855 2746 Deo
1904 2696 2140 2758 scrrire;

579 2761 818 2830 nunquid
867 2771 1041 2832 pote~t
1085 2762 1261 2816 dicere
1294 2780 1306 2814 :
1343 2762 1451 2815 Noti
1487 2779 1699 2828 possum
1730 2765 1983 2831 diligere?
2024 2783 2041 2814 ι
2079 2763 2143 2817 Et

566 2841 746 2899 cette,
780 2841 836 2886 ut
862 2832 1060 2902 optime
1086 2834 1332 2886 observat
1386 2833 1444 2886 S.
1471 2833 1700 2886 Thomas
1733 2835 1780 2901 (l
1816 2843 1870 2895 2:,
1904 2851 1957 2902 ιι.
2016 2834 2138 2898 109,

577 2919 629 2957 o.
654 2903 732 2973 ὃ),
761 2920 774 2954 ι
799 2903 1017 2971 diligere
1043 2901 1206 2955 Deum
1233 2917 1396 2970 super
1417 2903 1592 2956 omnia
1623 2914 1705 2956 est
1733 2901 1983 2972 quiddam
2015 2919 2143 2956 eon-

579 2973 820 3028 naturale
845 2973 1069 3036 homini,
1099 2981 1151 3026 et
1172 2975 1392 3027 cuilibet
1421 2987 1701 3033 creaturae,
1731 2991 1835 3026 non
1863 2982 2032 3026 >0illl|l
2059 2990 2142 3026 ra-

509 3086 511 3088 -
577 3043 782 3110 tionali,
834 3042 928 3098 sed
959 3045 1115 3096 etiam
1166 3043 1483 3109 irratonali,
1533 3053 1586 3096 it
1633 3045 1796 3096 etiam
1836 3045 2138 3097 inanimatae

576 3115 868 3169 secundum
903 3113 1117 3166 modum
1168 3115 1386 3177 amoris,

574 3194 882 3252 competere
907 3194 1098 3253 potest.
1139 3202 1158 3235 ι
1197 3185 1345 3237 Unde
1375 3183 1534 3236 etiam
1563 3185 1802 3250 apposite
1824 3185 1882 3237 S.
1913 3184 2140 3238 Basilius

577 3255 786 3325 (Regul.
817 3252 921 3324 fus.
954 3268 1067 3326 cap.
1099 3252 1154 3323 2)
1181 3270 1195 3305 :
1227 3273 1254 3326 λι
1286 3254 1509 3326 Dilectio
1552 3254 1669 3326 Dei,
1718 3255 1907 3326 inquit,
1963 3255 2144 3326 doceri

582 3323 692 3378 non
715 3329 924 3393 potest;
954 3323 1124 3391 neque
1153 3324 1294 3377 enim
1326 3323 1444 3376 luce
1473 3325 1727 3392 gaudere,
1751 3336 1803 3377 et
1825 3325 1987 3376 vitam
2015 3325 2144 3378 alle-

568 3392 725 3448 ictare
754 3394 824 3448 ab
850 3394 955 3448 alio
976 3393 1226 3463 quopiam
1255 3392 1573 3458 didicimus;
1606 3409 1776 3464 neque
1808 3395 2031 3464 diligere
2053 3411 2147 3464 pa-

568 3471 760 3519 rentes
812 3474 908 3518 aut
953 3465 1243 3517 nutritores
1301 3463 1435 3516 alius
1508 3478 1606 3518 nos
1647 3463 1959 3516 docuit:ad
2009 3463 2146 3519 hunc

565 3535 760 3604 itaque
804 3535 1043 3596 modum,
1072 3535 1156 3588 vel
1205 3549 1350 3588 certe
1383 3534 1551 3589 inulto
1579 3533 1747 3602 magis
1776 3534 2011 3588 divinum
2044 3537 2146 3589 hoc

563 3604 912 3665 desiderium,
935 3619 1038 3658 non
1067 3613 1243 3673 potest
1271 3605 1488 3658 aliunde
1517 3619 1609 3672 per
1639 3615 1915 3658 externam
1943 3607 2146 3659 doctri-

561 3690 699 3729 inam
730 3675 892 3744 disci;
921 3676 1012 3729 sed
1035 3673 1402 3728 coostitutioni
1433 3674 1661 3728 hominis
1691 3675 1975 3728 seminaria
1999 3692 2146 3744 qna:-

570 3747 698 3800 dain
728 3743 889 3799 indita
915 3754 996 3799 est
1024 3745 1180 3810 ratio,
1212 3761 1326 3811 qum.
1350 3746 1400 3796 in
1431 3745 1602 3814 seipsa
1635 3746 1854 3799 haberet
1881 3743 2070 3800 causas
2093 3756 2147 3801 et

557 3817 796 3870 allectus
827 3816 1152 3868 familiariter
1181 3815 1450 3883 diligendi.
1488 3835 1507 3866 ι

654 3886 803 3967 107
827 3885 960 3967 Quia
993 3895 1167 3965 tamen
1211 3885 1338 3937 nihil
1383 3884 1446 3967 lit.
1469 3899 1556 3938 aiit
1592 3885 1706 3967 [icti
1736 3885 1894 3939 debet
1924 3901 1954 3967 ξι
1979 3888 2146 3966 ratio-

561 3956 684 4011 nali
712 3966 958 4011 creatura
973 3960 1088 4010 sine
1117 3970 1276 4008 causa
1295 3996 1308 4020 ,
1342 3957 1530 4023 quibus
1552 3956 1619 4009 ad
1635 3971 1870 4023 alllQI'ei'll
1904 3957 2144 4010 divinum

573 4026 874 4081 rationibus
887 4025 1090 4081 moveri
1109 4019 1396 4093 possimus,
1412 4026 1642 4081 breviter
1655 4042 1716 4077 ex
1726 4019 1769 4093 p';
1781 4027 2022 4079 icanduiii
2037 4041 2143 4081 est.

648 4097 881 4151 Primam
927 4097 1185 4151 rationem
1241 4102 1425 4164 paucis
1472 4096 1693 4161 exponit
1740 4097 1798 4151 S.
1843 4096 2144 4151 Bernartius

559 4181 691 4238 rgum
714 4166 962 4237 dicit(De
986 4167 1147 4238 Dilig.
1177 4165 1308 4231 Deo,
1330 4185 1376 4221 c.
1410 4170 1454 4234 Ι)
1479 4185 1494 4238 ;
1527 4165 1695 4220 Causa
1709 4165 1960 4234 diligendi
1978 4167 2144 4220 Deum

563 4232 713 4292 ﬂetu
743 4247 840 4301 est,
870 4232 987 4290 'hoc
1015 4232 1322 4292 est'sumttia
1368 4232 1576 4291 bonitas
1595 4277 1611 4301 ,
1663 4232 1902 4290 summus
1949 4254 2100 4291 amor
2125 4279 2141 4304 ,

561 4319 784 4361 summe
816 4305 1082 4371 amabilis,
1102 4321 1259 4375 quem
1288 4308 1513 4376 diligere
1547 4309 1690 4361 omni
1724 4318 1985 4361 creatura:
2017 4323 2143 4361 cun-

578 4377 820 4431 naturale
849 4387 950 4430 est,

646 4445 889 4500 Secunda
966 4453 1047 4498 est
1101 4454 1330 4514 .pr0pter
1393 4461 1658 4500 summum
1716 4447 1830 4513 ejus
1875 4461 1998 4514 erga
2047 4463 2144 4503 nos

573 4529 811 4584 amorem
827 4529 844 4578 ;
860 4529 1000 4580 nam,
1019 4524 1074 4567 ut
1097 4513 1229 4568 dicit
1253 4513 1526 4570 Gilbertus
1547 4518 1611 4569 de
1632 4515 1927 4570 l-loillandia
1943 4513 2139 4584 (Serm.

577 4585 666 4650 l9,
690 4587 744 4637 in
769 4581 968 4649 Caut.),
987 4586 1246 4652 improbus
1266 4585 1346 4637 sui
1372 4595 1673 4654 provocator
1690 4598 1764 4638 est
1785 4581 1965 4640 amor.‘
1998 4589 2140 4642 nullo

576 4655 771 4726 pretio,
797 4657 939 4709 nuila
966 4654 1210 4709 ineicede
1235 4656 1570 4726 compensari
1589 4665 1761 4726 potest
1779 4695 1794 4717 ,
1825 4672 1930 4710 uno
1953 4672 2137 4726 repen-

572 4725 719 4780 ditur
741 4740 960 4788 amore;
995 4740 1093 4778 nec
1126 4724 1266 4777 aliud
1289 4724 1496 4795 anobisﬁ
1531 4725 1693 4794 exigit
1713 4724 1856 4779 Deus
1877 4767 1890 4789 ,
1923 4724 2138 4795 quinos

571 4795 638 4851 ad
667 4796 768 4850 hoc
787 4808 947 4850 unum
976 4795 1190 4858 dilexit,
1223 4807 1277 4848 ut
1309 4811 1428 4846 eum
1470 4794 1784 4863 diligamus;
1824 4815 1840 4848 ι
1873 4794 1992 4849 nam
2015 4813 2134 4851 cuin

573 4875 718 4919 amat
763 4865 904 4921 Deus
927 4905 944 4930 ,
999 4881 1101 4919 non
1133 4865 1273 4919 aliud
1298 4864 1408 4934 vult
1451 4880 1610 4934 quam
1637 4871 1828 4932 aniari,
1865 4867 2036 4934 inquit
2074 4869 2133 4923 S.

572 4935 875 4990 Bernardus
903 4935 1095 5007 (Serm.
1121 4935 1212 5000 85,
1240 4938 1291 4990 in
1315 4933 1512 5004 Caut.),
1543 4937 1738 5004 quippe
1763 4951 1864 4989 non
1898 4933 1962 4990 ad
1993 4938 2136 4992 aliud

571 5014 715 5077 amat
735 5021 893 5078 quam
927 5015 983 5061 ut
1008 5013 1246 5078 an'ietur;
1275 5007 1456 5078 s_cieiis
1485 5008 1600 5078 ipso
1630 5020 1661 5058 a
1687 5023 1816 5078 aure
1839 5008 2024 5061 beatos
2045 5011 2136 5078 qui

571 5088 632 5132 se
657 5067 976 5158 amaverint.
1016 5095 1034 5129 ι
1069 5076 1202 5158 Cum
1229 5067 1358 5158 ergo
1391 5067 1538 5158 prior
1570 5075 1683 5158 ipse
1714 5067 2092 5158 dilexeritno's
2121 5121 2136 5158 ,

573 5163 598 5200 ι
655 5147 847 5216 dignus
894 5147 1050 5216 plane
1099 5154 1182 5202 est
1230 5146 1318 5214 qui
1362 5146 1710 5215 redamttur,
1747 5150 2037 5216 praesertim
2092 5151 2136 5202 si

571 5218 898 5284 advertatur,
947 5217 1088 5286 quis,
1114 5230 1270 5283 quos,
1290 5224 1663 5286 quantumque
1693 5218 1987 5283 amaverit,
2029 5238 2047 5270 ι
2080 5229 2139 5274 ιιι

572 5289 806 5359 loquitur
827 5285 1017 5359 iterum
1037 5287 1177 5359 idem
1195 5285 1460 5359 $.doctor
1477 5285 1562 5356 (de
1586 5285 1753 5359 Dilig.
1778 5288 1904 5350 Deo,
1927 5305 2041 5357 cap.
2064 5291 2134 5359 l).

643 5355 820 5414 Tertia
837 5357 1092 5426 diligendi
1116 5355 1210 5427 Dei
1237 5369 1397 5410 causa
1421 5357 1659 5427 procedit
1687 5355 1751 5411 ex
1777 5355 2004 5412 suminis
2021 5355 2136 5427 ejus

571 5431 622 5482 iii
647 5444 744 5483 nos
771 5427 1059 5492 heneliciis,
1086 5426 1276 5493 quibus
1305 5440 1459 5479 suum
1481 5426 1539 5479 S.
1575 5428 1874 5481 Bernartius
1896 5426 2132 5482 amorem

572 5503 639 5552 ita
666 5499 932 5552 excitabat
962 5495 1127 5567 (Ibid.
1151 5513 1199 5548 c.
1223 5493 1312 5563 5):
1347 5511 1366 5544 ι
1395 5496 1530 5560 Quid
1557 5511 1683 5565 ergo
1706 5512 1825 5565 ego,
1852 5498 1940 5565 qui
1966 5498 2130 5551 Deum

571 5584 746 5621 meum
787 5577 946 5622 teneo
980 5567 1100 5620 vita:
1146 5580 1277 5619 mea:
1304 5580 1408 5618 non
1438 5567 1608 5619 solum
1635 5568 1923 5635 gratuitum
1974 5571 2132 5634 largi-

572 5649 765 5707 torem,
814 5640 1172 5707 laigissiinum
1202 5636 1706 5707 adiiiitiistratorein,
1757 5639 1902 5702 piunt
1935 5651 2132 5690 couso-

573 5705 818 5771 latorem,
842 5705 1124 5764 sollicitum
1144 5705 1583 5774 guberna'mem;
1610 5708 1700 5759 sed
1727 5707 1946 5773 insuper
1969 5707 2128 5762 etiam

2171 4483 2223 4542 D

2251 464 2385 511 rem,
2415 450 2717 518 ditaterem,
2753 447 3213 516 glorificatorom?
3259 467 3278 497 ι

2318 521 2517 584 Quarta
2551 517 2843 572 ititeralias
2885 521 3371 588 magnisnosurget
3401 517 3632 571 stimulis
3656 524 3829 587 gratia

2248 589 2654 656 redemptionis,
2689 591 2924 656 pretioso
2963 588 3163 642 Christi
3205 589 3466 654 sanguine
3493 602 3830 655 comparata.

2253 678 2269 705 ι
2305 658 2408 714 Sed
2433 668 2516 712 est
2538 659 2676 726 quod
2711 661 2946 725 me,plus
2978 665 3187 720 movet,
3227 658 3393 726 inquit
3427 659 3567 712 idem
3599 657 3659 712 S.
3694 659 3827 712 Ber-

2246 731 2442 781 nardus
2462 729 2759 793 (Serm.20,
2789 732 2840 780 in
2855 728 3054 798 Cant.),
3075 728 3189 794 plus
3209 727 3379 793 urget,
3411 734 3530 794 plus
3551 732 3826 793 accendit,

2245 813 2410 868 super
2435 800 2633 862 omnia,
2670 800 2914 868 inquam,
2952 800 3435 852 redditamabilem
3458 798 3826 863 temilii,Jesu

2244 867 2403 932 bone,
2427 870 2561 922 calix
2589 867 2754 937 quem
2775 869 2976 932 bibisti,
3007 883 3142 936 opus
3169 869 3551 935 redemptionis
3583 878 3807 931 nostra;

2245 937 2346 992 hoc
2368 942 2584 992 omnino
2617 955 2854 992 amorem
2889 951 3127 991 nostrum
3177 938 3330 992 facile
3372 939 3607 991 vindicat
3651 948 3822 991 totum

2245 1009 2376 1072 sibi;
2413 1010 2533 1074 hor,
2569 1009 2804 1076 inquam,
2834 1019 2916 1062 est
2954 1008 3095 1075 quod
3139 1017 3372 1060 nostram
3399 1010 3738 1061 devotionem
3769 1022 3826 1061 et

2245 1079 2493 1132 blandius
2524 1079 2690 1133 allicit
2713 1122 2728 1143 ,
2760 1087 2814 1132 et
2849 1080 3043 1146 jnstius
3085 1079 3291 1147 exigit,
3326 1089 3380 1131 et
3410 1079 3608 1131 arctius
3650 1082 3824 1132 strin-

2243 1161 2346 1217 git,
2378 1160 2481 1202 etc.
2520 1169 2537 1200 ι

2316 1221 2510 1285 Quinta
2542 1233 2699 1272 causa
2733 1231 2833 1282 est,
2861 1221 2983 1287 quia
3019 1219 3108 1288 qui
3139 1220 3303 1273 Deum
3331 1217 3666 1288 diligitmius
3693 1233 3820 1271 eum

2244 1305 2308 1341 eo
2339 1290 2590 1343 eflicitur.
2640 1291 2902 1343 Prasclare
2952 1287 3142 1343 iterum
3188 1289 3244 1340 S.
3293 1287 3592 1340 Beriiardus
3623 1287 3818 1355 (Serm.

2244 1361 2332 1420 5‘),
2366 1360 2418 1411 in
2450 1359 2643 1428 Cant.),
2678 1377 2696 1408 ι
2738 1360 3011 1413 Neminem
3044 1361 3264 1428 suspicit
3287 1374 3456 1418 amor,
3493 1359 3586 1410 sed
3612 1373 3682 1411 ne
3713 1360 3816 1411 de-

2245 1432 2409 1497 spicit
2433 1431 2676 1496 quidem:
2708 1445 2894 1482 omnes
2919 1445 2982 1484 et
3015 1446 3167 1498 aequo
3200 1433 3430 1481 intuetur
3458 1433 3547 1494 qui
3580 1428 3820 1493 ρει-[θεώ

2244 1515 2301 1552 se
2327 1509 2539 1564 amant,
2569 1510 2622 1553 et
2670 1503 2721 1552 iii
2768 1502 2945 1567 seipso
2994 1506 3165 1553 celsos
3199 1498 3230 1551 h
3274 1499 3530 1564 milesque
3578 1509 3821 1552 contem—

2248 1580 2419 1636 perat,
2459 1592 2467 1618 i
2493 1586 2553 1623 ec
2585 1571 2740 1622 modo
2763 1585 2939 1638 pares,
2961 1572 3052 1624 sed
3078 1585 3237 1623 unum
3267 1583 3359 1622 Cos
3389 1568 3540 1620 facit:
3575 1577 3628 1638 tt:
3647 1567 3816 1621 Deum

2249 1642 2473 1693 forsitan
2505 1641 2572 1692 ah
2597 1641 2696 1693 hac
2736 1637 2934 1692 amoris
2967 1642 3145 1709 regula
3178 1640 3348 1705 excipi
3376 1641 3562 1706 putas?
3586 1637 3694 1709 Sed
3723 1640 3822 1705 qui

2247 1710 2486 1763 adh1eret
2539 1711 2668 1774 Deo,
2702 1726 2837 1764 unus
2867 1708 3083 1775 Spiritus
3111 1722 3215 1763 est.
3246 1714 3381 1774 Quid
3415 1708 3627 1760 miraris
3653 1708 3674 1759 ?
3705 1725 3820 1775 ipse

2171 1759 2219 1819 Β
2245 1782 2413 1834 laetus
2455 1793 2536 1836 est
2567 1759 2814 1848 tanquam
2847 1759 2982 1832 uiitis
3009 1799 3070 1834 ex
3108 1797 3138 1833 ιι
3181 1759 3288 1832 bis?
3325 1797 3341 1828 ι

2316 1853 2478 1904 Sexta
2505 1845 2791 1912 causaest,
2821 1852 2939 1918 quia
2971 1853 3238 1918 proprium
3265 1845 3649 1918 monachorum
3676 1861 3816 1913 opus

2247 1934 2322 1974 est
2364 1923 2527 1974 Deum
2566 1921 2784 1988 diligere
2815 1917 2850 1970 εί
2878 1917 3017 1974 unde
3071 1921 3340 1974 Gilbertus
3396 1918 3463 1968 de
3513 1917 3812 1988 lloillandia

2245 2007 2370 2045 suos
2400 1986 2683 2060 alloquens
2703 1994 2774 2043 ait
2803 1988 2998 2055 (Serm.
3033 1991 3121 2053 l9,
3167 1990 3218 2041 in
3256 1988 3470 2055 Carit.):
3512 2006 3529 2036 ι
3566 1986 3811 2040 Aliorum

2246 2065 2343 2114 ali-.i
2363 2074 2484 2114 sunt
2506 2061 2701 2125 ol‘licia,
2736 2071 2968 2114 vestrum
2997 2062 3230 2126 Speciale
3257 2073 3447 2110 inuitus
3477 2069 3559 2109 est
3587 2073 3758 2109 amor.
3784 2076 3812 2109 ι

2320 2132 2410 2185 llis
2459 2144 2615 2200 atque
2659 2131 2778 2184 aliis
2830 2131 3131 2197 hujusmodi
3186 2129 3437 2200 stimulis,
3462 2128 3570 2200 qui
3607 2130 3812 2194 passim

2247 2197 2543 2255 occurrunt
2574 2201 2712 2269 apud
2762 2211 3042 2264 auctores,
3089 2199 3401 2253 excitandus
3446 2197 3612 2249 estin
3659 2200 3816 2250 nobis

2242 2288 2393 2325 amor
2426 2273 2548 2336 Dei,
2579 2273 2771 2340 quibus
2811 2274 2898 2339 qui
2940 2286 3046 2324 non
3071 2274 3360 2331 exeitatur,
3392 2269 3534 2318 hunc
3578 2281 3682 2318 non
3713 2276 3807 2340 oo-

2245 2343 2504 2403 dormire,
2537 2338 2629 2394 sed
2661 2338 2879 2408 prorsus
2908 2351 3171 2394 mortuum
3203 2355 3322 2392 esse
3354 2340 3545 2390 merito
3577 2338 3806 2408 dixeris;

2248 2427 2368 2465 nant
2405 2436 2419 2462 ι
2457 2406 2833 2480 dignus—plane
2856 2421 2936 2464 est
2961 2419 3130 2463 morte
3158 2409 3246 2478 qui
3281 2409 3393 2474 tibi,
3414 2409 3638 2480 Domine
3660 2406 3812 2470 Jesii,

2243 2493 2451 2536 recusat
2474 2478 2745 2541 t'i‘vere,'et
2773 2492 3010 2533 mortuus
3040 2495 3116 2534 esi
3140 2497 3150 2533 :
3172 2491 3222 2532 et
3251 2495 3337 2547 qui
3371 2478 3460 2529 tibi
3501 2493 3602 2528 non
3649 2491 3813 2544 sapit,

2244 2555 2435 2620 desipit
2458 2570 2472 2615 ;
2497 2561 2550 2605 et
2572 2552 2658 2619 qui
2691 2562 2843 2604 curat
2873 2567 3012 2612 esse,
3047 2552 3142 2601 nisi
3169 2564 3383 2617 propter
3411 2558 3482 2610 te,
3516 2562 3609 2612 (ro
3642 2554 3813 2603 nihilo

2242 2634 2345 2684 est,
2371 2637 2423 2677 et
2452 2622 2577 2675 nihil
2609 2631 2711 2681 est,
2751 2641 2767 2669 ι
2811 2624 2976 2690 inquit
3011 2621 3065 2675 S.
3101 2621 3419 2690 Beiriiardus.

2318 2695 2483 2746 l'orro
2511 2695 2633 2744 licet
2659 2694 2846 2744 modus
2877 2687 3126 2759 diligendi
3159 2689 3324 2741 Deum
3349 2691 3415 2740 sit
3444 2687 3672 2759 diligere!
3695 2688 3810 2759 sine

2246 2765 2424 2830 modo,
2457 2777 2506 2813 ιιι
2536 2762 2770 2830 loquitur
2805 2757 3146 2831 los—idem
3195 2759 3474 2831 Sodoctor
3505 2757 3610 2826 (De
3649 2757 3809 2831 Dilig.

2250 2837 2385 2896 lico,
2413 2828 2530 2898 'cap.
2565 2828 2654 2898 li,
2683 2828 3138 2899 aliqu—ein'tauien
3191 2828 3344 2882 nobis
3387 2831 3471 2880 liic
3501 2829 3814 2899 przelixisse

2244 2906 2459 2958 videtur
2486 2903 2542 2957 S.
2597 2898 2941 2964 Benedictus,
2973 2917 3090 2955 cum
3122 2903 3253 2954 dixit
3286 2903 3448 2951 Deum
3481 2898 3803 2965 diligendum

2247 2991 2367 3028 esse
2402 2991 2462 3027 ex
2493 2984 2594 3026 toto
2637 2976 2806 3034 corde,
2864 2982 2967 3024 tota
3019 2972 3209 3033 inium,
3257 2978 3359 3021 tota
3388 2969 3600 3032 virtute;
3650 2984 3807 3036 quem

2247 3048 2460 3100 modum
2511 3045 2578 3096 ita
2623 3045 2843 3111 exponit
2872 3043 2930 3096 S.
2977 3042 3301 3110 Augustinus
3327 3038 3466 3111 (Lib.
3506 3040 3804 3111 tdeUOﬂ.

1440 3113 1531 3181 qui
1571 3113 1851 3180 unicuique
1883 3124 2138 3176 creaturae
2168 3121 2214 3183 ζ]
2245 3114 2460 3177 Christ.,
2493 3130 2538 3165 ε.
2580 3113 2673 3179 22)
2700 3108 2712 3164 Ξ
2749 3131 2767 3163 ι
2809 3115 2929 3166 llaec
2955 3125 3036 3165 est
3067 3108 3245 3178 regula
3278 3109 3579 3183 dileciiOnis
3610 3108 3805 3183 divini-

2249 3197 2328 3238 Iu-
2355 3185 2671 3238 constituta:
2707 3183 2897 3250 DJiges
2927 3179 3801 3250 proxiinutntuumsicutteipsuin;

2247 3255 2412 3309 Deum
2465 3270 2587 3307 iero
2636 3269 2702 3306 ex
2739 3263 2846 3305 toto
2876 3258 3056 3315 curde,
3105 3269 3168 3306 ex
3203 3262 3308 3304 tota
3339 3250 3540 3311 aninta,
3573 3264 3642 3301 ex
3697 3258 3806 3302 tota

2246 3340 2454 3389 mente;
2503 3334 2559 3376 ut
2591 3337 2776 3377 omnes
2805 3325 3155 3390 COglltlittlieS
3208 3333 3356 3390 tuas,
3397 3326 3452 3372 et
3480 3321 3696 3371 omnei'n
3730 3320 3805 3370 vi-

2247 3405 2386 3458 tam,
2445 3403 2498 3447 et
2536 3409 2746 3446 omnem
2797 3395 3120 3446 intellectum
3167 3393 3219 3446 io
3258 3393 3403 3444 illum
3446 3391 3726 3452 conferas,
3776 3403 3806 3444 δ

2245 3481 2350 3533 quo
2377 3466 2541 3518 habes
2566 3479 2625 3516 ea
2644 3465 2754 3532 ipsa
2774 3479 2888 3531 qua:
2915 3465 3150 3516 confers.
3175 3463 3304 3515 Cum
3329 3462 3430 3512 ait:
3463 3461 3600 3510 'l'oto
3625 3460 3806 3521 corde,

2250 3546 2356 3588 tota
2383 3536 2577 3598 anima,
2608 3546 2712 3586 tota
2745 3544 2940 3591 mente.
2976 3535 3173 3586 nullam
3227 3533 3346 3583 \it.i:
3379 3543 3572 3582 nostra:
3601 3541 3804 3596 partem

2249 3606 2462 3673 reliquit
2489 3620 2607 3672 qua:
2641 3621 2826 3656 vacare
2855 3605 3064 3666 debeat,
3095 3615 3146 3655 et
3173 3604 3321 3671 quasi
3355 3600 3526 3673 locum
3558 3600 3687 3673 dare
3707 3642 3721 3663 ,
3754 3610 3805 3651 ut

2250 3670 2441 3729 alia—te
2473 3670 2596 3727 velit
2633 3673 2762 3736 hui;
2796 3674 2888 3726 sed
2919 3690 2984 3742 qu
3009 3673 3168 3740 dqtiid
3195 3670 3683 3742 aliuddiligendutti
3716 3685 3802 3742 re-

2248 3751 2387 3800 nerit
2415 3749 2464 3798 in
2496 3747 2753 3809 animum,
2799 3740 3212 3810 il.uc'ritpiatur,
3249 3755 3354 3810 quo
3385 3751 3524 3792 totus
3557 3740 3802 3792 dilectio-

2248 3816 2329 3870 nis
2360 3817 2586 3884 ittipetos
2612 3817 2798 3868 curiit.
2837 3834 2852 3863 ι
2882 3815 3052 3884 Aliter
3067 3818 3120 3864 δ.
3156 3814 3451 3884 Beriiardus
3473 3812 3799 3884 itllllCAIOClllll

2246 3881 2473 3952 extiltcat
2504 3886 2697 3954 (Serm.
2723 3884 2791 3936 ‘20
2813 3926 2827 3949 ,
2848 3885 2898 3935 in
2922 3882 3096 3951 Cont.)
3125 3903 3173 3936 ;ι
3197 3883 3342 3948 illini,
3370 3885 3556 3954 inquit.
3582 3881 3804 3954 tidetur,

2247 3951 2444 4009 sialius
2471 3951 2859 4024 conipetenlior
2889 3969 3075 4024 sensus
3105 3954 3155 4007 in
3176 3955 3275 4006 hac
3306 3954 3441 4006 trina
3471 3951 3809 4004 distinctione

2248 4042 2352 4079 non
2382 4023 2646 4090 occurrit,
2681 4040 2830 4077 amor
2877 4023 3087 4092 quidem
3119 4024 3297 4078 cordis
3324 4027 3387 4074 ad
3421 4027 3592 4074 zelum
3623 4038 3802 4089 quein-

2247 4097 2366 4149 dam
2404 4095 2665 4163 pertinere
2695 4095 3019 4157 all'ectiouis;
3055 4098 3246 4147 anima:
3294 4109 3417 4146 vero
3449 4106 3598 4143 amor
3627 4095 3692 4144 ad
3727 4108 3804 4144 in-

2247 4168 2500 4220 dustriain
2533 4183 2624 4220 seu
2653 4165 2911 4233 judicium
2940 4180 2996 4217 ra
3024 4166 3182 4228 iouis;
3216 4165 3422 4217 virtutis
3462 4175 3637 4213 autent
3679 4164 3808 4215 dile-

2247 4240 2354 4291 ctio
2385 4237 2448 4291 ad
2475 4237 2638 4290 animi
2671 4250 2826 4303 posse
2855 4237 3035 4288 relerri
3062 4234 3410 4288 eoostantiiiin
3443 4236 3525 4285 vel
3557 4233 3806 4300 \igorein.

2249 4307 2416 4376 Dilige
2437 4321 2566 4375 ergo
2589 4307 2868 4360 Dominum
2899 4305 3064 4358 Deum
3093 4315 3238 4358 tuum
3264 4313 3439 4356 totoet
3459 4306 3616 4376 ιιι.)ιο
3637 4304 3807 4355 cordis

2249 4373 2472 4440 affectu;
2506 4373 2673 4444 dilige
2705 4385 2814 4428 tota
2854 4376 3072 4428 rationis
3096 4378 3364 4444 vigilantia
3407 4386 3458 4425 et
3490 4373 3806 4440 circumspe-

2247 4450 2456 4510 etione;
2505 4448 2666 4515 dilige
2695 4460 2760 4499 ex
2803 4456 2906 4500 tota
2940 4447 3165 4509 virtute,
3199 4456 3254 4498 ut
3283 4458 3380 4497 nec
3410 4445 3540 4494 ioori
3576 4459 3668 4509 pro
3697 4459 3807 4509 ejus

2249 4533 2430 4572 amore
2461 4519 2823 4585 pertimescas,
2851 4527 2954 4570 etc.
2995 4535 3013 4565 ι
3055 4517 3117 4568 lit
3148 4515 3317 4569 infra:
3357 4533 3374 4564 ι
3418 4515 3557 4585 Ergo
3588 4527 3684 4564 nec
3713 4516 3806 4566 ah-

2245 4587 2369 4642 duci
2389 4581 2685 4651 blanditiis,
2709 4603 2806 4639 nec
2824 4591 2968 4639 sedit:
2989 4585 3006 4638 i
3031 4587 3273 4648 fallaciis,
3291 4599 3387 4637 nic
3403 4581 3807 4651 injuriislrangi,

2248 4668 2359 4712 toto
2388 4658 2571 4722 corde,
2620 4666 2725 4710 tota
2758 4658 2954 4716 anima,
2991 4666 3095 4708 toti
3126 4657 3315 4709 virtute
3369 4655 3592 4720 diligere
3644 4666 3743 4706 est.
3784 4670 3804 4704 ι

2245 4728 2426 4798 Neque
2453 4741 2600 4798 certe
2622 4729 2796 4780 minus
2811 4728 3068 4798 attiaiidiis
3099 4727 3269 4798 Deus;
3300 4741 3517 4798 natit,_u.
3540 4722 3806 4798 dicit‘Gil-

2242 4795 2422 4853 bertus
2449 4799 2516 4852 de
2547 4797 2844 4851 lloillandia
2867 4795 3061 4862 (Serm.
3099 4795 3185 4859 l9,
3215 4797 3262 4847 in
3289 4795 3464 4860 Cant.)
3486 4833 3500 4854 ,
3534 4812 3550 4842 ι
3587 4795 3645 4846 Si
3677 4795 3807 4846 infra

2241 4869 2383 4923 rites
2409 4880 2527 4923 tuas
2547 4883 2697 4922 amor
2719 4884 2774 4920 se
2803 4867 3014 4920 cohibet
3047 4881 3096 4920 et
3128 4866 3417 4928 contrahit,
3451 4864 3662 4930 iniquus
3690 4873 3802 4926 est;

2242 4953 2292 4991 et
2334 4941 2377 4993 si
2403 4939 2550 5008 juxta
2579 4940 2749 5004 vires,
2776 4937 3017 5005 exiguus.
3057 4956 3074 4988 ι
3099 4938 3232 5002 Quid
3263 4938 3425 5002 ergo?
3459 4934 3652 5008 lterum
3674 4949 3806 5008 cum

2242 5004 2429 5063 eodem
2473 5008 2712 5062 Gilberto
2737 5004 2883 5060 dicat
2910 5012 3270 5075 unusquisque
3304 5015 3547 5075 nosti-uni
3578 5004 3804 5071 (lbid.):

2251 5096 2269 5129 ι
2314 5080 2535 5149 Diligam
2571 5088 2643 5144 te,
2697 5078 2834 5132 bone
2860 5077 3017 5140 Jesu;
3050 5074 3261 5145 dlilg-tlll
3297 5087 3346 5128 te
3369 5115 3382 5138 ,
3435 5074 3603 5126 titus
3652 5091 3766 5125 inea
3789 5113 3804 5136 ,

2241 5164 2401 5217 quem
2435 5164 2539 5202 non
2568 5163 2782 5218 possunt
2809 5151 2974 5216 gratis
2993 5149 3235 5216 diligere,
3269 5161 3364 5198 nec
3389 5160 3604 5218 possunt
3633 5158 3802 5196 tamen

2241 5216 2371 5273 satis
2393 5216 2651 5288 diﬁgere;
2682 5219 2973 5287 dirigantur
2996 5220 3046 5271 in
3071 5229 3120 5272 te
3149 5233 3211 5270 ex
3236 5220 3441 5282 integro
3471 5216 3642 5266 studia
3667 5229 3802 5277 mea,

2247 5306 2342 5342 nec
2357 5291 2536 5344 alieno
2550 5290 2882 5342 deducantur
2895 5297 2947 5342 et
2960 5288 3320 5341 distrahantur
3332 5288 3546 5338 allecto.
3566 5289 3632 5336 At
3651 5299 3802 5353 quam

2246 5359 2433 5426 exigua
2462 5369 2587 5412 sunt
2614 5360 2774 5413 etiam
2805 5373 2923 5413 cum
2971 5358 3173 5427 integra
3205 5368 3327 5409 sunt
3355 5359 3403 5407 in
3433 5366 3484 5407 te
3512 5355 3684 5427 studia
3714 5368 3804 5406 no-

2244 5425 2388 5482 atra?
2415 5431 2682 5497 quomodo
2708 5444 2834 5496 ergo
2875 5425 3187 5491 diminuam,
3219 5428 3355 5492 quod
3389 5442 3509 5478 cum
3543 5425 3802 5491 integrum

2242 5507 2344 5561 est,
2379 5510 2482 5551 lani
2508 5501 2650 5552 exile
2675 5505 2789 5552 est?
2823 5509 2962 5552 tutus
2993 5499 3045 5552 in
3080 5511 3148 5565 te,
3184 5498 3320 5551 Deus
3353 5499 3510 5557 bone,
3541 5497 3803 5548 desiderio

2240 5571 2398 5622 lci-ar.
2435 5585 2459 5620 ι

2314 5638 2504 5691 Deinde
2526 5640 2816 5708 proximum
2840 5656 3080 5707 .anqnani
3105 5634 3367 5708 «insimul
3389 5636 3455 5690 Ut
3481 5635 3582 5689 hoc
3608 5637 3688 5686 ius
3716 5650 3802 5686 ru.

2238 5719 2474 5765 iui-iitum
2528 5707 2765 5765 breviter
2791 5711 3105 5779 expediant,
3155 5707 3253 5761 ll‘id
3304 5710 3430 5760 intui
3485 5711 3794 5774 inquirenda
