4102 6360
297 368 392 424 Sol

1361 357 1644 416 REGULA
1681 355 2172 415 COMMENTATA.
2216 354 2368 409 CAP.
2417 352 2498 407 l\'.

3447 318 3598 393 διιί

295 495 568 549 propono:
612 477 672 532 1°
704 473 824 546 quis
858 485 1038 549 noster
1062 475 1330 544 proximus
1360 473 1617 549 dicendus
1644 473 1754 549 sit;
1801 472 1858 524 9.“
1891 477 1942 538 Α
1967 486 2185 549 omnes,
2218 471 2360 549 quod
2392 467 2636 537 discipuli
2672 467 2772 520 mei
2802 465 2953 530 sitis,
2999 465 3043 518 si
3088 461 3403 518 cliarizateni
3448 465 3541 517 lia~

295 544 411 618 quis
461 557 641 602 noster
671 544 734 601 ἱιι
767 561 887 601 eum
937 547 1155 618 allectus
1203 547 1599 618 essetis-beat;
1643 544 1704 596 5°
1739 560 1854 613 qum

298 615 636 672 iii~trumenti
662 619 816 684 hujus
855 617 1143 670 necessitas
1172 621 1249 668 vel
1284 615 1502 667 utilitas.

366 689 600 742 Primum
629 683 860 756 explicat
913 687 970 741 S.
1021 688 1343 756 Augustinus
1374 684 1569 756 (Serm.
1600 683 1718 756 ,l08
1748 724 1772 756 ,_
1800 683 1855 756 in

298 760 529 829 Append.
547 753 806 829 SeriitiS.
824 757 1058 825 August.)
1084 771 1183 829 scit
1203 755 1377 829 quivis
1399 755 1532 829 alius
1561 755 1641 806 his
1667 753 1863 829 verbis:

305 848 323 880 ι
345 825 415 884 ’51
450 828 585 883 forte
612 828 830 896 quilibet
863 836 1065 896 quaerat
1097 826 1218 895 quis
1261 826 1340 896 sit,
1381 826 1695 896 proximus,
1731 825 1867 877 sciat

299 914 514 955 omnem
571 894 933 952 CliriStianuin
987 894 1130 950 rcCte
1191 895 1492 964 proximum
1549 894 1692 958 dici,
1743 896 1864 962 quia

300 984 490 1024 omnes
535 973 584 1021 iti
625 969 890 1034 baptismo
921 966 1013 1018 ﬁlii
1066 965 1158 1018 Dei
1194 963 1636 1028 ίδίιιιοιὶῐίςειηιυτ,
1679 973 1735 1016 ιιι
1775 963 1865 1014 lilii

301 1040 471 1093 simus
511 1037 823 1105 spiritaliter
870 1037 921 1090 in
964 1036 1222 1089 charitate
1254 1036 1506 1093 perfecta.
1564 1051 1596 1105 »ἡ
1630 1034 1866 1105 Angusta

303 1104 730 1178 proxinii'nOtio,
763 1121 920 1175 quam
967 1108 1300 1178 alibigpaulo
1351 1105 1526 1178 fusius
1567 1104 1628 1158 5.
1680 1104 1869 1156 doctor

301 1173 572 1234 extendit:
613 1196 630 1227 ι
673 1173 951 1230 Proiimus
983 1173 1172 1246 inquit,
1197 1183 1280 1229 est
1316 1173 1866 1246 omiiishomoLpro-

304 1250 477 1302 ximus
495 1257 612 1300 tuus
633 1259 714 1300 est
742 1249 829 1313 qui
856 1256 1028 1300 tecum
1057 1243 1214 1298 iiatus
1234 1256 1314 1298 est
1340 1260 1405 1298 ex
1435 1244 1602 1297 Adam
1629 1251 1684 1295 et
1713 1243 1816 1294 Eva
1853 1259 1866 1294 :

304 1332 497 1371 omnes
547 1317 772 1386 proximi
814 1332 998 1371 sumus
1045 1316 1252 1369 ratione
1299 1314 1627 1378 nativitatis,
1659 1323 1715 1386 et
1736 1315 1870 1365 alter

306 1390 459 1442 alteri
485 1384 674 1450 frater,
705 1387 792 1440 illa
817 1402 911 1456 spe
935 1387 1169 1441 cmlestis
1203 1386 1532 1438 bmreditatis
1563 1384 1867 1452 proximum

309 1470 456 1512 tuum
475 1458 638 1510 debes
663 1467 849 1524 putare
873 1472 1084 1511 omnem
1111 1456 1380 1509 hominem
1401 1456 1558 1507 etiam
1584 1462 1868 1524 antequam

308 1532 378 1582 sit
405 1523 756 1581 Christianus.
795 1545 813 1576 ι
846 1526 1028 1596 Neque
1055 1527 1136 1580 his
1153 1542 1362 1594 quoque
1393 1524 1610 1578 dilectio
1635 1524 1694 1576 .is
1734 1523 1867 1596 limi-

311 1599 456 1650 tibus
479 1606 783 1655 contentus,
833 1593 1077 1664 proximo
1118 1593 1387 1650 netinuem
1429 1595 1495 1647 ad
1529 1597 1671 1664 ipsos
1711 1593 1870 1644 etiam

317 1669 536 1736 angelos
584 1663 842 1720 extendit?
870 1669 920 1720 iii
973 1667 1122 1720 libris
1169 1667 1234 1719 de
1285 1665 1534 1718 Doctrina
1567 1663 1870 1736 Christiana

311 1735 454 1806 (Lib.
479 1753 515 1804 ι,
548 1751 592 1789 r.
636 1738 726 1805 30)
753 1777 767 1799 ,
807 1737 896 1791 ubi
927 1747 1204 1805 postquam
1238 1736 1425 1788 statuit
1452 1749 1580 1806 eum
1611 1735 1714 1786 ὠσί
1746 1748 1872 1806 pro-

311 1804 512 1861 ximum
544 1806 624 1861 cui
657 1804 995 1874 praebendum
1032 1804 1133 1869 est,
1166 1813 1257 1858 aut
1285 1821 1312 1857 a
1340 1804 1614 1872 (ιιιιιιιοιιίε
1632 1805 1874 1874 praeben-

313 1880 442 1931 dum
468 1888 551 1932 est
577 1873 806 1930 officium
853 1876 1266 1943 misericordite,
1302 1876 1596 1928 itaiul’ert:
1639 1892 1656 1924 ι
1703 1873 1873 1926 Mani-

313 1954 508 2002 testum
544 1948 701 2017 109
726 1959 808 2001 est
835 1947 936 2000 hoc
959 1955 1253 2017 ppizccepto,
1278 1962 1382 2014 qua
1416 1947 1663 2010 jubeniur
1687 1947 1874 2017 proxi-

315 2032 460 2071 mum
487 2015 731 2086 diﬁgefe,
758 2017 915 2070 etiam
946 2015 1008 2070 S.
1031 2016 1250 2086 angelos
1278 2018 1568 2079 contineri,
1616 2030 1644 2065 a
1687 2015 1878 2082 quibus

317 2099 482 2140 tanta:
508 2086 886 2140 misericordiae
914 2086 1085 2140 ollieia
1111 2087 1506 2154 impenduntur.
1551 2104 1569 2136 ι

389 2157 509 2210 Jam
541 2170 667 2209 veto
696 2158 866 2224 qualis
892 2158 1087 2210 debeat
1129 2153 1247 2209 esse
1275 2168 1453 2209 nostra
1502 2156 1552 2207 in
1580 2153 1878 2224 proximum

315 2227 532 2280 dilectio
553 2221 874 2294 docet'idetn
887 2225 943 2280 5.
958 2226 1291 2294 Augustinus
1315 2226 1398 2278 liis
1418 2227 1593 2277 verbis
1615 2222 1717 2292 (De
1742 2221 1878 2274 Mor.

318 2295 466 2349 Eccl.
509 2296 699 2348 cathJ.
727 2311 774 2350 c.
821 2293 948 2367 28):
989 2315 1006 2346 ι
1046 2293 1146 2360 Qui
1176 2310 1304 2363 ergo
1333 2296 1504 2364 diligit
1536 2296 1836 2367 proximum
1866 2333 1880 2356 ,

317 2367 693 2436 agitquantuni
712 2383 742 2432 p
765 2364 968 2420 itest'ut
989 2379 1150 2419 sanus
1175 2379 1402 2432 corpore
1417 2377 1686 2436 sanusque
1701 2364 1880 2436 animo

317 2430 418 2502 sit;
447 2430 540 2490 sed
581 2430 721 2488 cura
738 2437 978 2503 corporis
1003 2436 1070 2490 ad
1100 2430 1384 2490 sanitatem
1409 2435 1572 2487 animi
1597 2430 1880 2486 referenda

319 2516 421 2560 t'st.
463 2524 481 2556 ι
519 2505 583 2559 Et
605 2505 726 2558 alibi
761 2504 870 2574 (De
895 2505 1068 2559 Doctr.
1102 2505 1316 2569 Christ.,
1347 2521 1392 2556 ε.
1423 2505 1552 2569 22);
1592 2522 1609 2553 ι
1641 2503 1888 2574 Quisquis

321 2591 448 2646 ergo
472 2586 614 2629 recte
639 2572 934 2643 proximum
957 2576 1148 2645 diligit,
1168 2575 1268 2628 hoc
1289 2591 1408 2629 cum
1437 2592 1500 2628 eo
1523 2589 1679 2642 agere
1706 2572 1887 2646 debet,

323 2642 455 2699 ιιῑῖιι
482 2646 591 2714 ipse
623 2642 733 2698 toto
759 2646 942 2710 corde,
977 2642 1084 2700 t0ta
1127 2646 1323 2709 animi,
1353 2655 1458 2698 tota
1498 2653 1676 2697 mente
1707 2642 1892 2714 diligit

323 2713 512 2769 Deum.
555 2733 572 2764 ι
621 2716 811 2768 Verum
840 2731 959 2769 cum
993 2729 1133 2769 tanta
1171 2721 1240 2769 sit
1287 2721 1528 2767 limiiaiize
1570 2713 1892 2767 inﬁrmitatis

325 2787 651 2847 necessitas,
689 2786 851 2855 utqui
894 2801 1082 2840 omnes
1109 2786 1350 2839 homines
1381 2787 1600 2853 diligere
1631 2794 1890 2855 tenemur,

327 2857 573 2910 omnibus
614 2853 792 2910 tamen
842 2857 1124 2911 subvenire
1170 2872 1275 2908 non
1325 2858 1618 2922 possimus,
1669 2853 1793 2921 quid
1844 2853 1894 2903 in

330 2935 479 2979 tanta
511 2929 828 2980 necessitate
849 2928 1007 2995 positi
1031 2927 1364 2994 potissimum
1393 2941 1550 2993 agere
1585 2925 1894 2995 debeamus.

330 2999 402 3051 ita
433 2999 680 3049 describi
711 2996 768 3050 S.
805 2991 992 3050 doctor
1013 2991 1195 3065 ('lbid"
1221 3012 1269 3050 ε.
1299 2991 1477 3064 ἓως]
1511 2997 1705 3047 Omnes
1730 2991 1900 3065 homi-

331 3081 430 3121 nes
450 3081 599 3134 a-que
632 3064 1041 3135 diligendisuiit;
1074 3073 1168 3120 sed
1197 3081 1318 3120 cum
1375 3067 1620 3117 omnibus
1648 3064 1900 3135 prodesse

333 3152 439 3191 non
471 3133 641 3206 possis
666 3176 680 3200 ,
727 3133 811 3190 liis
841 3141 1170 3206 potissimum
1197 3137 1576 3206 consulendum
1595 3133 1778 3201 estqui
1807 3147 1900 3199 pro

1969 541 2190 594 liuet-itis
2217 542 2355 594 inter
2385 556 2478 593 vos
2506 548 2760 592 mutuam.
2804 557 2822 589 ι

2043 610 2240 664 Deinde
2289 628 2389 662 non
2441 607 2731 677 occidere.]
2784 605 3040 676 Appos'ile
3089 604 3152 657 ad
3209 603 3322 656 hzec
3374 605 3534 657 verba
3594 671 3596 676 Ι

1971 681 2253 734 Meuardus
2293 699 2308 732 ε
2339 680 2640 736 Mirabitur.
2693 679 2881 747 inquit,
2909 677 3197 747 quispiam,
3227 690 3321 727 cur
3354 690 3539 747 mona-
3587 733 3593 742 ,

1969 753 2083 804 cliis
2115 793 2128 816 ,
2173 766 2396 817 quorum
2437 751 2696 815 professio
2741 745 2822 801 est
2874 745 3213 816 perfectionis
3267 746 3542 808 studium,

1977 832 2083 873 tani
2128 822 2239 874 dira
2293 821 2514 874 crimina
2543 822 2946 886 protiibeantur.
2979 817 3083 870 Sed
3129 817 3373 884 quamvis
3421 832 3539 867 rara

1977 893 2132 962 ιιο
2165 891 2275 944 Ιιειιο
2297 891 2401 962 sint
2432 891 2481 944 in
2515 891 2893 962 ttt'ittaslerlis,
2918 902 3018 940 non
3051 886 3459 962 tanicnestabs
3481 901 3542 938 re

1973 956 2073 1015 i—Ila—
2091 956 2450 1027 prohibuisse,
2482 971 2534 1012 ut
2566 975 2676 1013 sua:
2709 960 3058 1013 recordentur
3085 956 3389 1027 fragilitatis
3420 972 3543 1008 nio-

1973 1026 2128 1084 naclii
2151 1072 2165 1094 ,
2219 1047 2317 1084 nec
2361 1046 2418 1084 se
2448 1031 2517 1083 ob
2544 1039 2737 1083 Slatum
2772 1029 3074 1098 religiosum
3118 1026 3226 1094 jam
3263 1029 3540 1093 perfectio.

1973 1117 2094 1155 ueni
2141 1102 2379 1170 attigisse
2411 1102 2748 1162 existiment,
2778 1115 2942 1170 seque
2975 1101 3108 1170 ultra
3144 1098 3343 1170 peccati
3374 1107 3543 1170 metas

1975 1169 2305 1240 pervenisse.
2345 1172 2411 1225 Et
2459 1187 2586 1224 Sane
2616 1170 2713 1225 55.
2745 1169 2964 1223 abbates
2998 1169 3388 1240 Ernietioldus,
3417 1169 3544 1221 Ber-

1973 1237 2210 1304 charius,
2262 1241 2537 1295 Gerardus
2581 1258 2608 1293 a
2643 1240 2917 1309 parricidis
2966 1239 3272 1302 monachis,
3307 1237 3462 1309 culeo
3481 1246 3545 1309 et

1975 1314 2132 1366 simia
2171 1313 2379 1380 dignis,
2419 1313 2582 1378 impie
2631 1305 2879 1363 trucidati
2920 1320 3077 1370 sunt;
3114 1309 3238 1380 quin
3282 1317 3336 1360 et
3379 1308 3440 1362 S.
3481 1305 3542 1359 P.
3595 1361 3598 1365 ,

1976 1378 2262 1436 Benedicto
2285 1398 2314 1436 a
2339 1382 2552 1448 perﬁdis
2585 1380 2706 1434 ﬁliis
2737 1383 2914 1433 vinum
2935 1395 3141 1434 veneno
3172 1378 3392 1431 mixtum
3415 1394 3540 1446 pro-

1977 1456 2212 1520 pinatum
2248 1453 2411 1505 fuisse
2437 1460 2662 1506 testatur
2695 1452 2751 1506 S.
2781 1451 3088 1517 Gregm'ius.
3119 1448 3268 1503 Unde
3297 1465 3402 1520 nou
3430 1451 3546 1520 sine

1977 1519 2186 1576 ratione
2212 1525 2592 1576 intercanoues
2607 1521 2704 1574 sub
2734 1521 2944 1592 Edgaro
2964 1535 3089 1588 rege
3119 1520 3270 1575 datos
3293 1519 3358 1592 de
3384 1519 3544 1592 modo

1977 1593 2284 1658 imponendi
2318 1593 2683 1662 pmuitetitiaui
2719 1589 2856 1656 apud
2888 1592 3268 1662 Speltnannum
3291 1630 3306 1654 ,
3333 1590 3441 1662 iste
3470 1589 3548 1662 lef

1977 1664 2120 1730 gitur
2167 1660 2356 1733 (Nunt.
2408 1664 2532 1730 28):
2587 1681 2604 1713 t
2640 1663 2696 1715 Si
2743 1665 2862 1730 quis
2895 1660 3431 1733 tuissalis‘sacerdos,
3466 1660 3546 1733 vel
3592 1716 3596 1721 ,

1968 1729 2274 1787 ιιιιυηιιείιιιε
2332 1729 2600 1787 hominem
2653 1729 2940 1795 occiderit,
2974 1729 3180 1784 ordinis
3233 1733 3442 1784 amittat
3467 1729 3547 1782 di-

1979 1805 2261 1873 gnitatem,
2305 1814 2360 1859 et
2393 1804 2600 1873 jejunet
2626 1803 2811 1857 di-cem
2859 1817 3049 1864 annos,
3081 1801 3289 1873 scilicet
3317 1802 3548 1873 quinque

1982 1871 2152 1929 annos
2199 1891 2334 1943 pane
2363 1871 2415 1928 et
2444 1871 2614 1935 aqua,
2647 1884 2700 1927 ct
2734 1889 2824 1942 per
2869 1875 3094 1943 alterum
3127 1871 3548 1943 quinquennium

1983 1957 2093 1999 tres
2137 1941 2253 2000 dies
2303 1946 2355 1999 in
2380 1945 2617 2014 qualibet
2645 1941 2940 2006 septimana
2971 1959 2984 2005 ;
3016 1941 3086 2014 in
3119 1942 3342 2014 reliquis
3368 1949 3544 2014 autem

1981 2018 2103 2069 cibo
2135 2017 2363 2082 fruatur,
2397 2011 2464 2068 'et
2497 2015 2668 2068 donec
2713 2013 2904 2067 vixerit
2951 2013 3152 2066 crimen
3204 2012 3378 2080 lugeat
3425 2011 3551 2064 dili-

1983 2099 2165 2154 genter
2192 2087 2363 2154 (Tom.
2389 2083 2420 2138 Ι
2447 2083 2604 2139 Conc.
2634 2085 2816 2152 Angl.,
2837 2091 2890 2148 ρ.
2916 2082 3094 2150 465).›

2056 2151 2252 2209 Verum
2285 2173 2388 2210 non
2425 2173 2584 2208 unum
2619 2165 2698 2206 est
2722 2151 2853 2206 ferri
2884 2151 3253 2213 homicidium,
3286 2162 3377 2204 aut
3400 2151 3547 2206 solus

1986 2227 2251 2280 homicida
2283 2227 2584 2280 censendus
2614 2234 2694 2280 est
2716 2267 2730 2288 ,
2776 2229 2866 2294 qui
2919 2225 3114 2294 occidit
3143 2237 3368 2294 corpora
3389 2264 3404 2287 ,
3457 2223 3551 2276 sed

1989 2297 2156 2349 multo
2182 2301 2347 2366 magis
2369 2299 2455 2365 qui
2479 2298 2706 2349 animas.
2725 2293 2820 2361 Qui
2841 2294 3000 2349 etiam
3025 2293 3138 2366 odit
3162 2293 3376 2366 fratrem
3395 2307 3550 2366 suum

1988 2366 2250 2420 homicida
2273 2361 2578 2433 esl,'iiiqtiit
2605 2367 2864 2427 Joannes;
2903 2377 2956 2418 et
2983 2364 3285 2432 Sapientia:
3323 2362 3392 2416 Us
3420 2361 3553 2430 quod

1993 2439 2235 2490 mentitur
2260 2437 2442 2489 occidit
2465 2438 2711 2488 animam.
2743 2437 2844 2488 Sed
2875 2444 2927 2487 et
2952 2435 3042 2487 ille
3074 2435 3162 2501 qui
3193 2436 3424 2487 detrahit
3453 2435 3554 2486 fra-

1992 2509 2058 2561 tri
2089 2507 2332 2577 sooj-ire
2371 2507 2632 2560 homicida
2683 2505 2984 2559 censendu~
3018 2515 3128 2557 est:
3186 2507 3325 2577 unde
3373 2504 3550 2577 Grimj

1993 2579 2157 2642 laicus
2187 2574 2238 2631 in
2273 2579 2469 2645 Itegula
2511 2578 2892 2634 solitariorum.
2925 2577 3071 2639 quasi
3115 2575 3385 2641 explicans
3417 2574 3556 2627 istud

1996 2651 2431 2712 instrumentum,
2460 2647 2704 2716 ait(Cap.
2734 2647 2856 2716 2.)):
2883 2665 2899 2695 ι
2929 2646 3126 2716 vende
3157 2661 3260 2698 non
3289 2645 3554 2707 occidere,

1997 2720 2045 2773 id
2077 2729 2158 2772 est
2202 2736 2306 2772 non
2335 2715 2652 2781 detrahere;
2685 2715 2840 2783 quia,
2893 2726 2948 2767 ut
2993 2715 3068 2767 ait
3115 2717 3400 2780 Apostolus
3422 2757 3437 2775 ,
3465 2718 3555 2781 qui

1997 2791 2228 2842 detrahit
2259 2790 2405 2842 fratri
2431 2805 2527 2842 suo
2571 2787 2832 2840 homicida
2866 2798 2970 2839 est.
3011 2806 3028 2836 ι
3066 2785 3124 2838 Et
3163 2789 3220 2838 5.
3257 2788 3560 2838 Dcruardus

2000 2862 2197 2928 (Serui.
2236 2861 2320 2921 l7,
2353 2861 2415 2911 de
2461 2856 2718 2924 Divers.):
2767 2876 2783 2906 ι
2824 2857 2933 2923 Fug
2959 2867 2974 2907 t
3001 2855 3103 2908 vita
3151 2856 3478 2928 quosiodit,
3509 2866 3562 2909 et

2002 2927 2134 2996 quos
2158 2929 2263 2982 vita
2288 2930 2418 2997 fugit
2442 2928 2579 2982 mori
2605 2943 2822 2982 necesse
2847 2937 2947 2980 est.
2984 2931 3062 2997 Au
3091 2943 3195 2978 non
3223 2937 3276 2979 et
3307 2927 3420 2991 ipse
3443 2942 3559 2977 ttio-

2004 3010 2137 3054 r.tur
2164 3004 2249 3068 qui
2285 2996 2546 3054 venenum
2580 2998 2750 3060 bibit,
2783 2997 2924 3064 quod
2957 2996 3004 3048 ci
3035 2997 3339 3068 ii.alestiada
3389 2997 3560 3068 lingua

2003 3065 2318 3123 domne—toris
2351 3071 2633 3136 propinat?
2660 3069 2919 3134 siquidem
2947 3067 2993 3118 ei
3038 3067 3214 3117 furtim
3258 3065 3563 3136 dilectionis

2007 3143 2109 3193 vita
2140 3135 2487 3194 subtrahitur.
2528 3159 2546 3189 ι
2597 3139 2832 3205 Denique
2861 3147 2916 3190 et
2942 3137 3029 3189 ille
3071 3137 3333 3189 homicida
3362 3143 3446 3188 est
3473 3135 3564 3202 qui

334 3205 571 3281 IOCQWU}
595 3205 988 3281 cllemllotum.
1011 3210 1112 3281 vel
1131 3205 1487 3281 quarumlibet
1519 3221 1692 3258 rerum
1717 3217 1904 3281 oppur-
1930 3207 1976 3270 C
2008 3210 2142 3264 alios
2171 3214 2283 3265 sive
2307 3215 2468 3264 vcrbo
2486 3253 2500 3272 ,
2527 3213 2639 3262 sive
2660 3209 2905 3276 exemplo
2925 3211 2988 3260 ad
3021 3218 3293 3281 peceatum
3318 3205 3562 3272 impellit;

337 3277 650 3330 tunitatibus
686 3278 1026 3332 constricﬁus
1060 3278 1152 3332 tibi
1182 3279 1330 3345 quasi
1361 3283 1586 3344 quadam
1618 3285 1759 3327 sorte
1782 3277 1905 3345 jnn-_

335 3362 551 3416 gitntur.
577 3349 614 3401 5
635 3349 878 3403 cutenim
905 3349 950 3402 si
975 3349 1066 3402 tibi
1096 3343 1391 3402 abundaret
1416 3348 1608 3415 aliquid
1634 3351 1771 3412 quod
1790 3343 1904 3416 dari

339 3413 609 3485 oporteret
644 3421 690 3470 ei
735 3424 821 3487 qui
854 3433 956 3472 non
990 3419 1166 3484 habet,
1204 3432 1302 3472 nec
1334 3413 1542 3470 duiibu's
1564 3418 1594 3468 d
1633 3418 1676 3468 t'i
1703 3413 1904 3487 potuis-

341 3501 444 3548 set,
501 3501 541 3538 δι
577 3489 666 3540 tibi
699 3485 1036 3542 occurrerent
1069 3489 1208 3555 duo,
1238 3503 1460 3556 quorum
1511 3498 1695 3540 neuter
1745 3485 1907 3536 alium

346 3560 429 3611 vel
462 3557 766 3628 indigentia,
787 3563 863 3612 vel
883 3573 1006 3628 erga
1029 3569 1080 3612 te
1105 3560 1208 3626 aliq
1235 3578 1278 3610 ia
1336 3560 1650 3628 necessitate
1699 3569 1908 3628 supera:

344 3638 461 3690 ret,
491 3627 616 3681 nihil
653 3629 846 3696 justius
878 3626 1076 3682 laceres
1098 3644 1166 3697 qu
1187 3645 1253 3681 im
1297 3637 1351 3681 ut
1381 3638 1523 3682 sorte
1569 3626 1796 3697 eligeres
1826 3626 1908 3675 cui

344 3699 578 3753 dandum
610 3709 752 3752 esset
780 3701 920 3767 quod
951 3700 1064 3752 dari
1101 3696 1311 3766 utrique
1347 3714 1450 3752 non
1495 3710 1700 3766 posset:
1736 3696 1812 3747 sic
1858 3697 1908 3746 in

347 3769 648 3823 hominibus
691 3771 881 3836 quibus
920 3769 1165 3823 omnibus
1199 3773 1476 3822 coosulere
1524 3780 1782 3836 nequeas,
1818 3781 1911 3830 pro

349 3848 495 3893 sorte
545 3839 843 3892 habendum
897 3841 1008 3908 est},
1053 3849 1208 3908 prout
1239 3855 1308 3908 qu
1330 3853 1461 3908 sque
1493 3838 1584 3890 tibi
1617 3837 1912 3902 tolligaius

347 3909 708 3978 temporaliter
754 3912 1029 3964 adhaerere
1076 3921 1324 3978 potuerit.
1362 3928 1377 3958 ι

417 3980 719 4033 Necessitas
746 3979 903 4049 hujus
933 3984 1266 4034 instrumenti
1300 3982 1554 4047 repetitur
1581 3993 1647 4030 ex
1675 3978 1912 4030 necessi-

347 4060 456 4104 tate
484 4049 680 4102 amoris
706 4051 819 4115 Dei,
843 4051 1062 4118 ejusque
1087 4051 1218 4119 legis
1239 4051 1543 4104 Servandaiz
1578 4063 1747 4114 neque
1769 4063 1908 4098 enini

350 4123 516 4175 Deum
557 4121 797 4188 diligere,
832 4122 1052 4188 ejusque
1102 4123 1272 4188 legent
1320 4119 1589 4172 cu-todire
1621 4119 1910 4188 poterimus

349 4187 672 4258 aliquando,
700 4191 798 4242 nisi
831 4187 1052 4244 invicem
1098 4187 1468 4244 dilexerimus.
1505 4187 1636 4239 lliiic
1685 4187 1738 4239 S.
1784 4188 1909 4240 lier-

352 4261 545 4331 ttardus
575 4258 770 4331 (Serm.
798 4260 896 4324 53,
920 4263 982 4313 de
1024 4259 1245 4331 Divers.)
1272 4275 1346 4331 :a
1388 4260 1508 4312 ll.i~c
1538 4267 1619 4310 est
1660 4258 1914 4331 professio

352 4331 474 4384 fidei
513 4327 862 4395 Christiana},
896 4341 952 4384 ut
995 4329 1084 4398 qui
1115 4331 1272 4396 vivit,
1298 4329 1408 4398 jam
1459 4344 1562 4380 non
1595 4328 1694 4379 sibi
1730 4327 1908 4389 vivat,

351 4402 446 4456 sed
475 4401 523 4455 ei
553 4400 640 4469 qui
671 4415 766 4468 pro
795 4401 1040 4454 omnibus
1073 4409 1311 4454 mortuus
1333 4410 1440 4463 est;
1475 4414 1573 4451 nec
1606 4398 1735 4450 mihi
1773 4399 1918 4450 dicat

353 4472 507 4539 quis:
560 4471 620 4524 Ei
670 4470 867 4535 vivam,
903 4472 996 4524 sed
1027 4487 1129 4524 non
1165 4471 1298 4533 tibi;
1340 4469 1768 4538 quandoquidem
1803 4485 1906 4520 non

353 4544 526 4594 solum
569 4555 664 4609 pro
696 4542 940 4595 omnibus
971 4541 1118 4604 vixit,
1152 4545 1246 4595 se-l
1272 4553 1324 4593 et
1356 4554 1451 4608 pro
1478 4540 1729 4594 omnibus
1769 4556 1912 4591 mtr-

357 4625 478 4665 tuus
504 4622 607 4664 est.
644 4612 926 4677 Quomodo
955 4615 1097 4665 enim
1131 4615 1176 4664 ei
1200 4613 1331 4664 vivit
1360 4612 1447 4678 qui
1481 4609 1704 4677 negligit
1732 4610 1807 4662 sic
1846 4612 1913 4661 ab

355 4698 420 4735 eo
466 4681 725 4736 dilectos?
760 4682 1026 4750 quomodo
1071 4684 1120 4736 ei
1155 4683 1280 4735 vivit
1309 4683 1397 4751 qui
1454 4681 1623 4749 legem
1659 4681 1774 4746 ejus
1807 4694 1909 4751 ηρ..

355 4751 558 4819 implet,
599 4753 690 4820 qui
735 4749 1040 4806 mandatum
1082 4752 1194 4821 ejus
1226 4749 1339 4805 non
1362 4751 1572 4804 servat?
1604 4751 1807 4814 Quaeris
1839 4749 1914 4803 le-

355 4836 500 4892 g-un,
530 4823 729 4888 quaeris
752 4825 1056 4876 mandatum
1079 4829 1100 4875 Ἰ
1131 4823 1239 4876 lloc
1256 4831 1359 4885 est,
1381 4823 1569 4888 inquit,
1591 4831 1910 4889 pra-ceptum

357 4907 564 4954 iii-um,
599 4901 654 4944 ut
674 4893 904 4960 diligatis
935 4895 1160 4947 invicem
1192 4893 1325 4946 sicut
1359 4893 1518 4946 dilexi
1548 4907 1673 4954 vos;
1698 4903 1749 4942 et
1774 4896 1916 4955 Apo-

356 4966 553 5016 stolus:
588 4963 737 5016 Alter
757 4963 979 5017 alterius
1007 4978 1170 5016 onera
1194 4970 1418 5032 portate,
1453 4973 1507 5016 et
1534 4963 1612 5016 sic
1655 4961 1913 5027 adimple-

359 5035 478 5086 b.tis
528 5035 694 5104 legem
725 5034 936 5104 Christi.
978 5034 1093 5087 Noli
1123 5048 1248 5104 ergo
1282 5043 1465 5101 putare
1495 5033 1789 5104 gratuitum
1821 5032 1914 5086 bo-

357 5119 505 5165 num,
537 5102 676 5171 quod
698 5103 917 5157 exhibes
938 5102 1202 5172 proximo,
1226 5115 1280 5157 ut
1310 5106 1462 5158 liceat
1479 5111 1532 5157 et
1554 5102 1916 5165 dissimulare,

358 5176 403 5226 si
437 5174 595 5226 velis:
627 5173 836 5227 debitor
865 5188 944 5238 es,
977 5175 1296 5228 sacramenti
1326 5175 1590 5241 cautione,
1623 5181 1672 5228 et
1698 5175 1906 5242 pr0pria

359 5245 691 5312 professione
728 5245 942 5298 teneris.
991 5263 1009 5294 ι
1044 5245 1196 5301 Adde
1241 5245 1382 5312 quod
1420 5245 1635 5298 dilectio
1687 5243 1914 5309 proximi

358 5314 458 5366 dici
502 5322 676 5380 potest
723 5315 928 5382 insigne
976 5314 1323 5382 discipulatus
1358 5315 1588 5378 Clirisii,
1619 5315 1771 5367 sicuti
1805 5315 1919 5382 ipse

358 5384 457 5438 ait;
489 5383 553 5436 In
577 5383 672 5436 hoc
703 5395 998 5455 cognoscent
1029 5401 1199 5440 annue:
1227 5388 1363 5454 quod
1393 5386 1634 5453 discipuli
1658 5385 1754 5436 mei
1777 5386 1917 5446 estis,

359 5456 400 5505 si
435 5455 755 5507 dilectionem
793 5455 1070 5508 habueritis
1099 5455 1165 5507 ad
1192 5457 1421 5510 invicem.
1451 5456 1524 5509 Ex
1559 5471 1664 5523 quo
1685 5457 1741 5508 5.
1775 5456 1918 5506 Basi-

361 5525 460 5596 lius
476 5527 555 5596 ita
577 5525 1147 5596 argumentaturmeg.
1171 5529 1298 5595 fus.,
1331 5544 1376 5580 c.
1398 5527 1482 5596 5):
1523 5547 1538 5576 ι
1583 5529 1918 5580 Demonstra-

361 5593 517 5648 tionis
572 5595 718 5660 loco,
768 5609 874 5663 quo
923 5593 1468 5663 ipsius'agnoscauiu'r
1497 5597 1776 5664 discipuli,
1813 5611 1916 5648 non

363 5665 614 5736 miracula
637 5666 835 5736 exigit,
859 5674 913 5718 et
939 5666 1192 5736 virtutem
1211 5674 1454 5734 portenta
1480 5665 1703 5720 faciendi
1723 5667 1917 5736 (quau-

362 5749 518 5802 qnain
568 5735 755 5789 horum
803 5737 962 5789 etiam
1014 5736 1064 5788 in
1107 5735 1306 5804 Spiritu
1355 5748 1540 5790 sancto
1590 5738 1808 5802 largitus
1836 5747 1916 5786 est

363 5807 770 5876 operationem),
819 5809 912 5862 sed
940 5806 1101 5875 quid?
1131 5809 1184 5860 In
1213 5807 1334 5876 hoc,
1369 5808 1557 5878 inquit,
1596 5816 1917 5876 cognoscent

2009 3298 2130 3336 tiam
2167 3301 2184 3332 ι
2215 3285 2302 3351 qui
2333 3285 2382 3334 iu
2413 3291 2699 3347 coiispectu
2735 3281 2910 3346 populi
2938 3281 3073 3351 male
3100 3278 3260 3351 vivit,
3308 3285 3563 3351 quantum

2009 3353 2060 3404 in
2085 3354 2175 3406 illo
2201 3345 2283 3406 est
2303 3368 2422 3404 eum
2447 3366 2476 3402 a
2503 3345 2610 3417 quo
2639 3345 3160 3410 attendituroceidit,
3200 3368 3216 3397 ι
3255 3358 3310 3400 ut
3337 3345 3569 3414 loquitur

2010 3423 2068 3477 S.
2099 3424 2418 3491 Augustinus
2439 3421 2574 3492 (ιφ.
2600 3422 2661 3492 de
2682 3417 2828 3492 Post.
2855 3436 2901 3471 ε.
2930 3423 3006 3482 4).

2083 3488 2202 3546 Non
2229 3488 2556 3560 adulterdri.’|
2587 3490 2851 3544 Adulterii
2899 3489 3110 3542 nomine
3153 3505 3310 3542 omne
3341 3488 3570 3542 fornica-

2012 3564 2172 3617 tionis
2193 3579 2358 3631 genus
2382 3563 2648 3632 prohibet,
2675 3577 2778 3614 non
2810 3563 2982 3632 solum
3012 3560 3570 3632 carnalistsedietiam

2013 3633 2140 3698 spii-i
2171 3634 2336 3697 ualis;
2366 3631 2518 3701 Cujus
2557 3633 2790 3700 quinque
2829 3631 3034 3698 species
3076 3632 3213 3698 apud
3254 3631 3570 3684 Cassianum

2013 3703 2226 3770 (Collut.
2262 3705 2345 3766 14.
2370 3719 2488 3770 cap.
2535 3703 2622 3772 ll)
2667 3712 2946 3756 enumerat
2974 3701 3138 3772 abbas
3168 3702 3438 3764 Ni-steros,
3471 3701 3574 3772 sci-

2015 3777 2166 3829 licet:
2199 3779 2248 3829 1.
2280 3771 2656 3837 Idololatriaut,
2684 3773 2750 3825 de
2779 3791 2878 3838 qua
2911 3772 3048 3839 apud
3077 3771 3363 3825 Jereniiani
3393 3771 3574 3839 argui-

2017 3859 2102 3899 tur
2132 3846 2454 3910 .Ierusalem,
2485 3845 2625 3913 quod
2657 3843 2910 3896 fornicata
2956 3843 3026 3896 sit
3065 3843 3114 3894 in
3145 3844 3291 3896 omni
3323 3843 3458 3895 colle
3485 3857 3574 3894 su-

2020 3916 2195 3981 blimi,
2239 3924 2293 3968 et
2314 3916 2416 3968 sub
2456 3915 2598 3967 omni
2623 3915 2772 3982 .liguo
2803 3915 2834 3966 fi
2849 3914 3072 3967 ondosm
3107 3914 3161 3963 ἐξ.
3195 3914 3417 3968 Omnem
3449 3927 3576 3979 geu-

2019 3987 2642 4053 tiliumsuperstitionem
2677 3988 2726 4034 in
2766 3984 3000 4052 auguriis
3026 3995 3076 4035 et
3118 3983 3578 4053 observationibus

2017 4057 2224 4110 dierum
2255 4052 2310 4108 et
2341 4067 2662 4120 temporum.
2695 4055 2750 4106 5.
2782 4055 3204 4120 Superstitiones
3243 4052 3493 4105 Juilaicas
3524 4055 3575 4102 iii

2019 4127 2357 4179 caeremoniis
2402 4126 2676 4193 legalibus.
2706 4123 2756 4175 ὦ.
2803 4124 3077 4176 Haercsim.
3108 4125 3160 4174 ii.
3198 4141 3214 4170 ι
3248 4125 3375 4193 Qua:
3405 4123 3457 4175 in
3488 4138 3579 4175 Co-

2020 4198 2333 4263 gitationuui
2377 4192 2751 4262 pervagationc
2778 4195 3046 4246 cousisﬁt:
3078 4195 3199 4259 quia
3230 4192 3404 4244 omnis
3433 4193 3579 4263 cogi-

2023 4261 2151 4320 iatio
2182 4282 2283 4318 non
2319 4261 2490 4318 solum
2526 4267 2714 4332 turpis,
2759 4264 2852 4316 sed
2886 4265 3044 4316 etiam
3081 4263 3249 4316 otiosa
3271 4301 3286 4323 ,
3319 4273 3372 4313 et
3401 4276 3429 4312 a
3469 4261 3577 4315 [leo

2021 4337 2546 4402 quantulumcunque
2571 4333 2876 4397 discedens,
2897 4347 2924 4384 a
2953 4333 3184 4393 perfecto
3208 4335 3321 4384 viro
3353 4332 3579 4384 ininiun-

2021 4408 2234 4461 dissim»
2258 4406 2536 4458 fornicatio
2562 4406 2859 4470 deputatur.
2899 4422 2916 4452 ι
2949 4404 3022 4458 De
3045 4417 3146 4472 qua
3170 4402 3226 4458 S.
3255 4402 3581 4470 Augustinus

2024 4479 2188 4531 Deum
2215 4477 2491 4545 alloquens
2523 4475 2660 4546 (Lib.
2689 4489 2724 4526 ιι
2753 4473 2981 4542 Confes.,
3011 4471 3230 4546 ο.“6);-ι
3269 4471 3609 4546 Ευηιίοειιιιιη

2021 4549 2194 4601 anima
2224 4544 2351 4601 cum
2393 4544 2648 4598 :iiertitur
2697 4559 2794 4598 aas
2848 4555 2929 4600 te.
2956 4554 3011 4599 et
3036 4544 3228 4612 quierit
3253 4544 3348 4596 abs
3383 4555 3432 4595 te
3461 4559 3582 4612 qua:

2020 4635 2147 4687 pura
2176 4629 2231 4672 et
2277 4619 2473 4683 liquida
2505 4633 2607 4668 non
2641 4616 2863 4674 invenit,
2898 4616 3000 4669 nisi
3031 4630 3150 4669 cum
3183 4616 3323 4668 redit
3346 4615 3410 4666 ad
3440 4624 3518 4676 te;
3560 4636 3576 4664 ο

2017 4701 2069 4742 ct
2092 4690 2219 4743 alibi
2253 4688 2429 4757 (Cant.
2458 4688 2648 4747 Adiuu,
2670 4703 2726 4739 c.
2758 4687 2844 4752 7):
2875 4703 2896 4736 ι
2933 4690 3025 4739 Ιιει
3049 4694 3224 4739 autem
3253 4687 3444 4757 animm
3475 4687 3581 4738 fur-

2000 4759 2216 4813 -nicalio
2246 4754 2454 4812 aversio
2483 4775 2510 4808 «ι
2547 4756 2871 4810 fecunditate
2917 4758 3194 4822 sapietttize
3215 4796 3230 4819 ,
3262 4766 3316 4807 et
3343 4754 3409 4807 ad
3442 4768 3573 4807 eou-

2017 4839 2228 4897 ccptuui
2262 4829 2630 4894 temporalium
2662 4827 3031 4881 illecebrarum
3062 4828 3580 4897 corruptionemque

2017 4894 2319 4952 conversio.
2360 4918 2376 4948 ι
2423 4899 2645 4951 Sextum
2695 4898 2929 4961 speciem
2985 4897 3134 4950 addit
3183 4897 3240 4950 5.
3301 4894 3586 4949 Ferreolus

2021 4970 2174 5039 (Reg.
2209 4985 2256 5022 c.
2284 4969 2378 5031 *25)
2402 5009 2416 5031 ,
2445 4984 2602 5039 quatit
2633 4967 2682 5018 in
2714 4968 2876 5020 verbo
2905 4967 3042 5033 turpi
3090 4966 3319 5034 reponit.
3364 4985 3381 5017 ι
3423 4967 3588 5019 Inter-

2023 5056 2152 5105 rogo
2184 5054 2298 5101 vos,
2334 5039 2524 5106 inquit,
2579 5038 2791 5098 fratres,
2819 5039 2942 5103 quid
2973 5040 3063 5092 ille
3095 5042 3268 5090 minus
3313 5039 3586 5090 adulterio

2023 5110 2170 5174 facit,
2195 5110 2347 5177 etijus
2392 5110 2750 5163 communicit
2780 5109 2956 5177 lingua
2988 5109 3243 5174 peccato?
3271 5114 3396 5176 quid
3431 5109 3584 5160 luxu-

2024 5181 2099 5235 ria
2125 5181 2298 5233 minus
2324 5179 2583 5240 exercuit,
2611 5180 2702 5245 qui
2733 5193 2795 5231 os
2823 5188 3027 5232 castum
3075 5181 3341 5233 sermonis
3367 5193 3591 5244 corrup-

2027 5251 2171 5304 tione
2202 5249 2452 5303 violavit?
2497 5250 2559 5301 Et
2588 5258 2643 5300 ut
2681 5251 2817 5302 hanc
2855 5251 3163 5316 spurcitiam
3191 5251 3398 5302 cunctis
3427 5249 3586 5300 etiam

2022 5335 2215 5375 cavere
2275 5329 2450 5374 metus
2514 5318 2875 5372 damnationis
2931 5321 3212 5384 imponat,
3303 5317 3588 5370 statuimus

2033 5395 2186 5461 ιιι
2219 5390 2377 5456 hujus
2397 5389 2568 5456 culpae
2598 5403 2746 5442 remn
2778 5393 3210 5461 communionem
3239 5387 3583 5461 dominicatii,

2026 5457 2378 5514 Vel—osculum
2405 5463 2626 5514 fratrum
2655 5475 2746 5512 sex
2771 5463 2895 5513 anni
2915 5460 3184 5512 mensibus
3201 5473 3302 5510 non
3333 5457 3584 5509 liahereJ

2093 5532 2146 5586 Si
2173 5533 2285 5584 lucc
2308 5531 2396 5585 ille
2421 5545 2513 5596 pro
2537 5544 2616 5583 vei
2632 5530 2698 5583 lio
2722 5530 2882 5593 turpi,
2905 5528 3028 5595 quid
3050 5529 3288 5579 decern't
3319 5542 3413 5593 pro
3441 5532 3589 5594 lapsu

2024 5603 2264 5655 carnali?
2295 5601 2552 5655 Nimirum
2589 5608 2645 5652 tit
2668 5599 2874 5668 ﬂagello
2905 5598 3181 5668 subdatur,
3231 5597 3444 5668 ltegulae
3469 5611 3568 5665 cap

2024 5674 2230 5726 ultimo.
2263 5673 2433 5728 Aliam
2468 5665 2678 5738 poenam
2727 5665 2951 5721 instituit
2981 5666 3177 5730 Regula
3210 5665 3590 5738 Qujitsdaniad

2026 5744 2316 5797 Monachus
2347 5735 2495 5810 (Cap.
2524 5742 2610 5807 i8)
2644 5757 2656 5792 :
2695 5759 2709 5788 ι
2749 5739 2813 5810 Si
2835 5738 2974 5810 quis,
3006 5738 3106 5810 ait,
3139 5749 3212 5810 ex
3229 5735 3478 5810 fratribus
3505 5737 3587 5788 lit-

2023 5813 2254 5884 gubriari
2287 5804 2457 5880 lapsu,
2493 5812 2540 5864 id
2569 5804 2651 5866 est
2679 5806 3045 5862 fornicationis
3069 5804 3352 5871 ceciderit,
3375 5809 3589 5877 ejiczcn.
