  <div class='ocr_page' id='page_1' title='image "/cluster/home/n/w/nwhite01/storage/ocr_20150623/66/hvd.32044015469323/159.png"; bbox 0 0 4102 6360; ppageno 0'>
   <div class='ocr_carea' id='block_1_1' title="bbox 466 314 565 367">
    <p class='ocr_par' dir='ltr' id='par_1_1' title="bbox 466 314 565 367">
     <span class='ocr_line' id='line_1_1' title="bbox 466 314 565 367; baseline -0.02 0"><span class='ocrx_word' id='word_1_1' title='bbox 466 314 565 367; x_wconf 68' lang='grc' dir='ltr'><strong>51ὶό</strong></span> 
     </span>
    </p>
   </div>
   <div class='ocr_carea' id='block_1_2' title="bbox 1831 309 2412 368">
    <p class='ocr_par' dir='ltr' id='par_1_2' title="bbox 1831 309 2412 368">
     <span class='ocr_line' id='line_1_2' title="bbox 1831 309 2412 368; baseline -0.009 -2"><span class='ocrx_word' id='word_1_2' title='bbox 1831 309 1887 366; x_wconf 82' lang='grc'><strong>8.</strong></span> <span class='ocrx_word' id='word_1_3' title='bbox 1930 309 1986 366; x_wconf 86' lang='grc' dir='ltr'>Ρ.</span> <span class='ocrx_word' id='word_1_4' title='bbox 2031 309 2412 368; x_wconf 71' lang='lat' dir='ltr'><strong>BENEDICTI.</strong></span> 
     </span>
    </p>
   </div>
   <div class='ocr_carea' id='block_1_3' title="bbox 3610 297 3717 353">
    <p class='ocr_par' dir='ltr' id='par_1_3' title="bbox 3610 297 3717 353">
     <span class='ocr_line' id='line_1_3' title="bbox 3610 297 3717 353; baseline -0.037 0"><span class='ocrx_word' id='word_1_5' title='bbox 3610 297 3667 353; x_wconf 73' lang='lat'><strong>3.,</strong></span> <span class='ocrx_word' id='word_1_6' title='bbox 3685 298 3717 349; x_wconf 65' lang='grc'><strong>6</strong></span> 
     </span>
    </p>
   </div>
   <div class='ocr_carea' id='block_1_4' title="bbox 467 413 3718 496">
    <p class='ocr_par' dir='ltr' id='par_1_4' title="bbox 467 413 3718 496">
     <span class='ocr_line' id='line_1_4' title="bbox 467 413 3718 496; baseline -0.004 -16"><span class='ocrx_word' id='word_1_7' title='bbox 467 430 565 481; x_wconf 86' lang='lat' dir='ltr'><strong>dus</strong></span> <span class='ocrx_word' id='word_1_8' title='bbox 591 436 672 482; x_wconf 86' lang='lat' dir='ltr'><strong>est</strong></span> <span class='ocrx_word' id='word_1_9' title='bbox 701 427 767 481; x_wconf 87' lang='lat' dir='ltr'><strong>dc</strong></span> <span class='ocrx_word' id='word_1_10' title='bbox 798 425 1211 496; x_wconf 78' lang='lat' dir='ltr'><strong>mngrcgatinne</strong></span> <span class='ocrx_word' id='word_1_11' title='bbox 1243 427 1486 490; x_wconf 76' lang='lat' dir='ltr'><strong>fratrum,</strong></span> <span class='ocrx_word' id='word_1_12' title='bbox 1523 437 1574 477; x_wconf 89' lang='lat' dir='ltr'><strong>et</strong></span> <span class='ocrx_word' id='word_1_13' title='bbox 1606 438 1770 496; x_wconf 88' lang='lat' dir='ltr'><strong>usque</strong></span> <span class='ocrx_word' id='word_1_14' title='bbox 1806 422 2033 496; x_wconf 80' lang='lat' dir='ltr'><strong>addictn</strong></span> <span class='ocrx_word' id='word_1_15' title='bbox 2066 430 2115 487; x_wconf 78' lang='grc' dir='ltr'><strong>Α</strong></span> <span class='ocrx_word' id='word_1_16' title='bbox 2148 433 2345 494; x_wconf 86' lang='lat' dir='ltr'><strong>potest,</strong></span> <span class='ocrx_word' id='word_1_17' title='bbox 2379 424 2428 478; x_wconf 99' lang='lat' dir='ltr'><strong>id</strong></span> <span class='ocrx_word' id='word_1_18' title='bbox 2451 421 2758 496; x_wconf 71' lang='lat' dir='ltr'><strong>ccttsnintus</strong></span> <span class='ocrx_word' id='word_1_19' title='bbox 2785 417 3158 478; x_wconf 88' lang='lat' dir='ltr'><strong>ordinandum,</strong></span> <span class='ocrx_word' id='word_1_20' title='bbox 3190 413 3528 496; x_wconf 50' lang='lat' dir='ltr'><strong>utnjejunior°</strong></span> <span class='ocrx_word' id='word_1_21' title='bbox 3549 413 3718 496; x_wconf 72' lang='lat' dir='ltr'><strong>virgis</strong></span> 
     </span>
    </p>
   </div>
   <div class='ocr_carea' id='block_1_5' title="bbox 467 494 2035 565">
    <p class='ocr_par' dir='ltr' id='par_1_5' title="bbox 467 494 2035 565">
     <span class='ocr_line' id='line_1_5' title="bbox 467 494 2035 565; baseline -0.002 -16"><span class='ocrx_word' id='word_1_22' title='bbox 467 498 678 565; x_wconf 70' lang='lat' dir='ltr'><strong>morti=,</strong></span> <span class='ocrx_word' id='word_1_23' title='bbox 709 497 824 549; x_wconf 78' lang='lat' dir='ltr'><strong>sive</strong></span> <span class='ocrx_word' id='word_1_24' title='bbox 856 494 1038 549; x_wconf 50' lang='lat' dir='ltr'><strong>in&#39;alia</strong></span> <span class='ocrx_word' id='word_1_25' title='bbox 1072 497 1285 564; x_wconf 83' lang='lat' dir='ltr'><strong>regione</strong></span> <span class='ocrx_word' id='word_1_26' title='bbox 1312 497 1581 563; x_wconf 63' lang='lat' dir='ltr'><strong>poeniteat.</strong></span> <span class='ocrx_word' id='word_1_27' title='bbox 1613 495 1728 565; x_wconf 63' lang='lat' dir='ltr'><strong>rl&#39;lt</strong></span> <span class='ocrx_word' id='word_1_28' title='bbox 1750 494 2035 565; x_wconf 79' lang='lat' dir='ltr'><strong>concilium</strong></span> 
     </span>
    </p>
   </div>
   <div class='ocr_carea' id='block_1_6' title="bbox 470 563 2039 636">
    <p class='ocr_par' dir='ltr' id='par_1_6' title="bbox 470 563 2039 636">
     <span class='ocr_line' id='line_1_6' title="bbox 470 563 2039 636; baseline -0.004 -14"><span class='ocrx_word' id='word_1_29' title='bbox 470 563 772 636; x_wconf 81' lang='lat' dir='ltr'><strong>Agathense</strong></span> <span class='ocrx_word' id='word_1_30' title='bbox 797 568 1015 619; x_wconf 84' lang='lat' dir='ltr'><strong>citatum</strong></span> <span class='ocrx_word' id='word_1_31' title='bbox 1054 569 1103 619; x_wconf 88' lang='lat' dir='ltr'><strong>in</strong></span> <span class='ocrx_word' id='word_1_32' title='bbox 1131 563 1400 632; x_wconf 79' lang='lat' dir='ltr'><strong>excerptis</strong></span> <span class='ocrx_word' id='word_1_33' title='bbox 1444 563 2039 636; x_wconf 48' lang='lat' dir='ltr'><strong>Egbert[Eburacensis</strong></span> 
     </span>
    </p>
   </div>
   <div class='ocr_carea' id='block_1_7' title="bbox 466 633 2036 706">
    <p class='ocr_par' dir='ltr' id='par_1_7' title="bbox 466 633 2036 706">
     <span class='ocr_line' id='line_1_7' title="bbox 466 633 2036 706; baseline -0.004 -16"><span class='ocrx_word' id='word_1_34' title='bbox 466 633 706 705; x_wconf 76' lang='lat' dir='ltr'><strong>episcopi</strong></span> <span class='ocrx_word' id='word_1_35' title='bbox 749 652 868 705; x_wconf 85' lang='lat' dir='ltr'><strong>cap.</strong></span> <span class='ocrx_word' id='word_1_36' title='bbox 898 638 966 690; x_wconf 80' lang='lat'><strong>(38</strong></span> <span class='ocrx_word' id='word_1_37' title='bbox 1001 638 1174 706; x_wconf 72' lang='lat' dir='ltr'><strong>(Apud</strong></span> <span class='ocrx_word' id='word_1_38' title='bbox 1221 636 1414 706; x_wconf 78' lang='lat' dir='ltr'><strong>Spclm.</strong></span> <span class='ocrx_word' id='word_1_39' title='bbox 1447 646 1570 687; x_wconf 87' lang='lat' dir='ltr'><strong>tom.</strong></span> <span class='ocrx_word' id='word_1_40' title='bbox 1590 633 1619 706; x_wconf 93' lang='lat'><strong>_|</strong></span> <span class='ocrx_word' id='word_1_41' title='bbox 1648 633 1805 686; x_wconf 74' lang='lat' dir='ltr'><strong>Cone.</strong></span> <span class='ocrx_word' id='word_1_42' title='bbox 1835 634 2036 706; x_wconf 48' lang='grc' dir='ltr'><strong>μμ),</strong></span> 
     </span>
    </p>
   </div>
   <div class='ocr_carea' id='block_1_8' title="bbox 475 696 2038 777">
    <p class='ocr_par' dir='ltr' id='par_1_8' title="bbox 475 696 2038 777">
     <span class='ocr_line' id='line_1_8' title="bbox 475 696 2038 777; baseline -0.001 -18"><span class='ocrx_word' id='word_1_43' title='bbox 475 696 587 761; x_wconf 75' lang='grc' dir='ltr'><strong>ι’δί</strong></span> <span class='ocrx_word' id='word_1_44' title='bbox 620 696 739 777; x_wconf 79' lang='lat' dir='ltr'><strong>quis</strong></span> <span class='ocrx_word' id='word_1_45' title='bbox 781 696 1422 777; x_wconf 59' lang='lat' dir='ltr'><strong>tuonacltus&#39;adulteriutn</strong></span> <span class='ocrx_word' id='word_1_46' title='bbox 1454 712 1544 757; x_wconf 89' lang='lat' dir='ltr'><strong>aut</strong></span> <span class='ocrx_word' id='word_1_47' title='bbox 1585 704 1777 777; x_wconf 80' lang='lat' dir='ltr'><strong>furtum</strong></span> <span class='ocrx_word' id='word_1_48' title='bbox 1830 696 2038 777; x_wconf 78' lang='lat' dir='ltr'><strong>fecerit,</strong></span> 
     </span>
    </p>
   </div>
   <div class='ocr_carea' id='block_1_9' title="bbox 473 773 2042 847">
    <p class='ocr_par' dir='ltr' id='par_1_9' title="bbox 473 773 2042 847">
     <span class='ocr_line' id='line_1_9' title="bbox 473 773 2042 847; baseline -0.002 -16"><span class='ocrx_word' id='word_1_49' title='bbox 473 773 844 847; x_wconf 38' lang='lat' dir='ltr'><strong>quod—potius</strong></span> <span class='ocrx_word' id='word_1_50' title='bbox 887 778 1220 845; x_wconf 80' lang='lat' dir='ltr'><strong>sacrilegium</strong></span> <span class='ocrx_word' id='word_1_51' title='bbox 1259 774 1361 828; x_wconf 91' lang='lat' dir='ltr'><strong>dici</strong></span> <span class='ocrx_word' id='word_1_52' title='bbox 1406 781 1616 847; x_wconf 73' lang='lat' dir='ltr'><strong>p0&#39;e_st,</strong></span> <span class='ocrx_word' id='word_1_53' title='bbox 1652 773 1699 847; x_wconf 80' lang='lat' dir='ltr'><strong>id</strong></span> <span class='ocrx_word' id='word_1_54' title='bbox 1738 775 2042 828; x_wconf 84' lang='lat' dir='ltr'><strong>censuimus</strong></span> 
     </span>
    </p>
   </div>
   <div class='ocr_carea' id='block_1_10' title="bbox 475 844 2041 912">
    <p class='ocr_par' dir='ltr' id='par_1_10' title="bbox 475 844 2041 912">
     <span class='ocr_line' id='line_1_10' title="bbox 475 844 2041 912; baseline -0.003 -12"><span class='ocrx_word' id='word_1_55' title='bbox 475 844 792 906; x_wconf 86' lang='lat' dir='ltr'><strong>ordinando,</strong></span> <span class='ocrx_word' id='word_1_56' title='bbox 828 856 885 900; x_wconf 84' lang='grc' dir='ltr'><strong>ιιι</strong></span> <span class='ocrx_word' id='word_1_57' title='bbox 914 844 1276 912; x_wconf 32' lang='lat' dir='ltr'><strong>virgis’ctesus</strong></span> <span class='ocrx_word' id='word_1_58' title='bbox 1303 846 1433 897; x_wconf 89' lang='lat' dir='ltr'><strong>tanti</strong></span> <span class='ocrx_word' id='word_1_59' title='bbox 1461 844 1697 899; x_wconf 79' lang='lat' dir='ltr'><strong>criminis</strong></span> <span class='ocrx_word' id='word_1_60' title='bbox 1729 858 1850 896; x_wconf 90' lang='lat' dir='ltr'><strong>reus</strong></span> <span class='ocrx_word' id='word_1_61' title='bbox 1903 859 2041 896; x_wconf 86' lang='lat' dir='ltr'><strong>nun-</strong></span> 
     </span>
    </p>
   </div>
   <div class='ocr_carea' id='block_1_11' title="bbox 476 913 2045 987">
    <p class='ocr_par' dir='ltr' id='par_1_11' title="bbox 476 913 2045 987">
     <span class='ocr_line' id='line_1_11' title="bbox 476 913 2045 987; baseline -0.003 -16"><span class='ocrx_word' id='word_1_62' title='bbox 476 933 634 987; x_wconf 84' lang='lat' dir='ltr'><strong>quam</strong></span> <span class='ocrx_word' id='word_1_63' title='bbox 661 918 893 971; x_wconf 86' lang='lat' dir='ltr'><strong>oilicium</strong></span> <span class='ocrx_word' id='word_1_64' title='bbox 925 916 1491 987; x_wconf 74' lang='lat' dir='ltr'><strong>clericatusexcipiat;</strong></span> <span class='ocrx_word' id='word_1_65' title='bbox 1527 916 1569 967; x_wconf 91' lang='lat' dir='ltr'><strong>si</strong></span> <span class='ocrx_word' id='word_1_66' title='bbox 1598 927 1724 965; x_wconf 89' lang='lat' dir='ltr'><strong>vero</strong></span> <span class='ocrx_word' id='word_1_67' title='bbox 1743 913 1852 987; x_wconf 77' lang='lat' dir='ltr'><strong>jam</strong></span> <span class='ocrx_word' id='word_1_68' title='bbox 1878 914 2045 987; x_wconf 76' lang='lat' dir='ltr'><strong>cleri-</strong></span> 
     </span>
    </p>
   </div>
   <div class='ocr_carea' id='block_1_12' title="bbox 475 984 2045 1052">
    <p class='ocr_par' dir='ltr' id='par_1_12' title="bbox 475 984 2045 1052">
     <span class='ocr_line' id='line_1_12' title="bbox 475 984 2045 1052; baseline -0.002 -11"><span class='ocrx_word' id='word_1_69' title='bbox 475 984 570 1042; x_wconf 77' lang='lat' dir='ltr'><strong>cus</strong></span> <span class='ocrx_word' id='word_1_70' title='bbox 606 989 655 1041; x_wconf 90' lang='lat' dir='ltr'><strong>in</strong></span> <span class='ocrx_word' id='word_1_71' title='bbox 691 988 739 1039; x_wconf 89' lang='lat' dir='ltr'><strong>id</strong></span> <span class='ocrx_word' id='word_1_72' title='bbox 769 987 971 1039; x_wconf 84' lang='lat' dir='ltr'><strong>facinus</strong></span> <span class='ocrx_word' id='word_1_73' title='bbox 1001 986 1161 1038; x_wconf 83' lang='lat' dir='ltr'><strong>fuerit</strong></span> <span class='ocrx_word' id='word_1_74' title='bbox 1189 985 1455 1052; x_wconf 89' lang='lat' dir='ltr'><strong>deprelten</strong></span> <span class='ocrx_word' id='word_1_75' title='bbox 1490 1000 1573 1047; x_wconf 86' lang='lat' dir='ltr'><strong>us,</strong></span> <span class='ocrx_word' id='word_1_76' title='bbox 1615 984 1844 1036; x_wconf 84' lang='lat' dir='ltr'><strong>nominis</strong></span> <span class='ocrx_word' id='word_1_77' title='bbox 1877 984 2045 1049; x_wconf 86' lang='lat' dir='ltr'><strong>ipsius</strong></span> 
     </span>
    </p>
   </div>
   <div class='ocr_carea' id='block_1_13' title="bbox 468 1053 2045 1127">
    <p class='ocr_par' dir='ltr' id='par_1_13' title="bbox 468 1053 2045 1127">
     <span class='ocr_line' id='line_1_13' title="bbox 468 1053 2045 1127; baseline -0.002 -18"><span class='ocrx_word' id='word_1_78' title='bbox 468 1058 728 1127; x_wconf 84' lang='lat' dir='ltr'><strong>dignitate</strong></span> <span class='ocrx_word' id='word_1_79' title='bbox 762 1058 1018 1121; x_wconf 89' lang='lat' dir='ltr'><strong>privetur.</strong></span> <span class='ocrx_word' id='word_1_80' title='bbox 1056 1074 1074 1107; x_wconf 77' lang='grc' dir='ltr'><strong>ι</strong></span> <span class='ocrx_word' id='word_1_81' title='bbox 1117 1060 1178 1107; x_wconf 68' lang='grc' dir='ltr'><strong>ιιι</strong></span> <span class='ocrx_word' id='word_1_82' title='bbox 1207 1055 1441 1127; x_wconf 77' lang='lat' dir='ltr'><strong>synodus</strong></span> <span class='ocrx_word' id='word_1_83' title='bbox 1466 1053 1780 1127; x_wconf 58' lang='lat' dir='ltr'><strong>Germanica</strong></span> <span class='ocrx_word' id='word_1_84' title='bbox 1802 1056 1853 1106; x_wconf 88' lang='lat' dir='ltr'><strong>in</strong></span> <span class='ocrx_word' id='word_1_85' title='bbox 1882 1054 2045 1127; x_wconf 60' lang='grc' dir='ltr'><strong>[λῆριῆ</strong></span> 
     </span>
    </p>
   </div>
   <div class='ocr_carea' id='block_1_14' title="bbox 471 1123 2045 1191">
    <p class='ocr_par' dir='ltr' id='par_1_14' title="bbox 471 1123 2045 1191">
     <span class='ocr_line' id='line_1_14' title="bbox 471 1123 2045 1191; baseline -0.001 -11"><span class='ocrx_word' id='word_1_86' title='bbox 471 1123 630 1181; x_wconf 68' lang='lat' dir='ltr'><strong>uéusi</strong></span> <span class='ocrx_word' id='word_1_87' title='bbox 658 1128 973 1180; x_wconf 73' lang='lat' dir='ltr'><strong>confirmata</strong></span> <span class='ocrx_word' id='word_1_88' title='bbox 1024 1139 1142 1191; x_wconf 85' lang='lat' dir='ltr'><strong>cap.</strong></span> <span class='ocrx_word' id='word_1_89' title='bbox 1172 1129 1204 1177; x_wconf 83' lang='grc'>6</span> <span class='ocrx_word' id='word_1_90' title='bbox 1237 1123 1250 1177; x_wconf 78' lang='grc' dir='ltr'>Ξ</span> <span class='ocrx_word' id='word_1_91' title='bbox 1282 1142 1300 1175; x_wconf 82' lang='lat' dir='ltr'><strong>t</strong></span> <span class='ocrx_word' id='word_1_92' title='bbox 1333 1124 1583 1190; x_wconf 75' lang='lat' dir='ltr'><strong>Quisquis</strong></span> <span class='ocrx_word' id='word_1_93' title='bbox 1628 1138 1904 1177; x_wconf 84' lang='lat' dir='ltr'><strong>servorum</strong></span> <span class='ocrx_word' id='word_1_94' title='bbox 1948 1123 2045 1179; x_wconf 88' lang='lat' dir='ltr'><strong>Dei</strong></span> 
     </span>
    </p>
   </div>
   <div class='ocr_carea' id='block_1_15' title="bbox 474 1193 2046 1262">
    <p class='ocr_par' dir='ltr' id='par_1_15' title="bbox 474 1193 2046 1262">
     <span class='ocr_line' id='line_1_15' title="bbox 474 1193 2046 1262; baseline 0 -15"><span class='ocrx_word' id='word_1_95' title='bbox 474 1198 558 1249; x_wconf 87' lang='lat' dir='ltr'><strong>vel</strong></span> <span class='ocrx_word' id='word_1_96' title='bbox 589 1198 903 1249; x_wconf 73' lang='lat' dir='ltr'><strong>ancillarum</strong></span> <span class='ocrx_word' id='word_1_97' title='bbox 936 1193 1060 1248; x_wconf 88' lang='lat' dir='ltr'><strong>Chri</strong></span> <span class='ocrx_word' id='word_1_98' title='bbox 1097 1197 1130 1247; x_wconf 92' lang='lat' dir='ltr'><strong>ti</strong></span> <span class='ocrx_word' id='word_1_99' title='bbox 1164 1196 1213 1246; x_wconf 90' lang='lat' dir='ltr'><strong>in</strong></span> <span class='ocrx_word' id='word_1_100' title='bbox 1244 1195 1447 1248; x_wconf 85' lang='lat' dir='ltr'><strong>crimen</strong></span> <span class='ocrx_word' id='word_1_101' title='bbox 1477 1194 1839 1246; x_wconf 80' lang='lat' dir='ltr'><strong>fornicationis</strong></span> <span class='ocrx_word' id='word_1_102' title='bbox 1865 1194 2046 1262; x_wconf 86' lang='lat' dir='ltr'><strong>lapsus</strong></span> 
     </span>
    </p>
   </div>
   <div class='ocr_carea' id='block_1_16' title="bbox 476 1265 2044 1333">
    <p class='ocr_par' dir='ltr' id='par_1_16' title="bbox 476 1265 2044 1333">
     <span class='ocr_line' id='line_1_16' title="bbox 476 1265 2044 1333; baseline -0.003 -13"><span class='ocrx_word' id='word_1_103' title='bbox 476 1269 656 1328; x_wconf 87' lang='lat' dir='ltr'><strong>fuerit,</strong></span> <span class='ocrx_word' id='word_1_104' title='bbox 675 1267 724 1318; x_wconf 93' lang='lat' dir='ltr'><strong>in</strong></span> <span class='ocrx_word' id='word_1_105' title='bbox 748 1280 963 1319; x_wconf 86' lang='lat' dir='ltr'><strong>carcere</strong></span> <span class='ocrx_word' id='word_1_106' title='bbox 988 1266 1355 1331; x_wconf 71' lang='lat' dir='ltr'><strong>ptenitentiztm</strong></span> <span class='ocrx_word' id='word_1_107' title='bbox 1385 1266 1540 1318; x_wconf 83' lang='lat' dir='ltr'><strong>faciat</strong></span> <span class='ocrx_word' id='word_1_108' title='bbox 1564 1265 1614 1317; x_wconf 88' lang='lat' dir='ltr'><strong>itt</strong></span> <span class='ocrx_word' id='word_1_109' title='bbox 1640 1279 1775 1333; x_wconf 76' lang='lat' dir='ltr'><strong>pane</strong></span> <span class='ocrx_word' id='word_1_110' title='bbox 1797 1274 1850 1316; x_wconf 88' lang='lat' dir='ltr'><strong>et</strong></span> <span class='ocrx_word' id='word_1_111' title='bbox 1871 1278 2005 1332; x_wconf 84' lang='lat' dir='ltr'><strong>aqua</strong></span> <span class='ocrx_word' id='word_1_112' title='bbox 2030 1281 2044 1315; x_wconf 89' lang='lat'><strong>:</strong></span> 
     </span>
    </p>
   </div>
   <div class='ocr_carea' id='block_1_17' title="bbox 478 1333 2050 1405">
    <p class='ocr_par' dir='ltr' id='par_1_17' title="bbox 478 1333 2050 1405">
     <span class='ocr_line' id='line_1_17' title="bbox 478 1333 2050 1405; baseline -0.002 -16"><span class='ocrx_word' id='word_1_113' title='bbox 478 1345 531 1389; x_wconf 86' lang='lat' dir='ltr'><strong>ct</strong></span> <span class='ocrx_word' id='word_1_114' title='bbox 573 1337 616 1388; x_wconf 90' lang='lat' dir='ltr'><strong>si</strong></span> <span class='ocrx_word' id='word_1_115' title='bbox 656 1335 931 1388; x_wconf 88' lang='lat' dir='ltr'><strong>ordinatus</strong></span> <span class='ocrx_word' id='word_1_116' title='bbox 962 1336 1242 1405; x_wconf 86' lang='lat' dir='ltr'><strong>presbyter</strong></span> <span class='ocrx_word' id='word_1_117' title='bbox 1274 1333 1451 1405; x_wconf 87' lang='lat' dir='ltr'><strong>fuerit,</strong></span> <span class='ocrx_word' id='word_1_118' title='bbox 1483 1334 1615 1405; x_wconf 89' lang='lat' dir='ltr'><strong>duos</strong></span> <span class='ocrx_word' id='word_1_119' title='bbox 1642 1348 1811 1387; x_wconf 83' lang='lat' dir='ltr'><strong>annos</strong></span> <span class='ocrx_word' id='word_1_120' title='bbox 1841 1334 1891 1405; x_wconf 91' lang='lat' dir='ltr'><strong>in</strong></span> <span class='ocrx_word' id='word_1_121' title='bbox 1931 1349 2050 1405; x_wconf 82' lang='lat' dir='ltr'><strong>car-</strong></span> 
     </span>
    </p>
   </div>
   <div class='ocr_carea' id='block_1_18' title="bbox 479 1404 2050 1474">
    <p class='ocr_par' dir='ltr' id='par_1_18' title="bbox 479 1404 2050 1474">
     <span class='ocr_line' id='line_1_18' title="bbox 479 1404 2050 1474; baseline -0.001 -15"><span class='ocrx_word' id='word_1_122' title='bbox 479 1421 597 1459; x_wconf 88' lang='lat' dir='ltr'><strong>cere</strong></span> <span class='ocrx_word' id='word_1_123' title='bbox 629 1418 939 1473; x_wconf 78' lang='lat' dir='ltr'><strong>permaneat</strong></span> <span class='ocrx_word' id='word_1_124' title='bbox 982 1404 1135 1457; x_wconf 73' lang='lat' dir='ltr'><strong>antea</strong></span> <span class='ocrx_word' id='word_1_125' title='bbox 1158 1404 1523 1474; x_wconf 62' lang='lat' dir='ltr'><strong>gflacellatus:</strong></span> <span class='ocrx_word' id='word_1_126' title='bbox 1554 1404 1595 1457; x_wconf 91' lang='lat' dir='ltr'><strong>si</strong></span> <span class='ocrx_word' id='word_1_127' title='bbox 1622 1413 1795 1458; x_wconf 89' lang='lat' dir='ltr'><strong>autem</strong></span> <span class='ocrx_word' id='word_1_128' title='bbox 1824 1404 2050 1457; x_wconf 74' lang='lat' dir='ltr'><strong>clericus</strong></span> 
     </span>
    </p>
   </div>
   <div class='ocr_carea' id='block_1_19' title="bbox 480 1474 2047 1543">
    <p class='ocr_par' dir='ltr' id='par_1_19' title="bbox 480 1474 2047 1543">
     <span class='ocr_line' id='line_1_19' title="bbox 480 1474 2047 1543; baseline 0.001 -17"><span class='ocrx_word' id='word_1_129' title='bbox 480 1476 562 1528; x_wconf 92' lang='lat' dir='ltr'><strong>vel</strong></span> <span class='ocrx_word' id='word_1_130' title='bbox 594 1477 887 1528; x_wconf 85' lang='lat' dir='ltr'><strong>monachus</strong></span> <span class='ocrx_word' id='word_1_131' title='bbox 910 1476 960 1527; x_wconf 93' lang='lat' dir='ltr'><strong>in</strong></span> <span class='ocrx_word' id='word_1_132' title='bbox 988 1475 1089 1528; x_wconf 87' lang='lat' dir='ltr'><strong>hoc</strong></span> <span class='ocrx_word' id='word_1_133' title='bbox 1110 1484 1381 1543; x_wconf 87' lang='lat' dir='ltr'><strong>peccatum</strong></span> <span class='ocrx_word' id='word_1_134' title='bbox 1414 1474 1676 1537; x_wconf 87' lang='lat' dir='ltr'><strong>inciderit,</strong></span> <span class='ocrx_word' id='word_1_135' title='bbox 1696 1484 1811 1541; x_wconf 90' lang='lat' dir='ltr'><strong>post</strong></span> <span class='ocrx_word' id='word_1_136' title='bbox 1838 1484 2047 1527; x_wconf 71' lang='lat' dir='ltr'><strong>tertiam</strong></span> 
     </span>
    </p>
   </div>
   <div class='ocr_carea' id='block_1_20' title="bbox 479 1545 2048 1607">
    <p class='ocr_par' dir='ltr' id='par_1_20' title="bbox 479 1545 2048 1607">
     <span class='ocr_line' id='line_1_20' title="bbox 479 1545 2048 1607; baseline -0.002 -8"><span class='ocrx_word' id='word_1_137' title='bbox 479 1545 902 1599; x_wconf 82' lang='lat' dir='ltr'><strong>verberationetn</strong></span> <span class='ocrx_word' id='word_1_138' title='bbox 950 1545 1003 1597; x_wconf 92' lang='lat' dir='ltr'><strong>in</strong></span> <span class='ocrx_word' id='word_1_139' title='bbox 1048 1560 1321 1599; x_wconf 82' lang='lat' dir='ltr'><strong>carcerem</strong></span> <span class='ocrx_word' id='word_1_140' title='bbox 1364 1546 1589 1607; x_wconf 84' lang='lat' dir='ltr'><strong>missus,</strong></span> <span class='ocrx_word' id='word_1_141' title='bbox 1640 1558 1801 1596; x_wconf 89' lang='lat' dir='ltr'><strong>unum</strong></span> <span class='ocrx_word' id='word_1_142' title='bbox 1850 1559 2048 1596; x_wconf 89' lang='lat' dir='ltr'><strong>annum</strong></span> 
     </span>
    </p>
   </div>
   <div class='ocr_carea' id='block_1_21' title="bbox 480 1614 2056 1685">
    <p class='ocr_par' dir='ltr' id='par_1_21' title="bbox 480 1614 2056 1685">
     <span class='ocr_line' id='line_1_21' title="bbox 480 1614 2056 1685; baseline -0.001 -17"><span class='ocrx_word' id='word_1_143' title='bbox 480 1616 845 1685; x_wconf 70' lang='lat' dir='ltr'><strong>ptenitcntiam</strong></span> <span class='ocrx_word' id='word_1_144' title='bbox 874 1614 945 1667; x_wconf 91' lang='lat' dir='ltr'><strong>ibi</strong></span> <span class='ocrx_word' id='word_1_145' title='bbox 979 1626 1119 1683; x_wconf 87' lang='lat' dir='ltr'><strong>agat.</strong></span> <span class='ocrx_word' id='word_1_146' title='bbox 1163 1615 1418 1669; x_wconf 73' lang='lat' dir='ltr'><strong>Similiter</strong></span> <span class='ocrx_word' id='word_1_147' title='bbox 1441 1621 1496 1685; x_wconf 89' lang='lat' dir='ltr'><strong>et</strong></span> <span class='ocrx_word' id='word_1_148' title='bbox 1530 1628 1721 1667; x_wconf 67' lang='lat' dir='ltr'><strong>nonnae</strong></span> <span class='ocrx_word' id='word_1_149' title='bbox 1747 1615 1933 1667; x_wconf 73' lang='lat' dir='ltr'><strong>velata:</strong></span> <span class='ocrx_word' id='word_1_150' title='bbox 1963 1629 2056 1685; x_wconf 42' lang='lat' dir='ltr'><strong>ea:</strong></span> 
     </span>
    </p>
   </div>
   <div class='ocr_carea' id='block_1_22' title="bbox 480 1683 2049 1752">
    <p class='ocr_par' dir='ltr' id='par_1_22' title="bbox 480 1683 2049 1752">
     <span class='ocr_line' id='line_1_22' title="bbox 480 1683 2049 1752; baseline -0.002 -13"><span class='ocrx_word' id='word_1_151' title='bbox 480 1683 600 1739; x_wconf 84' lang='lat' dir='ltr'><strong>dem</strong></span> <span class='ocrx_word' id='word_1_152' title='bbox 632 1687 945 1752; x_wconf 62' lang='lat' dir='ltr'><strong>paenitentia</strong></span> <span class='ocrx_word' id='word_1_153' title='bbox 979 1694 1285 1749; x_wconf 82' lang='lat' dir='ltr'><strong>teneantur,</strong></span> <span class='ocrx_word' id='word_1_154' title='bbox 1310 1695 1361 1737; x_wconf 91' lang='lat' dir='ltr'><strong>et</strong></span> <span class='ocrx_word' id='word_1_155' title='bbox 1390 1684 1645 1736; x_wconf 80' lang='lat' dir='ltr'><strong>radantur</strong></span> <span class='ocrx_word' id='word_1_156' title='bbox 1665 1698 1850 1736; x_wconf 84' lang='lat' dir='ltr'><strong>omnes</strong></span> <span class='ocrx_word' id='word_1_157' title='bbox 1872 1683 2049 1751; x_wconf 76' lang='lat' dir='ltr'><strong>capilli</strong></span> 
     </span>
    </p>
   </div>
   <div class='ocr_carea' id='block_1_23' title="bbox 481 1752 2051 1823">
    <p class='ocr_par' dir='ltr' id='par_1_23' title="bbox 481 1752 2051 1823">
     <span class='ocr_line' id='line_1_23' title="bbox 481 1752 2051 1823; baseline -0.004 -14"><span class='ocrx_word' id='word_1_158' title='bbox 481 1758 668 1818; x_wconf 77' lang='lat' dir='ltr'><strong>canitis</strong></span> <span class='ocrx_word' id='word_1_159' title='bbox 696 1756 832 1822; x_wconf 80' lang='lat' dir='ltr'><strong>eius.</strong></span> <span class='ocrx_word' id='word_1_160' title='bbox 874 1774 890 1804; x_wconf 80' lang='grc' dir='ltr'><strong>ι</strong></span> <span class='ocrx_word' id='word_1_161' title='bbox 931 1756 1165 1823; x_wconf 79' lang='lat' dir='ltr'><strong>Denique</strong></span> <span class='ocrx_word' id='word_1_162' title='bbox 1187 1769 1420 1808; x_wconf 89' lang='lat' dir='ltr'><strong>canones</strong></span> <span class='ocrx_word' id='word_1_163' title='bbox 1442 1754 1540 1807; x_wconf 77' lang='lat' dir='ltr'><strong>sub</strong></span> <span class='ocrx_word' id='word_1_164' title='bbox 1566 1752 1774 1821; x_wconf 84' lang='lat' dir='ltr'><strong>Edgaro</strong></span> <span class='ocrx_word' id='word_1_165' title='bbox 1799 1769 1920 1822; x_wconf 80' lang='lat' dir='ltr'><strong>rege</strong></span> <span class='ocrx_word' id='word_1_166' title='bbox 1946 1760 2051 1804; x_wconf 68' lang='lat' dir='ltr'><strong>An-</strong></span> 
     </span>
    </p>
   </div>
   <div class='ocr_carea' id='block_1_24' title="bbox 517 1799 2292 1892">
    <p class='ocr_par' dir='ltr' id='par_1_24' title="bbox 517 1799 2292 1892">
     <span class='ocr_line' id='line_1_24' title="bbox 517 1799 2292 1892; baseline 0 -13"><span class='ocrx_word' id='word_1_167' title='bbox 517 1799 599 1879; x_wconf 53' lang='lat' dir='ltr'><strong>li&#39;a:</strong></span> <span class='ocrx_word' id='word_1_168' title='bbox 649 1799 759 1879; x_wconf 55' lang='lat' dir='ltr'><strong>dit’i</strong></span> <span class='ocrx_word' id='word_1_169' title='bbox 810 1824 878 1877; x_wconf 85' lang='lat' dir='ltr'><strong>de</strong></span> <span class='ocrx_word' id='word_1_170' title='bbox 918 1799 1093 1878; x_wconf 62' lang='lat' dir='ltr'><strong>modoI</strong></span> <span class='ocrx_word' id='word_1_171' title='bbox 1131 1825 1435 1890; x_wconf 58' lang='lat' dir='ltr'><strong>impunendt</strong></span> <span class='ocrx_word' id='word_1_172' title='bbox 1479 1799 1839 1892; x_wconf 56' lang='lat' dir='ltr'><strong>ptentgttiatn</strong></span> <span class='ocrx_word' id='word_1_173' title='bbox 1858 1799 1941 1875; x_wconf 67' lang='lat' dir='ltr'><strong>0u.</strong></span> <span class='ocrx_word' id='word_1_174' title='bbox 1983 1825 2051 1877; x_wconf 77' lang='grc'><strong>50</strong></span> <span class='ocrx_word' id='word_1_175' title='bbox 2088 1799 2131 1858; x_wconf 73' lang='grc' dir='ltr'><strong><em>Β</em></strong></span> <span class='ocrx_word' id='word_1_176' title='bbox 2158 1828 2292 1879; x_wconf 83' lang='lat' dir='ltr'><strong>rorrt&#39;</strong></span> 
     </span>
    </p>
   </div>
   <div class='ocr_carea' id='block_1_25' title="bbox 511 1893 2050 1964">
    <p class='ocr_par' dir='ltr' id='par_1_25' title="bbox 511 1893 2050 1964">
     <span class='ocr_line' id='line_1_25' title="bbox 511 1893 2050 1964; baseline -0.002 -16"><span class='ocrx_word' id='word_1_177' title='bbox 511 1898 659 1951; x_wconf 75' lang='lat' dir='ltr'><strong>Anud</strong></span> <span class='ocrx_word' id='word_1_178' title='bbox 703 1894 965 1964; x_wconf 81' lang='lat' dir='ltr'><strong>Spelmau.</strong></span> <span class='ocrx_word' id='word_1_179' title='bbox 998 1905 1120 1947; x_wconf 84' lang='lat' dir='ltr'><strong>tant.</strong></span> <span class='ocrx_word' id='word_1_180' title='bbox 1148 1893 1169 1946; x_wconf 92' lang='grc' dir='ltr'><strong>ι</strong></span> <span class='ocrx_word' id='word_1_181' title='bbox 1197 1893 1354 1949; x_wconf 81' lang='lat' dir='ltr'><strong>Conc.</strong></span> <span class='ocrx_word' id='word_1_182' title='bbox 1402 1893 1555 1963; x_wconf 79' lang='lat' dir='ltr'><strong>Attgl.</strong></span> <span class='ocrx_word' id='word_1_183' title='bbox 1593 1896 1659 1945; x_wconf 85' lang='lat' dir='ltr'><strong>ad</strong></span> <span class='ocrx_word' id='word_1_184' title='bbox 1704 1910 1828 1946; x_wconf 77' lang='lat' dir='ltr'><strong>arm.</strong></span> <span class='ocrx_word' id='word_1_185' title='bbox 1876 1895 2004 1959; x_wconf 76' lang='lat'><strong>967)</strong></span> <span class='ocrx_word' id='word_1_186' title='bbox 2038 1911 2050 1945; x_wconf 86' lang='lat'>:</span> 
     </span>
    </p>
   </div>
   <div class='ocr_carea' id='block_1_26' title="bbox 488 1964 2054 2029">
    <p class='ocr_par' dir='ltr' id='par_1_26' title="bbox 488 1964 2054 2029">
     <span class='ocr_line' id='line_1_26' title="bbox 488 1964 2054 2029; baseline -0.001 -12"><span class='ocrx_word' id='word_1_187' title='bbox 488 1983 507 2017; x_wconf 76' lang='grc' dir='ltr'><strong>ι</strong></span> <span class='ocrx_word' id='word_1_188' title='bbox 563 1965 619 2019; x_wconf 89' lang='lat' dir='ltr'><strong>Si</strong></span> <span class='ocrx_word' id='word_1_189' title='bbox 668 1964 899 2017; x_wconf 84' lang='lat' dir='ltr'><strong>miss:tlis</strong></span> <span class='ocrx_word' id='word_1_190' title='bbox 950 1964 1223 2029; x_wconf 80' lang='lat' dir='ltr'><strong>sacerdos,</strong></span> <span class='ocrx_word' id='word_1_191' title='bbox 1281 1966 1393 2015; x_wconf 81' lang='lat' dir='ltr'><strong>sive</strong></span> <span class='ocrx_word' id='word_1_192' title='bbox 1448 1966 1743 2017; x_wconf 68' lang='lat' dir='ltr'><strong>monac-ltus</strong></span> <span class='ocrx_word' id='word_1_193' title='bbox 1797 1964 2054 2017; x_wconf 80' lang='lat' dir='ltr'><strong>lascivum</strong></span> 
     </span>
    </p>
   </div>
   <div class='ocr_carea' id='block_1_27' title="bbox 483 2033 2057 2103">
    <p class='ocr_par' dir='ltr' id='par_1_27' title="bbox 483 2033 2057 2103">
     <span class='ocr_line' id='line_1_27' title="bbox 483 2033 2057 2103; baseline 0 -16"><span class='ocrx_word' id='word_1_194' title='bbox 483 2036 680 2087; x_wconf 84' lang='lat' dir='ltr'><strong>coitum</strong></span> <span class='ocrx_word' id='word_1_195' title='bbox 712 2035 1070 2102; x_wconf 81' lang='lat' dir='ltr'><strong>concupiscat,</strong></span> <span class='ocrx_word' id='word_1_196' title='bbox 1092 2036 1179 2088; x_wconf 83' lang='lat' dir='ltr'><strong>vel</strong></span> <span class='ocrx_word' id='word_1_197' title='bbox 1203 2034 1505 2099; x_wconf 78' lang='lat' dir='ltr'><strong>coniugium</strong></span> <span class='ocrx_word' id='word_1_198' title='bbox 1528 2034 1803 2088; x_wconf 83' lang='lat' dir='ltr'><strong>violaverit</strong></span> <span class='ocrx_word' id='word_1_199' title='bbox 1820 2074 1833 2097; x_wconf 96' lang='lat'><strong>,</strong></span> <span class='ocrx_word' id='word_1_200' title='bbox 1848 2033 2057 2103; x_wconf 82' lang='lat' dir='ltr'><strong>jcjunet</strong></span> 
     </span>
    </p>
   </div>
   <div class='ocr_carea' id='block_1_28' title="bbox 486 2105 2055 2172">
    <p class='ocr_par' dir='ltr' id='par_1_28' title="bbox 486 2105 2055 2172">
     <span class='ocr_line' id='line_1_28' title="bbox 486 2105 2055 2172; baseline -0.001 -13"><span class='ocrx_word' id='word_1_201' title='bbox 486 2106 671 2159; x_wconf 87' lang='lat' dir='ltr'><strong>decem</strong></span> <span class='ocrx_word' id='word_1_202' title='bbox 725 2120 913 2163; x_wconf 76' lang='lat' dir='ltr'><strong>annos,</strong></span> <span class='ocrx_word' id='word_1_203' title='bbox 946 2114 1000 2157; x_wconf 87' lang='lat' dir='ltr'><strong>et</strong></span> <span class='ocrx_word' id='word_1_204' title='bbox 1043 2119 1254 2172; x_wconf 80' lang='lat' dir='ltr'><strong>semper</strong></span> <span class='ocrx_word' id='word_1_205' title='bbox 1277 2106 1515 2167; x_wconf 78' lang='lat' dir='ltr'><strong>delicat;</strong></span> <span class='ocrx_word' id='word_1_206' title='bbox 1553 2123 1571 2154; x_wconf 73' lang='grc' dir='ltr'><strong>ι</strong></span> <span class='ocrx_word' id='word_1_207' title='bbox 1604 2113 1658 2158; x_wconf 91' lang='lat' dir='ltr'><strong>et</strong></span> <span class='ocrx_word' id='word_1_208' title='bbox 1688 2120 1743 2157; x_wconf 75' lang='grc' dir='ltr'>ιι.</span> <span class='ocrx_word' id='word_1_209' title='bbox 1793 2106 1855 2159; x_wconf 73' lang='grc'><strong>51</strong></span> <span class='ocrx_word' id='word_1_210' title='bbox 1894 2122 1906 2157; x_wconf 94' lang='lat'>:</span> <span class='ocrx_word' id='word_1_211' title='bbox 1946 2122 1964 2155; x_wconf 71' lang='grc' dir='ltr'><strong>ι</strong></span> <span class='ocrx_word' id='word_1_212' title='bbox 1997 2105 2055 2159; x_wconf 87' lang='lat' dir='ltr'><strong>Si</strong></span> 
     </span>
    </p>
   </div>
   <div class='ocr_carea' id='block_1_29' title="bbox 486 2174 2057 2242">
    <p class='ocr_par' dir='ltr' id='par_1_29' title="bbox 486 2174 2057 2242">
     <span class='ocr_line' id='line_1_29' title="bbox 486 2174 2057 2242; baseline -0.001 -14"><span class='ocrx_word' id='word_1_213' title='bbox 486 2174 721 2228; x_wconf 87' lang='lat' dir='ltr'><strong>missalis</strong></span> <span class='ocrx_word' id='word_1_214' title='bbox 750 2174 1021 2237; x_wconf 82' lang='lat' dir='ltr'><strong>sacerdos,</strong></span> <span class='ocrx_word' id='word_1_215' title='bbox 1049 2176 1160 2227; x_wconf 89' lang='lat' dir='ltr'><strong>sive</strong></span> <span class='ocrx_word' id='word_1_216' title='bbox 1192 2176 1504 2240; x_wconf 74' lang='lat' dir='ltr'><strong>monachus,</strong></span> <span class='ocrx_word' id='word_1_217' title='bbox 1534 2174 1619 2227; x_wconf 90' lang='lat' dir='ltr'><strong>vel</strong></span> <span class='ocrx_word' id='word_1_218' title='bbox 1640 2174 1899 2228; x_wconf 81' lang='lat' dir='ltr'><strong>diaconus</strong></span> <span class='ocrx_word' id='word_1_219' title='bbox 1929 2175 2057 2242; x_wconf 83' lang='lat' dir='ltr'><strong>legi-</strong></span> 
     </span>
    </p>
   </div>
   <div class='ocr_carea' id='block_1_30' title="bbox 488 2244 2053 2313">
    <p class='ocr_par' dir='ltr' id='par_1_30' title="bbox 488 2244 2053 2313">
     <span class='ocr_line' id='line_1_30' title="bbox 488 2244 2053 2313; baseline 0 -16"><span class='ocrx_word' id='word_1_220' title='bbox 488 2246 669 2297; x_wconf 86' lang='lat' dir='ltr'><strong>titnam</strong></span> <span class='ocrx_word' id='word_1_221' title='bbox 693 2258 913 2297; x_wconf 74' lang='lat' dir='ltr'><strong>uxorem</strong></span> <span class='ocrx_word' id='word_1_222' title='bbox 944 2244 1148 2307; x_wconf 88' lang='lat' dir='ltr'><strong>habuit,</strong></span> <span class='ocrx_word' id='word_1_223' title='bbox 1182 2244 1485 2313; x_wconf 79' lang='lat' dir='ltr'><strong>priusquam</strong></span> <span class='ocrx_word' id='word_1_224' title='bbox 1509 2244 1749 2298; x_wconf 90' lang='lat' dir='ltr'><strong>ordinem</strong></span> <span class='ocrx_word' id='word_1_225' title='bbox 1792 2244 2053 2309; x_wconf 78' lang='lat' dir='ltr'><strong>induerat,</strong></span> 
     </span>
    </p>
   </div>
   <div class='ocr_carea' id='block_1_31' title="bbox 486 2313 2056 2382">
    <p class='ocr_par' dir='ltr' id='par_1_31' title="bbox 486 2313 2056 2382">
     <span class='ocr_line' id='line_1_31' title="bbox 486 2313 2056 2382; baseline 0 -15"><span class='ocrx_word' id='word_1_226' title='bbox 486 2324 545 2367; x_wconf 87' lang='lat' dir='ltr'><strong>et</strong></span> <span class='ocrx_word' id='word_1_227' title='bbox 563 2315 746 2366; x_wconf 68' lang='lat' dir='ltr'><strong>relicta</strong></span> <span class='ocrx_word' id='word_1_228' title='bbox 771 2328 830 2365; x_wconf 87' lang='lat' dir='ltr'><strong>ea</strong></span> <span class='ocrx_word' id='word_1_229' title='bbox 868 2328 1050 2367; x_wconf 85' lang='lat' dir='ltr'><strong>sacros</strong></span> <span class='ocrx_word' id='word_1_230' title='bbox 1065 2314 1280 2367; x_wconf 89' lang='lat' dir='ltr'><strong>ordines</strong></span> <span class='ocrx_word' id='word_1_231' title='bbox 1303 2313 1659 2381; x_wconf 73' lang='lat' dir='ltr'><strong>ingrediatur,</strong></span> <span class='ocrx_word' id='word_1_232' title='bbox 1681 2323 1861 2382; x_wconf 87' lang='lat' dir='ltr'><strong>postea</strong></span> <span class='ocrx_word' id='word_1_233' title='bbox 1882 2324 2056 2367; x_wconf 82' lang='lat' dir='ltr'><strong>tamen</strong></span> 
     </span>
    </p>
   </div>
   <div class='ocr_carea' id='block_1_32' title="bbox 488 2383 2061 2452">
    <p class='ocr_par' dir='ltr' id='par_1_32' title="bbox 488 2383 2061 2452">
     <span class='ocr_line' id='line_1_32' title="bbox 488 2383 2061 2452; baseline 0.001 -15"><span class='ocrx_word' id='word_1_234' title='bbox 488 2384 709 2437; x_wconf 82' lang='lat' dir='ltr'><strong>libidine</strong></span> <span class='ocrx_word' id='word_1_235' title='bbox 738 2384 981 2449; x_wconf 81' lang='lat' dir='ltr'><strong>pruriens</strong></span> <span class='ocrx_word' id='word_1_236' title='bbox 1001 2400 1116 2437; x_wconf 90' lang='lat' dir='ltr'><strong>eam</strong></span> <span class='ocrx_word' id='word_1_237' title='bbox 1150 2384 1326 2437; x_wconf 87' lang='lat' dir='ltr'><strong>denuo</strong></span> <span class='ocrx_word' id='word_1_238' title='bbox 1347 2386 1482 2437; x_wconf 82' lang='lat' dir='ltr'><strong>ciam</strong></span> <span class='ocrx_word' id='word_1_239' title='bbox 1514 2384 1829 2452; x_wconf 75' lang='lat' dir='ltr'><strong>susceperit,</strong></span> <span class='ocrx_word' id='word_1_240' title='bbox 1857 2383 2061 2452; x_wconf 76' lang='lat' dir='ltr'><strong>jejunet</strong></span> 
     </span>
    </p>
   </div>
   <div class='ocr_carea' id='block_1_33' title="bbox 486 2452 2059 2524">
    <p class='ocr_par' dir='ltr' id='par_1_33' title="bbox 486 2452 2059 2524">
     <span class='ocr_line' id='line_1_33' title="bbox 486 2452 2059 2524; baseline -0.001 -17"><span class='ocrx_word' id='word_1_241' title='bbox 486 2468 674 2508; x_wconf 86' lang='lat' dir='ltr'><strong>eorum</strong></span> <span class='ocrx_word' id='word_1_242' title='bbox 702 2452 925 2524; x_wconf 79' lang='lat' dir='ltr'><strong>quilibet</strong></span> <span class='ocrx_word' id='word_1_243' title='bbox 952 2463 1001 2506; x_wconf 94' lang='lat' dir='ltr'><strong>ta</strong></span> <span class='ocrx_word' id='word_1_244' title='bbox 1044 2470 1201 2522; x_wconf 89' lang='lat' dir='ltr'><strong>quam</strong></span> <span class='ocrx_word' id='word_1_245' title='bbox 1232 2469 1329 2524; x_wconf 89' lang='lat' dir='ltr'><strong>pro</strong></span> <span class='ocrx_word' id='word_1_246' title='bbox 1360 2454 1663 2513; x_wconf 83' lang='lat' dir='ltr'><strong>homicidio,</strong></span> <span class='ocrx_word' id='word_1_247' title='bbox 1688 2463 1741 2508; x_wconf 87' lang='lat' dir='ltr'><strong>et</strong></span> <span class='ocrx_word' id='word_1_248' title='bbox 1767 2454 1945 2521; x_wconf 81' lang='lat' dir='ltr'><strong>lugeat</strong></span> <span class='ocrx_word' id='word_1_249' title='bbox 1976 2457 2059 2506; x_wconf 88' lang='lat' dir='ltr'><strong>itt-</strong></span> 
     </span>
    </p>
   </div>
   <div class='ocr_carea' id='block_1_34' title="bbox 490 2523 2064 2590">
    <p class='ocr_par' dir='ltr' id='par_1_34' title="bbox 490 2523 2064 2590">
     <span class='ocr_line' id='line_1_34' title="bbox 490 2523 2064 2590; baseline 0.001 -15"><span class='ocrx_word' id='word_1_250' title='bbox 490 2538 649 2590; x_wconf 91' lang='lat' dir='ltr'><strong>snper</strong></span> <span class='ocrx_word' id='word_1_251' title='bbox 684 2523 1085 2586; x_wconf 68' lang='lat' dir='ltr'><strong>vehementius;</strong></span> <span class='ocrx_word' id='word_1_252' title='bbox 1126 2543 1145 2574; x_wconf 78' lang='grc'><strong>»</strong></span> <span class='ocrx_word' id='word_1_253' title='bbox 1178 2523 1308 2577; x_wconf 85' lang='lat' dir='ltr'><strong>ctu.</strong></span> <span class='ocrx_word' id='word_1_254' title='bbox 1330 2524 1436 2577; x_wconf 72' lang='lat'><strong>52:</strong></span> <span class='ocrx_word' id='word_1_255' title='bbox 1474 2542 1493 2574; x_wconf 77' lang='grc' dir='ltr'><strong>ι</strong></span> <span class='ocrx_word' id='word_1_256' title='bbox 1526 2525 1580 2578; x_wconf 86' lang='lat' dir='ltr'><strong>Si</strong></span> <span class='ocrx_word' id='word_1_257' title='bbox 1615 2524 1844 2577; x_wconf 87' lang='lat' dir='ltr'><strong>missahs</strong></span> <span class='ocrx_word' id='word_1_258' title='bbox 1884 2538 2064 2577; x_wconf 83' lang='lat' dir='ltr'><strong>sacer-</strong></span> 
     </span>
    </p>
   </div>
   <div class='ocr_carea' id='block_1_35' title="bbox 486 2593 2059 2658">
    <p class='ocr_par' dir='ltr' id='par_1_35' title="bbox 486 2593 2059 2658">
     <span class='ocr_line' id='line_1_35' title="bbox 486 2593 2059 2658; baseline 0.002 -14"><span class='ocrx_word' id='word_1_259' title='bbox 486 2593 611 2656; x_wconf 87' lang='lat' dir='ltr'><strong>dos,</strong></span> <span class='ocrx_word' id='word_1_260' title='bbox 641 2594 725 2646; x_wconf 86' lang='lat' dir='ltr'><strong>vel</strong></span> <span class='ocrx_word' id='word_1_261' title='bbox 756 2595 1065 2658; x_wconf 82' lang='lat' dir='ltr'><strong>monachus,</strong></span> <span class='ocrx_word' id='word_1_262' title='bbox 1101 2594 1183 2648; x_wconf 75' lang='lat' dir='ltr'><strong>vel</strong></span> <span class='ocrx_word' id='word_1_263' title='bbox 1210 2594 1491 2658; x_wconf 85' lang='lat' dir='ltr'><strong>diaconus,</strong></span> <span class='ocrx_word' id='word_1_264' title='bbox 1520 2594 1601 2647; x_wconf 90' lang='lat' dir='ltr'><strong>vel</strong></span> <span class='ocrx_word' id='word_1_265' title='bbox 1630 2593 1817 2658; x_wconf 71' lang='lat' dir='ltr'><strong>laicus,</strong></span> <span class='ocrx_word' id='word_1_266' title='bbox 1844 2594 1923 2646; x_wconf 86' lang='lat' dir='ltr'><strong>vel</strong></span> <span class='ocrx_word' id='word_1_267' title='bbox 1947 2594 2059 2647; x_wconf 80' lang='lat' dir='ltr'><strong>cic-</strong></span> 
     </span>
    </p>
   </div>
   <div class='ocr_carea' id='block_1_36' title="bbox 492 2664 2063 2733">
    <p class='ocr_par' dir='ltr' id='par_1_36' title="bbox 492 2664 2063 2733">
     <span class='ocr_line' id='line_1_36' title="bbox 492 2664 2063 2733; baseline 0.003 -20"><span class='ocrx_word' id='word_1_268' title='bbox 492 2664 635 2733; x_wconf 84' lang='lat' dir='ltr'><strong>ricus</strong></span> <span class='ocrx_word' id='word_1_269' title='bbox 649 2678 768 2715; x_wconf 91' lang='lat' dir='ltr'><strong>cum</strong></span> <span class='ocrx_word' id='word_1_270' title='bbox 793 2665 1005 2716; x_wconf 89' lang='lat' dir='ltr'><strong>mottialt</strong></span> <span class='ocrx_word' id='word_1_271' title='bbox 1027 2666 1387 2727; x_wconf 71' lang='lat' dir='ltr'><strong>forni«-averit,</strong></span> <span class='ocrx_word' id='word_1_272' title='bbox 1407 2664 1607 2731; x_wconf 73' lang='lat' dir='ltr'><strong>ieiunet</strong></span> <span class='ocrx_word' id='word_1_273' title='bbox 1625 2664 1877 2733; x_wconf 84' lang='lat' dir='ltr'><strong>quilibet,</strong></span> <span class='ocrx_word' id='word_1_274' title='bbox 1906 2673 2063 2730; x_wconf 79' lang='lat' dir='ltr'><strong>prout</strong></span> 
     </span>
    </p>
   </div>
   <div class='ocr_carea' id='block_1_37' title="bbox 490 2732 2062 2803">
    <p class='ocr_par' dir='ltr' id='par_1_37' title="bbox 490 2732 2062 2803">
     <span class='ocr_line' id='line_1_37' title="bbox 490 2732 2062 2803; baseline 0.002 -18"><span class='ocrx_word' id='word_1_275' title='bbox 490 2732 663 2786; x_wconf 91' lang='lat' dir='ltr'><strong>ordini</strong></span> <span class='ocrx_word' id='word_1_276' title='bbox 696 2748 791 2786; x_wconf 92' lang='lat' dir='ltr'><strong>suo</strong></span> <span class='ocrx_word' id='word_1_277' title='bbox 816 2736 1084 2796; x_wconf 82' lang='lat' dir='ltr'><strong>cnnvenit,</strong></span> <span class='ocrx_word' id='word_1_278' title='bbox 1106 2745 1351 2800; x_wconf 89' lang='lat' dir='ltr'><strong>tanquam</strong></span> <span class='ocrx_word' id='word_1_279' title='bbox 1371 2750 1464 2803; x_wconf 86' lang='lat' dir='ltr'><strong>pro</strong></span> <span class='ocrx_word' id='word_1_280' title='bbox 1480 2735 1869 2798; x_wconf 88' lang='lat' dir='ltr'><strong>homicidio;et</strong></span> <span class='ocrx_word' id='word_1_281' title='bbox 1889 2734 2062 2802; x_wconf 83' lang='lat' dir='ltr'><strong>quoad</strong></span> 
     </span>
    </p>
   </div>
   <div class='ocr_carea' id='block_1_38' title="bbox 497 2804 2061 2869">
    <p class='ocr_par' dir='ltr' id='par_1_38' title="bbox 497 2804 2061 2869">
     <span class='ocr_line' id='line_1_38' title="bbox 497 2804 2061 2869; baseline 0.004 -17"><span class='ocrx_word' id='word_1_282' title='bbox 497 2804 686 2855; x_wconf 74' lang='lat' dir='ltr'><strong>vixerit</strong></span> <span class='ocrx_word' id='word_1_283' title='bbox 727 2818 754 2854; x_wconf 91' lang='lat' dir='ltr'><strong>a</strong></span> <span class='ocrx_word' id='word_1_284' title='bbox 800 2817 959 2856; x_wconf 85' lang='lat' dir='ltr'><strong>carne</strong></span> <span class='ocrx_word' id='word_1_285' title='bbox 1006 2806 1299 2869; x_wconf 83' lang='lat' dir='ltr'><strong>abstineat;</strong></span> <span class='ocrx_word' id='word_1_286' title='bbox 1360 2806 1603 2859; x_wconf 87' lang='lat' dir='ltr'><strong>monialis</strong></span> <span class='ocrx_word' id='word_1_287' title='bbox 1654 2815 1825 2858; x_wconf 89' lang='lat' dir='ltr'><strong>autem</strong></span> <span class='ocrx_word' id='word_1_288' title='bbox 1877 2807 2061 2859; x_wconf 88' lang='lat' dir='ltr'><strong>decem</strong></span> 
     </span>
    </p>
   </div>
   <div class='ocr_carea' id='block_1_39' title="bbox 492 2873 2063 2941">
    <p class='ocr_par' dir='ltr' id='par_1_39' title="bbox 492 2873 2063 2941">
     <span class='ocr_line' id='line_1_39' title="bbox 492 2873 2063 2941; baseline 0.004 -18"><span class='ocrx_word' id='word_1_289' title='bbox 492 2888 688 2937; x_wconf 76' lang='lat' dir='ltr'><strong>annos,</strong></span> <span class='ocrx_word' id='word_1_290' title='bbox 717 2873 873 2927; x_wconf 88' lang='lat' dir='ltr'><strong>sicuti</strong></span> <span class='ocrx_word' id='word_1_291' title='bbox 905 2882 958 2927; x_wconf 89' lang='lat' dir='ltr'><strong>et</strong></span> <span class='ocrx_word' id='word_1_292' title='bbox 986 2874 1232 2928; x_wconf 69' lang='lat' dir='ltr'><strong>sacerdos</strong></span> <span class='ocrx_word' id='word_1_293' title='bbox 1259 2875 1519 2941; x_wconf 70' lang='lat' dir='ltr'><strong>missalis,</strong></span> <span class='ocrx_word' id='word_1_294' title='bbox 1550 2886 1602 2929; x_wconf 92' lang='lat' dir='ltr'><strong>et</strong></span> <span class='ocrx_word' id='word_1_295' title='bbox 1630 2889 1843 2941; x_wconf 87' lang='lat' dir='ltr'><strong>semper</strong></span> <span class='ocrx_word' id='word_1_296' title='bbox 1870 2874 2063 2929; x_wconf 80' lang='lat' dir='ltr'><strong>factum</strong></span> 
     </span>
    </p>
   </div>
   <div class='ocr_carea' id='block_1_40' title="bbox 497 2943 2060 3013">
    <p class='ocr_par' dir='ltr' id='par_1_40' title="bbox 497 2943 2060 3013">
     <span class='ocr_line' id='line_1_40' title="bbox 497 2943 2060 3013; baseline 0.002 -18"><span class='ocrx_word' id='word_1_297' title='bbox 497 2946 672 3010; x_wconf 88' lang='lat' dir='ltr'><strong>lugeat</strong></span> <span class='ocrx_word' id='word_1_298' title='bbox 740 2960 757 2993; x_wconf 77' lang='grc' dir='ltr'><strong>ιι</strong></span> <span class='ocrx_word' id='word_1_299' title='bbox 798 2943 869 2997; x_wconf 86' lang='lat' dir='ltr'><strong>De</strong></span> <span class='ocrx_word' id='word_1_300' title='bbox 913 2946 1234 2998; x_wconf 85' lang='lat' dir='ltr'><strong>moniatihus</strong></span> <span class='ocrx_word' id='word_1_301' title='bbox 1279 2946 1392 2998; x_wconf 65' lang='lat' dir='ltr'><strong>haec</strong></span> <span class='ocrx_word' id='word_1_302' title='bbox 1421 2944 1767 3013; x_wconf 72' lang='lat' dir='ltr'><strong>singulariter</strong></span> <span class='ocrx_word' id='word_1_303' title='bbox 1793 2946 1975 2998; x_wconf 86' lang='lat' dir='ltr'><strong>statuit</strong></span> <span class='ocrx_word' id='word_1_304' title='bbox 2002 2945 2060 2998; x_wconf 91' lang='grc'><strong>8.</strong></span> 
     </span>
    </p>
   </div>
   <div class='ocr_carea' id='block_1_41' title="bbox 490 3013 2065 3084">
    <p class='ocr_par' dir='ltr' id='par_1_41' title="bbox 490 3013 2065 3084">
     <span class='ocr_line' id='line_1_41' title="bbox 490 3013 2065 3084; baseline 0.001 -17"><span class='ocrx_word' id='word_1_305' title='bbox 490 3013 814 3084; x_wconf 32' lang='grc' dir='ltr'>ϐιρςυτίιιδμ</span> <span class='ocrx_word' id='word_1_306' title='bbox 831 3028 965 3082; x_wconf 85' lang='lat' dir='ltr'><strong>papa</strong></span> <span class='ocrx_word' id='word_1_307' title='bbox 1014 3014 1081 3067; x_wconf 89' lang='lat' dir='ltr'><strong>ad</strong></span> <span class='ocrx_word' id='word_1_308' title='bbox 1119 3014 1427 3067; x_wconf 86' lang='lat' dir='ltr'><strong>Januarntm</strong></span> <span class='ocrx_word' id='word_1_309' title='bbox 1471 3016 1778 3084; x_wconf 78' lang='lat' dir='ltr'><strong>episcopum</strong></span> <span class='ocrx_word' id='word_1_310' title='bbox 1821 3018 2065 3070; x_wconf 87' lang='lat' dir='ltr'><strong>scribens</strong></span> 
     </span>
    </p>
   </div>
   <div class='ocr_carea' id='block_1_42' title="bbox 491 3082 2065 3155">
    <p class='ocr_par' dir='ltr' id='par_1_42' title="bbox 491 3082 2065 3155">
     <span class='ocr_line' id='line_1_42' title="bbox 491 3082 2065 3155; baseline 0.003 -20"><span class='ocrx_word' id='word_1_311' title='bbox 491 3082 635 3151; x_wconf 83' lang='lat' dir='ltr'><strong>(Lib.</strong></span> <span class='ocrx_word' id='word_1_312' title='bbox 669 3098 725 3136; x_wconf 86' lang='lat' dir='ltr'><strong>tu</strong></span> <span class='ocrx_word' id='word_1_313' title='bbox 778 3082 929 3155; x_wconf 64' lang='grc' dir='ltr'><strong>ηενρ..</strong></span> <span class='ocrx_word' id='word_1_314' title='bbox 964 3100 1083 3152; x_wconf 86' lang='lat' dir='ltr'><strong>cap.</strong></span> <span class='ocrx_word' id='word_1_315' title='bbox 1119 3084 1176 3155; x_wconf 82' lang='lat'><strong>9)</strong></span> <span class='ocrx_word' id='word_1_316' title='bbox 1213 3102 1225 3137; x_wconf 91' lang='lat'><strong>:</strong></span> <span class='ocrx_word' id='word_1_317' title='bbox 1270 3103 1288 3135; x_wconf 74' lang='grc' dir='ltr'><strong>ι</strong></span> <span class='ocrx_word' id='word_1_318' title='bbox 1326 3085 1381 3137; x_wconf 83' lang='grc' dir='ltr'>8ἰ</span> <span class='ocrx_word' id='word_1_319' title='bbox 1414 3082 1517 3153; x_wconf 81' lang='lat' dir='ltr'><strong>qua</strong></span> <span class='ocrx_word' id='word_1_320' title='bbox 1559 3098 1733 3138; x_wconf 91' lang='lat' dir='ltr'><strong>autem</strong></span> <span class='ocrx_word' id='word_1_321' title='bbox 1764 3100 1947 3138; x_wconf 88' lang='lat' dir='ltr'><strong>earum</strong></span> <span class='ocrx_word' id='word_1_322' title='bbox 1976 3085 2065 3140; x_wconf 83' lang='lat' dir='ltr'><strong>vel</strong></span> 
     </span>
    </p>
   </div>
   <div class='ocr_carea' id='block_1_43' title="bbox 499 3154 2064 3224">
    <p class='ocr_par' dir='ltr' id='par_1_43' title="bbox 499 3154 2064 3224">
     <span class='ocr_line' id='line_1_43' title="bbox 499 3154 2064 3224; baseline 0.003 -19"><span class='ocrx_word' id='word_1_323' title='bbox 499 3168 593 3220; x_wconf 89' lang='lat' dir='ltr'><strong>per</strong></span> <span class='ocrx_word' id='word_1_324' title='bbox 618 3154 945 3224; x_wconf 80' lang='lat' dir='ltr'><strong>anteriorem</strong></span> <span class='ocrx_word' id='word_1_325' title='bbox 968 3154 1255 3215; x_wconf 85' lang='lat' dir='ltr'><strong>licentiam,</strong></span> <span class='ocrx_word' id='word_1_326' title='bbox 1272 3155 1356 3213; x_wconf 83' lang='lat' dir='ltr'><strong>vel</strong></span> <span class='ocrx_word' id='word_1_327' title='bbox 1388 3170 1480 3222; x_wconf 87' lang='lat' dir='ltr'><strong>per</strong></span> <span class='ocrx_word' id='word_1_328' title='bbox 1502 3155 1826 3224; x_wconf 89' lang='lat' dir='ltr'><strong>impnnuatis</strong></span> <span class='ocrx_word' id='word_1_329' title='bbox 1848 3170 2064 3224; x_wconf 78' lang='lat' dir='ltr'><strong>pravam</strong></span> 
     </span>
    </p>
   </div>
   <div class='ocr_carea' id='block_1_44' title="bbox 496 3223 2067 3293">
    <p class='ocr_par' dir='ltr' id='par_1_44' title="bbox 496 3223 2067 3293">
     <span class='ocr_line' id='line_1_44' title="bbox 496 3223 2067 3293; baseline 0.004 -18"><span class='ocrx_word' id='word_1_330' title='bbox 496 3223 961 3285; x_wconf 76' lang='lat' dir='ltr'><strong>consuetudinem,</strong></span> <span class='ocrx_word' id='word_1_331' title='bbox 991 3226 1055 3277; x_wconf 88' lang='lat' dir='ltr'><strong>ad</strong></span> <span class='ocrx_word' id='word_1_332' title='bbox 1088 3225 1291 3293; x_wconf 80' lang='lat' dir='ltr'><strong>lapsum</strong></span> <span class='ocrx_word' id='word_1_333' title='bbox 1322 3223 1817 3279; x_wconf 33' lang='lat' dir='ltr'><strong>adulterii’dedttcta</strong></span> <span class='ocrx_word' id='word_1_334' title='bbox 1849 3223 1951 3289; x_wconf 83' lang='lat' dir='ltr'><strong>est,</strong></span> <span class='ocrx_word' id='word_1_335' title='bbox 1976 3237 2067 3281; x_wconf 89' lang='lat' dir='ltr'><strong>aut</strong></span> 
     </span>
    </p>
   </div>
   <div class='ocr_carea' id='block_1_45' title="bbox 497 3293 2069 3362">
    <p class='ocr_par' dir='ltr' id='par_1_45' title="bbox 497 3293 2069 3362">
     <span class='ocr_line' id='line_1_45' title="bbox 497 3293 2069 3362; baseline 0.003 -16"><span class='ocrx_word' id='word_1_336' title='bbox 497 3294 553 3347; x_wconf 81' lang='lat' dir='ltr'><strong>in</strong></span> <span class='ocrx_word' id='word_1_337' title='bbox 574 3295 741 3362; x_wconf 80' lang='lat' dir='ltr'><strong>stupri</strong></span> <span class='ocrx_word' id='word_1_338' title='bbox 776 3293 1027 3360; x_wconf 85' lang='lat' dir='ltr'><strong>perducta</strong></span> <span class='ocrx_word' id='word_1_339' title='bbox 1062 3295 1220 3347; x_wconf 89' lang='lat' dir='ltr'><strong>fuerit</strong></span> <span class='ocrx_word' id='word_1_340' title='bbox 1241 3298 1548 3362; x_wconf 69' lang='lat' dir='ltr'><strong>voraginem</strong></span> <span class='ocrx_word' id='word_1_341' title='bbox 1570 3335 1586 3359; x_wconf 97' lang='lat'><strong>,</strong></span> <span class='ocrx_word' id='word_1_342' title='bbox 1617 3294 1753 3347; x_wconf 89' lang='lat' dir='ltr'><strong>hanc</strong></span> <span class='ocrx_word' id='word_1_343' title='bbox 1774 3304 1893 3362; x_wconf 89' lang='lat' dir='ltr'><strong>post</strong></span> <span class='ocrx_word' id='word_1_344' title='bbox 1921 3310 2069 3349; x_wconf 84' lang='lat' dir='ltr'><strong>com-</strong></span> 
     </span>
    </p>
   </div>
   <div class='ocr_carea' id='block_1_46' title="bbox 501 3361 2068 3430">
    <p class='ocr_par' dir='ltr' id='par_1_46' title="bbox 501 3361 2068 3430">
     <span class='ocr_line' id='line_1_46' title="bbox 501 3361 2068 3430; baseline 0.004 -15"><span class='ocrx_word' id='word_1_345' title='bbox 501 3361 730 3430; x_wconf 72' lang='lat' dir='ltr'><strong>petentia</strong></span> <span class='ocrx_word' id='word_1_346' title='bbox 781 3364 1115 3417; x_wconf 87' lang='lat' dir='ltr'><strong>severitatem</strong></span> <span class='ocrx_word' id='word_1_347' title='bbox 1166 3361 1437 3427; x_wconf 63' lang='lat' dir='ltr'><strong>vindictin,</strong></span> <span class='ocrx_word' id='word_1_348' title='bbox 1491 3367 1540 3417; x_wconf 94' lang='lat' dir='ltr'><strong>in</strong></span> <span class='ocrx_word' id='word_1_349' title='bbox 1594 3365 1732 3419; x_wconf 85' lang='lat' dir='ltr'><strong>aliud</strong></span> <span class='ocrx_word' id='word_1_350' title='bbox 1777 3361 2068 3423; x_wconf 86' lang='lat' dir='ltr'><strong>districtius</strong></span> 
     </span>
    </p>
   </div>
   <div class='ocr_carea' id='block_1_47' title="bbox 498 3433 2069 3504">
    <p class='ocr_par' dir='ltr' id='par_1_47' title="bbox 498 3433 2069 3504">
     <span class='ocr_line' id='line_1_47' title="bbox 498 3433 2069 3504; baseline 0.003 -18"><span class='ocrx_word' id='word_1_351' title='bbox 498 3434 1169 3504; x_wconf 85' lang='lat' dir='ltr'><strong>virginnmmonasterium</strong></span> <span class='ocrx_word' id='word_1_352' title='bbox 1213 3433 1265 3487; x_wconf 91' lang='lat' dir='ltr'><strong>in</strong></span> <span class='ocrx_word' id='word_1_353' title='bbox 1300 3436 1665 3504; x_wconf 73' lang='lat' dir='ltr'><strong>pmnitentiam</strong></span> <span class='ocrx_word' id='word_1_354' title='bbox 1698 3435 1863 3504; x_wconf 88' lang='lat' dir='ltr'><strong>redigi</strong></span> <span class='ocrx_word' id='word_1_355' title='bbox 1915 3436 2069 3490; x_wconf 87' lang='lat' dir='ltr'><strong>volu-</strong></span> 
     </span>
    </p>
   </div>
   <div class='ocr_carea' id='block_1_48' title="bbox 501 3501 2069 3573">
    <p class='ocr_par' dir='ltr' id='par_1_48' title="bbox 501 3501 2069 3573">
     <span class='ocr_line' id='line_1_48' title="bbox 501 3501 2069 3573; baseline 0.004 -18"><span class='ocrx_word' id='word_1_356' title='bbox 501 3518 653 3565; x_wconf 85' lang='lat' dir='ltr'><strong>mus;</strong></span> <span class='ocrx_word' id='word_1_357' title='bbox 682 3513 738 3554; x_wconf 89' lang='lat' dir='ltr'><strong>ttt</strong></span> <span class='ocrx_word' id='word_1_358' title='bbox 758 3501 875 3573; x_wconf 84' lang='lat' dir='ltr'><strong>illic</strong></span> <span class='ocrx_word' id='word_1_359' title='bbox 900 3506 1234 3557; x_wconf 86' lang='lat' dir='ltr'><strong>orationibus</strong></span> <span class='ocrx_word' id='word_1_360' title='bbox 1259 3514 1416 3573; x_wconf 89' lang='lat' dir='ltr'><strong>atque</strong></span> <span class='ocrx_word' id='word_1_361' title='bbox 1437 3503 1656 3572; x_wconf 57' lang='lat' dir='ltr'><strong>jejnttiis</strong></span> <span class='ocrx_word' id='word_1_362' title='bbox 1687 3501 1857 3567; x_wconf 75' lang='lat' dir='ltr'><strong>vat-et,</strong></span> <span class='ocrx_word' id='word_1_363' title='bbox 1886 3515 1940 3559; x_wconf 89' lang='lat' dir='ltr'><strong>et</strong></span> <span class='ocrx_word' id='word_1_364' title='bbox 1966 3507 2069 3562; x_wconf 92' lang='lat' dir='ltr'><strong>sibi</strong></span> 
     </span>
    </p>
   </div>
   <div class='ocr_carea' id='block_1_49' title="bbox 502 3572 2069 3641">
    <p class='ocr_par' dir='ltr' id='par_1_49' title="bbox 502 3572 2069 3641">
     <span class='ocr_line' id='line_1_49' title="bbox 502 3572 2069 3641; baseline 0.004 -16"><span class='ocrx_word' id='word_1_365' title='bbox 502 3572 809 3641; x_wconf 65' lang='lat' dir='ltr'><strong>paenitendo</strong></span> <span class='ocrx_word' id='word_1_366' title='bbox 836 3573 1094 3641; x_wconf 81' lang='lat' dir='ltr'><strong>proficiat,</strong></span> <span class='ocrx_word' id='word_1_367' title='bbox 1121 3583 1177 3628; x_wconf 91' lang='lat' dir='ltr'><strong>et</strong></span> <span class='ocrx_word' id='word_1_368' title='bbox 1199 3572 1543 3627; x_wconf 87' lang='lat' dir='ltr'><strong>metuendum</strong></span> <span class='ocrx_word' id='word_1_369' title='bbox 1576 3575 1785 3629; x_wconf 70' lang='lat' dir='ltr'><strong>caeteris</strong></span> <span class='ocrx_word' id='word_1_370' title='bbox 1823 3577 2069 3631; x_wconf 75' lang='lat' dir='ltr'><strong>arctiouis</strong></span> 
     </span>
    </p>
   </div>
   <div class='ocr_carea' id='block_1_50' title="bbox 498 3642 2070 3713">
    <p class='ocr_par' dir='ltr' id='par_1_50' title="bbox 498 3642 2070 3713">
     <span class='ocr_line' id='line_1_50' title="bbox 498 3642 2070 3713; baseline 0.003 -16"><span class='ocrx_word' id='word_1_371' title='bbox 498 3642 791 3709; x_wconf 76' lang='lat' dir='ltr'><strong>disciplina:</strong></span> <span class='ocrx_word' id='word_1_372' title='bbox 811 3650 1024 3711; x_wconf 61' lang='lat' dir='ltr'><strong>praestet</strong></span> <span class='ocrx_word' id='word_1_373' title='bbox 1052 3646 1375 3711; x_wconf 77' lang='lat' dir='ltr'><strong>exemplum.</strong></span> <span class='ocrx_word' id='word_1_374' title='bbox 1412 3663 1431 3695; x_wconf 73' lang='grc' dir='ltr'><strong>ι</strong></span> <span class='ocrx_word' id='word_1_375' title='bbox 1467 3644 1704 3713; x_wconf 84' lang='lat' dir='ltr'><strong>Denique</strong></span> <span class='ocrx_word' id='word_1_376' title='bbox 1736 3645 1821 3698; x_wconf 93' lang='lat' dir='ltr'><strong>hic</strong></span> <span class='ocrx_word' id='word_1_377' title='bbox 1849 3656 2070 3713; x_wconf 67' lang='lat' dir='ltr'><strong>praster-</strong></span> 
     </span>
    </p>
   </div>
   <div class='ocr_carea' id='block_1_51' title="bbox 502 3714 2069 3780">
    <p class='ocr_par' dir='ltr' id='par_1_51' title="bbox 502 3714 2069 3780">
     <span class='ocr_line' id='line_1_51' title="bbox 502 3714 2069 3780; baseline 0.001 -13"><span class='ocrx_word' id='word_1_378' title='bbox 502 3714 585 3767; x_wconf 86' lang='lat' dir='ltr'><strong>ire</strong></span> <span class='ocrx_word' id='word_1_379' title='bbox 627 3728 733 3766; x_wconf 91' lang='lat' dir='ltr'><strong>non</strong></span> <span class='ocrx_word' id='word_1_380' title='bbox 793 3726 1009 3780; x_wconf 89' lang='lat' dir='ltr'><strong>possum</strong></span> <span class='ocrx_word' id='word_1_381' title='bbox 1047 3714 1241 3768; x_wconf 82' lang='lat' dir='ltr'><strong>factum</strong></span> <span class='ocrx_word' id='word_1_382' title='bbox 1284 3715 1522 3770; x_wconf 82' lang='lat' dir='ltr'><strong>Gaufridi</strong></span> <span class='ocrx_word' id='word_1_383' title='bbox 1561 3716 1770 3770; x_wconf 87' lang='lat' dir='ltr'><strong>abbatis</strong></span> <span class='ocrx_word' id='word_1_384' title='bbox 1820 3714 2069 3770; x_wconf 80' lang='lat' dir='ltr'><strong>Vindoci-</strong></span> 
     </span>
    </p>
   </div>
   <div class='ocr_carea' id='block_1_52' title="bbox 504 3782 2071 3854">
    <p class='ocr_par' dir='ltr' id='par_1_52' title="bbox 504 3782 2071 3854">
     <span class='ocr_line' id='line_1_52' title="bbox 504 3782 2071 3854; baseline 0.003 -18"><span class='ocrx_word' id='word_1_385' title='bbox 504 3783 704 3854; x_wconf 87' lang='lat' dir='ltr'><strong>nensis,</strong></span> <span class='ocrx_word' id='word_1_386' title='bbox 733 3782 886 3854; x_wconf 66' lang='lat' dir='ltr'><strong>cuius</strong></span> <span class='ocrx_word' id='word_1_387' title='bbox 925 3798 1044 3836; x_wconf 90' lang='lat' dir='ltr'><strong>cum</strong></span> <span class='ocrx_word' id='word_1_388' title='bbox 1073 3786 1285 3854; x_wconf 87' lang='lat' dir='ltr'><strong>quidam</strong></span> <span class='ocrx_word' id='word_1_389' title='bbox 1336 3784 1628 3839; x_wconf 77' lang='lat' dir='ltr'><strong>monachus</strong></span> <span class='ocrx_word' id='word_1_390' title='bbox 1656 3784 1817 3839; x_wconf 74' lang='lat' dir='ltr'><strong>Cella:</strong></span> <span class='ocrx_word' id='word_1_391' title='bbox 1860 3786 1916 3841; x_wconf 97' lang='grc'><strong>8.</strong></span> <span class='ocrx_word' id='word_1_392' title='bbox 1947 3787 2071 3841; x_wconf 85' lang='lat' dir='ltr'><strong>Cle-</strong></span> 
     </span>
    </p>
   </div>
   <div class='ocr_carea' id='block_1_53' title="bbox 504 3851 2070 3922">
    <p class='ocr_par' dir='ltr' id='par_1_53' title="bbox 504 3851 2070 3922">
     <span class='ocr_line' id='line_1_53' title="bbox 504 3851 2070 3922; baseline 0.004 -17"><span class='ocrx_word' id='word_1_393' title='bbox 504 3853 701 3907; x_wconf 86' lang='lat' dir='ltr'><strong>mentis</strong></span> <span class='ocrx_word' id='word_1_394' title='bbox 723 3853 789 3922; x_wconf 83' lang='lat' dir='ltr'><strong>de</strong></span> <span class='ocrx_word' id='word_1_395' title='bbox 837 3851 1103 3907; x_wconf 82' lang='lat' dir='ltr'><strong>Credonio</strong></span> <span class='ocrx_word' id='word_1_396' title='bbox 1146 3855 1323 3922; x_wconf 91' lang='lat' dir='ltr'><strong>lapsus</strong></span> <span class='ocrx_word' id='word_1_397' title='bbox 1356 3870 1517 3909; x_wconf 87' lang='lat' dir='ltr'><strong>carne</strong></span> <span class='ocrx_word' id='word_1_398' title='bbox 1567 3855 1775 3918; x_wconf 78' lang='lat' dir='ltr'><strong>fuisset,</strong></span> <span class='ocrx_word' id='word_1_399' title='bbox 1820 3857 1888 3910; x_wconf 89' lang='lat' dir='ltr'><strong>ad</strong></span> <span class='ocrx_word' id='word_1_400' title='bbox 1913 3857 2070 3912; x_wconf 79' lang='lat' dir='ltr'><strong>dictae</strong></span> 
     </span>
    </p>
   </div>
   <div class='ocr_carea' id='block_1_54' title="bbox 496 3921 2066 3995">
    <p class='ocr_par' dir='ltr' id='par_1_54' title="bbox 496 3921 2066 3995">
     <span class='ocr_line' id='line_1_54' title="bbox 496 3921 2066 3995; baseline 0.003 -17"><span class='ocrx_word' id='word_1_401' title='bbox 496 3922 661 3995; x_wconf 55' lang='lat' dir='ltr'><strong>Cellae</strong></span> <span class='ocrx_word' id='word_1_402' title='bbox 700 3921 935 3995; x_wconf 84' lang='lat' dir='ltr'><strong>priorem</strong></span> <span class='ocrx_word' id='word_1_403' title='bbox 979 3923 1047 3995; x_wconf 90' lang='lat' dir='ltr'><strong>ita</strong></span> <span class='ocrx_word' id='word_1_404' title='bbox 1074 3921 1347 3994; x_wconf 86' lang='lat' dir='ltr'><strong>rescripsit</strong></span> <span class='ocrx_word' id='word_1_405' title='bbox 1376 3924 1507 3995; x_wconf 79' lang='lat' dir='ltr'><strong>(Lib.</strong></span> <span class='ocrx_word' id='word_1_406' title='bbox 1534 3940 1606 3991; x_wconf 80' lang='lat' dir='ltr'><strong>tv,</strong></span> <span class='ocrx_word' id='word_1_407' title='bbox 1638 3942 1716 3995; x_wconf 83' lang='lat' dir='ltr'><strong>ep.</strong></span> <span class='ocrx_word' id='word_1_408' title='bbox 1750 3926 1804 3994; x_wconf 79' lang='grc'><strong>4)</strong></span> <span class='ocrx_word' id='word_1_409' title='bbox 1836 3944 1848 3979; x_wconf 90' lang='lat'><strong>:</strong></span> <span class='ocrx_word' id='word_1_410' title='bbox 1878 3945 1897 3978; x_wconf 76' lang='grc' dir='ltr'><strong>ι</strong></span> <span class='ocrx_word' id='word_1_411' title='bbox 1930 3928 2066 3982; x_wconf 65' lang='lat' dir='ltr'><strong>Prm-</strong></span> 
     </span>
    </p>
   </div>
   <div class='ocr_carea' id='block_1_55' title="bbox 500 3991 2069 4064">
    <p class='ocr_par' dir='ltr' id='par_1_55' title="bbox 500 3991 2069 4064">
     <span class='ocr_line' id='line_1_55' title="bbox 500 3991 2069 4064; baseline 0.004 -18"><span class='ocrx_word' id='word_1_412' title='bbox 500 3991 744 4046; x_wconf 86' lang='lat' dir='ltr'><strong>sentibus</strong></span> <span class='ocrx_word' id='word_1_413' title='bbox 774 3992 961 4064; x_wconf 67' lang='lat' dir='ltr'><strong>litteris</strong></span> <span class='ocrx_word' id='word_1_414' title='bbox 988 3994 1080 4047; x_wconf 89' lang='lat' dir='ltr'><strong>tibi</strong></span> <span class='ocrx_word' id='word_1_415' title='bbox 1123 3991 1459 4064; x_wconf 76' lang='lat' dir='ltr'><strong>praecipimus</strong></span> <span class='ocrx_word' id='word_1_416' title='bbox 1485 4006 1541 4049; x_wconf 85' lang='grc' dir='ltr'><strong>ιιι</strong></span> <span class='ocrx_word' id='word_1_417' title='bbox 1571 3991 1890 4050; x_wconf 85' lang='lat' dir='ltr'><strong>camcrulam</strong></span> <span class='ocrx_word' id='word_1_418' title='bbox 1925 3998 2069 4053; x_wconf 91' lang='lat' dir='ltr'><strong>illam</strong></span> 
     </span>
    </p>
   </div>
   <div class='ocr_carea' id='block_1_56' title="bbox 499 4063 2071 4135">
    <p class='ocr_par' dir='ltr' id='par_1_56' title="bbox 499 4063 2071 4135">
     <span class='ocr_line' id='line_1_56' title="bbox 499 4063 2071 4135; baseline 0.004 -18"><span class='ocrx_word' id='word_1_419' title='bbox 499 4064 558 4117; x_wconf 71' lang='lat' dir='ltr'><strong>in</strong></span> <span class='ocrx_word' id='word_1_420' title='bbox 592 4077 692 4135; x_wconf 82' lang='lat' dir='ltr'><strong>qua</strong></span> <span class='ocrx_word' id='word_1_421' title='bbox 720 4063 1026 4135; x_wconf 80' lang='lat' dir='ltr'><strong>sordidatur</strong></span> <span class='ocrx_word' id='word_1_422' title='bbox 1072 4065 1160 4119; x_wconf 85' lang='lat' dir='ltr'><strong>ille</strong></span> <span class='ocrx_word' id='word_1_423' title='bbox 1185 4075 1240 4120; x_wconf 91' lang='lat' dir='ltr'><strong>et</strong></span> <span class='ocrx_word' id='word_1_424' title='bbox 1288 4063 1537 4119; x_wconf 86' lang='lat' dir='ltr'><strong>sordidus</strong></span> <span class='ocrx_word' id='word_1_425' title='bbox 1585 4080 1805 4135; x_wconf 79' lang='lat' dir='ltr'><strong>pravam</strong></span> <span class='ocrx_word' id='word_1_426' title='bbox 1833 4070 2071 4122; x_wconf 78' lang='lat' dir='ltr'><strong>exercuit</strong></span> 
     </span>
    </p>
   </div>
   <div class='ocr_carea' id='block_1_57' title="bbox 498 4133 2072 4200">
    <p class='ocr_par' dir='ltr' id='par_1_57' title="bbox 498 4133 2072 4200">
     <span class='ocr_line' id='line_1_57' title="bbox 498 4133 2072 4200; baseline 0.004 -15"><span class='ocrx_word' id='word_1_427' title='bbox 498 4133 791 4197; x_wconf 84' lang='lat' dir='ltr'><strong>actionem,</strong></span> <span class='ocrx_word' id='word_1_428' title='bbox 842 4134 1061 4187; x_wconf 83' lang='lat' dir='ltr'><strong>omnino</strong></span> <span class='ocrx_word' id='word_1_429' title='bbox 1082 4144 1136 4188; x_wconf 92' lang='lat' dir='ltr'><strong>et</strong></span> <span class='ocrx_word' id='word_1_430' title='bbox 1176 4136 1493 4190; x_wconf 90' lang='lat' dir='ltr'><strong>festinanter</strong></span> <span class='ocrx_word' id='word_1_431' title='bbox 1516 4133 1781 4200; x_wconf 40' lang='lat' dir='ltr'><strong>de&#39;struas,</strong></span> <span class='ocrx_word' id='word_1_432' title='bbox 1816 4147 1867 4191; x_wconf 83' lang='lat' dir='ltr'><strong>et</strong></span> <span class='ocrx_word' id='word_1_433' title='bbox 1893 4147 2072 4192; x_wconf 78' lang='lat' dir='ltr'><strong>extra-</strong></span> 
     </span>
    </p>
   </div>
   <div class='ocr_carea' id='block_1_58' title="bbox 497 4204 2068 4267">
    <p class='ocr_par' dir='ltr' id='par_1_58' title="bbox 497 4204 2068 4267">
     <span class='ocr_line' id='line_1_58' title="bbox 497 4204 2068 4267; baseline 0.002 -11"><span class='ocrx_word' id='word_1_434' title='bbox 497 4218 660 4257; x_wconf 84' lang='lat' dir='ltr'><strong>neum</strong></span> <span class='ocrx_word' id='word_1_435' title='bbox 688 4218 717 4256; x_wconf 87' lang='lat' dir='ltr'><strong>a</strong></span> <span class='ocrx_word' id='word_1_436' title='bbox 736 4204 988 4267; x_wconf 83' lang='lat' dir='ltr'><strong>claustro,</strong></span> <span class='ocrx_word' id='word_1_437' title='bbox 1016 4215 1068 4258; x_wconf 91' lang='lat' dir='ltr'><strong>et</strong></span> <span class='ocrx_word' id='word_1_438' title='bbox 1088 4219 1117 4258; x_wconf 88' lang='lat' dir='ltr'><strong>a</strong></span> <span class='ocrx_word' id='word_1_439' title='bbox 1140 4217 1290 4259; x_wconf 90' lang='lat' dir='ltr'><strong>curte</strong></span> <span class='ocrx_word' id='word_1_440' title='bbox 1314 4207 1371 4259; x_wconf 85' lang='grc' dir='ltr'>Β.</span> <span class='ocrx_word' id='word_1_441' title='bbox 1389 4206 1685 4260; x_wconf 87' lang='lat' dir='ltr'><strong>Clementis</strong></span> <span class='ocrx_word' id='word_1_442' title='bbox 1701 4206 1865 4261; x_wconf 78' lang='lat' dir='ltr'><strong>facias</strong></span> <span class='ocrx_word' id='word_1_443' title='bbox 1888 4223 2068 4261; x_wconf 64' lang='lat' dir='ltr'><strong>eum.»</strong></span> 
     </span>
    </p>
   </div>
   <div class='ocr_carea' id='block_1_59' title="bbox 500 4272 2072 4344">
    <p class='ocr_par' dir='ltr' id='par_1_59' title="bbox 500 4272 2072 4344">
     <span class='ocr_line' id='line_1_59' title="bbox 500 4272 2072 4344; baseline 0.003 -18"><span class='ocrx_word' id='word_1_444' title='bbox 500 4272 911 4344; x_wconf 64' lang='lat' dir='ltr'><strong>Catterumhaec</strong></span> <span class='ocrx_word' id='word_1_445' title='bbox 945 4278 1099 4344; x_wconf 73' lang='lat'><strong>112</strong></span> <span class='ocrx_word' id='word_1_446' title='bbox 1125 4278 1302 4329; x_wconf 89' lang='lat' dir='ltr'><strong>mirari</strong></span> <span class='ocrx_word' id='word_1_447' title='bbox 1330 4290 1435 4329; x_wconf 92' lang='lat' dir='ltr'><strong>non</strong></span> <span class='ocrx_word' id='word_1_448' title='bbox 1466 4276 1746 4340; x_wconf 89' lang='lat' dir='ltr'><strong>debemus,</strong></span> <span class='ocrx_word' id='word_1_449' title='bbox 1781 4293 1899 4331; x_wconf 86' lang='lat' dir='ltr'><strong>cum</strong></span> <span class='ocrx_word' id='word_1_450' title='bbox 1923 4279 2072 4331; x_wconf 90' lang='lat' dir='ltr'><strong>adul-</strong></span> 
     </span>
    </p>
   </div>
   <div class='ocr_carea' id='block_1_60' title="bbox 498 4343 2071 4413">
    <p class='ocr_par' dir='ltr' id='par_1_60' title="bbox 498 4343 2071 4413">
     <span class='ocr_line' id='line_1_60' title="bbox 498 4343 2071 4413; baseline 0.005 -18"><span class='ocrx_word' id='word_1_451' title='bbox 498 4344 697 4413; x_wconf 81' lang='lat' dir='ltr'><strong>terium</strong></span> <span class='ocrx_word' id='word_1_452' title='bbox 747 4343 863 4396; x_wconf 87' lang='lat' dir='ltr'><strong>sive</strong></span> <span class='ocrx_word' id='word_1_453' title='bbox 890 4343 1036 4409; x_wconf 73' lang='lat' dir='ltr'><strong>apud</strong></span> <span class='ocrx_word' id='word_1_454' title='bbox 1055 4343 1306 4412; x_wconf 87' lang='lat' dir='ltr'><strong>gentiles.</strong></span> <span class='ocrx_word' id='word_1_455' title='bbox 1364 4348 1480 4399; x_wconf 89' lang='lat' dir='ltr'><strong>sive</strong></span> <span class='ocrx_word' id='word_1_456' title='bbox 1508 4347 1644 4413; x_wconf 87' lang='lat' dir='ltr'><strong>apud</strong></span> <span class='ocrx_word' id='word_1_457' title='bbox 1677 4346 1912 4412; x_wconf 65' lang='lat' dir='ltr'><strong>Judazos,</strong></span> <span class='ocrx_word' id='word_1_458' title='bbox 1958 4350 2071 4403; x_wconf 79' lang='lat' dir='ltr'><strong>sive</strong></span> 
     </span>
    </p>
   </div>
   <div class='ocr_carea' id='block_1_61' title="bbox 498 4412 2069 4483">
    <p class='ocr_par' dir='ltr' id='par_1_61' title="bbox 498 4412 2069 4483">
     <span class='ocr_line' id='line_1_61' title="bbox 498 4412 2069 4483; baseline 0.004 -17"><span class='ocrx_word' id='word_1_459' title='bbox 498 4412 661 4466; x_wconf 88' lang='lat' dir='ltr'><strong>etiam</strong></span> <span class='ocrx_word' id='word_1_460' title='bbox 693 4413 831 4483; x_wconf 74' lang='lat' dir='ltr'><strong>apud</strong></span> <span class='ocrx_word' id='word_1_461' title='bbox 858 4413 1191 4483; x_wconf 86' lang='lat' dir='ltr'><strong>Christianos</strong></span> <span class='ocrx_word' id='word_1_462' title='bbox 1218 4415 1392 4483; x_wconf 75' lang='lat' dir='ltr'><strong>capite</strong></span> <span class='ocrx_word' id='word_1_463' title='bbox 1422 4416 1727 4467; x_wconf 88' lang='lat' dir='ltr'><strong>damnatum</strong></span> <span class='ocrx_word' id='word_1_464' title='bbox 1776 4418 1939 4472; x_wconf 86' lang='lat' dir='ltr'><strong>fuisse</strong></span> <span class='ocrx_word' id='word_1_465' title='bbox 1969 4420 2069 4473; x_wconf 85' lang='lat' dir='ltr'><strong>ob-</strong></span> 
     </span>
    </p>
   </div>
   <div class='ocr_carea' id='block_1_62' title="bbox 494 4481 1827 4552">
    <p class='ocr_par' dir='ltr' id='par_1_62' title="bbox 494 4481 1827 4552">
     <span class='ocr_line' id='line_1_62' title="bbox 494 4481 1827 4552; baseline 0.004 -17"><span class='ocrx_word' id='word_1_466' title='bbox 494 4492 679 4552; x_wconf 67' lang='lat' dir='ltr'><strong>servet</strong></span> <span class='ocrx_word' id='word_1_467' title='bbox 700 4481 921 4552; x_wconf 73' lang='lat' dir='ltr'><strong>Gazteus</strong></span> <span class='ocrx_word' id='word_1_468' title='bbox 943 4482 1008 4536; x_wconf 86' lang='lat' dir='ltr'><strong>ad</strong></span> <span class='ocrx_word' id='word_1_469' title='bbox 1030 4482 1268 4552; x_wconf 88' lang='lat' dir='ltr'><strong>Cassiani</strong></span> <span class='ocrx_word' id='word_1_470' title='bbox 1289 4481 1476 4537; x_wconf 51' lang='lat' dir='ltr'><strong>&#39;collat.</strong></span> <span class='ocrx_word' id='word_1_471' title='bbox 1513 4488 1597 4549; x_wconf 76' lang='lat' dir='ltr'><strong>l3,</strong></span> <span class='ocrx_word' id='word_1_472' title='bbox 1626 4500 1743 4552; x_wconf 90' lang='lat' dir='ltr'><strong>cap.</strong></span> <span class='ocrx_word' id='word_1_473' title='bbox 1775 4487 1827 4540; x_wconf 88' lang='lat'><strong>5.</strong></span> 
     </span>
    </p>
   </div>
   <div class='ocr_carea' id='block_1_63' title="bbox 574 4543 2147 4623">
    <p class='ocr_par' dir='ltr' id='par_1_63' title="bbox 574 4543 2147 4623">
     <span class='ocr_line' id='line_1_63' title="bbox 574 4543 2147 4623; baseline 0.006 -20"><span class='ocrx_word' id='word_1_474' title='bbox 574 4550 695 4623; x_wconf 65' lang='lat' dir='ltr'><strong>Non</strong></span> <span class='ocrx_word' id='word_1_475' title='bbox 723 4551 904 4623; x_wconf 76' lang='lat' dir='ltr'><strong>facere</strong></span> <span class='ocrx_word' id='word_1_476' title='bbox 932 4551 1173 4623; x_wconf 65' lang='lat' dir='ltr'><strong>furtum]</strong></span> <span class='ocrx_word' id='word_1_477' title='bbox 1203 4554 1338 4618; x_wconf 86' lang='lat' dir='ltr'><strong>Quia</strong></span> <span class='ocrx_word' id='word_1_478' title='bbox 1386 4555 1527 4607; x_wconf 88' lang='lat' dir='ltr'><strong>fures</strong></span> <span class='ocrx_word' id='word_1_479' title='bbox 1568 4543 1787 4623; x_wconf 74' lang='lat' dir='ltr'><strong>regnum</strong></span> <span class='ocrx_word' id='word_1_480' title='bbox 1832 4557 1923 4610; x_wconf 90' lang='lat' dir='ltr'><strong>Dei</strong></span> <span class='ocrx_word' id='word_1_481' title='bbox 1963 4573 2067 4612; x_wconf 85' lang='lat' dir='ltr'><strong>non</strong></span> <span class='ocrx_word' id='word_1_482' title='bbox 2094 4543 2147 4603; x_wconf 82' lang='grc' dir='ltr'>Ῑ)</span> 
     </span>
    </p>
   </div>
   <div class='ocr_carea' id='block_1_64' title="bbox 498 4621 2069 4696">
    <p class='ocr_par' dir='ltr' id='par_1_64' title="bbox 498 4621 2069 4696">
     <span class='ocr_line' id='line_1_64' title="bbox 498 4621 2069 4696; baseline 0.006 -23"><span class='ocrx_word' id='word_1_483' title='bbox 498 4621 874 4696; x_wconf 75' lang='lat' dir='ltr'><strong>possidebunt,</strong></span> <span class='ocrx_word' id='word_1_484' title='bbox 906 4634 961 4696; x_wconf 70' lang='lat' dir='ltr'><strong>ut</strong></span> <span class='ocrx_word' id='word_1_485' title='bbox 991 4624 1067 4675; x_wconf 96' lang='lat' dir='ltr'><strong>ait</strong></span> <span class='ocrx_word' id='word_1_486' title='bbox 1086 4621 1371 4696; x_wconf 78' lang='lat' dir='ltr'><strong>Apostolus</strong></span> <span class='ocrx_word' id='word_1_487' title='bbox 1399 4640 1414 4679; x_wconf 86' lang='lat'><strong>:</strong></span> <span class='ocrx_word' id='word_1_488' title='bbox 1446 4624 1586 4678; x_wconf 91' lang='lat' dir='ltr'><strong>unde</strong></span> <span class='ocrx_word' id='word_1_489' title='bbox 1611 4621 1666 4696; x_wconf 73' lang='lat' dir='ltr'><strong>et</strong></span> <span class='ocrx_word' id='word_1_490' title='bbox 1696 4635 1799 4679; x_wconf 89' lang='lat' dir='ltr'><strong>tam</strong></span> <span class='ocrx_word' id='word_1_491' title='bbox 1822 4629 2069 4696; x_wconf 81' lang='lat' dir='ltr'><strong>gravibus</strong></span> 
     </span>
    </p>
   </div>
   <div class='ocr_carea' id='block_1_65' title="bbox 501 4691 2070 4763">
    <p class='ocr_par' dir='ltr' id='par_1_65' title="bbox 501 4691 2070 4763">
     <span class='ocr_line' id='line_1_65' title="bbox 501 4691 2070 4763; baseline 0.006 -19"><span class='ocrx_word' id='word_1_492' title='bbox 501 4705 713 4763; x_wconf 59' lang='lat' dir='ltr'><strong>semper</strong></span> <span class='ocrx_word' id='word_1_493' title='bbox 736 4693 906 4763; x_wconf 66' lang='lat' dir='ltr'><strong>pinnis</strong></span> <span class='ocrx_word' id='word_1_494' title='bbox 929 4691 1131 4745; x_wconf 61' lang='lat' dir='ltr'><strong>furtum</strong></span> <span class='ocrx_word' id='word_1_495' title='bbox 1154 4694 1539 4747; x_wconf 88' lang='lat' dir='ltr'><strong>damnaverunt</strong></span> <span class='ocrx_word' id='word_1_496' title='bbox 1552 4695 1752 4763; x_wconf 88' lang='lat' dir='ltr'><strong>antiqui</strong></span> <span class='ocrx_word' id='word_1_497' title='bbox 1778 4691 2070 4753; x_wconf 66' lang='lat' dir='ltr'><strong>monacho-</strong></span> 
     </span>
    </p>
   </div>
   <div class='ocr_carea' id='block_1_66' title="bbox 502 4760 2116 4832">
    <p class='ocr_par' dir='ltr' id='par_1_66' title="bbox 502 4760 2116 4832">
     <span class='ocr_line' id='line_1_66' title="bbox 502 4760 2116 4832; baseline 0.006 -18"><span class='ocrx_word' id='word_1_498' title='bbox 502 4777 621 4814; x_wconf 76' lang='lat' dir='ltr'><strong>rum</strong></span> <span class='ocrx_word' id='word_1_499' title='bbox 642 4760 852 4832; x_wconf 64' lang='lat' dir='ltr'><strong>Patres.</strong></span> <span class='ocrx_word' id='word_1_500' title='bbox 884 4762 1065 4817; x_wconf 57' lang='lat' dir='ltr'><strong>Panas</strong></span> <span class='ocrx_word' id='word_1_501' title='bbox 1097 4764 1283 4817; x_wconf 80' lang='lat' dir='ltr'><strong>breves</strong></span> <span class='ocrx_word' id='word_1_502' title='bbox 1313 4764 1451 4832; x_wconf 87' lang='lat' dir='ltr'><strong>apud</strong></span> <span class='ocrx_word' id='word_1_503' title='bbox 1495 4764 1553 4820; x_wconf 92' lang='grc'><strong>8.</strong></span> <span class='ocrx_word' id='word_1_504' title='bbox 1590 4760 1843 4820; x_wconf 80' lang='lat' dir='ltr'><strong>Basilium</strong></span> <span class='ocrx_word' id='word_1_505' title='bbox 1874 4768 1943 4821; x_wconf 89' lang='lat' dir='ltr'><strong>ita</strong></span> <span class='ocrx_word' id='word_1_506' title='bbox 1971 4769 2069 4823; x_wconf 86' lang='lat' dir='ltr'><strong>de-</strong></span> <span class='ocrx_word' id='word_1_507' title='bbox 2109 4781 2116 4789; x_wconf 86' lang='lat'>&#39;</span> 
     </span>
    </p>
   </div>
   <div class='ocr_carea' id='block_1_67' title="bbox 501 4831 2066 4905">
    <p class='ocr_par' dir='ltr' id='par_1_67' title="bbox 501 4831 2066 4905">
     <span class='ocr_line' id='line_1_67' title="bbox 501 4831 2066 4905; baseline 0.005 -21"><span class='ocrx_word' id='word_1_508' title='bbox 501 4842 723 4885; x_wconf 74' lang='lat' dir='ltr'><strong>cernunt</strong></span> <span class='ocrx_word' id='word_1_509' title='bbox 753 4831 944 4905; x_wconf 71' lang='lat' dir='ltr'><strong>(Nunt.</strong></span> <span class='ocrx_word' id='word_1_510' title='bbox 966 4833 1024 4901; x_wconf 86' lang='lat'><strong>9)</strong></span> <span class='ocrx_word' id='word_1_511' title='bbox 1058 4850 1070 4884; x_wconf 89' lang='lat'><strong>:</strong></span> <span class='ocrx_word' id='word_1_512' title='bbox 1109 4852 1130 4883; x_wconf 71' lang='grc' dir='ltr'><strong>ι</strong></span> <span class='ocrx_word' id='word_1_513' title='bbox 1159 4834 1213 4886; x_wconf 90' lang='lat' dir='ltr'><strong>Si</strong></span> <span class='ocrx_word' id='word_1_514' title='bbox 1237 4831 1357 4905; x_wconf 88' lang='lat' dir='ltr'><strong>quis</strong></span> <span class='ocrx_word' id='word_1_515' title='bbox 1388 4836 1568 4905; x_wconf 88' lang='lat' dir='ltr'><strong>tulerit</strong></span> <span class='ocrx_word' id='word_1_516' title='bbox 1595 4836 1793 4905; x_wconf 90' lang='lat' dir='ltr'><strong>aliquid</strong></span> <span class='ocrx_word' id='word_1_517' title='bbox 1824 4853 1853 4891; x_wconf 84' lang='lat' dir='ltr'><strong>a</strong></span> <span class='ocrx_word' id='word_1_518' title='bbox 1883 4840 2066 4904; x_wconf 85' lang='lat' dir='ltr'><strong>frattc,</strong></span> 
     </span>
    </p>
   </div>
   <div class='ocr_carea' id='block_1_68' title="bbox 505 4903 2071 4977">
    <p class='ocr_par' dir='ltr' id='par_1_68' title="bbox 505 4903 2071 4977">
     <span class='ocr_line' id='line_1_68' title="bbox 505 4903 2071 4977; baseline 0.006 -23"><span class='ocrx_word' id='word_1_519' title='bbox 505 4910 561 4977; x_wconf 81' lang='lat' dir='ltr'><strong>et</strong></span> <span class='ocrx_word' id='word_1_520' title='bbox 584 4903 957 4977; x_wconf 68' lang='lat' dir='ltr'><strong>occultaverit,</strong></span> <span class='ocrx_word' id='word_1_521' title='bbox 981 4904 1579 4977; x_wconf 22' lang='lat' dir='ltr'><strong>careatkhenedictione.</strong></span> <span class='ocrx_word' id='word_1_522' title='bbox 1612 4924 1630 4957; x_wconf 74' lang='grc' dir='ltr'><strong>ι</strong></span> <span class='ocrx_word' id='word_1_523' title='bbox 1663 4903 1857 4977; x_wconf 79' lang='lat' dir='ltr'><strong>Regula</strong></span> <span class='ocrx_word' id='word_1_524' title='bbox 1881 4910 1937 4963; x_wconf 93' lang='lat' dir='ltr'><strong>S.</strong></span> <span class='ocrx_word' id='word_1_525' title='bbox 1974 4909 2071 4963; x_wconf 88' lang='lat' dir='ltr'><strong>Pa-</strong></span> 
     </span>
    </p>
   </div>
   <div class='ocr_carea' id='block_1_69' title="bbox 503 4972 2067 5043">
    <p class='ocr_par' dir='ltr' id='par_1_69' title="bbox 503 4972 2067 5043">
     <span class='ocr_line' id='line_1_69' title="bbox 503 4972 2067 5043; baseline 0.004 -19"><span class='ocrx_word' id='word_1_526' title='bbox 503 4972 699 5024; x_wconf 85' lang='lat' dir='ltr'><strong>chomii</strong></span> <span class='ocrx_word' id='word_1_527' title='bbox 732 4974 867 5041; x_wconf 71' lang='lat' dir='ltr'><strong>(Art.</strong></span> <span class='ocrx_word' id='word_1_528' title='bbox 899 4974 1023 5037; x_wconf 65' lang='grc' dir='ltr'><strong>εει)</strong></span> <span class='ocrx_word' id='word_1_529' title='bbox 1061 4990 1073 5026; x_wconf 90' lang='lat'>:</span> <span class='ocrx_word' id='word_1_530' title='bbox 1110 4992 1127 5023; x_wconf 76' lang='grc' dir='ltr'><strong>ι</strong></span> <span class='ocrx_word' id='word_1_531' title='bbox 1166 4974 1222 5028; x_wconf 90' lang='lat' dir='ltr'><strong>Si</strong></span> <span class='ocrx_word' id='word_1_532' title='bbox 1253 4977 1372 5043; x_wconf 90' lang='lat' dir='ltr'><strong>quis</strong></span> <span class='ocrx_word' id='word_1_533' title='bbox 1399 4975 1580 5031; x_wconf 89' lang='lat' dir='ltr'><strong>tulerit</strong></span> <span class='ocrx_word' id='word_1_534' title='bbox 1622 4972 1872 5031; x_wconf 60' lang='lat' dir='ltr'><strong>rem&#39;non</strong></span> <span class='ocrx_word' id='word_1_535' title='bbox 1892 4993 2067 5042; x_wconf 87' lang='lat' dir='ltr'><strong>suam,</strong></span> 
     </span>
    </p>
   </div>
   <div class='ocr_carea' id='block_1_70' title="bbox 505 5044 2073 5117">
    <p class='ocr_par' dir='ltr' id='par_1_70' title="bbox 505 5044 2073 5117">
     <span class='ocr_line' id='line_1_70' title="bbox 505 5044 2073 5117; baseline 0.004 -23"><span class='ocrx_word' id='word_1_536' title='bbox 505 5052 732 5117; x_wconf 65' lang='lat' dir='ltr'><strong>ponetur</strong></span> <span class='ocrx_word' id='word_1_537' title='bbox 754 5058 913 5117; x_wconf 73' lang='lat' dir='ltr'><strong>super</strong></span> <span class='ocrx_word' id='word_1_538' title='bbox 938 5044 1188 5117; x_wconf 78' lang='lat' dir='ltr'><strong>humeros</strong></span> <span class='ocrx_word' id='word_1_539' title='bbox 1204 5045 1339 5117; x_wconf 85' lang='lat' dir='ltr'><strong>ejus,</strong></span> <span class='ocrx_word' id='word_1_540' title='bbox 1369 5054 1422 5099; x_wconf 90' lang='lat' dir='ltr'><strong>et</strong></span> <span class='ocrx_word' id='word_1_541' title='bbox 1442 5059 1559 5115; x_wconf 89' lang='lat' dir='ltr'><strong>aget</strong></span> <span class='ocrx_word' id='word_1_542' title='bbox 1588 5049 1953 5115; x_wconf 71' lang='lat' dir='ltr'><strong>pmnitentiam</strong></span> <span class='ocrx_word' id='word_1_543' title='bbox 1985 5064 2073 5117; x_wconf 89' lang='lat' dir='ltr'><strong>pu-</strong></span> 
     </span>
    </p>
   </div>
   <div class='ocr_carea' id='block_1_71' title="bbox 503 5110 2068 5182">
    <p class='ocr_par' dir='ltr' id='par_1_71' title="bbox 503 5110 2068 5182">
     <span class='ocr_line' id='line_1_71' title="bbox 503 5110 2068 5182; baseline 0.004 -16"><span class='ocrx_word' id='word_1_544' title='bbox 503 5111 639 5182; x_wconf 85' lang='lat' dir='ltr'><strong>blice</strong></span> <span class='ocrx_word' id='word_1_545' title='bbox 662 5113 713 5165; x_wconf 92' lang='lat' dir='ltr'><strong>in</strong></span> <span class='ocrx_word' id='word_1_546' title='bbox 744 5112 989 5177; x_wconf 81' lang='lat' dir='ltr'><strong>collecta,</strong></span> <span class='ocrx_word' id='word_1_547' title='bbox 1012 5110 1279 5182; x_wconf 69' lang='lat' dir='ltr'><strong>elabique</strong></span> <span class='ocrx_word' id='word_1_548' title='bbox 1302 5110 1355 5169; x_wconf 89' lang='lat' dir='ltr'><strong>in</strong></span> <span class='ocrx_word' id='word_1_549' title='bbox 1386 5110 1766 5172; x_wconf 72' lang='lat' dir='ltr'><strong>vescendiloco</strong></span> <span class='ocrx_word' id='word_1_550' title='bbox 1786 5135 1799 5181; x_wconf 91' lang='lat'><strong>;</strong></span> <span class='ocrx_word' id='word_1_551' title='bbox 1821 5118 1867 5171; x_wconf 86' lang='lat' dir='ltr'><strong>si</strong></span> <span class='ocrx_word' id='word_1_552' title='bbox 1892 5110 2068 5173; x_wconf 81' lang='lat' dir='ltr'><strong>autem</strong></span> 
     </span>
    </p>
   </div>
   <div class='ocr_carea' id='block_1_72' title="bbox 505 5181 2071 5254">
    <p class='ocr_par' dir='ltr' id='par_1_72' title="bbox 505 5181 2071 5254">
     <span class='ocr_line' id='line_1_72' title="bbox 505 5181 2071 5254; baseline 0.006 -22"><span class='ocrx_word' id='word_1_553' title='bbox 505 5184 554 5254; x_wconf 82' lang='lat' dir='ltr'><strong>in</strong></span> <span class='ocrx_word' id='word_1_554' title='bbox 584 5181 726 5237; x_wconf 83' lang='lat' dir='ltr'><strong>furto</strong></span> <span class='ocrx_word' id='word_1_555' title='bbox 750 5182 1118 5254; x_wconf 73' lang='lat' dir='ltr'><strong>deprehensus</strong></span> <span class='ocrx_word' id='word_1_556' title='bbox 1153 5181 1330 5251; x_wconf 88' lang='lat' dir='ltr'><strong>fuerit,</strong></span> <span class='ocrx_word' id='word_1_557' title='bbox 1361 5188 1571 5254; x_wconf 81' lang='lat' dir='ltr'><strong>triginta</strong></span> <span class='ocrx_word' id='word_1_558' title='bbox 1602 5202 1791 5243; x_wconf 89' lang='lat' dir='ltr'><strong>novem</strong></span> <span class='ocrx_word' id='word_1_559' title='bbox 1821 5190 2071 5242; x_wconf 84' lang='lat' dir='ltr'><strong>verbera-</strong></span> 
     </span>
    </p>
   </div>
   <div class='ocr_carea' id='block_1_73' title="bbox 503 5252 2066 5327">
    <p class='ocr_par' dir='ltr' id='par_1_73' title="bbox 503 5252 2066 5327">
     <span class='ocr_line' id='line_1_73' title="bbox 503 5252 2066 5327; baseline 0.005 -22"><span class='ocrx_word' id='word_1_560' title='bbox 503 5252 632 5305; x_wconf 91' lang='lat' dir='ltr'><strong>bunt</strong></span> <span class='ocrx_word' id='word_1_561' title='bbox 676 5268 821 5313; x_wconf 88' lang='lat' dir='ltr'><strong>cum,</strong></span> <span class='ocrx_word' id='word_1_562' title='bbox 850 5262 904 5307; x_wconf 90' lang='lat' dir='ltr'><strong>et</strong></span> <span class='ocrx_word' id='word_1_563' title='bbox 945 5252 1073 5307; x_wconf 89' lang='lat' dir='ltr'><strong>foris</strong></span> <span class='ocrx_word' id='word_1_564' title='bbox 1094 5254 1296 5327; x_wconf 84' lang='lat' dir='ltr'><strong>dabunt</strong></span> <span class='ocrx_word' id='word_1_565' title='bbox 1323 5255 1371 5309; x_wconf 89' lang='lat' dir='ltr'><strong>ei</strong></span> <span class='ocrx_word' id='word_1_566' title='bbox 1397 5252 1555 5311; x_wconf 81' lang='lat' dir='ltr'><strong>edere</strong></span> <span class='ocrx_word' id='word_1_567' title='bbox 1584 5274 1772 5326; x_wconf 85' lang='lat' dir='ltr'><strong>panem</strong></span> <span class='ocrx_word' id='word_1_568' title='bbox 1801 5267 1855 5312; x_wconf 93' lang='lat' dir='ltr'><strong>et</strong></span> <span class='ocrx_word' id='word_1_569' title='bbox 1877 5274 2066 5327; x_wconf 84' lang='lat' dir='ltr'><strong>aquam</strong></span> 
     </span>
    </p>
   </div>
   <div class='ocr_carea' id='block_1_74' title="bbox 500 5325 2069 5403">
    <p class='ocr_par' dir='ltr' id='par_1_74' title="bbox 500 5325 2069 5403">
     <span class='ocr_line' id='line_1_74' title="bbox 500 5325 2069 5403; baseline 0.003 -28"><span class='ocrx_word' id='word_1_570' title='bbox 500 5330 731 5403; x_wconf 81' lang='lat' dir='ltr'><strong>tantum,</strong></span> <span class='ocrx_word' id='word_1_571' title='bbox 756 5331 817 5403; x_wconf 85' lang='lat' dir='ltr'><strong>et</strong></span> <span class='ocrx_word' id='word_1_572' title='bbox 844 5331 1085 5391; x_wconf 87' lang='lat' dir='ltr'><strong>opertum</strong></span> <span class='ocrx_word' id='word_1_573' title='bbox 1108 5325 1285 5378; x_wconf 84' lang='lat' dir='ltr'><strong>cilicio</strong></span> <span class='ocrx_word' id='word_1_574' title='bbox 1315 5336 1370 5379; x_wconf 89' lang='lat' dir='ltr'><strong>et</strong></span> <span class='ocrx_word' id='word_1_575' title='bbox 1389 5329 1573 5382; x_wconf 79' lang='lat' dir='ltr'><strong>cinere</strong></span> <span class='ocrx_word' id='word_1_576' title='bbox 1590 5325 1693 5393; x_wconf 77' lang='lat' dir='ltr'><strong>per</strong></span> <span class='ocrx_word' id='word_1_577' title='bbox 1720 5325 2069 5403; x_wconf 39' lang='lat' dir='ltr'><strong>singula—ora-</strong></span> 
     </span>
    </p>
   </div>
   <div class='ocr_carea' id='block_1_75' title="bbox 501 5399 2058 5466">
    <p class='ocr_par' dir='ltr' id='par_1_75' title="bbox 501 5399 2058 5466">
     <span class='ocr_line' id='line_1_75' title="bbox 501 5399 2058 5466; baseline 0.003 -21"><span class='ocrx_word' id='word_1_578' title='bbox 501 5399 702 5466; x_wconf 82' lang='lat' dir='ltr'><strong>t_io_num</strong></span> <span class='ocrx_word' id='word_1_579' title='bbox 750 5402 987 5466; x_wconf 84' lang='lat' dir='ltr'><strong>tempora</strong></span> <span class='ocrx_word' id='word_1_580' title='bbox 1026 5404 1220 5466; x_wconf 80' lang='lat' dir='ltr'><strong>cogent</strong></span> <span class='ocrx_word' id='word_1_581' title='bbox 1262 5411 1385 5450; x_wconf 85' lang='lat' dir='ltr'><strong>eum</strong></span> <span class='ocrx_word' id='word_1_582' title='bbox 1412 5412 1572 5466; x_wconf 88' lang='lat' dir='ltr'><strong>agere</strong></span> <span class='ocrx_word' id='word_1_583' title='bbox 1614 5399 1998 5464; x_wconf 66' lang='lat' dir='ltr'><strong>penitentiam.</strong></span> <span class='ocrx_word' id='word_1_584' title='bbox 2040 5417 2058 5450; x_wconf 73' lang='grc' dir='ltr'><strong>ι</strong></span> 
     </span>
    </p>
   </div>
   <div class='ocr_carea' id='block_1_76' title="bbox 499 5460 2064 5535">
    <p class='ocr_par' dir='ltr' id='par_1_76' title="bbox 499 5460 2064 5535">
     <span class='ocr_line' id='line_1_76' title="bbox 499 5460 2064 5535; baseline 0.004 -20"><span class='ocrx_word' id='word_1_585' title='bbox 499 5460 660 5535; x_wconf 61' lang='lat' dir='ltr'><strong>[Euius</strong></span> <span class='ocrx_word' id='word_1_586' title='bbox 689 5464 920 5535; x_wconf 82' lang='lat' dir='ltr'><strong>priorem</strong></span> <span class='ocrx_word' id='word_1_587' title='bbox 952 5460 1229 5535; x_wconf 80' lang='lat' dir='ltr'><strong>periodum</strong></span> <span class='ocrx_word' id='word_1_588' title='bbox 1250 5460 1507 5520; x_wconf 70' lang='lat' dir='ltr'><strong>exscribit</strong></span> <span class='ocrx_word' id='word_1_589' title='bbox 1533 5460 1728 5535; x_wconf 80' lang='lat' dir='ltr'><strong>Regula</strong></span> <span class='ocrx_word' id='word_1_590' title='bbox 1756 5468 2064 5522; x_wconf 75' lang='lat' dir='ltr'><strong>Orientalis.</strong></span> 
     </span>
    </p>
   </div>
   <div class='ocr_carea' id='block_1_77' title="bbox 497 5532 2063 5607">
    <p class='ocr_par' dir='ltr' id='par_1_77' title="bbox 497 5532 2063 5607">
     <span class='ocr_line' id='line_1_77' title="bbox 497 5532 2063 5607; baseline 0.004 -22"><span class='ocrx_word' id='word_1_591' title='bbox 497 5532 763 5607; x_wconf 75' lang='lat' dir='ltr'><strong>Similiter</strong></span> <span class='ocrx_word' id='word_1_592' title='bbox 782 5534 855 5607; x_wconf 77' lang='lat' dir='ltr'><strong>in_</strong></span> <span class='ocrx_word' id='word_1_593' title='bbox 868 5532 1006 5586; x_wconf 89' lang='lat' dir='ltr'><strong>furto</strong></span> <span class='ocrx_word' id='word_1_594' title='bbox 1026 5534 1389 5607; x_wconf 77' lang='lat' dir='ltr'><strong>deprehensos</strong></span> <span class='ocrx_word' id='word_1_595' title='bbox 1415 5538 1590 5590; x_wconf 89' lang='lat' dir='ltr'><strong>subdit</strong></span> <span class='ocrx_word' id='word_1_596' title='bbox 1615 5532 1835 5604; x_wconf 57' lang='lat' dir='ltr'><strong>ﬂagello</strong></span> <span class='ocrx_word' id='word_1_597' title='bbox 1860 5538 2063 5607; x_wconf 66' lang='lat' dir='ltr'><strong>Regula</strong></span> 
     </span>
    </p>
   </div>
   <div class='ocr_carea' id='block_1_78' title="bbox 500 5602 2067 5675">
    <p class='ocr_par' dir='ltr' id='par_1_78' title="bbox 500 5602 2067 5675">
     <span class='ocr_line' id='line_1_78' title="bbox 500 5602 2067 5675; baseline 0.005 -22"><span class='ocrx_word' id='word_1_598' title='bbox 500 5602 648 5675; x_wconf 81' lang='lat' dir='ltr'><strong>tertia</strong></span> <span class='ocrx_word' id='word_1_599' title='bbox 685 5605 791 5675; x_wconf 58' lang='lat' dir='ltr'><strong>SS.</strong></span> <span class='ocrx_word' id='word_1_600' title='bbox 824 5602 1037 5675; x_wconf 83' lang='lat' dir='ltr'><strong>Patrum</strong></span> <span class='ocrx_word' id='word_1_601' title='bbox 1067 5604 1220 5675; x_wconf 75' lang='lat' dir='ltr'><strong>(Cap.</strong></span> <span class='ocrx_word' id='word_1_602' title='bbox 1256 5606 1343 5670; x_wconf 80' lang='lat' dir='ltr'><strong>l5.)</strong></span> <span class='ocrx_word' id='word_1_603' title='bbox 1376 5623 1391 5661; x_wconf 87' lang='lat'><strong>:</strong></span> <span class='ocrx_word' id='word_1_604' title='bbox 1431 5625 1449 5657; x_wconf 74' lang='grc' dir='ltr'><strong>ι</strong></span> <span class='ocrx_word' id='word_1_605' title='bbox 1483 5607 1538 5661; x_wconf 81' lang='lat' dir='ltr'><strong>Si</strong></span> <span class='ocrx_word' id='word_1_606' title='bbox 1564 5608 1686 5675; x_wconf 82' lang='lat' dir='ltr'><strong>quis</strong></span> <span class='ocrx_word' id='word_1_607' title='bbox 1706 5602 1843 5661; x_wconf 76' lang='lat' dir='ltr'><strong>vero</strong></span> <span class='ocrx_word' id='word_1_608' title='bbox 1881 5602 2067 5661; x_wconf 71' lang='lat' dir='ltr'><strong>mona-</strong></span> 
     </span>
    </p>
   </div>
   <div class='ocr_carea' id='block_1_79' title="bbox 499 5671 2061 5747">
    <p class='ocr_par' dir='ltr' id='par_1_79' title="bbox 499 5671 2061 5747">
     <span class='ocr_line' id='line_1_79' title="bbox 499 5671 2061 5747; baseline 0.006 -23"><span class='ocrx_word' id='word_1_609' title='bbox 499 5672 629 5724; x_wconf 86' lang='lat' dir='ltr'><strong>clms</strong></span> <span class='ocrx_word' id='word_1_610' title='bbox 677 5671 873 5726; x_wconf 90' lang='lat' dir='ltr'><strong>furtum</strong></span> <span class='ocrx_word' id='word_1_611' title='bbox 922 5671 1125 5738; x_wconf 90' lang='lat' dir='ltr'><strong>fecerit,</strong></span> <span class='ocrx_word' id='word_1_612' title='bbox 1166 5671 1318 5744; x_wconf 80' lang='lat' dir='ltr'><strong>quod</strong></span> <span class='ocrx_word' id='word_1_613' title='bbox 1360 5677 1533 5742; x_wconf 85' lang='lat' dir='ltr'><strong>potius</strong></span> <span class='ocrx_word' id='word_1_614' title='bbox 1574 5671 1908 5747; x_wconf 78' lang='lat' dir='ltr'><strong>sacrilegium</strong></span> <span class='ocrx_word' id='word_1_615' title='bbox 1955 5679 2061 5734; x_wconf 93' lang='lat' dir='ltr'><strong>dici</strong></span> 
     </span>
    </p>
   </div>
   <div class='ocr_carea' id='block_1_80' title="bbox 573 5762 1622 5831">
    <p class='ocr_par' dir='ltr' id='par_1_80' title="bbox 573 5762 1622 5831">
     <span class='ocr_line' id='line_1_80' title="bbox 573 5762 1622 5831; baseline 0.008 -17"><span class='ocrx_word' id='word_1_616' title='bbox 573 5770 581 5778; x_wconf 88' lang='lat'><strong>&#39;</strong></span> <span class='ocrx_word' id='word_1_617' title='bbox 627 5762 928 5831; x_wconf 76' lang='lat' dir='ltr'><strong>chettdum</strong></span> <span class='ocrx_word' id='word_1_618' title='bbox 968 5764 1175 5819; x_wconf 84' lang='lat' dir='ltr'><strong>videtur</strong></span> <span class='ocrx_word' id='word_1_619' title='bbox 1222 5765 1410 5820; x_wconf 73' lang='lat' dir='ltr'><strong>iunior.</strong></span> <span class='ocrx_word' id='word_1_620' title='bbox 1470 5768 1622 5822; x_wconf 76' lang='lat' dir='ltr'><strong>Eutr.</strong></span> 
     </span>
    </p>
   </div>
   <div class='ocr_carea' id='block_1_81' title="bbox 2142 484 3717 556">
    <p class='ocr_par' dir='ltr' id='par_1_81' title="bbox 2142 484 3717 556">
     <span class='ocr_line' id='line_1_81' title="bbox 2142 484 3717 556; baseline -0.009 -7"><span class='ocrx_word' id='word_1_621' title='bbox 2142 484 2313 549; x_wconf 73' lang='lat' dir='ltr'><strong>czcsus</strong></span> <span class='ocrx_word' id='word_1_622' title='bbox 2333 484 2461 547; x_wconf 82' lang='lat' dir='ltr'><strong>tanti</strong></span> <span class='ocrx_word' id='word_1_623' title='bbox 2484 492 2724 545; x_wconf 89' lang='lat' dir='ltr'><strong>criminis</strong></span> <span class='ocrx_word' id='word_1_624' title='bbox 2748 503 2868 544; x_wconf 90' lang='lat' dir='ltr'><strong>reus</strong></span> <span class='ocrx_word' id='word_1_625' title='bbox 2892 501 3156 556; x_wconf 89' lang='lat' dir='ltr'><strong>nunquam</strong></span> <span class='ocrx_word' id='word_1_626' title='bbox 3183 500 3215 537; x_wconf 89' lang='grc' dir='ltr'><strong>ο</strong></span> <span class='ocrx_word' id='word_1_627' title='bbox 3241 486 3414 556; x_wconf 73' lang='lat' dir='ltr'><strong>lit-&#39;innt</strong></span> <span class='ocrx_word' id='word_1_628' title='bbox 3434 484 3717 556; x_wconf 71' lang='lat' dir='ltr'><strong>clericatus</strong></span> 
     </span>
    </p>
   </div>
   <div class='ocr_carea' id='block_1_82' title="bbox 2146 554 3719 632">
    <p class='ocr_par' dir='ltr' id='par_1_82' title="bbox 2146 554 3719 632">
     <span class='ocr_line' id='line_1_82' title="bbox 2146 554 3719 632; baseline -0.007 -14"><span class='ocrx_word' id='word_1_629' title='bbox 2146 566 2408 632; x_wconf 77' lang='lat' dir='ltr'><strong>excipiat;</strong></span> <span class='ocrx_word' id='word_1_630' title='bbox 2451 563 2495 615; x_wconf 88' lang='lat' dir='ltr'><strong>si</strong></span> <span class='ocrx_word' id='word_1_631' title='bbox 2539 575 2665 614; x_wconf 91' lang='lat' dir='ltr'><strong>vero</strong></span> <span class='ocrx_word' id='word_1_632' title='bbox 2696 562 2805 628; x_wconf 90' lang='lat' dir='ltr'><strong>jam</strong></span> <span class='ocrx_word' id='word_1_633' title='bbox 2831 554 3074 632; x_wconf 75' lang='lat' dir='ltr'><strong>clericus</strong></span> <span class='ocrx_word' id='word_1_634' title='bbox 3108 556 3173 632; x_wconf 83' lang='lat' dir='ltr'><strong>ad</strong></span> <span class='ocrx_word' id='word_1_635' title='bbox 3215 557 3265 607; x_wconf 92' lang='lat' dir='ltr'><strong>id</strong></span> <span class='ocrx_word' id='word_1_636' title='bbox 3308 555 3510 632; x_wconf 83' lang='lat' dir='ltr'><strong>facinus</strong></span> <span class='ocrx_word' id='word_1_637' title='bbox 3560 554 3719 632; x_wconf 77' lang='lat' dir='ltr'><strong>fuerit</strong></span> 
     </span>
    </p>
   </div>
   <div class='ocr_carea' id='block_1_83' title="bbox 2141 625 3718 698">
    <p class='ocr_par' dir='ltr' id='par_1_83' title="bbox 2141 625 3718 698">
     <span class='ocr_line' id='line_1_83' title="bbox 2141 625 3718 698; baseline -0.008 -9"><span class='ocrx_word' id='word_1_638' title='bbox 2141 625 2528 698; x_wconf 80' lang='lat' dir='ltr'><strong>deprehensus,</strong></span> <span class='ocrx_word' id='word_1_639' title='bbox 2569 625 2799 683; x_wconf 84' lang='lat' dir='ltr'><strong>nominis</strong></span> <span class='ocrx_word' id='word_1_640' title='bbox 2830 630 2998 695; x_wconf 89' lang='lat' dir='ltr'><strong>ipsius</strong></span> <span class='ocrx_word' id='word_1_641' title='bbox 3024 627 3300 698; x_wconf 75' lang='lat' dir='ltr'><strong>dignitate</strong></span> <span class='ocrx_word' id='word_1_642' title='bbox 3328 627 3564 698; x_wconf 84' lang='lat' dir='ltr'><strong>privetur</strong></span> <span class='ocrx_word' id='word_1_643' title='bbox 3589 641 3602 673; x_wconf 84' lang='lat'><strong>:</strong></span> <span class='ocrx_word' id='word_1_644' title='bbox 3629 625 3718 698; x_wconf 82' lang='lat' dir='ltr'><strong>cui</strong></span> 
     </span>
    </p>
   </div>
   <div class='ocr_carea' id='block_1_84' title="bbox 2143 695 3719 773">
    <p class='ocr_par' dir='ltr' id='par_1_84' title="bbox 2143 695 3719 773">
     <span class='ocr_line' id='line_1_84' title="bbox 2143 695 3719 773; baseline -0.008 -14"><span class='ocrx_word' id='word_1_645' title='bbox 2143 695 2388 759; x_wconf 79' lang='lat' dir='ltr'><strong>sufficere</strong></span> <span class='ocrx_word' id='word_1_646' title='bbox 2411 711 2586 773; x_wconf 80' lang='lat' dir='ltr'><strong>potest</strong></span> <span class='ocrx_word' id='word_1_647' title='bbox 2607 715 2703 769; x_wconf 89' lang='lat' dir='ltr'><strong>pro</strong></span> <span class='ocrx_word' id='word_1_648' title='bbox 2724 709 2872 754; x_wconf 84' lang='lat' dir='ltr'><strong>actus</strong></span> <span class='ocrx_word' id='word_1_649' title='bbox 2910 701 2986 751; x_wconf 88' lang='lat' dir='ltr'><strong>sui</strong></span> <span class='ocrx_word' id='word_1_650' title='bbox 3019 698 3255 773; x_wconf 59' lang='lat' dir='ltr'><strong>levitate,</strong></span> <span class='ocrx_word' id='word_1_651' title='bbox 3290 696 3505 762; x_wconf 83' lang='lat' dir='ltr'><strong>impleta</strong></span> <span class='ocrx_word' id='word_1_652' title='bbox 3548 695 3719 773; x_wconf 64' lang='lat' dir='ltr'><strong>poeni-</strong></span> 
     </span>
    </p>
   </div>
   <div class='ocr_carea' id='block_1_85' title="bbox 2146 766 3718 832">
    <p class='ocr_par' dir='ltr' id='par_1_85' title="bbox 2146 766 3718 832">
     <span class='ocr_line' id='line_1_85' title="bbox 2146 766 3718 832; baseline -0.006 -5"><span class='ocrx_word' id='word_1_653' title='bbox 2146 774 2324 829; x_wconf 70' lang='lat' dir='ltr'><strong>tentia:</strong></span> <span class='ocrx_word' id='word_1_654' title='bbox 2352 766 2734 832; x_wconf 75' lang='lat' dir='ltr'><strong>satisfactione,</strong></span> <span class='ocrx_word' id='word_1_655' title='bbox 2765 769 3087 823; x_wconf 85' lang='lat' dir='ltr'><strong>communio.</strong></span> <span class='ocrx_word' id='word_1_656' title='bbox 3126 786 3141 817; x_wconf 75' lang='grc' dir='ltr'><strong>ι</strong></span> <span class='ocrx_word' id='word_1_657' title='bbox 3174 767 3303 831; x_wconf 63' lang='lat' dir='ltr'><strong>Quae</strong></span> <span class='ocrx_word' id='word_1_658' title='bbox 3328 780 3463 832; x_wconf 90' lang='lat' dir='ltr'><strong>pene</strong></span> <span class='ocrx_word' id='word_1_659' title='bbox 3492 766 3718 819; x_wconf 84' lang='lat' dir='ltr'><strong>totidem</strong></span> 
     </span>
    </p>
   </div>
   <div class='ocr_carea' id='block_1_86' title="bbox 2149 835 3723 909">
    <p class='ocr_par' dir='ltr' id='par_1_86' title="bbox 2149 835 3723 909">
     <span class='ocr_line' id='line_1_86' title="bbox 2149 835 3723 909; baseline -0.006 -11"><span class='ocrx_word' id='word_1_660' title='bbox 2149 846 2329 898; x_wconf 88' lang='lat' dir='ltr'><strong>verbis</strong></span> <span class='ocrx_word' id='word_1_661' title='bbox 2343 859 2407 897; x_wconf 83' lang='lat' dir='ltr'><strong>ex</strong></span> <span class='ocrx_word' id='word_1_662' title='bbox 2428 842 2653 896; x_wconf 90' lang='lat' dir='ltr'><strong>concilio</strong></span> <span class='ocrx_word' id='word_1_663' title='bbox 2674 840 2866 909; x_wconf 81' lang='lat' dir='ltr'><strong>Agath.</strong></span> <span class='ocrx_word' id='word_1_664' title='bbox 2882 839 3201 909; x_wconf 76' lang='lat' dir='ltr'><strong>citanturin</strong></span> <span class='ocrx_word' id='word_1_665' title='bbox 3219 835 3484 909; x_wconf 28' lang='lat' dir='ltr'><strong>“XACCfplis</strong></span> <span class='ocrx_word' id='word_1_666' title='bbox 3504 835 3723 909; x_wconf 77' lang='lat' dir='ltr'><strong>Egberti</strong></span> 
     </span>
    </p>
   </div>
   <div class='ocr_carea' id='block_1_87' title="bbox 2147 906 3722 980">
    <p class='ocr_par' dir='ltr' id='par_1_87' title="bbox 2147 906 3722 980">
     <span class='ocr_line' id='line_1_87' title="bbox 2147 906 3722 980; baseline -0.008 -12"><span class='ocrx_word' id='word_1_667' title='bbox 2147 912 2499 969; x_wconf 79' lang='lat' dir='ltr'><strong>Eboracensis</strong></span> <span class='ocrx_word' id='word_1_668' title='bbox 2526 912 2695 980; x_wconf 89' lang='lat' dir='ltr'><strong>episc.</strong></span> <span class='ocrx_word' id='word_1_669' title='bbox 2721 906 2839 976; x_wconf 78' lang='lat' dir='ltr'><strong>cap.</strong></span> <span class='ocrx_word' id='word_1_670' title='bbox 2872 910 2961 972; x_wconf 70' lang='lat'><strong>68,</strong></span> <span class='ocrx_word' id='word_1_671' title='bbox 2991 907 3131 980; x_wconf 80' lang='lat' dir='ltr'><strong>apud</strong></span> <span class='ocrx_word' id='word_1_672' title='bbox 3172 906 3579 980; x_wconf 72' lang='lat' dir='ltr'><strong>Spelmannum.</strong></span> <span class='ocrx_word' id='word_1_673' title='bbox 3617 907 3722 958; x_wconf 77' lang='lat' dir='ltr'><strong>tte-</strong></span> 
     </span>
    </p>
   </div>
   <div class='ocr_carea' id='block_1_88' title="bbox 2146 975 3724 1053">
    <p class='ocr_par' dir='ltr' id='par_1_88' title="bbox 2146 975 3724 1053">
     <span class='ocr_line' id='line_1_88' title="bbox 2146 975 3724 1053; baseline -0.007 -14"><span class='ocrx_word' id='word_1_674' title='bbox 2146 986 2266 1053; x_wconf 87' lang='lat' dir='ltr'><strong>gula</strong></span> <span class='ocrx_word' id='word_1_675' title='bbox 2296 985 2355 1039; x_wconf 82' lang='lat' dir='ltr'><strong>S.</strong></span> <span class='ocrx_word' id='word_1_676' title='bbox 2385 975 2599 1037; x_wconf 69' lang='lat' dir='ltr'><strong>Cmsarii</strong></span> <span class='ocrx_word' id='word_1_677' title='bbox 2632 980 2697 1053; x_wconf 89' lang='lat' dir='ltr'><strong>ad</strong></span> <span class='ocrx_word' id='word_1_678' title='bbox 2732 975 2977 1053; x_wconf 71' lang='lat' dir='ltr'><strong>Virgines</strong></span> <span class='ocrx_word' id='word_1_679' title='bbox 3000 978 3155 1047; x_wconf 79' lang='lat' dir='ltr'><strong>(Cap.</strong></span> <span class='ocrx_word' id='word_1_680' title='bbox 3181 976 3272 1045; x_wconf 65' lang='grc' dir='ltr'>Ξι)</span> <span class='ocrx_word' id='word_1_681' title='bbox 3307 994 3319 1028; x_wconf 88' lang='lat'><strong>:</strong></span> <span class='ocrx_word' id='word_1_682' title='bbox 3346 995 3377 1053; x_wconf 78' lang='lat' dir='ltr'><strong>_r</strong></span> <span class='ocrx_word' id='word_1_683' title='bbox 3405 975 3646 1053; x_wconf 84' lang='lat' dir='ltr'><strong>Si_f_orte,</strong></span> <span class='ocrx_word' id='word_1_684' title='bbox 3667 986 3724 1053; x_wconf 82' lang='lat' dir='ltr'><strong>ut</strong></span> 
     </span>
    </p>
   </div>
   <div class='ocr_carea' id='block_1_89' title="bbox 2147 1046 3727 1120">
    <p class='ocr_par' dir='ltr' id='par_1_89' title="bbox 2147 1046 3727 1120">
     <span class='ocr_line' id='line_1_89' title="bbox 2147 1046 3727 1120; baseline -0.007 -10"><span class='ocrx_word' id='word_1_685' title='bbox 2147 1046 2206 1110; x_wconf 74' lang='lat' dir='ltr'><strong>se</strong></span> <span class='ocrx_word' id='word_1_686' title='bbox 2229 1056 2388 1109; x_wconf 87' lang='lat' dir='ltr'><strong>habet</strong></span> <span class='ocrx_word' id='word_1_687' title='bbox 2409 1054 2635 1107; x_wconf 87' lang='lat' dir='ltr'><strong>humana</strong></span> <span class='ocrx_word' id='word_1_688' title='bbox 2662 1050 2938 1120; x_wconf 73' lang='lat' dir='ltr'><strong>fragilitas,</strong></span> <span class='ocrx_word' id='word_1_689' title='bbox 2964 1046 3017 1104; x_wconf 90' lang='lat' dir='ltr'><strong>in</strong></span> <span class='ocrx_word' id='word_1_690' title='bbox 3045 1058 3247 1120; x_wconf 81' lang='lat' dir='ltr'><strong>tantum</strong></span> <span class='ocrx_word' id='word_1_691' title='bbox 3276 1050 3420 1101; x_wconf 87' lang='lat' dir='ltr'><strong>nefas</strong></span> <span class='ocrx_word' id='word_1_692' title='bbox 3442 1046 3635 1113; x_wconf 67' lang='lat' dir='ltr'><strong>aliqua:</strong></span> <span class='ocrx_word' id='word_1_693' title='bbox 3656 1046 3727 1099; x_wconf 82' lang='lat' dir='ltr'><strong>de</strong></span> 
     </span>
    </p>
   </div>
   <div class='ocr_carea' id='block_1_90' title="bbox 2149 1118 3725 1187">
    <p class='ocr_par' dir='ltr' id='par_1_90' title="bbox 2149 1118 3725 1187">
     <span class='ocr_line' id='line_1_90' title="bbox 2149 1118 3725 1187; baseline -0.009 -9"><span class='ocrx_word' id='word_1_694' title='bbox 2149 1125 2425 1179; x_wconf 86' lang='lat' dir='ltr'><strong>sororibus</strong></span> <span class='ocrx_word' id='word_1_695' title='bbox 2444 1137 2591 1177; x_wconf 67' lang='lat' dir='ltr'><strong>ausa:</strong></span> <span class='ocrx_word' id='word_1_696' title='bbox 2607 1118 2803 1175; x_wconf 84' lang='lat' dir='ltr'><strong>fuerint</strong></span> <span class='ocrx_word' id='word_1_697' title='bbox 2821 1120 3031 1173; x_wconf 89' lang='lat' dir='ltr'><strong>diabolo</strong></span> <span class='ocrx_word' id='word_1_698' title='bbox 3047 1118 3333 1187; x_wconf 86' lang='lat' dir='ltr'><strong>instigante</strong></span> <span class='ocrx_word' id='word_1_699' title='bbox 3350 1131 3725 1185; x_wconf 56' lang='lat' dir='ltr'><strong>prorumpere,</strong></span> 
     </span>
    </p>
   </div>
   <div class='ocr_carea' id='block_1_91' title="bbox 2149 1190 3722 1254">
    <p class='ocr_par' dir='ltr' id='par_1_91' title="bbox 2149 1190 3722 1254">
     <span class='ocr_line' id='line_1_91' title="bbox 2149 1190 3722 1254; baseline -0.006 -5"><span class='ocrx_word' id='word_1_700' title='bbox 2149 1206 2206 1249; x_wconf 81' lang='lat' dir='ltr'><strong>ut</strong></span> <span class='ocrx_word' id='word_1_701' title='bbox 2234 1198 2426 1249; x_wconf 89' lang='lat' dir='ltr'><strong>furtum</strong></span> <span class='ocrx_word' id='word_1_702' title='bbox 2457 1195 2669 1254; x_wconf 88' lang='lat' dir='ltr'><strong>faciant,</strong></span> <span class='ocrx_word' id='word_1_703' title='bbox 2697 1201 2787 1244; x_wconf 89' lang='lat' dir='ltr'><strong>aut</strong></span> <span class='ocrx_word' id='word_1_704' title='bbox 2822 1190 2875 1244; x_wconf 79' lang='lat' dir='ltr'><strong>in</strong></span> <span class='ocrx_word' id='word_1_705' title='bbox 2902 1205 2961 1244; x_wconf 91' lang='lat' dir='ltr'><strong>se</strong></span> <span class='ocrx_word' id='word_1_706' title='bbox 2986 1190 3215 1243; x_wconf 90' lang='lat' dir='ltr'><strong>invicem</strong></span> <span class='ocrx_word' id='word_1_707' title='bbox 3248 1200 3436 1241; x_wconf 89' lang='lat' dir='ltr'><strong>manus</strong></span> <span class='ocrx_word' id='word_1_708' title='bbox 3483 1190 3722 1249; x_wconf 90' lang='lat' dir='ltr'><strong>mittant,</strong></span> 
     </span>
    </p>
   </div>
   <div class='ocr_carea' id='block_1_92' title="bbox 2145 1258 3729 1334">
    <p class='ocr_par' dir='ltr' id='par_1_92' title="bbox 2145 1258 3729 1334">
     <span class='ocr_line' id='line_1_92' title="bbox 2145 1258 3729 1334; baseline -0.004 -17"><span class='ocrx_word' id='word_1_709' title='bbox 2145 1266 2348 1334; x_wconf 72' lang='lat' dir='ltr'><strong>justum</strong></span> <span class='ocrx_word' id='word_1_710' title='bbox 2398 1276 2479 1318; x_wconf 89' lang='lat' dir='ltr'><strong>est</strong></span> <span class='ocrx_word' id='word_1_711' title='bbox 2508 1262 2928 1334; x_wconf 12' lang='lat' dir='ltr'><strong>rutricgitimam,</strong></span> <span class='ocrx_word' id='word_1_712' title='bbox 2973 1258 3308 1334; x_wconf 83' lang='lat' dir='ltr'><strong>disciplinam</strong></span> <span class='ocrx_word' id='word_1_713' title='bbox 3358 1258 3663 1334; x_wconf 83' lang='lat' dir='ltr'><strong>accipiant,_</strong></span> <span class='ocrx_word' id='word_1_714' title='bbox 3694 1272 3729 1310; x_wconf 84' lang='lat' dir='ltr'><strong>a</strong></span> 
     </span>
    </p>
   </div>
   <div class='ocr_carea' id='block_1_93' title="bbox 2150 1329 3727 1404">
    <p class='ocr_par' dir='ltr' id='par_1_93' title="bbox 2150 1329 3727 1404">
     <span class='ocr_line' id='line_1_93' title="bbox 2150 1329 3727 1404; baseline 0.01 -15"><span class='ocrx_word' id='word_1_715' title='bbox 2150 1329 2345 1404; x_wconf 78' lang='lat' dir='ltr'><strong>quibus</strong></span> <span class='ocrx_word' id='word_1_716' title='bbox 2375 1333 2568 1402; x_wconf 56' lang='lat' dir='ltr'><strong>regula:</strong></span> <span class='ocrx_word' id='word_1_717' title='bbox 2603 1332 2862 1404; x_wconf 61' lang='lat' dir='ltr'><strong>instituta-</strong></span> <span class='ocrx_word' id='word_1_718' title='bbox 2884 1330 3184 1404; x_wconf 58' lang='lat' dir='ltr'><strong>&#39;iOIaP‘PU</strong></span> <span class='ocrx_word' id='word_1_719' title='bbox 3216 1342 3434 1404; x_wconf 58' lang='lat'><strong>9530955.?</strong></span> <span class='ocrx_word' id='word_1_720' title='bbox 3465 1337 3545 1404; x_wconf 59' lang='lat' dir='ltr'><strong>es!</strong></span> <span class='ocrx_word' id='word_1_721' title='bbox 3579 1329 3727 1404; x_wconf 54' lang='grc' dir='ltr'><strong>ςεξὶῑη</strong></span> 
     </span>
    </p>
   </div>
   <div class='ocr_carea' id='block_1_94' title="bbox 2153 1397 3724 1471">
    <p class='ocr_par' dir='ltr' id='par_1_94' title="bbox 2153 1397 3724 1471">
     <span class='ocr_line' id='line_1_94' title="bbox 2153 1397 3724 1471; baseline -0.008 -12"><span class='ocrx_word' id='word_1_722' title='bbox 2153 1397 2207 1459; x_wconf 75' lang='lat' dir='ltr'><strong>tit</strong></span> <span class='ocrx_word' id='word_1_723' title='bbox 2235 1406 2286 1460; x_wconf 94' lang='lat' dir='ltr'><strong>in</strong></span> <span class='ocrx_word' id='word_1_724' title='bbox 2318 1406 2394 1460; x_wconf 90' lang='lat' dir='ltr'><strong>cis</strong></span> <span class='ocrx_word' id='word_1_725' title='bbox 2427 1397 2708 1471; x_wconf 59' lang='lat' dir='ltr'><strong>i&#39;tnpleatur</strong></span> <span class='ocrx_word' id='word_1_726' title='bbox 2737 1400 3033 1471; x_wconf 12' lang='lat' dir='ltr'><strong>illudiquod</strong></span> <span class='ocrx_word' id='word_1_727' title='bbox 3062 1399 3128 1471; x_wconf 91' lang='lat' dir='ltr'><strong>de</strong></span> <span class='ocrx_word' id='word_1_728' title='bbox 3158 1397 3724 1471; x_wconf 11' lang='lat' dir='ltr'><strong>indisciplinat‘isglitiis</strong></span> 
     </span>
    </p>
   </div>
   <div class='ocr_carea' id='block_1_95' title="bbox 2153 1467 3728 1544">
    <p class='ocr_par' dir='ltr' id='par_1_95' title="bbox 2153 1467 3728 1544">
     <span class='ocr_line' id='line_1_95' title="bbox 2153 1467 3728 1544; baseline -0.008 -15"><span class='ocrx_word' id='word_1_729' title='bbox 2153 1491 2247 1544; x_wconf 89' lang='lat' dir='ltr'><strong>per</strong></span> <span class='ocrx_word' id='word_1_730' title='bbox 2290 1467 2630 1529; x_wconf 33' lang='lat' dir='ltr'><strong>Salomo’nem</strong></span> <span class='ocrx_word' id='word_1_731' title='bbox 2662 1467 3165 1544; x_wconf 28' lang='lat' dir='ltr'><strong>prafdittitS‘piritns</strong></span> <span class='ocrx_word' id='word_1_732' title='bbox 3192 1477 3408 1544; x_wconf 82' lang='lat' dir='ltr'><strong>sanctus</strong></span> <span class='ocrx_word' id='word_1_733' title='bbox 3440 1484 3452 1519; x_wconf 93' lang='lat'><strong>:</strong></span> <span class='ocrx_word' id='word_1_734' title='bbox 3479 1467 3590 1544; x_wconf 69' lang='lat' dir='ltr'><strong>Qui</strong></span> <span class='ocrx_word' id='word_1_735' title='bbox 3612 1468 3728 1544; x_wconf 70' lang='lat' dir='ltr'><strong>dili-</strong></span> 
     </span>
    </p>
   </div>
   <div class='ocr_carea' id='block_1_96' title="bbox 2152 1535 3729 1614">
    <p class='ocr_par' dir='ltr' id='par_1_96' title="bbox 2152 1535 3729 1614">
     <span class='ocr_line' id='line_1_96' title="bbox 2152 1535 3729 1614; baseline -0.007 -15"><span class='ocrx_word' id='word_1_736' title='bbox 2152 1535 2224 1614; x_wconf 58' lang='lat' dir='ltr'><strong>in:</strong></span> <span class='ocrx_word' id='word_1_737' title='bbox 2253 1545 2418 1613; x_wconf 79' lang='lat' dir='ltr'><strong>ﬁlium</strong></span> <span class='ocrx_word' id='word_1_738' title='bbox 2447 1535 2678 1597; x_wconf 68' lang='lat' dir='ltr'><strong>assidui</strong></span> <span class='ocrx_word' id='word_1_739' title='bbox 2708 1542 2785 1594; x_wconf 81' lang='lat' dir='ltr'><strong>illi</strong></span> <span class='ocrx_word' id='word_1_740' title='bbox 2809 1541 3106 1614; x_wconf 69' lang='lat' dir='ltr'><strong>ﬂagellant;</strong></span> <span class='ocrx_word' id='word_1_741' title='bbox 3126 1549 3180 1593; x_wconf 88' lang='lat' dir='ltr'><strong>et</strong></span> <span class='ocrx_word' id='word_1_742' title='bbox 3202 1542 3441 1614; x_wconf 64' lang='lat' dir='ltr'><strong>iterum:</strong></span> <span class='ocrx_word' id='word_1_743' title='bbox 3477 1535 3556 1614; x_wconf 70' lang='grc' dir='ltr'>’[ιι</span> <span class='ocrx_word' id='word_1_744' title='bbox 3585 1539 3729 1614; x_wconf 71' lang='lat' dir='ltr'><strong>cier</strong></span> 
     </span>
    </p>
   </div>
   <div class='ocr_carea' id='block_1_97' title="bbox 2153 1607 3729 1683">
    <p class='ocr_par' dir='ltr' id='par_1_97' title="bbox 2153 1607 3729 1683">
     <span class='ocr_line' id='line_1_97' title="bbox 2153 1607 3729 1683; baseline -0.004 -16"><span class='ocrx_word' id='word_1_745' title='bbox 2153 1607 2267 1669; x_wconf 65' lang='lat' dir='ltr'><strong>Eunt</strong></span> <span class='ocrx_word' id='word_1_746' title='bbox 2286 1616 2464 1677; x_wconf 67' lang='lat' dir='ltr'><strong>credis,</strong></span> <span class='ocrx_word' id='word_1_747' title='bbox 2485 1614 2713 1666; x_wconf 85' lang='lat' dir='ltr'><strong>animam</strong></span> <span class='ocrx_word' id='word_1_748' title='bbox 2737 1607 2846 1683; x_wconf 78' lang='lat' dir='ltr'><strong>ejus</strong></span> <span class='ocrx_word' id='word_1_749' title='bbox 2875 1607 2936 1683; x_wconf 69' lang='lat' dir='ltr'><strong>de</strong></span> <span class='ocrx_word' id='word_1_750' title='bbox 2966 1612 3165 1679; x_wconf 72' lang='lat' dir='ltr'><strong>inferno</strong></span> <span class='ocrx_word' id='word_1_751' title='bbox 3196 1608 3449 1683; x_wconf 58' lang='lat' dir='ltr'><strong>liberabis.</strong></span> <span class='ocrx_word' id='word_1_752' title='bbox 3485 1607 3729 1683; x_wconf 82' lang='lat' dir='ltr'><strong>Di_sc_iplt-°</strong></span> 
     </span>
    </p>
   </div>
   <div class='ocr_carea' id='block_1_98' title="bbox 2156 1679 3731 1752">
    <p class='ocr_par' dir='ltr' id='par_1_98' title="bbox 2156 1679 3731 1752">
     <span class='ocr_line' id='line_1_98' title="bbox 2156 1679 3731 1752; baseline -0.007 -12"><span class='ocrx_word' id='word_1_753' title='bbox 2156 1701 2277 1739; x_wconf 88' lang='lat' dir='ltr'><strong>nam</strong></span> <span class='ocrx_word' id='word_1_754' title='bbox 2324 1686 2492 1752; x_wconf 85' lang='lat' dir='ltr'><strong>ipsam</strong></span> <span class='ocrx_word' id='word_1_755' title='bbox 2542 1683 2592 1736; x_wconf 83' lang='lat' dir='ltr'><strong>in</strong></span> <span class='ocrx_word' id='word_1_756' title='bbox 2645 1679 2924 1751; x_wconf 72' lang='lat' dir='ltr'><strong>prmsentia</strong></span> <span class='ocrx_word' id='word_1_757' title='bbox 2963 1680 3392 1752; x_wconf 71' lang='lat' dir='ltr'><strong>congregationis</strong></span> <span class='ocrx_word' id='word_1_758' title='bbox 3431 1679 3731 1752; x_wconf 76' lang='lat' dir='ltr'><strong>excipiant,</strong></span> 
     </span>
    </p>
   </div>
   <div class='ocr_carea' id='block_1_99' title="bbox 2159 1749 3731 1809">
    <p class='ocr_par' dir='ltr' id='par_1_99' title="bbox 2159 1749 3731 1809">
     <span class='ocr_line' id='line_1_99' title="bbox 2159 1749 3731 1809; baseline -0.006 0"><span class='ocrx_word' id='word_1_759' title='bbox 2159 1749 2448 1809; x_wconf 79' lang='lat' dir='ltr'><strong>secundum</strong></span> <span class='ocrx_word' id='word_1_760' title='bbox 2480 1752 2605 1808; x_wconf 89' lang='lat' dir='ltr'><strong>illttd</strong></span> <span class='ocrx_word' id='word_1_761' title='bbox 2643 1749 2881 1809; x_wconf 70' lang='lat' dir='ltr'><strong>Amstoli</strong></span> <span class='ocrx_word' id='word_1_762' title='bbox 2914 1768 2930 1803; x_wconf 88' lang='lat'><strong>:</strong></span> <span class='ocrx_word' id='word_1_763' title='bbox 2965 1749 3237 1803; x_wconf 77' lang='lat' dir='ltr'><strong>Peccantes</strong></span> <span class='ocrx_word' id='word_1_764' title='bbox 3282 1765 3456 1802; x_wconf 79' lang='lat' dir='ltr'><strong>coram</strong></span> <span class='ocrx_word' id='word_1_765' title='bbox 3498 1750 3731 1800; x_wconf 79' lang='lat' dir='ltr'><strong>omnibus</strong></span> 
     </span>
    </p>
   </div>
   <div class='ocr_carea' id='block_1_100' title="bbox 2297 1820 3733 1896">
    <p class='ocr_par' dir='ltr' id='par_1_100' title="bbox 2297 1820 3733 1896">
     <span class='ocr_line' id='line_1_100' title="bbox 2297 1820 3733 1896; baseline -0.005 -17"><span class='ocrx_word' id='word_1_766' title='bbox 2297 1844 2374 1896; x_wconf 80' lang='lat' dir='ltr'><strong>pe.</strong></span> <span class='ocrx_word' id='word_1_767' title='bbox 2408 1845 2425 1875; x_wconf 73' lang='grc' dir='ltr'><strong>ι</strong></span> <span class='ocrx_word' id='word_1_768' title='bbox 2460 1825 2567 1896; x_wconf 61' lang='grc' dir='ltr'><strong>ΙΙρο</strong></span> <span class='ocrx_word' id='word_1_769' title='bbox 2597 1824 2651 1875; x_wconf 90' lang='grc'><strong>8.</strong></span> <span class='ocrx_word' id='word_1_770' title='bbox 2676 1820 2893 1896; x_wconf 53' lang='lat' dir='ltr'><strong>Ctesarii</strong></span> <span class='ocrx_word' id='word_1_771' title='bbox 2926 1820 3497 1896; x_wconf 42' lang='lat' dir='ltr'><strong>decretumnexplicare</strong></span> <span class='ocrx_word' id='word_1_772' title='bbox 3520 1821 3733 1896; x_wconf 65' lang='lat' dir='ltr'><strong>videtur</strong></span> 
     </span>
    </p>
   </div>
   <div class='ocr_carea' id='block_1_101' title="bbox 2159 1888 3731 1965">
    <p class='ocr_par' dir='ltr' id='par_1_101' title="bbox 2159 1888 3731 1965">
     <span class='ocr_line' id='line_1_101' title="bbox 2159 1888 3731 1965; baseline -0.005 -15"><span class='ocrx_word' id='word_1_773' title='bbox 2159 1888 2360 1965; x_wconf 81' lang='lat' dir='ltr'><strong>Regula</strong></span> <span class='ocrx_word' id='word_1_774' title='bbox 2408 1895 2467 1951; x_wconf 86' lang='grc'><strong>8.</strong></span> <span class='ocrx_word' id='word_1_775' title='bbox 2511 1892 2746 1965; x_wconf 80' lang='lat' dir='ltr'><strong>Ferreoli</strong></span> <span class='ocrx_word' id='word_1_776' title='bbox 2797 1892 2897 1945; x_wconf 82' lang='lat' dir='ltr'><strong>hoc</strong></span> <span class='ocrx_word' id='word_1_777' title='bbox 2936 1899 3135 1945; x_wconf 88' lang='lat' dir='ltr'><strong>statuto</strong></span> <span class='ocrx_word' id='word_1_778' title='bbox 3164 1888 3315 1965; x_wconf 70' lang='lat' dir='ltr'><strong>(cap.</strong></span> <span class='ocrx_word' id='word_1_779' title='bbox 3356 1891 3445 1958; x_wconf 76' lang='lat'><strong>59)</strong></span> <span class='ocrx_word' id='word_1_780' title='bbox 3476 1906 3490 1943; x_wconf 88' lang='lat'><strong>:</strong></span> <span class='ocrx_word' id='word_1_781' title='bbox 3524 1908 3545 1940; x_wconf 74' lang='grc' dir='ltr'><strong>ι</strong></span> <span class='ocrx_word' id='word_1_782' title='bbox 3583 1888 3731 1943; x_wconf 82' lang='lat' dir='ltr'><strong>Furti</strong></span> 
     </span>
    </p>
   </div>
   <div class='ocr_carea' id='block_1_102' title="bbox 2156 1961 3732 2027">
    <p class='ocr_par' dir='ltr' id='par_1_102' title="bbox 2156 1961 3732 2027">
     <span class='ocr_line' id='line_1_102' title="bbox 2156 1961 3732 2027; baseline -0.006 -6"><span class='ocrx_word' id='word_1_783' title='bbox 2156 1961 2451 2027; x_wconf 67' lang='lat' dir='ltr'><strong>conscium,</strong></span> <span class='ocrx_word' id='word_1_784' title='bbox 2502 1965 2544 2018; x_wconf 90' lang='lat' dir='ltr'><strong>si</strong></span> <span class='ocrx_word' id='word_1_785' title='bbox 2588 1963 2760 2017; x_wconf 86' lang='lat' dir='ltr'><strong>adhuc</strong></span> <span class='ocrx_word' id='word_1_786' title='bbox 2807 1976 2999 2016; x_wconf 85' lang='lat' dir='ltr'><strong>vocare</strong></span> <span class='ocrx_word' id='word_1_787' title='bbox 3044 1961 3361 2015; x_wconf 87' lang='lat' dir='ltr'><strong>monachum</strong></span> <span class='ocrx_word' id='word_1_788' title='bbox 3412 1974 3732 2027; x_wconf 83' lang='lat' dir='ltr'><strong>possumus,</strong></span> 
     </span>
    </p>
   </div>
   <div class='ocr_carea' id='block_1_103' title="bbox 2157 2029 3733 2104">
    <p class='ocr_par' dir='ltr' id='par_1_103' title="bbox 2157 2029 3733 2104">
     <span class='ocr_line' id='line_1_103' title="bbox 2157 2029 3733 2104; baseline -0.003 -17"><span class='ocrx_word' id='word_1_789' title='bbox 2157 2040 2307 2104; x_wconf 89' lang='lat' dir='ltr'><strong>quasi</strong></span> <span class='ocrx_word' id='word_1_790' title='bbox 2340 2035 2636 2089; x_wconf 79' lang='lat' dir='ltr'><strong>adulterum</strong></span> <span class='ocrx_word' id='word_1_791' title='bbox 2685 2032 2977 2104; x_wconf 78' lang='lat' dir='ltr'><strong>secundum</strong></span> <span class='ocrx_word' id='word_1_792' title='bbox 3013 2030 3223 2104; x_wconf 84' lang='lat' dir='ltr'><strong>ﬂagello</strong></span> <span class='ocrx_word' id='word_1_793' title='bbox 3251 2029 3427 2104; x_wconf 70' lang='lat' dir='ltr'><strong>subdi,</strong></span> <span class='ocrx_word' id='word_1_794' title='bbox 3459 2039 3509 2083; x_wconf 91' lang='lat' dir='ltr'><strong>et</strong></span> <span class='ocrx_word' id='word_1_795' title='bbox 3540 2044 3733 2099; x_wconf 83' lang='lat' dir='ltr'><strong>magna</strong></span> 
     </span>
    </p>
   </div>
   <div class='ocr_carea' id='block_1_104' title="bbox 2158 2101 3735 2168">
    <p class='ocr_par' dir='ltr' id='par_1_104' title="bbox 2158 2101 3735 2168">
     <span class='ocr_line' id='line_1_104' title="bbox 2158 2101 3735 2168; baseline -0.005 -7"><span class='ocrx_word' id='word_1_796' title='bbox 2158 2101 2366 2161; x_wconf 83' lang='lat' dir='ltr'><strong>censeri</strong></span> <span class='ocrx_word' id='word_1_797' title='bbox 2418 2105 2705 2160; x_wconf 86' lang='lat' dir='ltr'><strong>afflictione</strong></span> <span class='ocrx_word' id='word_1_798' title='bbox 2750 2102 3019 2168; x_wconf 80' lang='lat' dir='ltr'><strong>iubemus,</strong></span> <span class='ocrx_word' id='word_1_799' title='bbox 3068 2101 3255 2155; x_wconf 85' lang='lat' dir='ltr'><strong>dantes</strong></span> <span class='ocrx_word' id='word_1_800' title='bbox 3296 2101 3370 2154; x_wconf 89' lang='lat' dir='ltr'><strong>illi</strong></span> <span class='ocrx_word' id='word_1_801' title='bbox 3421 2116 3576 2152; x_wconf 91' lang='lat' dir='ltr'><strong>tmam</strong></span> <span class='ocrx_word' id='word_1_802' title='bbox 3609 2116 3735 2154; x_wconf 88' lang='lat' dir='ltr'><strong>cum</strong></span> 
     </span>
    </p>
   </div>
   <div class='ocr_carea' id='block_1_105' title="bbox 2161 2170 3732 2241">
    <p class='ocr_par' dir='ltr' id='par_1_105' title="bbox 2161 2170 3732 2241">
     <span class='ocr_line' id='line_1_105' title="bbox 2161 2170 3732 2241; baseline -0.004 -12"><span class='ocrx_word' id='word_1_803' title='bbox 2161 2177 2509 2231; x_wconf 89' lang='lat' dir='ltr'><strong>fornicatione</strong></span> <span class='ocrx_word' id='word_1_804' title='bbox 2558 2173 2906 2237; x_wconf 88' lang='lat' dir='ltr'><strong>sententiam;</strong></span> <span class='ocrx_word' id='word_1_805' title='bbox 2936 2172 3057 2241; x_wconf 89' lang='lat' dir='ltr'><strong>quia</strong></span> <span class='ocrx_word' id='word_1_806' title='bbox 3088 2181 3141 2225; x_wconf 91' lang='lat' dir='ltr'><strong>et</strong></span> <span class='ocrx_word' id='word_1_807' title='bbox 3170 2173 3283 2240; x_wconf 78' lang='lat' dir='ltr'><strong>ipse</strong></span> <span class='ocrx_word' id='word_1_808' title='bbox 3311 2170 3608 2241; x_wconf 69' lang='lat' dir='ltr'><strong>luxuriatus</strong></span> <span class='ocrx_word' id='word_1_809' title='bbox 3646 2181 3732 2224; x_wconf 80' lang='lat' dir='ltr'><strong>est</strong></span> 
     </span>
    </p>
   </div>
   <div class='ocr_carea' id='block_1_106' title="bbox 2160 2240 3729 2313">
    <p class='ocr_par' dir='ltr' id='par_1_106' title="bbox 2160 2240 3729 2313">
     <span class='ocr_line' id='line_1_106' title="bbox 2160 2240 3729 2313; baseline -0.004 -13"><span class='ocrx_word' id='word_1_810' title='bbox 2160 2262 2278 2300; x_wconf 84' lang='lat' dir='ltr'><strong>cum</strong></span> <span class='ocrx_word' id='word_1_811' title='bbox 2335 2246 2621 2300; x_wconf 72' lang='lat' dir='ltr'><strong>iuraretur.</strong></span> <span class='ocrx_word' id='word_1_812' title='bbox 2657 2263 2679 2295; x_wconf 68' lang='grc' dir='ltr'><strong>ι</strong></span> <span class='ocrx_word' id='word_1_813' title='bbox 2710 2240 3063 2313; x_wconf 80' lang='lat' dir='ltr'><strong>Deniquealii</strong></span> <span class='ocrx_word' id='word_1_814' title='bbox 3104 2242 3203 2313; x_wconf 84' lang='lat' dir='ltr'><strong>SS.</strong></span> <span class='ocrx_word' id='word_1_815' title='bbox 3239 2241 3426 2295; x_wconf 86' lang='lat' dir='ltr'><strong>Patres</strong></span> <span class='ocrx_word' id='word_1_816' title='bbox 3473 2240 3616 2294; x_wconf 90' lang='lat' dir='ltr'><strong>fures</strong></span> <span class='ocrx_word' id='word_1_817' title='bbox 3661 2258 3729 2294; x_wconf 75' lang='grc' dir='ltr'><strong>ιιι</strong></span> 
     </span>
    </p>
   </div>
   <div class='ocr_carea' id='block_1_107' title="bbox 2160 2312 3732 2387">
    <p class='ocr_par' dir='ltr' id='par_1_107' title="bbox 2160 2312 3732 2387">
     <span class='ocr_line' id='line_1_107' title="bbox 2160 2312 3732 2387; baseline -0.004 -17"><span class='ocrx_word' id='word_1_818' title='bbox 2160 2317 2593 2387; x_wconf 60' lang='grc' dir='ltr'><strong>(τυιιεςι-εξςςτιιὶοιιθΔ</strong></span> <span class='ocrx_word' id='word_1_819' title='bbox 2613 2328 2830 2387; x_wconf 78' lang='lat' dir='ltr'><strong>prorsus</strong></span> <span class='ocrx_word' id='word_1_820' title='bbox 2864 2312 3213 2387; x_wconf 55' lang='lat' dir='ltr'><strong>capellendos</strong></span> <span class='ocrx_word' id='word_1_821' title='bbox 3242 2325 3363 2365; x_wconf 81' lang='lat' dir='ltr'><strong>esse</strong></span> <span class='ocrx_word' id='word_1_822' title='bbox 3390 2321 3732 2387; x_wconf 67' lang='lat' dir='ltr'><strong>censuerunt,</strong></span> 
     </span>
    </p>
   </div>
   <div class='ocr_carea' id='block_1_108' title="bbox 2163 2381 3735 2446">
    <p class='ocr_par' dir='ltr' id='par_1_108' title="bbox 2163 2381 3735 2446">
     <span class='ocr_line' id='line_1_108' title="bbox 2163 2381 3735 2446; baseline -0.004 -6"><span class='ocrx_word' id='word_1_823' title='bbox 2163 2400 2219 2440; x_wconf 91' lang='lat' dir='ltr'><strong>ut</strong></span> <span class='ocrx_word' id='word_1_824' title='bbox 2252 2381 2434 2441; x_wconf 65' lang='lat' dir='ltr'><strong>videre</strong></span> <span class='ocrx_word' id='word_1_825' title='bbox 2474 2396 2555 2441; x_wconf 89' lang='lat' dir='ltr'><strong>est</strong></span> <span class='ocrx_word' id='word_1_826' title='bbox 2583 2381 2634 2437; x_wconf 89' lang='lat' dir='ltr'><strong>in</strong></span> <span class='ocrx_word' id='word_1_827' title='bbox 2687 2384 2779 2438; x_wconf 88' lang='lat' dir='ltr'><strong>lib.</strong></span> <span class='ocrx_word' id='word_1_828' title='bbox 2809 2399 2841 2435; x_wconf 88' lang='lat' dir='ltr'><strong>v</strong></span> <span class='ocrx_word' id='word_1_829' title='bbox 2884 2381 2951 2436; x_wconf 82' lang='lat' dir='ltr'><strong>de</strong></span> <span class='ocrx_word' id='word_1_830' title='bbox 2984 2382 3116 2437; x_wconf 81' lang='lat' dir='ltr'><strong>Vitis</strong></span> <span class='ocrx_word' id='word_1_831' title='bbox 3148 2383 3385 2446; x_wconf 87' lang='lat' dir='ltr'><strong>Patrum,</strong></span> <span class='ocrx_word' id='word_1_832' title='bbox 3419 2381 3595 2434; x_wconf 83' lang='lat' dir='ltr'><strong>libello</strong></span> <span class='ocrx_word' id='word_1_833' title='bbox 3644 2382 3735 2443; x_wconf 77' lang='lat'><strong>10,</strong></span> 
     </span>
    </p>
   </div>
   <div class='ocr_carea' id='block_1_109' title="bbox 2164 2451 3735 2520">
    <p class='ocr_par' dir='ltr' id='par_1_109' title="bbox 2164 2451 3735 2520">
     <span class='ocr_line' id='line_1_109' title="bbox 2164 2451 3735 2520; baseline -0.004 -11"><span class='ocrx_word' id='word_1_834' title='bbox 2164 2472 2309 2511; x_wconf 81' lang='lat' dir='ltr'><strong>num.</strong></span> <span class='ocrx_word' id='word_1_835' title='bbox 2342 2457 2426 2520; x_wconf 85' lang='lat' dir='ltr'><strong>l8,</strong></span> <span class='ocrx_word' id='word_1_836' title='bbox 2450 2457 2574 2509; x_wconf 86' lang='lat' dir='ltr'><strong>etin</strong></span> <span class='ocrx_word' id='word_1_837' title='bbox 2600 2453 2715 2507; x_wconf 78' lang='lat' dir='ltr'><strong>Vita</strong></span> <span class='ocrx_word' id='word_1_838' title='bbox 2740 2454 2799 2509; x_wconf 85' lang='lat' dir='ltr'><strong>S.</strong></span> <span class='ocrx_word' id='word_1_839' title='bbox 2827 2453 3119 2519; x_wconf 75' lang='lat' dir='ltr'><strong>Pachumii,</strong></span> <span class='ocrx_word' id='word_1_840' title='bbox 3151 2468 3207 2507; x_wconf 67' lang='lat' dir='ltr'><strong>tt.</strong></span> <span class='ocrx_word' id='word_1_841' title='bbox 3238 2453 3329 2513; x_wconf 80' lang='lat'><strong>58,</strong></span> <span class='ocrx_word' id='word_1_842' title='bbox 3355 2453 3491 2518; x_wconf 87' lang='lat' dir='ltr'><strong>apud</strong></span> <span class='ocrx_word' id='word_1_843' title='bbox 3524 2451 3735 2504; x_wconf 87' lang='lat' dir='ltr'><strong>Bollan-</strong></span> 
     </span>
    </p>
   </div>
   <div class='ocr_carea' id='block_1_110' title="bbox 2163 2522 3733 2581">
    <p class='ocr_par' dir='ltr' id='par_1_110' title="bbox 2163 2522 3733 2581">
     <span class='ocr_line' id='line_1_110' title="bbox 2163 2522 3733 2581; baseline -0.002 -1"><span class='ocrx_word' id='word_1_844' title='bbox 2163 2526 2287 2580; x_wconf 87' lang='lat' dir='ltr'><strong>dum</strong></span> <span class='ocrx_word' id='word_1_845' title='bbox 2336 2526 2401 2580; x_wconf 75' lang='grc'><strong>14</strong></span> <span class='ocrx_word' id='word_1_846' title='bbox 2450 2525 2594 2581; x_wconf 76' lang='lat' dir='ltr'><strong>Maii.</strong></span> <span class='ocrx_word' id='word_1_847' title='bbox 2641 2525 2732 2578; x_wconf 92' lang='lat' dir='ltr'><strong>llis</strong></span> <span class='ocrx_word' id='word_1_848' title='bbox 2776 2524 3021 2577; x_wconf 84' lang='lat' dir='ltr'><strong>omnibus</strong></span> <span class='ocrx_word' id='word_1_849' title='bbox 3066 2524 3202 2577; x_wconf 91' lang='lat' dir='ltr'><strong>adde</strong></span> <span class='ocrx_word' id='word_1_850' title='bbox 3245 2522 3625 2575; x_wconf 88' lang='lat' dir='ltr'><strong>monachorum</strong></span> <span class='ocrx_word' id='word_1_851' title='bbox 3670 2522 3733 2577; x_wconf 61' lang='lat' dir='ltr'><strong>St</strong></span> 
     </span>
    </p>
   </div>
   <div class='ocr_carea' id='block_1_111' title="bbox 2166 2592 3734 2651">
    <p class='ocr_par' dir='ltr' id='par_1_111' title="bbox 2166 2592 3734 2651">
     <span class='ocr_line' id='line_1_111' title="bbox 2166 2592 3734 2651; baseline -0.005 0"><span class='ocrx_word' id='word_1_852' title='bbox 2166 2597 2392 2651; x_wconf 77' lang='lat' dir='ltr'><strong>Andrea:</strong></span> <span class='ocrx_word' id='word_1_853' title='bbox 2431 2595 2748 2650; x_wconf 76' lang='lat' dir='ltr'><strong>Viennensis</strong></span> <span class='ocrx_word' id='word_1_854' title='bbox 2782 2593 3223 2649; x_wconf 87' lang='lat' dir='ltr'><strong>Constitutionem</strong></span> <span class='ocrx_word' id='word_1_855' title='bbox 3257 2606 3396 2645; x_wconf 89' lang='lat' dir='ltr'><strong>anno</strong></span> <span class='ocrx_word' id='word_1_856' title='bbox 3442 2592 3575 2645; x_wconf 78' lang='grc'><strong>1000</strong></span> <span class='ocrx_word' id='word_1_857' title='bbox 3616 2592 3734 2644; x_wconf 79' lang='lat' dir='ltr'><strong>ed:-</strong></span> 
     </span>
    </p>
   </div>
   <div class='ocr_carea' id='block_1_112' title="bbox 2165 2661 3734 2734">
    <p class='ocr_par' dir='ltr' id='par_1_112' title="bbox 2165 2661 3734 2734">
     <span class='ocr_line' id='line_1_112' title="bbox 2165 2661 3734 2734; baseline -0.005 -14"><span class='ocrx_word' id='word_1_858' title='bbox 2165 2677 2295 2733; x_wconf 85' lang='lat' dir='ltr'><strong>tam,</strong></span> <span class='ocrx_word' id='word_1_859' title='bbox 2327 2681 2429 2734; x_wconf 86' lang='lat' dir='ltr'><strong>qua</strong></span> <span class='ocrx_word' id='word_1_860' title='bbox 2472 2666 2790 2727; x_wconf 87' lang='lat' dir='ltr'><strong>decernunt,</strong></span> <span class='ocrx_word' id='word_1_861' title='bbox 2820 2682 2838 2713; x_wconf 71' lang='grc' dir='ltr'><strong>ι</strong></span> <span class='ocrx_word' id='word_1_862' title='bbox 2874 2674 2932 2717; x_wconf 84' lang='grc' dir='ltr'><strong>ιιι</strong></span> <span class='ocrx_word' id='word_1_863' title='bbox 2954 2665 3040 2733; x_wconf 90' lang='lat' dir='ltr'><strong>qui</strong></span> <span class='ocrx_word' id='word_1_864' title='bbox 3072 2662 3334 2718; x_wconf 75' lang='lat' dir='ltr'><strong>ctenobita</strong></span> <span class='ocrx_word' id='word_1_865' title='bbox 3349 2661 3613 2734; x_wconf 86' lang='lat' dir='ltr'><strong>deinceps</strong></span> <span class='ocrx_word' id='word_1_866' title='bbox 3643 2676 3734 2713; x_wconf 85' lang='lat' dir='ltr'><strong>sa-</strong></span> 
     </span>
    </p>
   </div>
   <div class='ocr_carea' id='block_1_113' title="bbox 2164 2732 3735 2806">
    <p class='ocr_par' dir='ltr' id='par_1_113' title="bbox 2164 2732 3735 2806">
     <span class='ocr_line' id='line_1_113' title="bbox 2164 2732 3735 2806; baseline -0.004 -16"><span class='ocrx_word' id='word_1_867' title='bbox 2164 2732 2439 2806; x_wconf 84' lang='lat' dir='ltr'><strong>crilegium</strong></span> <span class='ocrx_word' id='word_1_868' title='bbox 2469 2736 2644 2792; x_wconf 82' lang='lat' dir='ltr'><strong>facere</strong></span> <span class='ocrx_word' id='word_1_869' title='bbox 2665 2750 2823 2789; x_wconf 88' lang='lat' dir='ltr'><strong>ausus</strong></span> <span class='ocrx_word' id='word_1_870' title='bbox 2847 2734 3027 2806; x_wconf 82' lang='lat' dir='ltr'><strong>fuerit,</strong></span> <span class='ocrx_word' id='word_1_871' title='bbox 3053 2733 3398 2806; x_wconf 77' lang='lat' dir='ltr'><strong>subripiendo</strong></span> <span class='ocrx_word' id='word_1_872' title='bbox 3418 2734 3483 2785; x_wconf 87' lang='lat' dir='ltr'><strong>de</strong></span> <span class='ocrx_word' id='word_1_873' title='bbox 3506 2732 3735 2806; x_wconf 82' lang='lat' dir='ltr'><strong>refecto-</strong></span> 
     </span>
    </p>
   </div>
   <div class='ocr_carea' id='block_1_114' title="bbox 2166 2803 3734 2878">
    <p class='ocr_par' dir='ltr' id='par_1_114' title="bbox 2166 2803 3734 2878">
     <span class='ocr_line' id='line_1_114' title="bbox 2166 2803 3734 2878; baseline -0.003 -19"><span class='ocrx_word' id='word_1_874' title='bbox 2166 2809 2246 2878; x_wconf 85' lang='lat' dir='ltr'><strong>rio</strong></span> <span class='ocrx_word' id='word_1_875' title='bbox 2274 2803 2557 2878; x_wconf 74' lang='lat' dir='ltr'><strong>scyphum,</strong></span> <span class='ocrx_word' id='word_1_876' title='bbox 2606 2816 2699 2878; x_wconf 82' lang='lat' dir='ltr'><strong>aut</strong></span> <span class='ocrx_word' id='word_1_877' title='bbox 2729 2805 3022 2878; x_wconf 81' lang='lat' dir='ltr'><strong>cultellum,</strong></span> <span class='ocrx_word' id='word_1_878' title='bbox 3052 2812 3143 2859; x_wconf 88' lang='lat' dir='ltr'><strong>aut</strong></span> <span class='ocrx_word' id='word_1_879' title='bbox 3175 2803 3421 2878; x_wconf 76' lang='lat' dir='ltr'><strong>mantile,</strong></span> <span class='ocrx_word' id='word_1_880' title='bbox 3446 2812 3539 2878; x_wconf 77' lang='lat' dir='ltr'><strong>aut</strong></span> <span class='ocrx_word' id='word_1_881' title='bbox 3568 2803 3734 2878; x_wconf 85' lang='lat' dir='ltr'><strong>quod-</strong></span> 
     </span>
    </p>
   </div>
   <div class='ocr_carea' id='block_1_115' title="bbox 2168 2872 3735 2940">
    <p class='ocr_par' dir='ltr' id='par_1_115' title="bbox 2168 2872 3735 2940">
     <span class='ocr_line' id='line_1_115' title="bbox 2168 2872 3735 2940; baseline -0.003 -9"><span class='ocrx_word' id='word_1_882' title='bbox 2168 2877 2297 2931; x_wconf 71' lang='lat' dir='ltr'><strong>lba-t</strong></span> <span class='ocrx_word' id='word_1_883' title='bbox 2324 2872 2550 2931; x_wconf 50' lang='lat' dir='ltr'><strong>ut&#39;ensile</strong></span> <span class='ocrx_word' id='word_1_884' title='bbox 2581 2875 2870 2939; x_wconf 77' lang='lat' dir='ltr'><strong>relectorii,</strong></span> <span class='ocrx_word' id='word_1_885' title='bbox 2893 2874 3112 2928; x_wconf 90' lang='lat' dir='ltr'><strong>ultimus</strong></span> <span class='ocrx_word' id='word_1_886' title='bbox 3136 2882 3347 2928; x_wconf 76' lang='lat' dir='ltr'><strong>maneat</strong></span> <span class='ocrx_word' id='word_1_887' title='bbox 3372 2872 3569 2940; x_wconf 84' lang='lat' dir='ltr'><strong>ubique</strong></span> <span class='ocrx_word' id='word_1_888' title='bbox 3588 2874 3735 2926; x_wconf 72' lang='lat' dir='ltr'><strong>Vt‘ltll</strong></span> 
     </span>
    </p>
   </div>
   <div class='ocr_carea' id='block_1_116' title="bbox 2170 2944 3736 3017">
    <p class='ocr_par' dir='ltr' id='par_1_116' title="bbox 2170 2944 3736 3017">
     <span class='ocr_line' id='line_1_116' title="bbox 2170 2944 3736 3017; baseline -0.003 -16"><span class='ocrx_word' id='word_1_889' title='bbox 2170 2948 2271 3010; x_wconf 89' lang='lat' dir='ltr'><strong>fur,</strong></span> <span class='ocrx_word' id='word_1_890' title='bbox 2295 2958 2348 3003; x_wconf 91' lang='lat' dir='ltr'><strong>et</strong></span> <span class='ocrx_word' id='word_1_891' title='bbox 2377 2948 2693 3017; x_wconf 86' lang='lat' dir='ltr'><strong>sacrilegus.</strong></span> <span class='ocrx_word' id='word_1_892' title='bbox 2731 2944 2901 3017; x_wconf 85' lang='lat' dir='ltr'><strong>donec</strong></span> <span class='ocrx_word' id='word_1_893' title='bbox 2928 2944 3266 3017; x_wconf 86' lang='lat' dir='ltr'><strong>sacrilegium</strong></span> <span class='ocrx_word' id='word_1_894' title='bbox 3311 2948 3645 3017; x_wconf 79' lang='lat' dir='ltr'><strong>emendetur,</strong></span> <span class='ocrx_word' id='word_1_895' title='bbox 3681 2955 3736 2997; x_wconf 89' lang='lat' dir='ltr'><strong>et</strong></span> 
     </span>
    </p>
   </div>
   <div class='ocr_carea' id='block_1_117' title="bbox 2170 3013 3733 3083">
    <p class='ocr_par' dir='ltr' id='par_1_117' title="bbox 2170 3013 3733 3083">
     <span class='ocr_line' id='line_1_117' title="bbox 2170 3013 3733 3083; baseline -0.004 -12"><span class='ocrx_word' id='word_1_896' title='bbox 2170 3018 2386 3083; x_wconf 86' lang='lat' dir='ltr'><strong>insuper</strong></span> <span class='ocrx_word' id='word_1_897' title='bbox 2404 3016 2472 3071; x_wconf 90' lang='lat' dir='ltr'><strong>tal</strong></span> <span class='ocrx_word' id='word_1_898' title='bbox 2497 3034 2522 3073; x_wconf 86' lang='lat' dir='ltr'><strong>s</strong></span> <span class='ocrx_word' id='word_1_899' title='bbox 2542 3013 2831 3071; x_wconf 68' lang='lat' dir='ltr'><strong>satisfactio</strong></span> <span class='ocrx_word' id='word_1_900' title='bbox 2861 3016 2970 3080; x_wconf 77' lang='lat' dir='ltr'><strong>ﬂat,</strong></span> <span class='ocrx_word' id='word_1_901' title='bbox 2991 3015 3242 3068; x_wconf 65' lang='lat' dir='ltr'><strong>uteretcri</strong></span> <span class='ocrx_word' id='word_1_902' title='bbox 3261 3024 3456 3067; x_wconf 91' lang='lat' dir='ltr'><strong>metum</strong></span> <span class='ocrx_word' id='word_1_903' title='bbox 3481 3013 3733 3067; x_wconf 87' lang='lat' dir='ltr'><strong>habeant.</strong></span> 
     </span>
    </p>
   </div>
   <div class='ocr_carea' id='block_1_118' title="bbox 2171 3085 3738 3157">
    <p class='ocr_par' dir='ltr' id='par_1_118' title="bbox 2171 3085 3738 3157">
     <span class='ocr_line' id='line_1_118' title="bbox 2171 3085 3738 3157; baseline -0.003 -15"><span class='ocrx_word' id='word_1_904' title='bbox 2171 3087 2427 3142; x_wconf 72' lang='lat' dir='ltr'><strong>Stmiliter</strong></span> <span class='ocrx_word' id='word_1_905' title='bbox 2476 3089 2779 3157; x_wconf 89' lang='lat' dir='ltr'><strong>quicunque</strong></span> <span class='ocrx_word' id='word_1_906' title='bbox 2809 3086 2875 3140; x_wconf 85' lang='lat' dir='ltr'><strong>de</strong></span> <span class='ocrx_word' id='word_1_907' title='bbox 2900 3085 3335 3157; x_wconf 70' lang='lat' dir='ltr'><strong>dormitorioaut</strong></span> <span class='ocrx_word' id='word_1_908' title='bbox 3391 3085 3738 3157; x_wconf 33' lang='lat' dir='ltr'><strong>benanthant</strong></span> 
     </span>
    </p>
   </div>
   <div class='ocr_carea' id='block_1_119' title="bbox 2095 3153 3734 3243">
    <p class='ocr_par' dir='ltr' id='par_1_119' title="bbox 2095 3153 3734 3243">
     <span class='ocr_line' id='line_1_119' title="bbox 2095 3153 3734 3243; baseline -0.002 -33"><span class='ocrx_word' id='word_1_909' title='bbox 2095 3181 2143 3243; x_wconf 63' lang='grc' dir='ltr'><strong><em>ε</em></strong></span> <span class='ocrx_word' id='word_1_910' title='bbox 2174 3172 2403 3243; x_wconf 39' lang='grc' dir='ltr'><strong>Ξπὲιὲιηη</strong></span> <span class='ocrx_word' id='word_1_911' title='bbox 2439 3153 2537 3243; x_wconf 57' lang='lat' dir='ltr'><strong>aut</strong></span> <span class='ocrx_word' id='word_1_912' title='bbox 2588 3156 2835 3243; x_wconf 76' lang='lat' dir='ltr'><strong>capitale,</strong></span> <span class='ocrx_word' id='word_1_913' title='bbox 2878 3155 2973 3243; x_wconf 44' lang='lat' dir='ltr'><strong>.vel.</strong></span> <span class='ocrx_word' id='word_1_914' title='bbox 3015 3154 3323 3243; x_wconf 38' lang='lat' dir='ltr'><strong>quamlibet.</strong></span> <span class='ocrx_word' id='word_1_915' title='bbox 3353 3153 3734 3243; x_wconf 66' lang='lat' dir='ltr'><strong>supelectilettt</strong></span> 
     </span>
    </p>
   </div>
   <div class='ocr_carea' id='block_1_120' title="bbox 2177 3223 3739 3299">
    <p class='ocr_par' dir='ltr' id='par_1_120' title="bbox 2177 3223 3739 3299">
     <span class='ocr_line' id='line_1_120' title="bbox 2177 3223 3739 3299; baseline -0.003 -17"><span class='ocrx_word' id='word_1_916' title='bbox 2177 3223 2334 3299; x_wconf 79' lang='lat'><strong>113</strong></span> <span class='ocrx_word' id='word_1_917' title='bbox 2361 3228 2475 3283; x_wconf 87' lang='lat' dir='ltr'><strong>sine</strong></span> <span class='ocrx_word' id='word_1_918' title='bbox 2505 3223 2717 3283; x_wconf 80' lang='lat' dir='ltr'><strong>licentia</strong></span> <span class='ocrx_word' id='word_1_919' title='bbox 2747 3225 2977 3299; x_wconf 76' lang='lat' dir='ltr'><strong>regulari</strong></span> <span class='ocrx_word' id='word_1_920' title='bbox 3003 3223 3422 3299; x_wconf 83' lang='lat' dir='ltr'><strong>subripuerit,_in</strong></span> <span class='ocrx_word' id='word_1_921' title='bbox 3448 3224 3595 3299; x_wconf 82' lang='lat' dir='ltr'><strong>omni</strong></span> <span class='ocrx_word' id='word_1_922' title='bbox 3619 3225 3739 3278; x_wconf 82' lang='lat' dir='ltr'><strong>loco</strong></span> 
     </span>
    </p>
   </div>
   <div class='ocr_carea' id='block_1_121' title="bbox 2169 3294 3737 3363">
    <p class='ocr_par' dir='ltr' id='par_1_121' title="bbox 2169 3294 3737 3363">
     <span class='ocr_line' id='line_1_121' title="bbox 2169 3294 3737 3363; baseline -0.003 -11"><span class='ocrx_word' id='word_1_923' title='bbox 2169 3294 2349 3352; x_wconf 60' lang='lat' dir='ltr'><strong>area:</strong></span> <span class='ocrx_word' id='word_1_924' title='bbox 2369 3300 2639 3353; x_wconf 85' lang='lat' dir='ltr'><strong>consortio</strong></span> <span class='ocrx_word' id='word_1_925' title='bbox 2657 3294 2878 3352; x_wconf 78' lang='lat' dir='ltr'><strong>fratrum</strong></span> <span class='ocrx_word' id='word_1_926' title='bbox 2894 3296 3040 3350; x_wconf 88' lang='lat' dir='ltr'><strong>velut</strong></span> <span class='ocrx_word' id='word_1_927' title='bbox 3063 3296 3144 3348; x_wconf 90' lang='lat' dir='ltr'><strong>fur</strong></span> <span class='ocrx_word' id='word_1_928' title='bbox 3163 3306 3219 3350; x_wconf 89' lang='lat' dir='ltr'><strong>et</strong></span> <span class='ocrx_word' id='word_1_929' title='bbox 3240 3295 3545 3363; x_wconf 84' lang='lat' dir='ltr'><strong>sacrilegus,</strong></span> <span class='ocrx_word' id='word_1_930' title='bbox 3566 3294 3737 3347; x_wconf 87' lang='lat' dir='ltr'><strong>donec</strong></span> 
     </span>
    </p>
   </div>
   <div class='ocr_carea' id='block_1_122' title="bbox 2168 3364 3736 3439">
    <p class='ocr_par' dir='ltr' id='par_1_122' title="bbox 2168 3364 3736 3439">
     <span class='ocr_line' id='line_1_122' title="bbox 2168 3364 3736 3439; baseline -0.003 -19"><span class='ocrx_word' id='word_1_931' title='bbox 2168 3368 2502 3439; x_wconf 79' lang='lat' dir='ltr'><strong>sacrilegium</strong></span> <span class='ocrx_word' id='word_1_932' title='bbox 2536 3376 2863 3424; x_wconf 84' lang='lat' dir='ltr'><strong>restauretur</strong></span> <span class='ocrx_word' id='word_1_933' title='bbox 2884 3382 2905 3439; x_wconf 13' lang='lat'><strong>;7</strong></span> <span class='ocrx_word' id='word_1_934' title='bbox 2930 3377 2985 3439; x_wconf 84' lang='lat' dir='ltr'><strong>et</strong></span> <span class='ocrx_word' id='word_1_935' title='bbox 3011 3366 3276 3439; x_wconf 65' lang='lat' dir='ltr'><strong>praecipue</strong></span> <span class='ocrx_word' id='word_1_936' title='bbox 3309 3366 3427 3439; x_wconf 80' lang='lat' dir='ltr'><strong>talis</strong></span> <span class='ocrx_word' id='word_1_937' title='bbox 3466 3368 3555 3417; x_wconf 83' lang='lat' dir='ltr'><strong>tiat</strong></span> <span class='ocrx_word' id='word_1_938' title='bbox 3580 3364 3736 3439; x_wconf 48' lang='lat' dir='ltr'><strong>sati:-</strong></span> 
     </span>
    </p>
   </div>
   <div class='ocr_carea' id='block_1_123' title="bbox 2169 3433 3737 3499">
    <p class='ocr_par' dir='ltr' id='par_1_123' title="bbox 2169 3433 3737 3499">
     <span class='ocr_line' id='line_1_123' title="bbox 2169 3433 3737 3499; baseline -0.005 -7"><span class='ocrx_word' id='word_1_939' title='bbox 2169 3433 2435 3499; x_wconf 43' lang='lat' dir='ltr'><strong>factiofnt</strong></span> <span class='ocrx_word' id='word_1_940' title='bbox 2462 3439 2642 3493; x_wconf 72' lang='lat' dir='ltr'><strong>cmteti</strong></span> <span class='ocrx_word' id='word_1_941' title='bbox 2666 3449 2861 3492; x_wconf 91' lang='lat' dir='ltr'><strong>metum</strong></span> <span class='ocrx_word' id='word_1_942' title='bbox 2895 3433 3146 3491; x_wconf 80' lang='lat' dir='ltr'><strong>habeant.</strong></span> <span class='ocrx_word' id='word_1_943' title='bbox 3174 3436 3234 3490; x_wconf 87' lang='lat' dir='ltr'><strong>Si</strong></span> <span class='ocrx_word' id='word_1_944' title='bbox 3255 3450 3379 3490; x_wconf 89' lang='lat' dir='ltr'><strong>vero</strong></span> <span class='ocrx_word' id='word_1_945' title='bbox 3402 3435 3513 3488; x_wconf 67' lang='lat' dir='ltr'><strong>haac</strong></span> <span class='ocrx_word' id='word_1_946' title='bbox 3540 3433 3737 3487; x_wconf 80' lang='lat' dir='ltr'><strong>consti-</strong></span> 
     </span>
    </p>
   </div>
   <div class='ocr_carea' id='block_1_124' title="bbox 2172 3507 3736 3578">
    <p class='ocr_par' dir='ltr' id='par_1_124' title="bbox 2172 3507 3736 3578">
     <span class='ocr_line' id='line_1_124' title="bbox 2172 3507 3736 3578; baseline -0.004 -17"><span class='ocrx_word' id='word_1_947' title='bbox 2172 3508 2305 3562; x_wconf 93' lang='lat' dir='ltr'><strong>tutio</strong></span> <span class='ocrx_word' id='word_1_948' title='bbox 2332 3509 2607 3578; x_wconf 89' lang='lat' dir='ltr'><strong>profanata</strong></span> <span class='ocrx_word' id='word_1_949' title='bbox 2635 3509 2814 3574; x_wconf 90' lang='lat' dir='ltr'><strong>fuerit,</strong></span> <span class='ocrx_word' id='word_1_950' title='bbox 2843 3508 3159 3561; x_wconf 76' lang='lat' dir='ltr'><strong>adhibeatur</strong></span> <span class='ocrx_word' id='word_1_951' title='bbox 3187 3507 3487 3578; x_wconf 77' lang='lat' dir='ltr'><strong>episconus.</strong></span> <span class='ocrx_word' id='word_1_952' title='bbox 3518 3514 3572 3578; x_wconf 83' lang='lat' dir='ltr'><strong>et</strong></span> <span class='ocrx_word' id='word_1_953' title='bbox 3602 3518 3736 3557; x_wconf 82' lang='lat' dir='ltr'><strong>con-</strong></span> 
     </span>
    </p>
   </div>
   <div class='ocr_carea' id='block_1_125' title="bbox 2170 3576 3735 3638">
    <p class='ocr_par' dir='ltr' id='par_1_125' title="bbox 2170 3576 3735 3638">
     <span class='ocr_line' id='line_1_125' title="bbox 2170 3576 3735 3638; baseline -0.003 -7"><span class='ocrx_word' id='word_1_954' title='bbox 2170 3576 2358 3632; x_wconf 85' lang='lat' dir='ltr'><strong>ventus</strong></span> <span class='ocrx_word' id='word_1_955' title='bbox 2382 3582 2615 3633; x_wconf 90' lang='lat' dir='ltr'><strong>virorum</strong></span> <span class='ocrx_word' id='word_1_956' title='bbox 2644 3579 2767 3633; x_wconf 90' lang='lat' dir='ltr'><strong>boni</strong></span> <span class='ocrx_word' id='word_1_957' title='bbox 2791 3578 3103 3638; x_wconf 88' lang='lat' dir='ltr'><strong>testimonii,</strong></span> <span class='ocrx_word' id='word_1_958' title='bbox 3134 3587 3187 3630; x_wconf 92' lang='lat' dir='ltr'><strong>et</strong></span> <span class='ocrx_word' id='word_1_959' title='bbox 3207 3576 3425 3629; x_wconf 86' lang='lat' dir='ltr'><strong>audacia</strong></span> <span class='ocrx_word' id='word_1_960' title='bbox 3456 3576 3735 3627; x_wconf 88' lang='lat' dir='ltr'><strong>stultorum</strong></span> 
     </span>
    </p>
   </div>
   <div class='ocr_carea' id='block_1_126' title="bbox 2168 3647 3733 3716">
    <p class='ocr_par' dir='ltr' id='par_1_126' title="bbox 2168 3647 3733 3716">
     <span class='ocr_line' id='line_1_126' title="bbox 2168 3647 3733 3716; baseline -0.004 -13"><span class='ocrx_word' id='word_1_961' title='bbox 2168 3649 2552 3716; x_wconf 79' lang='lat' dir='ltr'><strong>confringatur,</strong></span> <span class='ocrx_word' id='word_1_962' title='bbox 2585 3659 2637 3704; x_wconf 92' lang='lat' dir='ltr'><strong>et</strong></span> <span class='ocrx_word' id='word_1_963' title='bbox 2657 3650 2845 3703; x_wconf 91' lang='lat' dir='ltr'><strong>domus</strong></span> <span class='ocrx_word' id='word_1_964' title='bbox 2870 3648 2962 3703; x_wconf 88' lang='lat' dir='ltr'><strong>Dei</strong></span> <span class='ocrx_word' id='word_1_965' title='bbox 3004 3648 3069 3703; x_wconf 89' lang='lat' dir='ltr'><strong>ad</strong></span> <span class='ocrx_word' id='word_1_966' title='bbox 3099 3647 3410 3715; x_wconf 81' lang='lat' dir='ltr'><strong>obsequium</strong></span> <span class='ocrx_word' id='word_1_967' title='bbox 3441 3658 3607 3699; x_wconf 68' lang='lat' dir='ltr'><strong>sacrae</strong></span> <span class='ocrx_word' id='word_1_968' title='bbox 3647 3660 3733 3697; x_wconf 87' lang='lat' dir='ltr'><strong>rc-</strong></span> 
     </span>
    </p>
   </div>
   <div class='ocr_carea' id='block_1_127' title="bbox 2170 3720 2723 3788">
    <p class='ocr_par' dir='ltr' id='par_1_127' title="bbox 2170 3720 2723 3788">
     <span class='ocr_line' id='line_1_127' title="bbox 2170 3720 2723 3788; baseline 0.004 -19"><span class='ocrx_word' id='word_1_969' title='bbox 2170 3720 2305 3788; x_wconf 74' lang='lat' dir='ltr'><strong>gnlte</strong></span> <span class='ocrx_word' id='word_1_970' title='bbox 2330 3720 2670 3775; x_wconf 89' lang='lat' dir='ltr'><strong>reformetur.</strong></span> <span class='ocrx_word' id='word_1_971' title='bbox 2705 3738 2723 3771; x_wconf 79' lang='grc' dir='ltr'><strong>ι</strong></span> 
     </span>
    </p>
   </div>
   <div class='ocr_carea' id='block_1_128' title="bbox 2241 3784 3739 3845">
    <p class='ocr_par' dir='ltr' id='par_1_128' title="bbox 2241 3784 3739 3845">
     <span class='ocr_line' id='line_1_128' title="bbox 2241 3784 3739 3845; baseline -0.004 -2"><span class='ocrx_word' id='word_1_972' title='bbox 2241 3789 2372 3843; x_wconf 89' lang='lat' dir='ltr'><strong>Cum</strong></span> <span class='ocrx_word' id='word_1_973' title='bbox 2400 3799 2574 3843; x_wconf 87' lang='lat' dir='ltr'><strong>autem</strong></span> <span class='ocrx_word' id='word_1_974' title='bbox 2594 3789 2787 3843; x_wconf 92' lang='lat' dir='ltr'><strong>furtum</strong></span> <span class='ocrx_word' id='word_1_975' title='bbox 2818 3787 3248 3845; x_wconf 86' lang='lat' dir='ltr'><strong>siteontrectatio</strong></span> <span class='ocrx_word' id='word_1_976' title='bbox 3264 3786 3337 3841; x_wconf 89' lang='lat' dir='ltr'><strong>rei</strong></span> <span class='ocrx_word' id='word_1_977' title='bbox 3360 3786 3542 3841; x_wconf 65' lang='lat' dir='ltr'><strong>aliena</strong></span> <span class='ocrx_word' id='word_1_978' title='bbox 3564 3784 3739 3838; x_wconf 86' lang='lat' dir='ltr'><strong>invi&#39;o</strong></span> 
     </span>
    </p>
   </div>
   <div class='ocr_carea' id='block_1_129' title="bbox 2172 3857 3737 3926">
    <p class='ocr_par' dir='ltr' id='par_1_129' title="bbox 2172 3857 3737 3926">
     <span class='ocr_line' id='line_1_129' title="bbox 2172 3857 3737 3926; baseline -0.003 -13"><span class='ocrx_word' id='word_1_979' title='bbox 2172 3858 2409 3923; x_wconf 85' lang='lat' dir='ltr'><strong>domino,</strong></span> <span class='ocrx_word' id='word_1_980' title='bbox 2445 3876 2548 3913; x_wconf 83' lang='lat' dir='ltr'><strong>non</strong></span> <span class='ocrx_word' id='word_1_981' title='bbox 2580 3860 2751 3914; x_wconf 90' lang='lat' dir='ltr'><strong>solum</strong></span> <span class='ocrx_word' id='word_1_982' title='bbox 2796 3860 2991 3914; x_wconf 92' lang='lat' dir='ltr'><strong>furtum</strong></span> <span class='ocrx_word' id='word_1_983' title='bbox 3038 3857 3325 3912; x_wconf 88' lang='lat' dir='ltr'><strong>committit</strong></span> <span class='ocrx_word' id='word_1_984' title='bbox 3363 3858 3453 3926; x_wconf 90' lang='lat' dir='ltr'><strong>qui</strong></span> <span class='ocrx_word' id='word_1_985' title='bbox 3493 3858 3737 3923; x_wconf 83' lang='lat' dir='ltr'><strong>pecunias</strong></span> 
     </span>
    </p>
   </div>
   <div class='ocr_carea' id='block_1_130' title="bbox 2173 3926 3737 3998">
    <p class='ocr_par' dir='ltr' id='par_1_130' title="bbox 2173 3926 3737 3998">
     <span class='ocr_line' id='line_1_130' title="bbox 2173 3926 3737 3998; baseline -0.002 -17"><span class='ocrx_word' id='word_1_986' title='bbox 2173 3940 2261 3983; x_wconf 88' lang='lat' dir='ltr'><strong>aut</strong></span> <span class='ocrx_word' id='word_1_987' title='bbox 2283 3945 2369 3984; x_wconf 90' lang='lat' dir='ltr'><strong>res</strong></span> <span class='ocrx_word' id='word_1_988' title='bbox 2400 3931 2721 3998; x_wconf 88' lang='lat' dir='ltr'><strong>temporales</strong></span> <span class='ocrx_word' id='word_1_989' title='bbox 2746 3930 3015 3998; x_wconf 90' lang='lat' dir='ltr'><strong>subripit,</strong></span> <span class='ocrx_word' id='word_1_990' title='bbox 3055 3948 3072 3980; x_wconf 73' lang='grc' dir='ltr'><strong>ι</strong></span> <span class='ocrx_word' id='word_1_991' title='bbox 3110 3926 3404 3998; x_wconf 82' lang='lat' dir='ltr'><strong>sedetiam,</strong></span> <span class='ocrx_word' id='word_1_992' title='bbox 3440 3935 3495 3998; x_wconf 87' lang='lat' dir='ltr'><strong>ut</strong></span> <span class='ocrx_word' id='word_1_993' title='bbox 3520 3927 3737 3991; x_wconf 81' lang='lat' dir='ltr'><strong>aitBer-</strong></span> 
     </span>
    </p>
   </div>
   <div class='ocr_carea' id='block_1_131' title="bbox 2174 3996 3735 4069">
    <p class='ocr_par' dir='ltr' id='par_1_131' title="bbox 2174 3996 3735 4069">
     <span class='ocr_line' id='line_1_131' title="bbox 2174 3996 3735 4069; baseline -0.003 -16"><span class='ocrx_word' id='word_1_994' title='bbox 2174 4001 2370 4053; x_wconf 90' lang='lat' dir='ltr'><strong>nardus</strong></span> <span class='ocrx_word' id='word_1_995' title='bbox 2390 3996 2744 4062; x_wconf 83' lang='lat' dir='ltr'><strong>Cassinensis,</strong></span> <span class='ocrx_word' id='word_1_996' title='bbox 2773 4002 2859 4069; x_wconf 92' lang='lat' dir='ltr'><strong>qni</strong></span> <span class='ocrx_word' id='word_1_997' title='bbox 2879 3996 2963 4055; x_wconf 83' lang='lat' dir='ltr'><strong>vel</strong></span> <span class='ocrx_word' id='word_1_998' title='bbox 2990 4015 3072 4063; x_wconf 91' lang='lat' dir='ltr'><strong>se,</strong></span> <span class='ocrx_word' id='word_1_999' title='bbox 3095 4000 3183 4067; x_wconf 90' lang='lat' dir='ltr'><strong>qui</strong></span> <span class='ocrx_word' id='word_1_1000' title='bbox 3213 3997 3326 4051; x_wconf 89' lang='lat' dir='ltr'><strong>Deo</strong></span> <span class='ocrx_word' id='word_1_1001' title='bbox 3340 3996 3615 4069; x_wconf 86' lang='lat' dir='ltr'><strong>dedicatus</strong></span> <span class='ocrx_word' id='word_1_1002' title='bbox 3635 4006 3735 4069; x_wconf 78' lang='lat' dir='ltr'><strong>est,</strong></span> 
     </span>
    </p>
   </div>
   <div class='ocr_carea' id='block_1_132' title="bbox 2173 4067 3739 4138">
    <p class='ocr_par' dir='ltr' id='par_1_132' title="bbox 2173 4067 3739 4138">
     <span class='ocr_line' id='line_1_132' title="bbox 2173 4067 3739 4138; baseline 0 -17"><span class='ocrx_word' id='word_1_1003' title='bbox 2173 4072 2240 4122; x_wconf 87' lang='lat' dir='ltr'><strong>ab</strong></span> <span class='ocrx_word' id='word_1_1004' title='bbox 2271 4070 2385 4138; x_wconf 78' lang='lat' dir='ltr'><strong>ejus</strong></span> <span class='ocrx_word' id='word_1_1005' title='bbox 2408 4071 2626 4124; x_wconf 59' lang='lat' dir='ltr'><strong>servit&#39;o</strong></span> <span class='ocrx_word' id='word_1_1006' title='bbox 2655 4067 2939 4135; x_wconf 80' lang='lat' dir='ltr'><strong>subtrahit,</strong></span> <span class='ocrx_word' id='word_1_1007' title='bbox 2970 4070 3055 4121; x_wconf 65' lang='lat' dir='ltr'><strong>Vel</strong></span> <span class='ocrx_word' id='word_1_1008' title='bbox 3084 4074 3242 4122; x_wconf 85' lang='lat' dir='ltr'><strong>etiam</strong></span> <span class='ocrx_word' id='word_1_1009' title='bbox 3279 4069 3439 4120; x_wconf 91' lang='lat' dir='ltr'><strong>alium</strong></span> <span class='ocrx_word' id='word_1_1010' title='bbox 3472 4068 3630 4122; x_wconf 88' lang='lat' dir='ltr'><strong>verbo</strong></span> <span class='ocrx_word' id='word_1_1011' title='bbox 3658 4067 3739 4121; x_wconf 70' lang='lat' dir='ltr'><strong>vel</strong></span> 
     </span>
    </p>
   </div>
   <div class='ocr_carea' id='block_1_133' title="bbox 2172 4138 3739 4208">
    <p class='ocr_par' dir='ltr' id='par_1_133' title="bbox 2172 4138 3739 4208">
     <span class='ocr_line' id='line_1_133' title="bbox 2172 4138 3739 4208; baseline -0.002 -15"><span class='ocrx_word' id='word_1_1012' title='bbox 2172 4142 2420 4208; x_wconf 77' lang='lat' dir='ltr'><strong>exemplo</strong></span> <span class='ocrx_word' id='word_1_1013' title='bbox 2442 4140 2687 4203; x_wconf 85' lang='lat' dir='ltr'><strong>retrahit,</strong></span> <span class='ocrx_word' id='word_1_1014' title='bbox 2715 4151 2767 4193; x_wconf 92' lang='lat' dir='ltr'><strong>et</strong></span> <span class='ocrx_word' id='word_1_1015' title='bbox 2791 4142 2855 4193; x_wconf 89' lang='lat' dir='ltr'><strong>ad</strong></span> <span class='ocrx_word' id='word_1_1016' title='bbox 2887 4140 3084 4193; x_wconf 87' lang='lat' dir='ltr'><strong>diaboli</strong></span> <span class='ocrx_word' id='word_1_1017' title='bbox 3107 4138 3382 4192; x_wconf 86' lang='lat' dir='ltr'><strong>servitium</strong></span> <span class='ocrx_word' id='word_1_1018' title='bbox 3409 4139 3589 4201; x_wconf 88' lang='lat' dir='ltr'><strong>trahit,</strong></span> <span class='ocrx_word' id='word_1_1019' title='bbox 3612 4138 3739 4191; x_wconf 87' lang='lat' dir='ltr'><strong>alie-</strong></span> 
     </span>
    </p>
   </div>
   <div class='ocr_carea' id='block_1_134' title="bbox 2173 4208 3741 4268">
    <p class='ocr_par' dir='ltr' id='par_1_134' title="bbox 2173 4208 3741 4268">
     <span class='ocr_line' id='line_1_134' title="bbox 2173 4208 3741 4268; baseline -0.004 -5"><span class='ocrx_word' id='word_1_1020' title='bbox 2173 4224 2296 4263; x_wconf 91' lang='lat' dir='ltr'><strong>nam</strong></span> <span class='ocrx_word' id='word_1_1021' title='bbox 2348 4226 2459 4264; x_wconf 89' lang='lat' dir='ltr'><strong>rem</strong></span> <span class='ocrx_word' id='word_1_1022' title='bbox 2508 4211 2678 4265; x_wconf 90' lang='lat' dir='ltr'><strong>invito</strong></span> <span class='ocrx_word' id='word_1_1023' title='bbox 2715 4211 2935 4264; x_wconf 84' lang='lat' dir='ltr'><strong>domino</strong></span> <span class='ocrx_word' id='word_1_1024' title='bbox 2968 4209 3371 4268; x_wconf 85' lang='lat' dir='ltr'><strong>contrectando,</strong></span> <span class='ocrx_word' id='word_1_1025' title='bbox 3417 4209 3533 4261; x_wconf 91' lang='lat' dir='ltr'><strong>sine</strong></span> <span class='ocrx_word' id='word_1_1026' title='bbox 3581 4208 3741 4260; x_wconf 86' lang='lat' dir='ltr'><strong>dubio</strong></span> 
     </span>
    </p>
   </div>
   <div class='ocr_carea' id='block_1_135' title="bbox 2176 4278 3737 4347">
    <p class='ocr_par' dir='ltr' id='par_1_135' title="bbox 2176 4278 3737 4347">
     <span class='ocr_line' id='line_1_135' title="bbox 2176 4278 3737 4347; baseline -0.003 -14"><span class='ocrx_word' id='word_1_1027' title='bbox 2176 4279 2370 4334; x_wconf 80' lang='lat' dir='ltr'><strong>furtum</strong></span> <span class='ocrx_word' id='word_1_1028' title='bbox 2403 4280 2547 4334; x_wconf 87' lang='lat' dir='ltr'><strong>facit.</strong></span> <span class='ocrx_word' id='word_1_1029' title='bbox 2586 4299 2607 4333; x_wconf 72' lang='grc' dir='ltr'><strong>ι</strong></span> <span class='ocrx_word' id='word_1_1030' title='bbox 2632 4280 2906 4345; x_wconf 84' lang='lat' dir='ltr'><strong>Similiter,</strong></span> <span class='ocrx_word' id='word_1_1031' title='bbox 2934 4290 2988 4335; x_wconf 89' lang='lat' dir='ltr'><strong>ut</strong></span> <span class='ocrx_word' id='word_1_1032' title='bbox 3019 4278 3255 4347; x_wconf 90' lang='lat' dir='ltr'><strong>loquitur</strong></span> <span class='ocrx_word' id='word_1_1033' title='bbox 3279 4278 3536 4331; x_wconf 83' lang='lat' dir='ltr'><strong>Boherius</strong></span> <span class='ocrx_word' id='word_1_1034' title='bbox 3565 4278 3616 4332; x_wconf 92' lang='lat' dir='ltr'><strong>in</strong></span> <span class='ocrx_word' id='word_1_1035' title='bbox 3636 4279 3737 4345; x_wconf 85' lang='lat' dir='ltr'><strong>pri-</strong></span> 
     </span>
    </p>
   </div>
   <div class='ocr_carea' id='block_1_136' title="bbox 2175 4347 3739 4417">
    <p class='ocr_par' dir='ltr' id='par_1_136' title="bbox 2175 4347 3739 4417">
     <span class='ocr_line' id='line_1_136' title="bbox 2175 4347 3739 4417; baseline -0.002 -15"><span class='ocrx_word' id='word_1_1036' title='bbox 2175 4365 2264 4403; x_wconf 93' lang='lat' dir='ltr'><strong>mo</strong></span> <span class='ocrx_word' id='word_1_1037' title='bbox 2321 4365 2545 4417; x_wconf 82' lang='lat' dir='ltr'><strong>comm.,</strong></span> <span class='ocrx_word' id='word_1_1038' title='bbox 2592 4368 2613 4402; x_wconf 69' lang='grc' dir='ltr'><strong>ι</strong></span> <span class='ocrx_word' id='word_1_1039' title='bbox 2661 4352 2712 4403; x_wconf 92' lang='lat' dir='ltr'><strong>in</strong></span> <span class='ocrx_word' id='word_1_1040' title='bbox 2762 4352 3101 4404; x_wconf 86' lang='lat' dir='ltr'><strong>monasteriis</strong></span> <span class='ocrx_word' id='word_1_1041' title='bbox 3154 4349 3350 4401; x_wconf 90' lang='lat' dir='ltr'><strong>furtum</strong></span> <span class='ocrx_word' id='word_1_1042' title='bbox 3409 4347 3739 4415; x_wconf 84' lang='lat' dir='ltr'><strong>dispensatur</strong></span> 
     </span>
    </p>
   </div>
   <div class='ocr_carea' id='block_1_137' title="bbox 2174 4417 3737 4489">
    <p class='ocr_par' dir='ltr' id='par_1_137' title="bbox 2174 4417 3737 4489">
     <span class='ocr_line' id='line_1_137' title="bbox 2174 4417 3737 4489; baseline -0.003 -17"><span class='ocrx_word' id='word_1_1043' title='bbox 2174 4421 2479 4483; x_wconf 83' lang='lat' dir='ltr'><strong>committit,</strong></span> <span class='ocrx_word' id='word_1_1044' title='bbox 2519 4420 2563 4473; x_wconf 92' lang='lat' dir='ltr'><strong>si</strong></span> <span class='ocrx_word' id='word_1_1045' title='bbox 2609 4420 2707 4473; x_wconf 88' lang='lat' dir='ltr'><strong>sibi</strong></span> <span class='ocrx_word' id='word_1_1046' title='bbox 2757 4420 3068 4489; x_wconf 89' lang='lat' dir='ltr'><strong>appropriet</strong></span> <span class='ocrx_word' id='word_1_1047' title='bbox 3110 4418 3250 4486; x_wconf 89' lang='lat' dir='ltr'><strong>quod</strong></span> <span class='ocrx_word' id='word_1_1048' title='bbox 3282 4417 3442 4472; x_wconf 90' lang='lat' dir='ltr'><strong>debet</strong></span> <span class='ocrx_word' id='word_1_1049' title='bbox 3490 4418 3737 4471; x_wconf 85' lang='lat' dir='ltr'><strong>lratribus</strong></span> 
     </span>
    </p>
   </div>
   <div class='ocr_carea' id='block_1_138' title="bbox 2175 4489 3741 4556">
    <p class='ocr_par' dir='ltr' id='par_1_138' title="bbox 2175 4489 3741 4556">
     <span class='ocr_line' id='line_1_138' title="bbox 2175 4489 3741 4556; baseline -0.003 -13"><span class='ocrx_word' id='word_1_1050' title='bbox 2175 4491 2512 4554; x_wconf 89' lang='lat' dir='ltr'><strong>ministrare;</strong></span> <span class='ocrx_word' id='word_1_1051' title='bbox 2546 4491 2630 4544; x_wconf 90' lang='lat' dir='ltr'><strong>vel</strong></span> <span class='ocrx_word' id='word_1_1052' title='bbox 2657 4491 2816 4544; x_wconf 89' lang='lat' dir='ltr'><strong>etiam</strong></span> <span class='ocrx_word' id='word_1_1053' title='bbox 2860 4493 2902 4544; x_wconf 92' lang='lat' dir='ltr'><strong>si</strong></span> <span class='ocrx_word' id='word_1_1054' title='bbox 2944 4496 3179 4544; x_wconf 78' lang='lat' dir='ltr'><strong>reservat</strong></span> <span class='ocrx_word' id='word_1_1055' title='bbox 3204 4489 3530 4541; x_wconf 87' lang='lat' dir='ltr'><strong>monasterio</strong></span> <span class='ocrx_word' id='word_1_1056' title='bbox 3560 4502 3741 4556; x_wconf 84' lang='lat' dir='ltr'><strong>super-</strong></span> 
     </span>
    </p>
   </div>
   <div class='ocr_carea' id='block_1_139' title="bbox 2174 4556 3739 4627">
    <p class='ocr_par' dir='ltr' id='par_1_139' title="bbox 2174 4556 3739 4627">
     <span class='ocr_line' id='line_1_139' title="bbox 2174 4556 3739 4627; baseline -0.001 -16"><span class='ocrx_word' id='word_1_1057' title='bbox 2174 4560 2277 4612; x_wconf 84' lang='lat' dir='ltr'><strong>flua</strong></span> <span class='ocrx_word' id='word_1_1058' title='bbox 2306 4562 2630 4627; x_wconf 82' lang='lat' dir='ltr'><strong>pauperibus</strong></span> <span class='ocrx_word' id='word_1_1059' title='bbox 2664 4575 2724 4615; x_wconf 86' lang='lat' dir='ltr'><strong>ea</strong></span> <span class='ocrx_word' id='word_1_1060' title='bbox 2750 4560 3135 4613; x_wconf 88' lang='lat' dir='ltr'><strong>subtrahendo.</strong></span> <span class='ocrx_word' id='word_1_1061' title='bbox 3178 4577 3198 4610; x_wconf 70' lang='grc' dir='ltr'><strong>ι</strong></span> <span class='ocrx_word' id='word_1_1062' title='bbox 3232 4556 3492 4625; x_wconf 85' lang='lat' dir='ltr'><strong>Denique,</strong></span> <span class='ocrx_word' id='word_1_1063' title='bbox 3534 4567 3592 4611; x_wconf 92' lang='lat' dir='ltr'><strong>ut</strong></span> <span class='ocrx_word' id='word_1_1064' title='bbox 3616 4558 3739 4611; x_wconf 90' lang='lat' dir='ltr'><strong>dicit</strong></span> 
     </span>
    </p>
   </div>
   <div class='ocr_carea' id='block_1_140' title="bbox 2174 4629 3741 4699">
    <p class='ocr_par' dir='ltr' id='par_1_140' title="bbox 2174 4629 3741 4699">
     <span class='ocr_line' id='line_1_140' title="bbox 2174 4629 3741 4699; baseline -0.001 -17"><span class='ocrx_word' id='word_1_1065' title='bbox 2174 4629 2525 4697; x_wconf 85' lang='lat' dir='ltr'><strong>Hildentarus,</strong></span> <span class='ocrx_word' id='word_1_1066' title='bbox 2567 4650 2589 4683; x_wconf 69' lang='grc' dir='ltr'><strong>ι</strong></span> <span class='ocrx_word' id='word_1_1067' title='bbox 2624 4630 2817 4684; x_wconf 84' lang='lat' dir='ltr'><strong>furtum</strong></span> <span class='ocrx_word' id='word_1_1068' title='bbox 2866 4631 2991 4684; x_wconf 89' lang='lat' dir='ltr'><strong>facti</strong></span> <span class='ocrx_word' id='word_1_1069' title='bbox 3030 4631 3117 4699; x_wconf 91' lang='lat' dir='ltr'><strong>qui</strong></span> <span class='ocrx_word' id='word_1_1070' title='bbox 3161 4643 3272 4699; x_wconf 81' lang='lat' dir='ltr'><strong>rem</strong></span> <span class='ocrx_word' id='word_1_1071' title='bbox 3309 4629 3410 4682; x_wconf 89' lang='lat' dir='ltr'><strong>sibi</strong></span> <span class='ocrx_word' id='word_1_1072' title='bbox 3446 4629 3513 4680; x_wconf 84' lang='lat' dir='ltr'><strong>ab</strong></span> <span class='ocrx_word' id='word_1_1073' title='bbox 3552 4630 3741 4682; x_wconf 82' lang='lat' dir='ltr'><strong>abbate</strong></span> 
     </span>
    </p>
   </div>
   <div class='ocr_carea' id='block_1_141' title="bbox 2172 4698 3741 4771">
    <p class='ocr_par' dir='ltr' id='par_1_141' title="bbox 2172 4698 3741 4771">
     <span class='ocr_line' id='line_1_141' title="bbox 2172 4698 3741 4771; baseline -0.002 -19"><span class='ocrx_word' id='word_1_1074' title='bbox 2172 4700 2488 4771; x_wconf 73' lang='lat' dir='ltr'><strong>delegatum,</strong></span> <span class='ocrx_word' id='word_1_1075' title='bbox 2525 4700 2575 4753; x_wconf 92' lang='lat' dir='ltr'><strong>id</strong></span> <span class='ocrx_word' id='word_1_1076' title='bbox 2620 4710 2703 4756; x_wconf 91' lang='lat' dir='ltr'><strong>est</strong></span> <span class='ocrx_word' id='word_1_1077' title='bbox 2736 4698 3064 4771; x_wconf 79' lang='lat' dir='ltr'><strong>deputatam,</strong></span> <span class='ocrx_word' id='word_1_1078' title='bbox 3111 4699 3194 4752; x_wconf 91' lang='lat' dir='ltr'><strong>vel</strong></span> <span class='ocrx_word' id='word_1_1079' title='bbox 3231 4698 3432 4763; x_wconf 84' lang='lat' dir='ltr'><strong>datam,</strong></span> <span class='ocrx_word' id='word_1_1080' title='bbox 3479 4698 3599 4751; x_wconf 87' lang='lat' dir='ltr'><strong>alits</strong></span> <span class='ocrx_word' id='word_1_1081' title='bbox 3629 4700 3741 4753; x_wconf 85' lang='lat' dir='ltr'><strong>sine</strong></span> 
     </span>
    </p>
   </div>
   <div class='ocr_carea' id='block_1_142' title="bbox 2172 4770 2677 4824">
    <p class='ocr_par' dir='ltr' id='par_1_142' title="bbox 2172 4770 2677 4824">
     <span class='ocr_line' id='line_1_142' title="bbox 2172 4770 2677 4824; baseline 0.002 -2"><span class='ocrx_word' id='word_1_1082' title='bbox 2172 4770 2381 4824; x_wconf 88' lang='lat' dir='ltr'><strong>licentta</strong></span> <span class='ocrx_word' id='word_1_1083' title='bbox 2412 4772 2617 4824; x_wconf 89' lang='lat' dir='ltr'><strong>tribuit.</strong></span> <span class='ocrx_word' id='word_1_1084' title='bbox 2659 4790 2677 4823; x_wconf 74' lang='grc' dir='ltr'><strong>ι</strong></span> 
     </span>
    </p>
   </div>
   <div class='ocr_carea' id='block_1_143' title="bbox 2246 4838 3741 4913">
    <p class='ocr_par' dir='ltr' id='par_1_143' title="bbox 2246 4838 3741 4913">
     <span class='ocr_line' id='line_1_143' title="bbox 2246 4838 3741 4913; baseline -0.001 -20"><span class='ocrx_word' id='word_1_1085' title='bbox 2246 4841 2365 4894; x_wconf 85' lang='lat' dir='ltr'><strong>Non</strong></span> <span class='ocrx_word' id='word_1_1086' title='bbox 2420 4840 2823 4913; x_wconf 55' lang='lat' dir='ltr'><strong>concupiscere]</strong></span> <span class='ocrx_word' id='word_1_1087' title='bbox 2860 4838 3300 4913; x_wconf 51' lang='lat' dir='ltr'><strong>concupiscent}</strong></span> <span class='ocrx_word' id='word_1_1088' title='bbox 3354 4838 3657 4913; x_wconf 73' lang='lat' dir='ltr'><strong>aliquando</strong></span> <span class='ocrx_word' id='word_1_1089' title='bbox 3688 4838 3741 4891; x_wconf 90' lang='lat' dir='ltr'><strong>in</strong></span> 
     </span>
    </p>
   </div>
   <div class='ocr_carea' id='block_1_144' title="bbox 2173 4909 3737 4979">
    <p class='ocr_par' dir='ltr' id='par_1_144' title="bbox 2173 4909 3737 4979">
     <span class='ocr_line' id='line_1_144' title="bbox 2173 4909 3737 4979; baseline -0.001 -17"><span class='ocrx_word' id='word_1_1090' title='bbox 2173 4909 2388 4975; x_wconf 90' lang='lat' dir='ltr'><strong>bonam,</strong></span> <span class='ocrx_word' id='word_1_1091' title='bbox 2416 4909 2698 4979; x_wconf 88' lang='lat' dir='ltr'><strong>aliquando</strong></span> <span class='ocrx_word' id='word_1_1092' title='bbox 2726 4912 2778 4965; x_wconf 93' lang='lat' dir='ltr'><strong>in</strong></span> <span class='ocrx_word' id='word_1_1093' title='bbox 2802 4909 3005 4965; x_wconf 56' lang='lat' dir='ltr'><strong>&quot;malam</strong></span> <span class='ocrx_word' id='word_1_1094' title='bbox 3034 4910 3534 4979; x_wconf 19' lang='lat' dir='ltr'><strong>partemisumitur;</strong></span> <span class='ocrx_word' id='word_1_1095' title='bbox 3567 4912 3617 4962; x_wconf 91' lang='lat' dir='ltr'><strong>in</strong></span> <span class='ocrx_word' id='word_1_1096' title='bbox 3645 4909 3737 4962; x_wconf 80' lang='lat' dir='ltr'><strong>bu-</strong></span> 
     </span>
    </p>
   </div>
   <div class='ocr_carea' id='block_1_145' title="bbox 2176 4978 3739 5047">
    <p class='ocr_par' dir='ltr' id='par_1_145' title="bbox 2176 4978 3739 5047">
     <span class='ocr_line' id='line_1_145' title="bbox 2176 4978 3739 5047; baseline -0.001 -14"><span class='ocrx_word' id='word_1_1097' title='bbox 2176 4996 2296 5034; x_wconf 90' lang='lat' dir='ltr'><strong>nam</strong></span> <span class='ocrx_word' id='word_1_1098' title='bbox 2332 4978 2555 5047; x_wconf 86' lang='lat' dir='ltr'><strong>partem,</strong></span> <span class='ocrx_word' id='word_1_1099' title='bbox 2587 4990 2645 5035; x_wconf 90' lang='lat' dir='ltr'><strong>ut</strong></span> <span class='ocrx_word' id='word_1_1100' title='bbox 2673 4996 2792 5035; x_wconf 91' lang='lat' dir='ltr'><strong>cum</strong></span> <span class='ocrx_word' id='word_1_1101' title='bbox 2817 4982 2983 5035; x_wconf 90' lang='lat' dir='ltr'><strong>David</strong></span> <span class='ocrx_word' id='word_1_1102' title='bbox 3010 4983 3190 5034; x_wconf 86' lang='lat' dir='ltr'><strong>canit:</strong></span> <span class='ocrx_word' id='word_1_1103' title='bbox 3226 4978 3548 5046; x_wconf 89' lang='lat' dir='ltr'><strong>Concupivit</strong></span> <span class='ocrx_word' id='word_1_1104' title='bbox 3568 4979 3739 5031; x_wconf 89' lang='lat' dir='ltr'><strong>anima</strong></span> 
     </span>
    </p>
   </div>
   <div class='ocr_carea' id='block_1_146' title="bbox 2174 5050 3738 5119">
    <p class='ocr_par' dir='ltr' id='par_1_146' title="bbox 2174 5050 3738 5119">
     <span class='ocr_line' id='line_1_146' title="bbox 2174 5050 3738 5119; baseline -0.003 -16"><span class='ocrx_word' id='word_1_1105' title='bbox 2174 5050 2483 5105; x_wconf 88' lang='lat' dir='ltr'><strong>desiderare</strong></span> <span class='ocrx_word' id='word_1_1106' title='bbox 2519 5050 2929 5119; x_wconf 77' lang='lat' dir='ltr'><strong>justilicationes</strong></span> <span class='ocrx_word' id='word_1_1107' title='bbox 2975 5061 3124 5113; x_wconf 88' lang='lat' dir='ltr'><strong>tuas;</strong></span> <span class='ocrx_word' id='word_1_1108' title='bbox 3171 5051 3223 5103; x_wconf 93' lang='lat' dir='ltr'><strong>in</strong></span> <span class='ocrx_word' id='word_1_1109' title='bbox 3272 5051 3487 5113; x_wconf 88' lang='lat' dir='ltr'><strong>malam,</strong></span> <span class='ocrx_word' id='word_1_1110' title='bbox 3529 5058 3584 5101; x_wconf 80' lang='grc' dir='ltr'><strong>ιιι</strong></span> <span class='ocrx_word' id='word_1_1111' title='bbox 3623 5064 3738 5101; x_wconf 85' lang='lat' dir='ltr'><strong>cum</strong></span> 
     </span>
    </p>
   </div>
   <div class='ocr_carea' id='block_1_147' title="bbox 2174 5120 3741 5189">
    <p class='ocr_par' dir='ltr' id='par_1_147' title="bbox 2174 5120 3741 5189">
     <span class='ocr_line' id='line_1_147' title="bbox 2174 5120 3741 5189; baseline -0.001 -16"><span class='ocrx_word' id='word_1_1112' title='bbox 2174 5120 2369 5174; x_wconf 88' lang='lat' dir='ltr'><strong>dicitur</strong></span> <span class='ocrx_word' id='word_1_1113' title='bbox 2394 5138 2407 5174; x_wconf 88' lang='lat'><strong>:</strong></span> <span class='ocrx_word' id='word_1_1114' title='bbox 2438 5122 2880 5189; x_wconf 82' lang='lat' dir='ltr'><strong>Concupiscentia</strong></span> <span class='ocrx_word' id='word_1_1115' title='bbox 2905 5137 3023 5175; x_wconf 90' lang='lat' dir='ltr'><strong>cum</strong></span> <span class='ocrx_word' id='word_1_1116' title='bbox 3046 5120 3374 5187; x_wconf 62' lang='lat' dir='ltr'><strong>conci-perit,</strong></span> <span class='ocrx_word' id='word_1_1117' title='bbox 3398 5130 3536 5186; x_wconf 79' lang='lat' dir='ltr'><strong>parit</strong></span> <span class='ocrx_word' id='word_1_1118' title='bbox 3558 5134 3741 5187; x_wconf 83' lang='lat' dir='ltr'><strong>pecca-</strong></span> 
     </span>
    </p>
   </div>
   <div class='ocr_carea' id='block_1_148' title="bbox 2176 5189 3744 5261">
    <p class='ocr_par' dir='ltr' id='par_1_148' title="bbox 2176 5189 3744 5261">
     <span class='ocr_line' id='line_1_148' title="bbox 2176 5189 3744 5261; baseline -0.002 -19"><span class='ocrx_word' id='word_1_1119' title='bbox 2176 5199 2306 5243; x_wconf 95' lang='lat' dir='ltr'><strong>tum.</strong></span> <span class='ocrx_word' id='word_1_1120' title='bbox 2344 5194 2515 5260; x_wconf 85' lang='lat' dir='ltr'><strong>Atque</strong></span> <span class='ocrx_word' id='word_1_1121' title='bbox 2546 5204 2817 5261; x_wconf 86' lang='lat' dir='ltr'><strong>postremo</strong></span> <span class='ocrx_word' id='word_1_1122' title='bbox 2855 5193 2955 5246; x_wconf 91' lang='lat' dir='ltr'><strong>hoc</strong></span> <span class='ocrx_word' id='word_1_1123' title='bbox 2997 5207 3155 5246; x_wconf 86' lang='lat' dir='ltr'><strong>sensu</strong></span> <span class='ocrx_word' id='word_1_1124' title='bbox 3198 5190 3281 5242; x_wconf 91' lang='lat' dir='ltr'><strong>hic</strong></span> <span class='ocrx_word' id='word_1_1125' title='bbox 3307 5204 3334 5243; x_wconf 88' lang='lat' dir='ltr'><strong>a</strong></span> <span class='ocrx_word' id='word_1_1126' title='bbox 3360 5192 3416 5244; x_wconf 89' lang='grc'><strong>8.</strong></span> <span class='ocrx_word' id='word_1_1127' title='bbox 3460 5189 3744 5243; x_wconf 81' lang='lat' dir='ltr'><strong>Benedicto</strong></span> 
     </span>
    </p>
   </div>
   <div class='ocr_carea' id='block_1_149' title="bbox 2174 5261 3739 5331">
    <p class='ocr_par' dir='ltr' id='par_1_149' title="bbox 2174 5261 3739 5331">
     <span class='ocr_line' id='line_1_149' title="bbox 2174 5261 3739 5331; baseline -0.001 -20"><span class='ocrx_word' id='word_1_1128' title='bbox 2174 5261 2524 5329; x_wconf 89' lang='lat' dir='ltr'><strong>prohibetur;</strong></span> <span class='ocrx_word' id='word_1_1129' title='bbox 2556 5278 2662 5331; x_wconf 90' lang='lat' dir='ltr'><strong>quo</strong></span> <span class='ocrx_word' id='word_1_1130' title='bbox 2690 5262 2902 5317; x_wconf 90' lang='lat' dir='ltr'><strong>nomine</strong></span> <span class='ocrx_word' id='word_1_1131' title='bbox 2944 5268 3119 5316; x_wconf 88' lang='lat' dir='ltr'><strong>tamen</strong></span> <span class='ocrx_word' id='word_1_1132' title='bbox 3150 5274 3256 5313; x_wconf 91' lang='lat' dir='ltr'><strong>non</strong></span> <span class='ocrx_word' id='word_1_1133' title='bbox 3308 5262 3511 5328; x_wconf 85' lang='lat' dir='ltr'><strong>primos</strong></span> <span class='ocrx_word' id='word_1_1134' title='bbox 3542 5274 3584 5313; x_wconf 71' lang='lat' dir='ltr'><strong>c-</strong></span> <span class='ocrx_word' id='word_1_1135' title='bbox 3610 5275 3739 5331; x_wconf 50' lang='lat' dir='ltr'><strong>ncuf</strong></span> 
     </span>
    </p>
   </div>
   <div class='ocr_carea' id='block_1_150' title="bbox 2174 5328 3741 5401">
    <p class='ocr_par' dir='ltr' id='par_1_150' title="bbox 2174 5328 3741 5401">
     <span class='ocr_line' id='line_1_150' title="bbox 2174 5328 3741 5401; baseline -0.002 -18"><span class='ocrx_word' id='word_1_1136' title='bbox 2174 5328 2447 5398; x_wconf 66' lang='lat' dir='ltr'><strong>piscentiaa</strong></span> <span class='ocrx_word' id='word_1_1137' title='bbox 2496 5328 2691 5396; x_wconf 80' lang='lat' dir='ltr'><strong>motus,</strong></span> <span class='ocrx_word' id='word_1_1138' title='bbox 2725 5333 2813 5400; x_wconf 91' lang='lat' dir='ltr'><strong>qui</strong></span> <span class='ocrx_word' id='word_1_1139' title='bbox 2846 5333 2897 5385; x_wconf 90' lang='lat' dir='ltr'><strong>in</strong></span> <span class='ocrx_word' id='word_1_1140' title='bbox 2930 5332 3081 5386; x_wconf 73' lang='lat' dir='ltr'><strong>nobis</strong></span> <span class='ocrx_word' id='word_1_1141' title='bbox 3114 5333 3271 5387; x_wconf 85' lang='lat' dir='ltr'><strong>etiam</strong></span> <span class='ocrx_word' id='word_1_1142' title='bbox 3317 5346 3435 5383; x_wconf 91' lang='lat' dir='ltr'><strong>cum</strong></span> <span class='ocrx_word' id='word_1_1143' title='bbox 3465 5332 3653 5401; x_wconf 14' lang='lat' dir='ltr'><strong>gratia,</strong></span> <span class='ocrx_word' id='word_1_1144' title='bbox 3674 5328 3741 5381; x_wconf 92' lang='lat' dir='ltr'><strong>ad</strong></span> 
     </span>
    </p>
   </div>
   <div class='ocr_carea' id='block_1_151' title="bbox 2172 5399 3745 5469">
    <p class='ocr_par' dir='ltr' id='par_1_151' title="bbox 2172 5399 3745 5469">
     <span class='ocr_line' id='line_1_151' title="bbox 2172 5399 3745 5469; baseline 0.001 -17"><span class='ocrx_word' id='word_1_1145' title='bbox 2172 5415 2395 5466; x_wconf 79' lang='lat' dir='ltr'><strong>agonem</strong></span> <span class='ocrx_word' id='word_1_1146' title='bbox 2433 5403 2601 5455; x_wconf 85' lang='lat' dir='ltr'><strong>relicti</strong></span> <span class='ocrx_word' id='word_1_1147' title='bbox 2630 5399 2774 5469; x_wconf 87' lang='lat' dir='ltr'><strong>sunt,</strong></span> <span class='ocrx_word' id='word_1_1148' title='bbox 2802 5404 2894 5457; x_wconf 91' lang='lat' dir='ltr'><strong>sed</strong></span> <span class='ocrx_word' id='word_1_1149' title='bbox 2927 5411 3133 5456; x_wconf 85' lang='lat' dir='ltr'><strong>tantum</strong></span> <span class='ocrx_word' id='word_1_1150' title='bbox 3166 5399 3486 5456; x_wconf 65' lang='lat' dir='ltr'><strong>consensum</strong></span> <span class='ocrx_word' id='word_1_1151' title='bbox 3526 5400 3593 5453; x_wconf 88' lang='lat' dir='ltr'><strong>ad</strong></span> <span class='ocrx_word' id='word_1_1152' title='bbox 3623 5399 3745 5454; x_wconf 82' lang='lat' dir='ltr'><strong>illos</strong></span> 
     </span>
    </p>
   </div>
   <div class='ocr_carea' id='block_1_152' title="bbox 2174 5470 2767 5542">
    <p class='ocr_par' dir='ltr' id='par_1_152' title="bbox 2174 5470 2767 5542">
     <span class='ocr_line' id='line_1_152' title="bbox 2174 5470 2767 5542; baseline 0.007 -19"><span class='ocrx_word' id='word_1_1153' title='bbox 2174 5470 2470 5542; x_wconf 61' lang='lat' dir='ltr'><strong>intelligere</strong></span> <span class='ocrx_word' id='word_1_1154' title='bbox 2492 5474 2767 5527; x_wconf 91' lang='lat' dir='ltr'><strong>debemus.</strong></span> 
     </span>
    </p>
   </div>
   <div class='ocr_carea' id='block_1_153' title="bbox 2246 5540 3739 5611">
    <p class='ocr_par' dir='ltr' id='par_1_153' title="bbox 2246 5540 3739 5611">
     <span class='ocr_line' id='line_1_153' title="bbox 2246 5540 3739 5611; baseline -0.001 -18"><span class='ocrx_word' id='word_1_1155' title='bbox 2246 5541 2297 5593; x_wconf 86' lang='grc' dir='ltr'><strong><em>Ν</em></strong></span> <span class='ocrx_word' id='word_1_1156' title='bbox 2304 5540 2367 5594; x_wconf 75' lang='lat' dir='ltr'><strong>ori</strong></span> <span class='ocrx_word' id='word_1_1157' title='bbox 2384 5544 2571 5611; x_wconf 76' lang='lat' dir='ltr'><strong>falsum</strong></span> <span class='ocrx_word' id='word_1_1158' title='bbox 2589 5542 2927 5595; x_wconf 79' lang='lat' dir='ltr'><strong>testimonium</strong></span> <span class='ocrx_word' id='word_1_1159' title='bbox 2945 5540 3155 5611; x_wconf 62' lang='lat' dir='ltr'><strong>dicere.i</strong></span> <span class='ocrx_word' id='word_1_1160' title='bbox 3173 5540 3313 5595; x_wconf 90' lang='lat' dir='ltr'><strong>Istud</strong></span> <span class='ocrx_word' id='word_1_1161' title='bbox 3329 5540 3739 5611; x_wconf 74' lang='lat' dir='ltr'><strong>instrttmentu-tt</strong></span> 
     </span>
    </p>
   </div>
   <div class='ocr_carea' id='block_1_154' title="bbox 2170 5610 3742 5683">
    <p class='ocr_par' dir='ltr' id='par_1_154' title="bbox 2170 5610 3742 5683">
     <span class='ocr_line' id='line_1_154' title="bbox 2170 5610 3742 5683; baseline -0.004 -20"><span class='ocrx_word' id='word_1_1162' title='bbox 2170 5612 2339 5683; x_wconf 79' lang='lat' dir='ltr'><strong>violat</strong></span> <span class='ocrx_word' id='word_1_1163' title='bbox 2384 5627 2487 5666; x_wconf 89' lang='lat' dir='ltr'><strong>non</strong></span> <span class='ocrx_word' id='word_1_1164' title='bbox 2519 5616 2689 5667; x_wconf 91' lang='lat' dir='ltr'><strong>solum</strong></span> <span class='ocrx_word' id='word_1_1165' title='bbox 2736 5614 2824 5683; x_wconf 92' lang='lat' dir='ltr'><strong>qui</strong></span> <span class='ocrx_word' id='word_1_1166' title='bbox 2856 5626 3040 5666; x_wconf 86' lang='lat' dir='ltr'><strong>contra</strong></span> <span class='ocrx_word' id='word_1_1167' title='bbox 3073 5610 3345 5683; x_wconf 86' lang='lat' dir='ltr'><strong>veritatem</strong></span> <span class='ocrx_word' id='word_1_1168' title='bbox 3375 5610 3571 5683; x_wconf 83' lang='lat' dir='ltr'><strong>aliquid</strong></span> <span class='ocrx_word' id='word_1_1169' title='bbox 3620 5626 3742 5683; x_wconf 77' lang='lat' dir='ltr'><strong>prn-</strong></span> 
     </span>
    </p>
   </div>
   <div class='ocr_carea' id='block_1_155' title="bbox 2173 5680 3744 5755">
    <p class='ocr_par' dir='ltr' id='par_1_155' title="bbox 2173 5680 3744 5755">
     <span class='ocr_line' id='line_1_155' title="bbox 2173 5680 3744 5755; baseline 0 -22"><span class='ocrx_word' id='word_1_1170' title='bbox 2173 5681 2307 5746; x_wconf 87' lang='lat' dir='ltr'><strong>fcrt,</strong></span> <span class='ocrx_word' id='word_1_1171' title='bbox 2337 5684 2428 5738; x_wconf 87' lang='lat' dir='ltr'><strong>sed</strong></span> <span class='ocrx_word' id='word_1_1172' title='bbox 2459 5683 2619 5738; x_wconf 88' lang='lat' dir='ltr'><strong>etiam</strong></span> <span class='ocrx_word' id='word_1_1173' title='bbox 2650 5680 2767 5755; x_wconf 67' lang='lat' dir='ltr'><strong>qui,</strong></span> <span class='ocrx_word' id='word_1_1174' title='bbox 2790 5697 2911 5740; x_wconf 92' lang='lat' dir='ltr'><strong>cum</strong></span> <span class='ocrx_word' id='word_1_1175' title='bbox 2957 5683 3146 5737; x_wconf 89' lang='lat' dir='ltr'><strong>falsum</strong></span> <span class='ocrx_word' id='word_1_1176' title='bbox 3186 5682 3385 5750; x_wconf 89' lang='lat' dir='ltr'><strong>aliquid</strong></span> <span class='ocrx_word' id='word_1_1177' title='bbox 3432 5682 3661 5737; x_wconf 88' lang='lat' dir='ltr'><strong>audierit</strong></span> <span class='ocrx_word' id='word_1_1178' title='bbox 3693 5680 3744 5733; x_wconf 83' lang='lat' dir='ltr'><strong>in</strong></span> 
     </span>
    </p>
   </div>
  </div>
