4102 6360
384 363 486 417 505

376 556 546 617 audit,
574 565 664 607 aut
691 554 857 614 Vltl‘el,
885 554 1266 617 interpretatur
1286 569 1441 621 quam
1467 566 1607 607 sunt.
1636 554 1830 608 lterum
1855 557 1942 623 qui

378 630 538 678 vitam
570 635 804 677 sanctam
838 624 1115 690 proiltetur
1136 624 1184 675 in
1210 624 1440 689 publico,
1473 634 1524 676 et
1556 625 1731 693 iniqua
1762 626 1868 691 agit
1891 631 1943 677 in

375 696 607 749 occulto.
640 694 875 762 Denique
893 696 979 761 qui
1002 708 1063 747 ea
1083 708 1196 761 quae
1218 695 1395 747 verbis
1412 696 1674 762 promisit,
1694 696 1946 763 operibus

381 768 451 819 im
492 766 605 819 lere
627 767 862 832 negligit.

452 836 643 888 Tribus
664 844 839 888 autem
865 837 1104 903 personis
1125 833 1412 889 obnoxium
1431 833 1627 887 faciunt
1649 833 1945 888 falsidicum

377 913 568 959 testem
600 923 613 958 :
648 904 776 969 Deo,
810 909 964 974 cujus
1017 908 1349 973 prmsentiam
1390 904 1682 957 contemnit
1711 920 1725 958 :
1758 904 1942 971 iudici,

376 992 535 1044 queui
563 975 865 1029 mentiendo
895 977 1065 1038 fallit;
1097 976 1391 1033 innocenti.
1432 990 1588 1037 quem
1632 975 1763 1027 falso
1796 976 1948 1028 testi-

378 1049 564 1099 monio
594 1047 755 1099 Lcdil.
790 1063 811 1095 ι
850 1046 1073 1113 Propter
1104 1048 1225 1109 hoc,
1256 1045 1426 1111 inquit
1452 1045 1751 1098 lticltardus
1788 1046 1856 1097 de
1887 1047 1943 1097 8.

380 1116 607 1183 Αιιενιο,
660 1117 848 1182 triplex
902 1116 1207 1183 pmiiitentia
1251 1114 1299 1167 ei
1343 1115 1606 1168 debetur:
1640 1129 1736 1179 pro
1775 1116 1948 1179 primo

375 1195 683 1253 contemptu
699 1187 1000 1252 pmuitcntia
1020 1197 1221 1252 septem
1236 1198 1497 1237 annorum
1538 1194 1591 1237 ut
1609 1200 1675 1241 vt.
1693 1186 1912 1252 qu:est.l
1931 1225 1944 1243 ,

379 1256 683 1322 Ou’cuuqne
700 1273 718 1320 ;
750 1271 843 1321 pro
865 1257 1096 1309 secunda
1124 1256 1362 1309 elusione
1379 1255 1694 1308 verberibus
1723 1256 1950 1322 castiga-

376 1326 615 1393 bitor(v,
650 1341 701 1392 q.
734 1325 789 1385 5,
821 1325 913 1379 Illi
949 1326 1085 1393 qui);
1120 1340 1214 1392 pro
1239 1325 1392 1379 tertia
1428 1324 1945 1378 lmsinnesecundum

380 1396 595 1448 modum
629 1397 858 1449 la-sionis
888 1396 1045 1450 debet
1070 1396 1264 1463 puniri.
1303 1394 1613 1457 Argument.
1648 1410 1725 1457 Ill,
1754 1405 1946 1462 quiest.

376 1466 436 1530 9,
473 1463 816 1518 Dccerm’mus.
849 1485 867 1516 ι
903 1466 1028 1533 Quae
1060 1476 1232 1518 tamen
1270 1465 1337 1517 de
1373 1463 1507 1517 falso
1533 1463 1837 1518 tcstimo-tio
1860 1479 1951 1517 co-

380 1552 493 1589 ram
523 1535 701 1602 judice
726 1536 936 1602 publice
967 1537 1173 1604 prolato
1193 1534 1532 1602 intelligenda
1564 1547 1779 1587 censeo.

462 1605 725 1658 Honorare
740 1622 909 1660 omnes
927 1603 1199 1671 homines]
1216 1606 1368 1660 Juxta
1392 1604 1520 1657 illud
1543 1604 1680 1657 Petri
1696 1611 1847 1671 apust
1870 1603 1946 1656 ili:

382 1675 571 1728 Omnes
598 1676 867 1741 honorate.
902 1676 1007 1731 Sed
1034 1691 1155 1729 cum
1187 1674 1357 1728 honor
1385 1691 1410 1727 s
1439 1685 1457 1727 t
1489 1678 1700 1741 proprie
1740 1674 1948 1726 virtutis

384 1745 683 1811 praemium,
715 1761 821 1813 quo
858 1756 1011 1814 pacto
1038 1760 1226 1800 omnes
1264 1745 1517 1812 jubemur
1557 1743 1818 1797 honorare
1854 1742 1950 1795 ho-

1439 364 1714 421 REGULA
1752 363 2239 422 COMMENTKTA.
2280 368 2433 427 CAP;
2478 370 2562 428 IV.

378 484 598 563 alterius
640 480 1030 563 pra-iudicium,
1072 491 1230 536 tacet.
1275 484 1403 536 Item
1432 484 1519 552 qui
1564 485 1722 563 aliter
1745 499 1805 536 ea
1837 500 1954 563 quzr
1986 484 2035 543 A
2065 495 2314 563 parentes
2338 490 2753 563 asini-iunius?)
2785 493 3099 563 respondet:
3122 512 3142 545 ι
3171 494 3626 560 Quemadmodum
3711 536 3719 563 ε

2065 557 2317 610 Dominus
2345 562 2578 613 ostendit
2606 578 2666 614 ac
2696 557 2897 623 docuit,
2927 577 3047 617 cum
3091 557 3426 621 nuntiaretur
3468 569 3539 621 illi
3562 585 3625 623 ac
3711 557 3744 622 ἠὲ

3524 380 3626 437 306

2051 627 2319 703 d’ccretur
2349 644 2373 703 :_
2403 630 2531 703 lit-ee
2558 642 2713 703 mater
2738 642 2825 683 tua
2843 644 2888 683 rt
2914 634 3100 701 fratres
3125 638 3199 687 tui
3221 653 3246 689 ιι
3268 647 3358 689 ant
3381 639 3510 703 foris
3536 654 3622 692 ro-

2051 698 2205 750 lentes
2233 708 2294 774 te
2329 701 2532 774 videre;
2560 702 2751 774 quibus
2784 698 2933 767 quasi
2965 703 3316 760 vehementer
3346 698 3626 774 increpans

2049 768 2321 847 respondit
2335 769 2545 847 dicens:
2566 772 2692 836 ρυω
2707 782 2778 847 est
2807 783 2964 825 utam
2983 791 3114 838 mea,
3137 787 3184 829 et
3200 780 3283 845 qui
3301 788 3417 829 sunt
3438 768 3623 844 fratres

2048 838 2294 889 meihct
2326 839 2392 914 ad
2431 840 2896 914 inferrivgatiouem
2923 838 3261 911 sequentem:
3286 864 3304 899 ι
3341 847 3397 902 8.
3431 838 3621 914 paren-

2051 909 2477 982 tes_rogaver_int,
2497 919 2555 982 ut
2579 910 2792 982 domum
2826 912 2889 965 ad
2919 909 3060 981 ipsos
3086 916 3361 981 adeamus,
3382 909 3631 982 nunquid

2048 976 2176 1049 ipsis
2202 979 2649 1033 auscultandum?
2681 1000 2700 1033 ι
2753 976 3039 1049 respondet
3064 1002 3075 1038 :
3110 1003 3128 1035 ι
3152 986 3206 1039 Si
3232 976 3423 1041 hoc—ad
3452 976 3619 1041 mdili-

2050 1048 2390 1127 cationemdl
2406 1052 2511 1127 15
2534 1050 2653 1127 fidei
2686 1048 2893 1127 petant;
2920 1055 2964 1107 si
2985 1055 3102 1127 quis
3130 1056 3252 1109 talis
3280 1057 3349 1111 sit
3375 1059 3464 1127 qui
3490 1073 3614 1125 pos-

2051 1118 2122 1196 sit
2158 1120 2293 1196 cu'm_
2313 1118 2416 1172 illis
2446 1118 2513 1172 ad
2533 1121 2689 1196 hunc
2718 1123 2930 1175 modum
2964 1125 3111 1196 abire
3135 1169 3150 1193 ,
3178 1141 3297 1179 cum
3348 1118 3609 1196 approba-

2052 1188 2194 1266 tione
2225 1188 2485 1243 mittatur.
2530 1189 2587 1266 Si
2616 1206 2741 1243 vero
2802 1201 3020 1266 propter
3070 1188 3358 1249 humanum
3386 1188 3615 1266 "aliquod

2049 1256 2288 1310 ollicium
2323 1261 2679 1324 prmstandum
2731 1256 2915 1314 audiat
2946 1264 3227 1319 Dominum
3258 1256 3520 1321 dicentem
3551 1268 3616 1321 ad

2049 1341 2171 1379 eum
2205 1326 2289 1389 qui
2322 1330 2529 1382 dixerat
2558 1344 2572 1381 :
2612 1328 2854 1385 Permitte
2884 1334 3008 1385 mihi
3037 1336 3113 1387 ire
3150 1348 3196 1389 et
3236 1339 3528 1391 renuntiare
3556 1339 3618 1391 iis

2049 1398 2326 1472 quiadonn
2348 1410 2467 1451 sunt
2496 1414 2515 1453 :
2548 1398 2710 1453 Nemo
2750 1402 2949 1454 mittens
2975 1419 3179 1472 manum
3209 1408 3278 1459 ad
3294 1416 3545 1472 aratrum,
3571 1417 3619 1459 et

2049 1467 2322 1541 respiciens
2351 1478 2485 1541 retro
2504 1511 2517 1534 ,
2547 1479 2698 1539 aptus
2738 1480 2808 1524 est
2840 1487 2995 1539 regno
3026 1471 3138 1526 Dei.
3169 1477 3317 1541 Quod
3361 1477 3404 1530 si
3446 1477 3513 1530 de
3533 1467 3618 1531 veo

2051 1538 2140 1611 qui
2163 1538 2497 1611 grenuniiare
2547 1538 2748 1611 tantum
2796 1538 3058 1609 volui-rat,
3092 1538 3204 1598 tale
3234 1546 3489 1611 judicium
3511 1558 3613 1610 est,

2052 1605 2178 1672 quid
2206 1607 2273 1661 de
2295 1607 2452 1676 hujus
2476 1610 2675 1675 judicio
2697 1610 2980 1663 dicendum
3000 1605 3117 1666 est?
3140 1633 3158 1665 ι
3194 1605 3352 1669 Multo
3368 1605 3618 1673 severior

2051 1677 2209 1745 piane
2237 1677 2293 1731 8.
2323 1678 2575 1745 Stephani
2619 1680 2822 1732 ordinis
2847 1681 3343 1739 Grandimoutensis
3391 1702 3614 1740 censura

2050 1744 2141 1822 (In
2169 1745 2352 1822 Regni.
2384 1744 2429 1800 ο.
2455 1751 2589 1822 54)}
2627 1767 2647 1799 ι
2686 1749 2743 1804 Si
2791 1750 2943 1813 forte,
2981 1752 3178 1821 inquit,
3230 1767 3382 1822 pater
3408 1764 3611 1819 vi-ster,

381 1816 716 1905 mines,
735 1823 808 1868 tot
834 1817 982 1905 mali,
1010 1824 1191 1905 totque
1218 1814 1443 1905 impr‘ob‘i
1687 1822 1950 1905 terraruin
1983 1846 2028 1905 Β
2055 1818 2135 1869 vel
2151 1814 2414 1905 quislibet
2450 1814 2654 1905 anticus
2685 1830 2862 1905 vester
2891 1814 3174 1905 smcul'aris
3217 1814 3379 1893 prope
3420 1814 3610 1905 cellam

378 1885 646 1938 existant?
679 1887 822 1948 llanc
875 1884 1239 1939 difﬁcultatem
1280 1884 1436 1937 solvit
1483 1884 1841 1945 llildeuiarus,
1886 1888 1944 1937 8.

383 1955 658 2008 Benedicti
680 1957 838 2008 verba
867 1956 1128 2009 sumendo
1173 1956 1223 2008 iu
1254 1954 1619 2021 suppositione
1647 1967 1949 2007 accommo-

382 2026 471 2095 da,
503 2034 560 2077 ut
590 2025 682 2077 scil
704 2034 793 2078 cet
816 2041 1004 2078 omnes
1040 2024 1196 2095 114,
1217 2025 1460 2077 homines
1491 2024 1834 2095 Itonoremus,
1860 2024 1947 2095 qui

383 2094 686 2147 honorandi
720 2106 862 2148 sunt.
912 2093 1182 2149 l’rtet’ema’
1223 2094 1510 2147 observare
1553 2093 1672 2147 licet
1721 2108 1839 2146 cum
1888 2094 1941 2147 8.

381 2163 586 2217 Thoma
618 2164 754 2231 (2-2,
790 2182 840 2235 ᾳ.
872 2166 961 2230 δὸ,
997 2183 1047 2217 a.
1082 2166 1162 2231 5),
1218 2165 1459 2217 homines
1504 2163 1756 2216 honorari
1795 2177 1950 2230 posse

379 2248 448 2287 ex
492 2235 823 2302 quadruplici
860 2235 1061 2288 niotivo
1090 2253 1103 2287 :
1136 2237 1193 2288 l°
1230 2244 1448 2300 propter
1490 2236 1755 2302 propriam
1778 2236 1951 2302 rvirtu-

382 2314 529 2368 tem;
561 2303 619 2355 2°
649 2301 861 2371 propter
898 2307 1142 2358 virtutem
1188 2304 1426 2367 alterius,
1460 2301 1661 2357 scdiCet
1694 2301 1811 2367 Dei,
1856 2318 1949 2356 seu

379 2375 813 2438 communitatis;
839 2374 896 2428 5"
919 2384 1135 2441 propter
1173 2377 1379 2440 signum
1411 2374 1642 2439 virtutis,
1672 2382 1729 2425 ut
1763 2382 1845 2426 est
1868 2388 1953 2426 sc-

384 2452 605 2506 nectus;
641 2445 697 2498 4⁸
729 2455 940 2511 tropter
963 2445 1417 2511 participationem
1438 2442 1633 2496 divina:
1659 2443 1910 2496 bonitatis
1934 2459 1949 2506 ;

379 2523 440 2567 et
465 2514 543 2567 sic
562 2528 749 2568 omnes
772 2514 1012 2567 homines
1034 2516 1296 2567 honorare
1318 2514 1576 2566 debemus
1592 2552 1606 2574 ,
1632 2514 1752 2582 quia
1778 2513 1952 2565 nullus

382 2593 469 2637 est
493 2584 544 2637 in
574 2598 678 2649 quo
700 2601 803 2638 non
828 2585 951 2637 insit
976 2583 1149 2648 aliqua
1178 2583 1370 2636 diviuzc
1395 2582 1647 2635 bonitatis
1669 2584 1956 2651 participa-

382 2654 482 2721 tio,
515 2654 707 2707 saltem
735 2654 1027 2707 sreundum
1052 2654 1276 2723 aliquid.
1304 2652 1419 2705 Jatn
1449 2668 1577 2705 vero
1604 2653 1645 2705 si
1668 2654 1787 2719 quis
1810 2667 1953 2722 qua:-

383 2734 469 2777 rat
514 2724 638 2792 quid
688 2726 755 2777 sit
786 2723 974 2785 honor.
1006 2735 1097 2776 aut
1140 2726 1191 2777 in
1218 2738 1324 2791 quo
1353 2724 1640 2784 consistat,
1669 2723 1956 2790 respondet

385 2794 447 2848 8.
474 2794 704 2847 Tlioma~
741 2795 882 2860 (1-2,
910 2812 960 2859 q.
992 2794 1049 2855 Ξ,
1079 2811 1129 2845 ιι.
1164 2795 1218 2860 2)
1250 2808 1369 2847 esse
1401 2792 1610 2861 signum
1639 2802 1692 2845 et
1720 2792 1957 2846 testimo-

384 2864 533 2917 nium
558 2862 823 2933 quoddam
848 2865 987 2917 illius
1007 2864 1339 2933 excellentiae
1359 2879 1477 2928 qua:
1493 2872 1574 2933 est
1602 2862 1653 2933 in
1675 2862 1951 2933 honorato.

459 2933 562 2987 Pro
578 2930 646 2985 co
674 2943 851 2988 autem
874 2934 1012 3002 quod
1040 2933 1096 2988 S.
1126 2934 1181 2985 P.
1211 2932 1525 2985 Benedictus
1550 2930 1709 2984 habet
1738 2932 1956 2983 Inuera-

381 3018 442 3055 ἐ
488 3020 657 3057 omnes
687 3005 936 3067 homines,
978 3004 1226 3072 Magister
1256 3002 1379 3069 legit
1417 3003 1667 3054 honorare
1695 3011 1886 3070 patrem
1911 3012 1956 3055 et

385 3086 632 3138 matrem;
660 3074 799 3143 quod
824 3074 883 3127 8.
911 3074 1068 3127 Pater
1090 3074 1178 3142 qui
1214 3072 1318 3125 alia
1358 3072 1443 3124 hic
1462 3074 1753 3143 recensziit
1785 3072 1953 3124 Deca-

388 3144 492 3210 logi
528 3140 808 3212 prrecepta,
841 3144 1083 3197 Consulto
1110 3140 1291 3205 iacuit,
1320 3141 1473 3210 quasi
1495 3140 1713 3212 doceret
1743 3148 1812 3194 ita
1841 3157 1951 3193 mo-

2056 1896 2284 1939 vestram
2319 1890 2549 1954 graviter
2576 1898 2862 1955 mgrolans,
2895 1899 2947 1943 et
2969 1904 3182 1957 peccata
3218 1890 3608 1957 sua'contltcri,

2049 1965 2107 2009 et
2138 1970 2222 2028 res
2245 1958 2668 2028 suasgdispouerte
2692 1959 2743 2011 in
2770 1961 3048 2026 praesentia
3080 1974 3255 2015 vestra
3278 1964 3612 2028 desiderans,

2053 2025 2271 2099 mandet
2300 2026 2534 2099 vobisut
2557 2043 2678 2099 eum
2707 2025 2956 2093 visitetis,
2989 2030 3105 2096 ejus
3130 2034 3467 2099 prmsentiam
3498 2025 3614 2087 null

2052 2096 2261 2149 latenus
2304 2096 2509 2151 adeatis
2530 2139 2547 2165 ,
2578 2097 2622 2151 si
2672 2108 2847 2151 tamen
2895 2096 3142 2155 clericos
3168 2104 3473 2157 necessitati
3504 2118 3618 2158 sua:

2052 2166 2378 2238 sufficientes
2408 2182 2527 2221 ciim
2555 2182 2618 2222 eo
2650 2170 2840 2221 adesse
2880 2171 3171 2237 contingat.
3213 2173 3365 2238 Quod
3404 2175 3448 2226 si
3495 2174 3619 2228 illuc

2053 2234 2133 2311 ire
2171 2247 2554 2311 praesumentes
2589 2238 2640 2311 in
2689 2238 2878 2291 itinere
2900 2234 3208 2311 moriamini
3235 2234 3254 2302 ξ
3284 2257 3615 2311 nequaquam

2058 2306 2165 2357 Deo
2206 2306 2275 2358 de
2314 2308 2463 2360 vobis
2512 2308 2773 2361 ratiOnem
2821 2308 3122 2363 reddemus.
3171 2330 3190 2362 ι
3229 2312 3321 2365 llis
3369 2306 3618 2367 omnibus

2053 2374 2191 2427 addo
2209 2374 2663 2430 Carthusienslum
2692 2378 3069 2433 monachorum
3084 2390 3279 2434 statuta
3300 2398 3312 2435 :
3334 2400 3352 2433 ι
3377 2383 3616 2436 Monaclii

2054 2460 2211 2498 causa
2241 2445 2573 2508 devotionis,
2603 2448 2843 2514 pietatis,
2880 2450 3227 2504 recreationis
3246 2494 3261 2517 ,
3293 2451 3612 2506 visitationis

2056 2524 2356 2581 parentum,
2378 2526 2470 2569 aut
2495 2520 2682 2585 quavis
2711 2518 2813 2569 alia
2841 2532 3000 2571 causa
3045 2521 3301 2574 terminos
3328 2537 3453 2576 suos
3483 2522 3602 2576 nul-

2055 2586 2263 2658 latenus
2288 2597 2505 2658 exeant;
2543 2605 2561 2639 ι
2596 2597 2646 2641 et
2671 2586 2795 2639 alibi
2826 2602 2841 2639 :
2879 2608 2897 2639 ι
2926 2588 3123 2643 Omnes
3153 2606 3393 2658 persona:
3417 2594 3617 2646 ordinis

2056 2657 2225 2728 vitent
2255 2664 2309 2710 et
2348 2656 2547 2728 fugiant
2579 2667 2855 2728 parentum
2890 2656 3250 2728 visitationcs,
3284 2672 3337 2716 et
3366 2662 3616 2715 carnales

2056 2724 2400 2798 affectiones;
2414 2724 2662 2798 alioquin
2706 2741 2804 2794 pro
2833 2728 2990 2780 modo
3025 2729 3194 2798 culpa:
3238 2724 3556 2796 puniantur;
3594 2751 3611 2782 ι

2056 2805 2111 2847 et
2139 2794 2330 2868 iterum
2357 2796 2524 2868 alibi;
2553 2794 2572 2847 ἆ
2601 2796 2771 2851 Cura:
2791 2794 3206 2868 propinquorum
3235 2794 3455 2854 suorum
3486 2794 3615 2868 quo-

2058 2865 2309 2938 romiibet
2350 2866 2601 2938 fratribus
2642 2867 2838 2919 nostris
2865 2869 2883 2935 (
2908 2865 3222 2938 conversis)
3249 2865 3616 2925 interdicimus

2057 2934 2309 3010 omnino,
2356 2945 2409 2989 et
2453 2949 2521 2990 ne
2547 2936 2692 3010 ipsos
2730 2937 2845 3010 sine
2878 2934 3093 2992 licentia
3135 2934 3497 3010 procuratoris
3525 2952 3617 2995 aut

2059 3004 2252 3074 prioris
2276 3005 2633 3059 mercenaries
2659 3005 2975 3060 conducant.
3017 3026 3035 3057 ι

2132 3073 2208 3127 Ex
2240 3074 2321 3128 his
2359 3076 2604 3129 omnibus
2646 3074 2812 3148 liquet
2836 3084 3089 3148 quantum
3131 3078 3423 3148 monachus
3450 3093 3478 3131 a
3524 3093 3616 3148 pa-

2059 3152 2264 3197 rentum
2308 3156 2594 3211 conspectu
2640 3147 2931 3200 abhorrere
2956 3147 3220 3200 voluerint
3261 3148 3359 3202 SS.
3406 3147 3613 3203 Patres.

391 3208 588 3297 nat-lies
620 3208 928 3297 parentibus
954 3214 1062 3265 suis
1080 3208 1389 3297 obtutu-tuos
1415 3226 1537 3293 esse
1564 3211 1778 3291 debere,
1810 3220 1866 3297 ut
1887 3226 1952 3266 ne
1977 3208 2025 3270 ϐ
2054 3213 2333 3297 lationem
2364 3208 2519 3268 all'crt
2545 3214 2602 3269 S.
2638 3215 2860 3269 Basilius
2888 3216 3186 3297 hisuverbis-
3207 3216 3529 3297 (Beg_.__fus_.,
3563 3235 3613 3297 c_.

385 3284 458 3337 de
490 3285 552 3337 iis
573 3284 787 3351 quidem
816 3284 1128 3352 cogitarent.
1163 3282 1377 3337 Sciebat
1405 3282 1653 3352 nimirum
1682 3281 1949 3335 inordina-

392 3364 504 3406 tum
538 3366 809 3419 parentum
835 3351 1071 3407 amorem
1105 3368 1226 3406 mon
1262 3353 1378 3405 cliis
1407 3351 1656 3405 omnibus
1675 3363 1793 3405 esse
1818 3353 1950 3419 lapi-

390 3423 514 3478 deut
543 3423 862 3486 oﬂ'endiculi,
894 3438 988 3478 eos
1014 3426 1064 3475 iit
1085 3439 1219 3492 quos
1254 3422 1507 3477 ceciderit
1552 3421 1692 3475 haud
1731 3421 1948 3475 dubium

390 3494 772 3557 contriturum;
814 3508 1078 3563 quenque
1104 3491 1410 3561 ’propterea
1460 3505 1490 3545 a
1536 3493 1648 3545 suis
1692 3491 1951 3563 coenobiis

393 3576 578 3617 arcere
606 3564 747 3616 otnni
768 3562 926 3631 opera
950 3565 1281 3629 studuerunt,
1305 3572 1561 3632 quotquot
1587 3576 1721 3631 pene
1740 3562 1951 3615 luerunt

393 3634 518 3685 vitze
563 3636 866 3687 monasticae
914 3634 1272 3696 institutores;
1306 3641 1363 3685 ut
1394 3647 1684 3701 nunquam,
1727 3640 1818 3684 aut
1862 3633 1951 3685 vix

393 3717 624 3769 unquam
675 3713 919 3774 parentes
958 3705 1131 3759 visere
1172 3703 1517 3770 permittant,
1573 3704 1645 3755 uti
1682 3710 1954 3774 testantur

393 3771 886 3837 iirmclarte'eorum
921 3775 1019 3830 hac
1043 3775 1110 3829 de
1142 3789 1201 3827 re
1249 3774 1410 3843 leges,
1461 3787 1593 3841 quas
1643 3772 1725 3843 hic
1754 3771 1953 3843 referre

389 3845 620 3897 otiosum
652 3860 756 3898 non
785 3845 1105 3913 indicamus.
1145 3844 1214 3897 Ita
1247 3841 1596 3897 SfAntonius
1628 3842 1718 3913 (In
1750 3841 1876 3912 Reg.
1905 3858 1950 3913 ς.

393 3915 490 3983 7):
524 3930 543 3964 ι
579 3913 761 3983 Neque
792 3912 1097 3979 reverteris,
1130 3914 1320 3978 inquit,
1370 3914 1601 3966 invisere
1639 3912 1956 3983 consangui-

392 3982 522 4038 neo;
550 3982 957 4049 tuoscarnales,
992 4000 1091 4038 nec
1121 3985 1303 4037 faciem
1349 3992 1490 4035 tuam
1528 3983 1632 4036 illis
1675 3982 1953 4035 videndam

394 4054 653 4118 prmbeas,
684 4071 781 4108 nec
803 4057 963 4109 adeas
988 4056 1054 4108 ad
1079 4056 1223 4109 illos.
1264 4073 1281 4105 ι
1319 4053 1514 4121 Regula
1545 4054 1701 4105 tertia
1727 4050 1827 4121 85.
1859 4052 1955 4105 Pa-

390 4133 529 4176 trum
562 4124 709 4194 (Cap.
745 4126 832 4194 12)
861 4144 873 4179 :
905 4143 923 4175 ι
966 4126 1067 4178 Pro
1094 4120 1438 4194 custodienda
1461 4121 1618 4194 fama
1649 4120 1957 4194 specialiter

391 4192 672 4247 statuimus
702 4205 759 4247 ιιι
799 4192 971 4248 nullus
997 4198 1285 4248 monachus
1308 4194 1357 4245 in
1396 4192 1701 4244 infirmitate
1728 4192 1952 4257 positus,

394 4264 580 4319 re'it-to
614 4266 958 4329 monasterio,
992 4277 1265 4332 parentum
1296 4264 1473 4315 studio
1518 4259 1955 4332 commendetur;

391 4336 515 4398 quia
549 4336 718 4404 magis
761 4351 880 4389 eum
912 4331 1245 4387 saecularium
1272 4331 1694 4404 spectaculorum
1724 4334 1838 4382 visu
1868 4340 1959 4382 aut

392 4404 573 4458 auditu
606 4401 767 4472 pollui
800 4418 1098 4465 censemus,
1135 4401 1397 4472 quam’ab
1441 4401 1957 4472 a‘gritudiuegposse

395 4469 623 4542 purgari.
647 4494 665 4526 ι
700 4475 900 4528 Eodem
931 4474 1087 4524 modo
1105 4469 1269 4526 abbas
1296 4474 1510 4542 Pmmen
1539 4473 1589 4523 in
1618 4469 1961 4542 Apoiihtheg-

2054 3282 2145 3352 32)
2178 3300 2190 3335 :
2227 3302 2244 3335 (
2281 3283 2411 3337 Nam
2446 3297 2793 3353 praeterquam
2821 3285 2960 3354 quod
2984 3285 3086 3339 illis
3117 3282 3245 3339 nihil
3280 3282 3517 3341 utilitatis
3540 3288 3616 3340 af-

2053 3354 2306 3417 feremus,
2341 3369 2573 3407 nostram
2603 3355 2761 3409 etiam
2786 3355 2943 3409 vitam
2990 3356 3403 3411 tomoltuatione
3431 3368 3485 3411 et
3507 3358 3615 3410 dis-

2053 3425 2361 3478 turbatione
2410 3425 2817 3490 complebimus,
2845 3434 2900 3479 et
2936 3436 3269 3493 peccatorum
3302 3428 3614 3482 occasiones

2054 3494 2407 3549 inveniemus.
2447 3514 2465 3545 ι
2487 3494 2636 3559 Quod
2667 3494 2862 3548 clarius
2890 3505 2945 3549 et
2974 3495 3141 3550 fu~lus
3170 3497 3292 3550 alibi
3339 3496 3397 3552 S.
3428 3498 3617 3552 doctor

2054 3564 2283 3633 explicat
2328 3562 2427 3616 hoc
2468 3564 2668 3617 modo:
2707 3583 2726 3615 (
2761 3564 2860 3629 Qui
2900 3580 3025 3620 veto
3066 3567 3402 3620 sinculariuni
3434 3567 3617 3620 amici-

2058 3635 2181 3687 tiam
2212 3633 2493 3705 diligenter
2517 3635 2923 3705 complectitur,
2958 3645 3319 3705 perpetuoque
3349 3652 3471 3690 cum
3512 3638 3616 3690 illis

2054 3704 2360 3759 conversari
2382 3703 2668 3766 desiderat,
2698 3703 2919 3759 allectus
2948 3703 3107 3759 etiam
3132 3703 3347 3761 illorum
3374 3721 3467 3774 per
3485 3721 3617 3761 con—

2056 3776 2258 3828 tinuum
2299 3774 2597 3827 convictum
2626 3775 2815 3828 anima:
2846 3790 2955 3829 suat
2979 3774 3268 3831 familiares
3296 3775 3488 3834 faciet.
3518 3776 3617 3832 ite-

2057 3858 2279 3910 rumque
2305 3845 2572 3897 muudano
2598 3858 2756 3897 sensu
2784 3846 3021 3899 animum
3050 3847 3285 3914 replens,
3315 3861 3343 3897 a
3373 3847 3508 3899 bona
3525 3861 3617 3899 au-

2055 3915 2349 3979 spicatione
2378 3915 2609 3977 excidet,
2633 3923 2689 3968 et
2716 3914 2943 3983 spiritali
2975 3930 3135 3970 sensu
3169 3916 3381 3978 relicto,
3417 3916 3613 3981 prioris

2057 3985 2177 4037 vitae
2206 3985 2457 4037 vomitum
2480 3983 2661 4036 animo
2688 3984 2985 4051 remandet,
3012 3998 3171 4053 atque
3192 3986 3260 4039 ab
3282 3986 3497 4039 inimico
3523 4000 3618 4052 per

2057 4054 2322 4107 carnalem
2372 4054 2742 4121 cognationem
2802 4054 3097 4121 spiritalem
3148 4058 3616 4109 conversationem

2059 4123 2446 4176 interturbante
2475 4122 2907 4176 vulnerabitur...
2942 4123 3192 4177 Diab-olus
3227 4124 3368 4178 eniin
3395 4126 3613 4192 consiti-

2059 4202 2207 4245 catus
2237 4208 2332 4246 nos
2358 4206 2570 4247 omnem
2596 4192 2809 4246 exuisse
2846 4192 3001 4260 huius
3028 4194 3206 4247 seculi
3233 4208 3436 4257 curam,
3469 4202 3525 4246 et
3551 4194 3617 4247 ad

2060 4263 2252 4316 coelum
2294 4270 2602 4315 constanter
2643 4276 2965 4330 pmperare,
2997 4264 3049 4315 in
3090 4277 3157 4317 eo
3186 4262 3402 4317 sedulus
3430 4273 3534 4327 est,
3564 4274 3625 4319 ιιι

2063 4333 2225 4385 indita
2256 4332 2408 4385 nobis
2438 4332 2505 4385 de
2531 4331 2772 4400 cognatis
2798 4334 2993 4387 nostris
3016 4334 3340 4401 cogitatione
3368 4333 3470 4389 hoc
3499 4332 3619 4388 elfi-

2062 4402 2210 4467 riat,
2244 4410 2302 4455 ut
2336 4416 2517 4474 curam
2577 4401 2787 4474 illorum
2834 4402 3233 4474 suscipiamus,
3280 4414 3621 4474 mentemque

2062 4474 2202 4544 circa
2228 4472 2503 4544 szccnlaria
2521 4471 2800 4544 sollicitam
2833 4471 3146 4544 habeamus,
3176 4483 3379 4544 utpote
3403 4471 3621 4543 quai'sit

394 4540 547 4635 ’⁷³³1ξῖ³
567 4545 779 4635 Ρ³Ῐτξ¹¹¹¹
802 4545 971 4635 (Tom:
1002 4540 1952 4635 θ,ἕοῗνὶῖτ,ξξθίξίξνετῖῑ.’..ηὲ²9ζῗῗῖ⁹ἷέ²
1985 4574 2040 4635 D
2064 4543 2291 4635 ΨῘῬΞἸΨ.
2324 4540 3365 4635 ⁵31ΡῇΕὲἒὶίὲιὲ.ἒ[¹-ἐῗ--ἒ¹¹[¹ἓῖ⁵9¹ἱ⁵’1θ¹
3418 4540 3617 4635 ἷηίῖηίδε

398 4631 417 4665 ι
449 4614 528 4668 Ne
558 4626 774 4681 promer
812 4614 1157 4669 necessitates
1184 4613 1382 4667 abieris
1419 4611 1484 4664 ad
1515 4611 1951 4681 doinutn’pater-

390 4698 535 4755 nam.
560 4680 594 4755 ξι
626 4685 691 4737 Et
725 4687 976 4755 Evagrlus
1006 4686 1056 4737 in
1088 4682 1429 4745 Monachicis,
1470 4698 1523 4734 ιι.
1559 4682 1591 4735 5
1622 4699 1634 4734 :
1671 4698 1689 4731 ι
1726 4680 1955 4755 N_e_c_or—

390 4753 603 4821 ripiaris
623 4757 763 4809 curis
782 4750 1164 4823 pa’rentalibus,
1189 4764 1280 4807 aut
1302 4760 1646 4821 cognatorum
1669 4750 1916 4823 amicitiis
1937 4768 1953 4815 ;

388 4826 629 4890 quinimu
671 4834 725 4878 et
770 4821 1013 4878 assiduos
1041 4839 1161 4878 cum
1210 4826 1290 4878 eis
1339 4836 1657 4891 congressus
1705 4821 1832 4880 vita.
1888 4836 1965 4875 ne

389 4897 526 4947 forte
557 4908 587 4947 a
616 4896 764 4948 cella:
793 4898 971 4964 quiete
1002 4905 1051 4948 te
1088 4896 1351 4955 auferant,
1381 4905 1434 4946 et
1465 4894 1532 4964 ad
1561 4907 1655 4964 sua
1678 4892 1956 4964 traducant

389 4965 619 5029 negotia.
659 4984 678 5016 ι
714 4961 824 5020 Sed
847 4965 1082 5018 omnium
1113 4967 1340 5018 maxime
1368 4964 1425 5019 8.
1462 4961 1685 5015 Basilius
1713 4961 1954 5030 pluribus

387 5035 437 5086 in
464 5033 612 5101 locis,
650 5036 943 5103 prmsertim
993 5050 1120 5089 vero
1152 5035 1203 5088 in
1237 5035 1500 5087 Constitut
1525 5032 1717 5086 onibus
1766 5046 1952 5084 mona-

386 5104 539 5157 sticis
561 5106 711 5174 (Cap.
738 5104 852 5173 2|),
872 5106 958 5160 ubi
987 5108 1122 5158 inter
1140 5106 1241 5159 alia
1267 5105 1379 5158 haec
1402 5104 1558 5157 habet
1584 5118 1596 5154 :
1621 5120 1642 5153 ι
1662 5106 1699 5154 Α
1722 5104 1959 5169 cognatis

384 5188 535 5239 sane,
568 5177 752 5228 amicis
777 5190 841 5230 ac
868 5176 1172 5239 parentibus
1200 5186 1401 5228 tantum
1433 5174 1625 5227 all'eetu
1650 5182 1955 5239 separatum

384 5258 505 5298 ease
535 5245 805 5308 convenit,
850 5256 1105 5314 quantum
1141 5246 1363 5298 tnortuis
1402 5244 1642 5314 videmus
1669 5257 1787 5295 cum
1822 5242 1955 5314 \tVlS

386 5315 514 5368 nihil
562 5330 681 5369 esse
710 5312 1053 5378 commercii;
1094 5334 1110 5366 ι
1142 5324 1195 5368 et
1238 5315 1362 5367 alibi
1406 5313 1557 5383 (Reg.
1586 5316 1686 5381 fni.
1726 5327 1772 5365 c.
1802 5312 1894 5378 5:!)
1934 5329 1946 5363 :

389 5403 407 5433 ι
444 5384 645 5451 Quibus
675 5386 839 5439 semel
868 5386 918 5437 in
949 5385 1220 5438 consortio
1243 5385 1461 5438 fratrum
1492 5385 1637 5436 locus
1666 5383 1821 5436 datus
1845 5395 1951 5446 est,

384 5470 413 5506 a
443 5457 731 5522 przeposito
763 5455 997 5523 permitti
1031 5471 1132 5506 non
1176 5456 1360 5518 debet,
1410 5463 1468 5507 ut
1495 5454 1560 5506 ad
1606 5453 1708 5505 alia
1756 5453 1950 5507 mentis

384 5526 644 5578 intent’uui
670 5534 935 5589 avertant,
959 5524 1162 5577 autsub
1192 5534 1447 5592 praetextu
1467 5523 1670 5577 visendi
1697 5533 1951 5590 cognatus

382 5608 410 5646 a
435 5593 686 5649 fratribus
705 5595 977 5654 secedant,
995 5605 1048 5647 et
1070 5595 1184 5646 sine
1210 5594 1425 5647 testium
1448 5593 1771 5647 conscientia
1789 5596 1950 5646 vitam

382 5675 560 5729 agant,
599 5666 678 5719 vel
701 5679 881 5719 curam
905 5672 1252 5731 cognatorum
1274 5664 1566 5716 secundum
1588 5676 1803 5731 carnem
1833 5676 1949 5715 sus-

381 5735 609 5797 cipiaut;
651 5756 667 5785 ι
693 5746 753 5786 et
782 5736 845 5788 ad
878 5730 1349 5801 interiogationem
1389 5732 1542 5801 (Meg.
1574 5730 1722 5781 Brev.
1773 5732 1949 5784 interr.

387 5806 506 5871 Ιδὸ)
545 5825 553 5858 ;
594 5825 610 5856 ι
648 5807 926 5871 Quomodo
956 5808 1228 5861 venientes
1261 5806 1327 5859 ad
1352 5819 1448 5858 nos
1490 5805 1811 5857 domesticos
1862 5813 1953 5856 aut

2059 4613 2253 4677 quidve
2281 4614 2410 4667 lucri
2428 4613 2533 4667 illis
2546 4627 2613 4666 ex
2632 4613 2990 4667 contractibus
3009 4615 3246 4682 accedat,
3266 4625 3321 4668 et
3346 4628 3623 4683 quousque

2059 4683 2383 4751 opulentiam
2409 4697 2558 4735 suam
2584 4683 2848 4740 auxeiint.
2880 4692 2972 4737 aut
3000 4685 3125 4752 quid
3155 4685 3334 4738 damni
3376 4700 3470 4753 per
3498 4695 3622 4739 vna

2063 4753 2218 4821 hujus
2249 4754 2580 4806 calamitates
2608 4753 2943 4820 acceperint,
2970 4764 3039 4807 ct
3068 4766 3324 4821 quantum
3366 4756 3433 4809 de
3487 4755 3620 4808 sub-

2061 4826 2252 4875 stantia
2291 4823 2594 4893 facultatum
2626 4822 2945 4888 decesserit;
2983 4823 3253 4893 efllcitque
3301 4823 3403 4877 hoc
3436 4833 3611 4891 pacto,

2064 4904 2117 4945 ot
2136 4893 2472 4962 successibus
2500 4892 2714 4946 illorum
2736 4905 2989 4961 congratu
3014 4892 3187 4958 emur,
3215 4902 3267 4948 et
3296 4894 3341 4945 si
3377 4894 3503 4962 quid
3537 4895 3620 4947 in-

2065 4963 2280 5033 fortunii
2308 4962 2378 5015 sit
2401 4961 2761 5033 ,doleanius;
2790 4964 2857 5016 ad
2886 4963 3031 5030 lucc,
3063 4972 3123 5017 ut
3163 4963 3379 5033 inimico
3399 4961 3621 5033 quoque

2060 5032 2239 5086 animo
2264 5046 2389 5099 erga
2421 5030 2666 5102 inimicos
2711 5031 2925 5086 illorum
2967 5035 3154 5095 simus,
3177 5048 3299 5087 cum
3337 5030 3624 5102 iubeantur

2062 5102 2262 5155 nullum
2307 5101 2839 5162 liabereinimicum;
2872 5101 3407 5172 congaudeatnusque
3431 5104 3623 5157 amicis

2062 5174 2371 5241 plerumque
2398 5172 2628 5238 illis,qni
2662 5172 2801 5225 nulla
2824 5172 3117 5241 dignisuut
3144 5172 3368 5241 spiritali
3399 5174 3624 5226 familia-

2062 5245 2241 5308 ritate,
2272 5254 2326 5296 et
2357 5243 2599 5295 laetemur
2632 5255 2849 5310 pr0pter
2880 5243 3075 5310 iniusta
3102 5252 3157 5297 ct
3196 5242 3619 5309 iniqua'illorum

2061 5313 2271 5366 lucra...
2308 5312 2513 5366 Accidit
2531 5322 2707 5383 autem
2728 5326 3115 5383 stepeuumero,
3151 5313 3307 5383 116
3327 5321 3383 5365 ut
3410 5320 3625 5383 propter

2058 5384 2405 5451 cogitationes
2415 5382 2666 5436 curandis
2683 5383 2922 5449 cognatis
2943 5382 3331 5437 addictasausit
3345 5382 3623 5449 religiosus

2061 5463 2115 5505 et
2162 5453 2495 5517 sacrilegium
2525 5452 2885 5513 committere,
2916 5462 2975 5506 ut
3004 5462 3350 5520 cognatorum
3395 5452 3621 5519 egestati

2056 5524 2371 5585 medeatur;
2404 5537 2522 5575 nam
2563 5538 2682 5591 qua:
2724 5522 2776 5575 iu
2808 5522 3249 5577 sustentationem
3290 5530 3623 5584 sanctorum,

2055 5593 2142 5659 qui
2188 5593 2294 5646 Deo
2316 5608 2374 5647 se
2402 5600 2806 5659 consecrarunt,
2839 5601 3200 5659 reponuntur,
3234 5603 3385 5644 sacra
3415 5600 3470 5645 et
3498 5607 3624 5645 vere

2055 5662 2394 5716 anathemata
2425 5662 2776 5723 aestimantur,
2802 5670 2857 5713 et
2887 5660 3109 5726 profano
3133 5660 3247 5711 usui
3273 5660 3580 5715 eximuntur
3604 5677 3620 5713 :

2055 5735 2142 5798 qui
2172 5749 2298 5799 ergo
2321 5734 2516 5797 aliquid
2546 5747 2609 5785 ex
2637 5734 2742 5783 illis
2762 5731 3070 5788 s-tlloratur,
3095 5743 3160 5781 ex
3182 5744 3367 5783 eorum
3398 5744 3622 5784 numero

2057 5816 2137 5859 cat
2178 5806 2266 5868 qui
2315 5802 2593 5866 sacrilrgia
2626 5810 2961 5857 committere
3004 5814 3053 5852 ιιι
3077 5814 3109 5852 ιι
3142 5811 3411 5854 verentur.
3446 5822 3463 5854 ι
3500 5801 3620 5855 lla-
