4102 6360
317 361 433 420 509

1399 360 1664 416 REGULA
1703 357 2197 415 CUMMENTATA.
2238 361 2368 415 CAP
2439 360 2520 415 iV.

3479 359 3582 414 5V.)

316 485 414 536 ta;
445 486 499 528 ct
531 489 650 542 cap.
683 473 772 538 52,
807 474 1075 543 ntl'rater,
1107 473 1206 543 qui
1253 473 1388 526 forte
1419 472 1523 525 sibi
1555 471 1897 543 peculiariter
1927 471 1976 531 Α
2004 469 2289 543 cupiditate
2321 473 2632 541 Stttttpset‘ll,
2664 471 2871 543 etiamsi
2921 471 3047 524 illud
3090 469 3195 543 vile
3228 469 3317 543 sit,
3352 481 3406 524 et
3435 475 3576 539 quod

318 547 443 599 vult
469 560 644 606 orare,
669 556 773 596 etc.
807 563 824 594 ι
853 542 944 596 Vel
977 545 1134 596 etiam
1161 542 1285 596 illttd
1315 543 1410 596 sibi
1437 546 1512 595 sic
1545 552 1712 609 pote~t
1745 542 1898 593 inti-l-

321 615 447 682 ligi,
474 615 596 684 quia
625 615 745 668 aliis
773 614 1039 682 :tltnegare
1074 613 1426 684 semetipsum
1458 627 1725 679 nunquam
1752 613 1896 672 licet,

314 690 430 738 Stbt
448 683 854 752 veroatuautntn
868 683 1206 736 (list'rclionis
1220 683 1360 751 leges
1375 685 1666 750 patiuntur,
1685 696 1900 748 semper

313 754 485 808 decet
515 773 528 808 :
562 766 728 806 totum
743 769 814 807 .se
829 755 965 812 Deo,
998 762 1164 806 totum
1198 755 1439 820 proximo
1468 769 1525 804 se
1553 753 1682 805 dare
1704 752 1893 805 debet:

317 836 384 877 at
413 840 542 878 vero
571 825 670 878 sibi
711 823 1056 887 semetipsum
1097 838 1291 890 negare
1345 833 1516 890 potest
1555 832 1606 872 et
1638 824 1820 884 tltrltel,
1853 820 1898 873 si

325 893 570 961 perfecte
601 894 777 946 vivere
806 892 1200 946 de-iderat.Vel
1228 891 1456 959 denique
1487 894 1601 952 sibi,
1623 894 1669 943 id
1698 902 1778 943 est
1804 907 1899 957 pro

318 979 411 1028 se,
439 964 504 1017 ad
540 964 1161 1032 propriamtutilitatetu;
1217 963 1339 1030 quia
1390 965 1512 1028 quid
1539 963 1642 1018 inid
1693 961 1897 1026 praemii

321 1045 423 1088 aut
454 1036 718 1087 mercedis
748 1049 811 1086 ett
840 1035 937 1085 ltac
971 1034 1212 1100 sequitur
1240 1033 1612 1098 abuegatione,
1645 1034 1760 1091 sibi,
1793 1047 1896 1083 non

315 1105 448 1157 aliis
470 1104 632 1158 cedit.

402 1173 590 1228 Subdtt
620 1173 677 1227 S.
711 1173 1026 1227 Benedictus
1077 1190 1090 1224 :
1142 1172 1207 1226 Ut
1246 1182 1481 1238 sequatur
1514 1171 1790 1232 Christum,
1847 1171 1897 1224 id

321 1253 418 1296 est
447 1255 504 1297 ut
533 1258 652 1295 eum
700 1244 953 1296 imitetur.
989 1242 1082 1295 llic
1131 1244 1277 1296 venit
1309 1244 1359 1294 in
1392 1254 1624 1294 mentem
1653 1246 1792 1307 quod
1825 1243 1899 1293 ait

321 1314 389 1366 S.
420 1314 716 1366 Bernartius
737 1313 932 1380 (Serm.
967 1313 1034 1365 62
1065 1315 1125 1366 de
1154 1311 1392 1378 Divers.)
1425 1331 1434 1360 :
1475 1331 1492 1361 ι
1525 1312 1750 1378 Quidam
1777 1321 1900 1364 sunt

319 1386 419 1450 qui
467 1398 574 1436 non
617 1398 821 1451 sequuti
849 1399 911 1435 ttr
944 1383 1244 1447 Clll‘lsllllll,
1278 1382 1371 1436 sed
1403 1383 1641 1449 fugiunt;
1672 1382 1757 1434 :tlii
1791 1397 1898 1434 non

319 1455 753 1520 sequuntur,sed
783 1462 1041 1519 prteeuot;
1062 1454 1300 1505 nonnulli
1327 1461 1640 1520 sequuntur,
1667 1451 1759 1504 sed
1789 1467 1892 1504 non

320 1534 717 1591 assequuntur,
767 1524 1017 1579 aliivero
1064 1530 1376 1588 sequuntur,
1425 1534 1480 1576 et
1518 1529 1894 1589 aSSequttntur.

323 1593 448 1647 Non
501 1607 818 1660 sequuntur,
852 1592 944 1646 sed
995 1593 1220 1661 lug'unt,
1252 1593 1341 1658 qui
1389 1593 1623 1645 nondum
1677 1607 1898 1656 peccare

320 1663 665 1718 desistunt...
696 1664 808 1716 Non
844 1678 1160 1730 sequuntur,
1194 1665 1288 1715 sed
1319 1673 1555 1728 praeeunt
1575 1704 1589 1724 ,
1612 1662 1701 1729 qui
1730 1664 1897 1731 magi-

324 1742 567 1786 strorum
617 1734 892 1787 sententiis
919 1747 1044 1786 suas
1098 1733 1455 1800 przeicruut...
1489 1734 1796 1800 Sequuntur
1843 1741 1897 1784 t-t

324 1817 441 1860 non
469 1815 850 1868 assequuntur.
891 1804 980 1869 qui
1023 1803 1259 1868 segniter
1279 1817 1344 1854 ac
1377 1804 1601 1855 remisse
1627 1810 1808 1868 agunt,
1843 1813 1898 1854 et

323 1887 503 1936 usque
531 1877 593 1923 ail
629 1873 786 1926 linem
820 1889 922 1924 non
956 1881 1362 1938 perseverantes
1391 1873 1456 1924 de
1498 1874 1674 1924 medio
1710 1873 1900 1924 itinere

323 1953 741 1995 revertimur...
779 1945 1089 2009 Sequuntur
1110 1951 1163 1994 et
1191 1952 1621 2007 consequuntur;
1651 1943 1735 2010 qui
1762 1942 1896 1993 viam

331 2013 652 2064 humilitatis
677 2011 792 2079 ejus
815 2014 1014 2064 devitto
1038 2013 1231 2064 mentis
1259 2014 1414 2080 119
1434 2011 1626 2065 all'eclu
1654 2026 1899 2077 perseve-

328 2091 522 2134 ranter
547 2083 819 2136 imitantur
852 2098 866 2134 :
903 2080 1206 2148 ltujusmodi
1239 2096 1365 2134 vere
1396 2093 1690 2148 sequuntur
1719 2081 1896 2134 Domi-

321 2167 485 2202 ttutu.
517 2152 614 2216 Qui
659 2152 784 2204 tttilti
845 2152 1110 2204 ministrat
1165 2167 1250 2204 me
1296 2165 1566 2219 scquatur,
1604 2151 1653 2203 id
1702 2161 1784 2204 est
1817 2166 1902 2204 me

318 2221 571 2273 imitetur
608 2239 619 2272 :
649 2237 757 2288 quo
785 2221 994 2274 fructu?
1023 2231 1080 2274 ut
1107 2221 1194 2273 ubi
1220 2236 1334 2273 sum
1362 2237 1481 2288 ego,
1517 2222 1704 2286 inquit,
1738 2221 1809 2274 ibi
1835 2223 1903 2274 sit

325 2302 384 2343 et
424 2291 668 2343 ttt.ittistt-r
701 2305 891 2344 meus:
935 2291 1138 2343 fructus
1186 2292 1360 2357 itaque
1394 2291 1550 2358 hujus
1591 2293 1736 2344 itnita
1767 2294 1901 2344 iouis

323 2361 538 2412 mansio
568 2371 649 2413 est
676 2371 890 2414 (eterna:
924 2360 1266 2414 beatitudinis
1329 2380 1347 2410 ι

399 2429 596 2498 Corpus
626 2432 890 2501 castigare.
929 2430 1146 2482 Delicias
1189 2445 1288 2482 non
1323 2428 1603 2501 amplecti.]
1629 2429 1900 2483 Stllllll‘alll

323 2499 434 2552 hoc
463 2502 656 2566 duplici
689 2499 1040 2552 ittstruntcuto
1071 2503 1124 2553 ὃ.
1168 2501 1318 2554 Pater
1347 2499 1763 2552 mortificationis
1785 2516 1903 2568 per-

322 2570 610 2624 tectionem
634 2572 1022 2638 complectitur,
1049 2587 1164 2638 qua:
1197 2580 1303 2623 tota
1321 2572 1418 2622 sita
1447 2582 1526 2623 est
1557 2571 1608 2623 in
1635 2584 1902 2624 susnueu-

321 2642 404 2692 tia
467 2641 704 2693 laborum
761 2649 815 2694 ct
862 2641 1176 2694 abstinentia
1222 2639 1552 2703 deliciarum,
1603 2641 1667 2693 de
1711 2641 1904 2708 quibus

324 2712 388 2762 ὃ.
424 2713 743 2776 Augusuttus
771 2712 964 2780 (Serm.
992 2711 1060 2764 58
1083 2712 1142 2763 de
1176 2711 1389 2779 εει-ιρι.)
1420 2728 1431 2760 :
1463 2728 1480 2760 t
1507 2710 1619 2762 Duo
1647 2723 1790 2772 sunt,
1823 2711 1901 2764 itt-

323 2781 465 2845 qnit,
497 2798 613 2846 qua:
639 2783 690 2833 iu
721 2785 818 2834 bac
849 2785 956 2834 vita
985 2783 1148 2834 veluti
1179 2781 1439 2833 laboriosa
1477 2782 1852 2847 prmcipiuntur
1873 2797 1903 2834 a

329 2851 560 2904 Domino
590 2869 602 2903 :
636 2853 911 2904 continere
935 2861 988 2904 et
1014 2853 1308 2913 sustinere;
1337 2853 1587 2917 iubemur
1616 2851 1756 2904 enim
1778 2865 1906 2903 con-

326 2923 504 2973 tinere
526 2921 591 2974 ab
617 2923 696 2972 liis
725 2937 842 2987 qute
874 2923 924 2973 ιιι
967 2921 1170 2973 mundo
1191 2921 1436 2973 dicuntur
1479 2922 1634 2985 bona,
1666 2931 1716 2972 et
1746 2921 1906 2972 susti-

330 3006 463 3043 uete
492 3007 549 3044 ea
582 3007 698 3060 qtae
729 2990 783 3043 itt
817 2992 914 3043 ltoc
945 2992 1141 3043 mundo
1170 2991 1440 3047 abundant
1461 2991 1616 3042 mala.
1661 2991 1747 3041 illa
1779 3005 1906 3042 con-

332 3061 576 3121 tinentia,
623 3064 720 3113 ista
751 3060 1061 3114 sustinentia
1096 3072 1348 3114 vocantur
1379 3061 1495 3113 dua:
1540 3069 1760 3113 viantes
1789 3075 1907 3128 quae

327 3131 591 3184 tttttudattt
620 3131 849 3184 animant
873 3141 927 3183 et
953 3145 1177 3198 capaces
1207 3131 1404 3184 facitutt
1429 3130 1743 3182 viduitatis.
1778 3149 1793 3179 ι

2006 541 2182 612 iuusu
2210 540 2596 595 abstinentibus
2635 556 2754 595 esse
2782 541 2956 596 solet:
2990 558 3124 612 aqua
3169 540 3398 612 deni-pte
3440 543 3577 610 ipsa,

2003 611 2084 662 vel
2113 612 2282 676 panis,
2308 614 2349 662 si
2375 629 2492 663 cuin
2525 612 2808 679 cupiditate
2841 611 3138 674 sontantur,
3174 611 3224 662 id
3255 619 3336 664 cst
3383 626 3488 665 non
3522 627 3580 664 ιιι

2003 680 2300 733 necessitati
2334 685 2591 747 corporis,
2638 683 2728 735 sed
2775 693 2830 734 ut
2872 683 3030 735 animi
3076 681 3343 735 desiderio
3369 683 3577 735 satisfa-

2001 753 2128 811 ciat,
2161 756 2258 802 Itoc
2284 752 2441 803 etiam
2470 754 2756 805 abstincnti
2788 754 3094 806 deliciarum
3126 753 3253 805 vitio
3276 753 3504 805 ducitur.

2079 821 2234 890 120
2264 820 2480 882 Verum,
2508 834 2560 874 ιιι
2592 826 2786 884 ο,ιιὶιιιρ
2808 833 2956 875 uolat
2982 822 3339 882 llildemarus.
3365 824 3420 876 S.
3469 823 3570 875 Be-

2002 892 2262 944 netlicttts-
2298 891 2382 945 Itic
2411 907 2513 942 non
2545 893 2764 945 omnino
2805 903 2945 946 velat
2974 893 3214 956 delicias,
3250 895 3342 944 Sed
3374 901 3576 945 tantum

2003 977 2068 1012 ne
2101 976 2188 1012 eas
2216 962 2636 1028 aittpleclamur;
2668 966 2789 1028 quia
2816 979 3191 1023 nonnunquam
3246 963 3579 1016 necessitatis

2001 1044 2089 1082 aut
2124 1033 2413 1084 honestatis
2443 1045 2602 1085 causa
2645 1034 2706 1084 iis
2736 1035 2988 1091 utendum
3039 1042 3140 1094 est,
3189 1040 3245 1085 ttt
3290 1047 3412 1086 cum
3457 1036 3575 1099 quis

2003 1102 2054 1153 iit
2105 1103 2330 1167 hospitio
2359 1116 2478 1156 cum
2526 1104 2723 1168 potenti
2775 1104 2956 1168 aliquo
2983 1103 3194 1156 reiicit:
3238 1113 3291 1154 at
3332 1117 3424 1155 ezts
3466 1119 3579 1155 am-

2001 1171 2180 1235 plecti,
2208 1172 2255 1222 id
2285 1181 2366 1224 est
2395 1173 2610 1239 diligere
2643 1188 2908 1240 nunquam
2933 1174 2946 1225 l
2970 1182 3075 1226 cet.
3108 1173 3172 1225 lis
3193 1173 3265 1225 uti
3289 1171 3572 1236 debemus,

2001 1242 2092 1294 sed
2125 1256 2228 1292 non
2260 1241 2395 1299 l'rui:
2428 1244 2711 1310 etquidem
2739 1245 2813 1294 uti
2848 1253 3090 1302 tan-tuam
3124 1257 3228 1294 non
3257 1253 3483 1302 u'eutcs,
3513 1252 3571 1296 ut

2003 1314 2263 1377 pt-r'ectos
2314 1312 2434 1366 illos
2483 1313 2753 1365 imitemur
2798 1315 2862 1365 de
2902 1315 3090 1377 quibus
3136 1315 3193 1368 S.
3237 1313 3352 1365 Udo
3412 1312 3577 1366 abbas

2000 1381 2363 1434 Cluniacensis
2395 1381 2534 1443 (Lib.
2569 1399 2582 1435 t
2612 1381 2666 1434 C.
2690 1387 2774 1443 ιι..
2799 1399 2831 1436 tt
2875 1383 2967 1450 59)
2998 1401 3010 1436 :
3046 1401 3063 1431 t
3097 1383 3183 1437 Sic
3211 1393 3425 1434 utttntur
3453 1389 3579 1435 tent-

2001 1452 2168 1518 porali
2215 1452 2473 1514 subsidio,
2525 1453 2662 1506 sicut
2697 1452 2863 1505 viator
2917 1454 3079 1505 utitur
3118 1463 3200 1505 aut
3243 1452 3449 1510 umbra.
3483 1461 3574 1505 aut

2002 1522 2170 1572 lecto:
2196 1535 2377 1587 pausat
2406 1527 2649 1590 corpore,
2675 1523 2765 1576 sed
2790 1533 2965 1575 mente
2993 1523 3056 1575 ad
3081 1523 3218 1574 aliud
3244 1521 3399 1575 tende
3439 1537 3466 1576 s
3491 1536 3576 1575 re-

2000 1590 2190 1644 cedere
2214 1590 2446 1644 festinat.
2483 1595 2571 1646 Sic
2598 1601 2651 1646 rt
2683 1595 2730 1645 lii
2754 1607 2993 1660 gressum
3027 1593 3202 1646 cordis
3241 1593 3293 1644 iu
3329 1593 3576 1644 transito-

2001 1663 2094 1713 riis
2122 1660 2282 1728 ﬁgere
2314 1665 2598 1732 refugiunt,
2642 1680 2706 1716 ne
2754 1663 3110 1717 tlelt-ctatione
3140 1663 3340 1715 itineris
3382 1677 3576 1728 seque-

2000 1740 2236 1784 strentur
2278 1747 2306 1784 a
2355 1736 2583 1786 statione
2624 1745 2838 1786 {elerum
2889 1733 3212 1794 nmminuis;
3246 1733 3298 1784 in
3346 1732 3576 1799 propriis

2005 1809 2178 1854 autem
2201 1802 2434 1868 gaudere
2461 1802 2784 1866 desiderant,
2815 1813 2866 1856 et
2889 1803 3088 1856 idcircit
3111 1803 3163 1857 in
3194 1804 3308 1855 loco
3339 1802 3575 1872 peregri-

2006 1875 2233 1922 nationis
2265 1872 2444 1926 felices
2474 1888 2593 1924 esse
2625 1881 2891 1925 recusant.
2931 1891 2949 1922 ι

2073 1940 2336 2010 Jrjunium
2381 1941 2597 2011 amare.]
2646 1943 2757 1995 Non
2803 1940 3267 2011 dixitsimpliciter
3289 1941 3572 2010 jejunare;

2003 2013 2124 2076 quia
2159 2011 2308 2064 multi
2358 2021 2482 2065 sunt
2523 2015 2614 2081 qui
2661 2012 2937 2065 cltaritatis
2981 2027 3160 2074 causa,
3206 2011 3356 2064 vcrbi
3379 2012 3570 2080 gratia,

2005 2090 2222 2144 propter
2270 2082 2551 2148 hospitem,
2584 2091 2674 2134 aut
2713 2082 3034 2134 inﬁrmitatis
3075 2081 3264 2143 gratia,
3305 2095 3401 2134 nec
3445 2094 3573 2149 pos-

2003 2159 2164 2220 sunt,
2193 2164 2292 2204 nec
2342 2151 2538 2204 debent
2563 2151 2834 2220 jejunare;
2865 2161 2919 2206 et
2948 2153 3139 2204 iterum
3185 2151 3272 2204 alii
3312 2158 3437 2204 sunt
3482 2151 3573 2220 qui

2004 2220 2119 2272 sine
2146 2219 2349 2284 fructu,
2381 2225 2501 2289 quia
2527 2219 2698 2283 inviti,
2739 2231 2787 2274 el
2823 2237 2941 2275 cum
2991 2236 3262 2274 murmure
3283 2219 3524 2288 jt'jttnan’t
3557 2238 3569 2273 :

2003 2289 2094 2340 sed
2128 2290 2266 2361 quod
2309 2294 2600 2358 perlectum
2631 2303 2734 2354 est,
2756 2294 3015 2361 jejunium
3057 2301 3333 2361 amare,ret
3358 2290 3572 2361 quidem

2007 2374 2111 2412 non
2135 2360 2303 2412 solum
2323 2363 2625 2425 carnis,sed
2652 2360 2794 2429 quod
2820 2360 2989 2429 majus
3009 2371 3111 2425 est,
3142 2360 3340 2414 cordis.
3373 2360 3573 2424 «Opor-

2005 2439 2079 2480 tet
2121 2430 2286 2491 enim,
2331 2441 2386 2483 ιιι
2426 2433 2502 2501 ait
2539 2432 2844 2492 Cassianus,
2879 2432 3147 2484 exteriore
3185 2429 3402 2501 homine
3435 2429 3573 2501 jeju-

2006 2511 2188 2560 nantc,
2243 2500 2548 2554 interiorem
2599 2516 2809 2568 quoque
2858 2501 3103 2553 similiter
3145 2514 3174 2553 a
3213 2500 3348 2552 cibis
3403 2500 3575 2554 noxiis

2007 2580 2324 2635 temperare.
2353 2590 2368 2620 t
2405 2572 2505 2625 Sed
2536 2573 2658 2640 quia
2690 2583 2811 2624 tunc
2853 2585 2977 2624 vere
3009 2570 3309 2639 jejunamus
3339 2583 3456 2622 cum
3509 2585 3574 2640 ea

2004 2653 2124 2706 qua:
2169 2641 2530 2693 subtraltiutus
2556 2639 2794 2708 corpori,
2836 2655 3122 2707 pauperum
3154 2640 3391 2693 cedimus
3439 2639 3574 2694 rele-

2005 2710 2192 2770 ctinni,
2217 2721 2338 2777 apte
2361 2715 2579 2764 omnino
2602 2713 2658 2765 S.
2696 2712 2800 2764 lien
2839 2712 3010 2764 dictus
3044 2709 3188 2762 addit
3219 2725 3234 2763 :

2078 2777 2335 2844 Pattperes
2363 2781 2630 2851 recreare.)
2662 2781 2815 2834 Juxta
2844 2781 2965 2833 illud
2991 2780 3311 2851 Scripturae:
3350 2777 3574 2851 Pauperi

2008 2866 2208 2916 porrige
2235 2867 2440 2903 manum
2462 2849 2630 2911 tuam,
2653 2862 2706 2903 ut
2731 2851 3024 2918 perﬁciatur
3045 2849 3335 2918 propitiatio
3361 2859 3406 2901 t-t
3428 2850 3573 2901 bene-

2007 2919 2160 2970 itirtio
2203 2934 2290 2971 tua
2338 2919 2522 2988 (Eccli.
2559 2921 2674 2989 vn).
2729 2923 2897 2986 Quam
2946 2922 3141 2987 profusi
3181 2917 3375 2972 fuerint
3405 2918 3459 2972 in
3487 2932 3572 2989 re-

2006 2989 2251 3041 creandis
2283 2986 2600 3057 pauperibus
2629 2986 2835 3044 veteres
2859 2986 3127 3048 mouarlti,
3159 3001 3257 3042 nec
3284 2989 3455 3054 lingua
3484 2986 3566 3040 di-

2006 3072 2146 3122 cere,
2183 3074 2278 3113 nec
2318 3061 2618 3113 intellectus
2661 3074 2854 3126 capere
2884 3067 3071 3128 potest.
3107 3057 3402 3128 Praesertim
3447 3072 3574 3112 vero

2011 3143 2114 3180 noti
2141 3130 2255 3182 sine
2299 3131 2475 3198 aliquo
2505 3131 2664 3184 animi
2695 3137 2911 3194 stupore
2962 3131 3136 3196 legere
3165 3127 3401 3198 valemus
3432 3128 3578 3194 quod

407 3202 602 3266 l’rituo,
639 3199 813 3268 itaque
833 3197 1080 3268 jubetuur
1115 3218 1309 3267 corpus
1340 3203 1618 3267 casugare.
1643 3204 1707 3252 ad
1741 3202 1904 3253 instar
1931 3199 1974 3259 C
2007 3199 2074 3251 de
2124 3200 2352 3266 egregiis
2391 3197 2434 3252 il
2458 3201 2502 3253 is
2546 3201 2646 3253 sub
2676 3199 2967 3266 Serapione
2996 3199 3186 3268 abbate
3231 3197 3576 3268 militantibus

331 3271 597 3338 Apzistoli,
629 3275 738 3338 qtti,
766 3273 839 3324 uti
871 3272 983 3336 ipse
1011 3271 1236 3333 dicebat,
1281 3286 1476 3337 corpus
1506 3269 1793 3337 castigabat
1847 3279 1903 3323 et

333 3342 390 3394 ιιι
423 3341 730 3394 servitutem
774 3340 1082 3409 redigebat;
1124 3340 1274 3408 enjus
1314 3341 1616 3405 exemplum
1671 3343 1902 3406 perfecte

329 3411 638 3463 imitabatur
665 3414 723 3462 ll.
751 3410 1086 3475 Raittgardis,
1110 3426 1276 3464 mater
1297 3412 1356 3464 Β.
1387 3412 1526 3464 Petri
1556 3411 1899 3472 Venet-abitis,

331 3481 402 3550 de
423 3495 524 3548 qua
551 3481 663 3533 haec
688 3482 800 3548 ipse
829 3483 987 3534 rel‘ert
1031 3479 1168 3550 (Lib.
1210 3497 1266 3548 ιι,
1299 3497 1378 3546 ep.
1407 3481 1490 3547 l‘i)
1519 3496 1533 3533 :
1571 3497 1590 3530 ι
1620 3481 1820 3547 Vigiliis
1849 3491 1903 3534 et

293 3609 296 3614 ,
330 3549 548 3616 iejuuiis
581 3552 860 3604 immanem
892 3549 1100 3617 corptiri
1153 3566 1216 3619 pe
1249 3551 1572 3603 secutiouem
1600 3550 1808 3614 indixit,
1851 3560 1904 3604 ιιι

332 3636 387 3672 tn
416 3629 616 3673 tantum
646 3619 727 3675 liis
760 3629 812 3674 et
838 3621 954 3676 aliis
1002 3621 1270 3676 laboribus
1321 3622 1457 3673 vires
1485 3631 1536 3673 et
1577 3635 1764 3673 carnes
1810 3636 1902 3674 ex-

331 3691 529 3749 hausit,
559 3699 615 3742 ut
633 3692 879 3744 carnibus
901 3692 1188 3751 exinanita.
1213 3701 1334 3744 cute
1353 3691 1559 3744 ossibus
1588 3691 1898 3754 iultazrente,

329 3762 462 3811 mibi
489 3772 605 3828 post
630 3761 835 3828 aliquos
879 3777 1048 3814 annos
1095 3761 1468 3820 Mart-.iniacum
1496 3762 1816 3824 advenienti,
1847 3773 1902 3814 ιιι

331 3829 445 3882 til.o
495 3840 663 3884 mater
713 3831 977 3895 alludens,
1011 3841 1217 3884 secreto
1247 3831 1452 3884 diceret
1482 3847 1496 3883 :
1531 3828 1737 3884 Gratias
1771 3831 1898 3894 Deo,

328 3900 457 3968 quia
483 3901 744 3966 superﬂua
785 3901 966 3954 mundi
993 3902 1180 3962 amisi;
1219 3910 1424 3954 veteres
1454 3914 1662 3964 carnes,
1711 3902 1902 3970 quibus

329 3970 530 4024 seculo
570 3975 880 4035 servieram,
915 3971 1152 4039 perdidi;
1189 3970 1296 4039 jam
1328 3986 1490 4024 novas
1522 3971 1754 4032 induam,
1785 3975 1904 4024 aui-

331 4046 435 4092 bas
463 4054 596 4093 ttOVa
626 4040 734 4094 Deo
759 4041 1008 4108 obsequia
1037 4041 1362 4108 impendant.
1397 4060 1414 4092 ι

403 4109 595 4164 Notaut
623 4120 797 4164 autem
844 4112 1394 4164 becinnmt-ntatores
1437 4121 1576 4164 recte
1604 4110 1817 4178 praecipi
1870 4126 1898 4163 a

329 4183 385 4232 5.
422 4181 480 4232 Ρ.
508 4179 792 4238 Benedicto
814 4195 1006 4248 ci-rpus
1029 4181 1305 4250 ctiSIigare,
1333 4196 1436 4232 non
1465 4181 1746 4243 occidere;
1777 4181 1895 4247 quia

329 4264 454 4302 cum
504 4250 824 4304 discretione
876 4262 956 4304 est
999 4250 1362 4319 al'lligeudum,
1390 4259 1445 4301 ut
1494 4250 1656 4316 possit
1685 4250 1902 4316 reliquis

332 4321 452 4372 vita:
483 4330 785 4374 monasttcze
813 4320 1078 4374 esercitiis
1108 4322 1370 4374 sullicerc.
1395 4321 1499 4374 Sed
1529 4321 1623 4372 ista
1647 4321 1900 4373 discretio

331 4407 438 4442 ttott
463 4406 526 4444 ex
549 4393 723 4444 Carnis
749 4392 1022 4456 prudenzia
1042 4431 1055 4449 .
1101 4391 1194 4443 sed
1234 4406 1298 4444 ex
1332 4391 1620 4457 superioris
1642 4390 1902 4444 cltaritatc

332 4461 622 4527 procedere
675 4460 863 4522 debet;
924 4461 1155 4527 alioquin
1210 4461 1492 4528 unicuique
1547 4463 1702 4516 liceat
1771 4459 1900 4514 illttd

333 4546 589 4596 usurpare
620 4530 784 4599 quod,
819 4531 1051 4583 l‘aliadio
1071 4530 1330 4598 quaerenti
1355 4546 1450 4584 cur
1473 4534 1538 4583 ita
1562 4546 1900 4599 corpusuma—

329 4602 599 4654 ieratione
627 4597 900 4666 attereret,
932 4604 1206 4668 respondit
1238 4615 1400 4654 senex
1435 4597 1730 4654 Dorotbeus
1759 4597 1900 4654 Tlte-

332 4671 501 4740 btttus
524 4689 536 4723 :
571 4691 586 4720 t
611 4671 742 4724 Illud
770 4687 855 4726 me
875 4671 1088 4735 occidit,
1116 4688 1214 4740 ego
1235 4685 1444 4740 quoque
1465 4671 1636 4740 ipsum
1658 4670 1895 4725 occidam

331 4739 562 4810 (Pallad.
587 4742 638 4793 in
669 4741 800 4793 Laus
829 4784 844 4807 ,
879 4757 925 4805 ο,
956 4742 1032 4807 ‘2).
1068 4760 1088 4793 ι

405 4809 605 4865 Deinde
641 4812 854 4864 delicias
898 4828 1000 4862 non
1045 4810 1322 4874 amplecti;
1357 4826 1476 4864 nam
1509 4827 1526 4861 ι
1553 4810 1786 4877 alioquin
1817 4810 1899 4863 dio

334 4893 488 4933 versi)
509 4880 702 4934 itinere
721 4881 956 4934 ambulat
977 4879 1307 4935 Christianus
1337 4883 1509 4941 utiles.
1543 4883 1588 4933 si
1616 4883 1804 4946 gaudia
1844 4891 1898 4935 et

330 4950 710 5004 delectationes
737 4951 948 5018 quatrit,
975 4952 1057 5004 cui
1088 4953 1191 5003 dux
1232 4966 1361 5004 suus
1390 4953 1503 5004 vias
1530 4950 1897 5003 amaritudinis

332 5021 621 5086 ostendit,»
641 5022 804 5088 inquit
833 5021 889 5076 S.
915 5022 1030 5074 Udo
1053 5020 1189 5089 (Lib.
1224 5037 1236 5073 ι
1261 5021 1470 5084 Collat.,
1504 5036 1558 5074 ιι.
1581 5021 1691 5088 54).
1719 5019 1898 5089 Neque

333 5091 704 5144 desuntvarite
737 5092 970 5145 rationes
999 5092 1188 5156 quibus
1239 5106 1424 5144 servus
1457 5091 1549 5143 Dei
1594 5090 1662 5144 ab
1708 5091 1900 5157 ample-

333 5161 1165 5222 cteudisdeliciisavertatur,cui
1187 5165 1266 5214 vel
1295 5161 1417 5213 illud
1451 5159 1720 5214 Grimlaici
1751 5159 1900 5214 sulti-

333 5246 454 5284 ct-re
478 5232 637 5301 debet
660 5229 750 5301 (1η
789 5231 915 5301 Reg.
959 5231 1138 5294 Solit.,
1168 5249 1214 5284 ε.
1242 5232 1300 5297 tl)
1328 5249 1339 5283 :
1386 5250 1404 5281 ι
1439 5232 1508 5285 lis
1536 5236 1624 5297 qui
1672 5230 1900 5282 militant

337 5301 446 5353 Deo
474 5299 735 5369 fugiendae
758 5299 881 5356 sunt
909 5301 1138 5365 deliciae;
1189 5317 1319 5368 quas
1347 5301 1436 5368 qui
1470 5301 1660 5354 habere
1691 5301 1898 5364 volunt,

334 5371 450 5424 sine
476 5374 660 5425 dolore
690 5386 793 5424 non
823 5381 1086 5439 quaerunt,
1115 5372 1228 5425 sine
1273 5371 1581 5424 dillicnltate
1619 5387 1721 5422 non
1753 5369 1898 5424 inie-

337 5444 509 5509 uiunt,
537 5441 653 5495 sine
674 5456 799 5495 cura
821 5457 927 5493 non
958 5451 1192 5502 servant,
1218 5442 1331 5494 sine
1355 5445 1514 5494 anxia
1546 5441 1899 5495 delectatione

338 5511 446 5564 no'n
477 5512 768 5576 possident,
797 5515 912 5564 sine
941 5512 1084 5578 gravi
1117 5512 1300 5564 dolore
1327 5527 1431 5563 non
1462 5513 1702 5576 perdunt.
1734 5530 1752 5561 ι

410 5583 632 5636 Delicias
675 5591 852 5636 autem
893 5583 1213 5648 corporales,
1249 5581 1515 5648 inquiebat
1552 5583 1714 5634 abbas
1745 5581 1902 5634 Joan-

339 5653 652 5721 uesUlu/‘in.
677 5652 760 5705 lib.
795 5667 828 5703 ιι
859 5651 922 5702 de
950 5648 1055 5702 Vit.
1093 5647 1236 5710 Pat.,
1263 5647 1418 5721 cal),
1451 5666 1555 5702 non
1585 5653 1756 5702 solum
1787 5652 1901 5703 illas

341 5719 566 5790 putetis,
587 5724 776 5790 quibus
821 5721 1061 5774 ltou'tin-s
1109 5723 1286 5772 saeculi
1319 5719 1589 5779 fruuntur,
1617 5721 1710 5772 sed
1739 5721 1902 5773 absti—

341 5789 486 5849 ueuti
519 5789 723 5849 delicia:
760 5793 1042 5849 credenda:
1093 5799 1235 5856 sunt,
1279 5804 1434 5844 omne
1483 5789 1733 5858 quidquid
1781 5806 1902 5845 cum

1927 4573 1981 4633 D

2005 3268 2218 3338 ()hristo
2269 3270 2433 3324 refert
2477 3269 2695 3323 Rulinus
2733 3269 2874 3338 (Lib.
2903 3285 2937 3322 ιι
2987 3271 3048 3321 de
3075 3267 3180 3320 Vit.
3228 3267 3376 3338 ραι,
3403 3282 3449 3320 c.
3486 3267 3575 3321 l8.

2008 3336 2151 3389 Idem
2177 3341 2346 3392 scribit
2381 3339 2590 3393 Pallad.
2619 3342 2670 3392 in
2701 3336 2880 3400 Laus"
2912 3354 2957 3391 ε.
2991 3338 3080 3408 76)
3116 3353 3130 3391 :
3181 3357 3197 3386 ι
3226 3336 3333 3391 llot:
3373 3347 3570 3396 autem.

2007 3409 2198 3472 inquit,
2233 3413 2398 3463 moris
2435 3421 2552 3464 erat
2578 3426 2682 3464 non
2727 3413 2901 3463 stilum
2933 3408 3085 3477 ipsis,
3114 3408 3206 3461 sed
3237 3419 3291 3460 ct
3332 3409 3576 3477 omnibus

2010 3494 2140 3545 pene
2170 3478 2429 3548 IEgyptiis
2451 3481 2748 3545 monachis,
2779 3489 2837 3534 ut
2861 3475 3048 3532 messis
3092 3486 3333 3544 tempore
3365 3475 3576 3532 eli-cent

2005 3550 2070 3600 ad
2102 3552 2405 3604 metendum
2447 3566 2664 3618 operam
2705 3565 2878 3610 suam,
2927 3558 3085 3618 atque
3112 3563 3176 3603 ex
3213 3561 3283 3618 ea
3333 3548 3576 3603 mercede

2004 3628 2162 3688 octog
2199 3635 2294 3673 nos
2320 3617 2679 3690 unusquisque
2718 3621 2924 3674 modios
2971 3617 3223 3690 frumenti
3255 3618 3373 3686 plus
3402 3619 3578 3672 minus

2005 3692 2372 3758 conquireret.
2408 3702 2459 3745 et
2493 3688 2678 3745 horum
2713 3701 2914 3758 partem
2963 3688 3238 3754 plurimam
3287 3702 3577 3758 pauperum

2006 3757 2188 3812 usibus
2212 3758 2468 3826 ollerant;
2493 3762 2636 3816 unde
2663 3757 2767 3814 non
2789 3762 2962 3814 solum
2991 3758 3220 3826 regionis
3243 3759 3410 3825 ipsius
3440 3757 3575 3811 indi-

2003 3838 2188 3895 gentes
2213 3831 2444 3894 alantur,
2479 3833 2570 3885 sed
2602 3840 2655 3885 et
2685 3829 3058 3885 Alexandriam
3106 3842 3268 3881 naves
3310 3827 3576 3881 frumento

2003 3912 2211 3970 onusue
2240 3901 2557 3970 dirigantur,
2587 3902 2672 3955 vel
2704 3903 2754 3955 in
2779 3913 2998 3954 carcere
3022 3897 3312 3970 conclusis,
3344 3899 3431 3970 vel
3452 3898 3570 3952 reli-

2003 3969 2134 4034 quis
2157 3965 2474 4039 peregrinis,
2503 3981 2662 4040 atque
2686 3971 2962 4040 egentibus
2993 3967 3360 4040 prorogandze.
3391 3965 3573 4040 Neque

2003 4040 2143 4091 cuitu
2162 4037 2310 4112 intra
2342 4037 2627 4112 zEgyptuin
2656 4039 2939 4112 sufficiunt
2953 4051 3232 4112 pauperes,
3255 4037 3342 4112 qui
3373 4038 3576 4106 possint

2006 4111 2386 4165 misericordia)
2407 4107 2590 4166 eorum
2620 4112 2819 4163 fructus
2847 4119 2899 4163 et
2928 4107 3195 4176 largitates
3223 4108 3522 4160 absumere.
3550 4126 3568 4158 t

2005 4181 2084 4230 An
2118 4194 2246 4232 vero
2271 4182 2336 4234 ad
2369 4183 2488 4244 bos,
2517 4189 2608 4233 aut
2638 4180 2945 4233 uni\et‘sum
2975 4180 3040 4229 ad
3068 4189 3257 4228 omnes
3283 4177 3574 4230 monachos

1994 4251 2298 4311 Oespexerit
2322 4253 2379 4304 S.
2404 4251 2657 4314 Isidorus,
2697 4265 2817 4304 cum
2845 4261 3008 4309 agens
3032 4246 3105 4298 de
3129 4246 3405 4298 monachis
3438 4245 3575 4298 dixit

2003 4317 2136 4390 (Lib.
2164 4334 2198 4372 ιι
2224 4321 2285 4372 de
2315 4322 2481 4374 Dicin.
2510 4320 2719 4390 Uﬁ'iciis,
2745 4318 2950 4386 c.15)~:
2991 4336 3016 4368 ι
3037 4314 3297 4383 Quidquid
3329 4328 3574 4390 necessa-

2003 4385 2082 4440 rio
2114 4391 2271 4443 victui
2302 4385 2634 4458 superest‘cx
2665 4385 2917 4456 operibus
2947 4400 3198 4458 manuum
3217 4385 3570 4458 etepularum

2003 4456 2379 4523 reelt'icttmte,
2407 4470 2548 4515 tanta
2603 4476 2732 4514 cura
2785 4459 3062 4527 egentibus
3115 4456 3463 4518 disutibuitur,
3515 4463 3574 4508 ιιι

2005 4529 2133 4581 Itiltil
2183 4542 2455 4584 remaneat
2482 4533 2620 4598 quod
2651 4530 3017 4584 ahumlavet'il.
3045 4546 3064 4576 ι

2075 4602 2276 4663 Quanta
2328 4597 2510 4655 au:cut
2531 4600 2887 4656 sollicitudine
2919 4612 3204 4664 pauperum
3247 4611 3426 4649 curam
3480 4597 3574 4647 lia-

2009 4670 2120 4721 bt-ri
2154 4672 2378 4724 volui-rit
2410 4677 2464 4724 δ.
2498 4672 2835 4732 Benedictus,
2865 4676 3009 4737 patet
3038 4681 3140 4720 ιιοιι
3165 4667 3338 4737 solum
3375 4680 3440 4719 es
3473 4665 3574 4719 hoc

2004 4739 2174 4804 capite
2203 4753 2253 4794 et
2303 4744 2478 4794 multis
2524 4742 2640 4795 aliis
2678 4735 2877 4793 sanctas
2904 4737 3119 4806 Regulae
3163 4735 3313 4802 locis,
3347 4745 3404 4788 ut
3450 4751 3570 4788 cunt

2006 4823 2122 4874 cap.
2152 4813 2212 4862 51
2243 4810 2586 4864 ϐιιιυιδιὶιιιιι
2607 4813 2756 4878 jubet
2799 4809 2944 4862 omni
2983 4807 3338 4861 sollicitudine
3375 4819 3570 4872 paupe-

2008 4894 2123 4931 rutn
2170 4897 2350 4933 curant
2394 4896 2612 4947 gerere;
2647 4894 2763 4947 cap.
2797 4879 2886 4942 55,
2921 4885 3293 4947 ριιιιιιθιιιιιιει
3341 4878 3574 4947 peregri-

2009 4963 2197 5002 nortnn
2247 4945 2569 5015 sttsccptioni
2599 4945 2881 5004 sollicitant
2914 4961 3095 5002 curam
3143 4945 3413 5006 adhiberi;
3451 4959 3569 5011 cap.

2006 5017 2094 5080 55,
2141 5028 2332 5073 vetera
2375 5023 2688 5074 vestimenta
2730 5018 2914 5087 reponi
2968 5019 3018 5070 in
3055 5017 3304 5070 vestiario
3354 5026 3573 5085 propter

2004 5102 2261 5152 pauperes
2285 5105 2298 5150 ;
2328 5105 2446 5154 cap.
2479 5092 2565 5150 58,
2593 5090 2970 5158 professionem
2994 5089 3311 5141 emissurum
3336 5101 3420 5158 res
3442 5101 3572 5153 quas
3635 5146 3671 5157 η

2003 5160 2159 5210 liabet
2183 5163 2332 5230 121
2361 5156 2684 5230 distribuere
2703 5160 3020 5228 pauperibus
3049 5159 3129 5211 vel
3149 5156 3374 5211 monaclt
3397 5170 3452 5218 s;
3480 5164 3570 5208 sed

2001 5243 2033 5280 e
2061 5245 2160 5280 tam
2194 5228 2405 5296 caelus
2437 5231 2550 5283 V-tta
2577 5247 2628 5285 c.
2662 5228 2752 5284 28.

2072 5298 2128 5352 S.
2161 5294 2331 5353 Patris
2363 5303 2411 5353 in
2446 5315 2703 5369 pauperes
2735 5297 3154 5354 misericordiam
3200 5298 3283 5364 pie
3333 5294 3566 5369 annulati

2000 5379 2126 5422 sttnt
2154 5371 2346 5436 posteri
2372 5364 2488 5439 ejus
2517 5364 2631 5433 lilii,
2658 5380 2714 5423 ut
2744 5373 2935 5440 passim
2969 5377 3228 5440 testantur
3257 5379 3442 5440 eorum
3474 5364 3573 5440 hac

2001 5443 2068 5492 de
2098 5433 2417 5504 restatuta,’
2437 5457 2510 5494 es
2532 5441 2722 5509 quibus
2744 5433 2981 5492 'ct-lebre
3031 5448 3111 5492 est
3139 5438 3277 5509 inter
3299 5437 3400 5485 alia
3433 5433 3570 5509 istud

2003 5511 2217 5562 i-oucilii
2251 5504 2693 5579 Aqttisgrauensis
2722 5509 2872 5580 (Catt.
2899 5512 2990 5575 49)
3019 5526 3032 5560 :
3071 5528 3088 5558 t
3139 5507 3204 5561 Ut
3231 5504 3574 5580 denomnibus

2005 5582 2056 5654 in
2088 5575 2491 5654 eleemosyua'nt
2524 5583 2660 5654 datis
2705 5575 2808 5634 tam
2840 5580 3078 5654 ecclesia:
3105 5590 3259 5641 quam
3283 5575 3565 5654 .fratrtbuS.

2005 5651 2225 5702 decime
2261 5649 2577 5718 pauperibus
2607 5651 2818 5703 dentur.
2853 5668 2870 5699 ι
2902 5649 3060 5714 Cujus
3098 5649 3326 5718 canonis
3355 5656 3575 5718 sensum

2007 5723 2177 5792 aperit
2207 5714 2535 5773 ΙΙῖΙιΙθῖιιιιιιις
2561 5721 2612 5774 itt
2643 5721 2854 5788 Regulae
2879 5724 3038 5792 caput
3063 5716 3130 5769 53
3159 5715 3274 5792 [nec
3301 5714 3569 5792 scribens;

2016 5783 2256 5844 tV’erutu
2305 5792 2426 5859 quia
2456 5792 2522 5846 do
2551 5783 2847 5860 hospitibus
2875 5786 3130 5854 diximus,
3181 5783 3461 5838 dicendum
3491 5791 3574 5836 ost
