4102 6360
559 288 659 342 3H

561 422 702 463 nunc
727 408 866 462 unde
894 409 1133 478 hespit'es
1161 421 1439 478 pauperes,
1471 415 1565 460 aut
1593 404 1731 478 unde
1758 404 1951 478 divites
1981 403 2124 478 pasci
2154 407 2207 463 Α

561 478 817 533 debemus
848 498 859 532 :
891 475 1069 536 omnia
1114 475 1281 544 cuitu,
1308 477 1355 532 id
1406 487 1489 532 est
1516 476 1770 544 qu‘dquitl
1813 476 2017 529 venerit
2073 475 2127 528 in

565 550 976 616 monasterium,
1000 549 1048 603 id
1081 561 1158 603 est
1212 563 1420 609 aurum,
1451 557 1744 616 argentum.
1782 561 1876 609 tes,
1908 546 2130 616 ferrum,

564 621 803 684 arbores,
828 620 1029 681 vinum,
1064 635 1238 688 poma,
1267 615 1534 680 animalii,
1565 627 1624 671 et
1646 616 1872 688 reliqua,
1904 616 2017 688 sive
2054 615 2133 688 de

566 692 814 745 omnibus
842 707 961 760 qua:
1005 686 1409 743 in'mouasterio
1453 688 1790 760 laborantur,
1814 686 2038 760 decima:
2066 686 2143 739 de

569 764 649 813 his
677 755 922 815 clunibus
953 763 1024 813 ad
1064 760 1329 826 hospitale
1362 774 1648 826 pauperum
1680 755 1800 810 dari
1822 756 2017 811 debent
2048 772 2135 808 so-

570 829 863 889 lummodo,
894 831 942 883 id
973 842 1050 885 est
1080 840 1131 881 ut
1162 846 1265 881 nou
1296 827 1408 892 alii,
1440 828 1539 882 hoc
1568 835 1651 882 est
1674 827 1834 889 servi,
1870 826 1952 881 vel
1984 826 2134 879 nobi-

570 897 668 967 les,
698 904 788 953 sel
814 900 1145 955 solummodo
1173 916 1204 966 p
1222 914 1431 962 mperes
1458 907 1758 964 pascantur.
1786 918 1803 947 ο
1834 898 1984 962 Quod
2014 912 2136 950 cou-

570 974 743 1024 lirtuat
768 972 952 1025 Petrus
984 970 1219 1023 Damiaoi
1269 970 1350 1021 his
1377 969 1588 1021 verbis:
1628 967 1726 1022 θυι
1754 970 2052 1033 cupiosiora
2082 968 2133 1020 in

571 1057 859 1109 piuperutn
887 1041 1141 1095 alimenta
1173 1040 1478 1108 proficiant,
1499 1039 1691 1091 dantur
1716 1041 1767 1091 in
1800 1039 2139 1092 monasteriis

568 1121 620 1163 et
650 1111 848 1165 eretnis
898 1111 1119 1164 decima:
1170 1124 1610 1178 quorumcunque
1653 1118 2031 1174 proventuum,
2083 1115 2144 1161 et

570 1198 672 1233 nou
705 1182 861 1232 modo
890 1196 1164 1245 pecorum,
1190 1180 1287 1233 sed
1312 1191 1363 1231 et
1386 1181 1626 1233 ornicuut
1662 1180 1879 1246 pariter,
1917 1189 1971 1233 et
2008 1193 2137 1231 ovo-

568 1267 711 1303 rum.
736 1271 757 1302 ι
793 1253 859 1303 Et
885 1265 1013 1305 mss.
1060 1252 1118 1305 S.
1155 1250 1373 1318 Beuigui
1406 1249 1737 1318 Divionensis
1776 1248 2135 1302 Consuetudi-

568 1336 661 1374 ues
688 1320 751 1373 de
774 1320 950 1374 ollicio
979 1316 1384 1389 rleemusynarii
1414 1320 1562 1392 (Cap.
1584 1316 1722 1392 ‘45):
1755 1319 1963 1392 «(liabet
1993 1319 2137 1392 enim

566 1391 827 1444 decimam
861 1392 1021 1445 totius
1051 1408 1298 1455 annuum,
1344 1389 1460 1459 qua:
1506 1389 1740 1443 defertur
1782 1390 1831 1442 iu
1862 1389 2146 1459 granario,

473 1488 478 1497 ς
570 1472 677 1515 tam
710 1464 788 1515 de
809 1478 982 1528 prope
1017 1477 1174 1529 quam
1210 1463 1275 1513 tle
1307 1458 1623 1531 longinquo;
1667 1471 1719 1514 et
1752 1460 1913 1514 etiam
1952 1458 2019 1514 de
2052 1460 2139 1531 illa

570 1548 688 1597 qua:
716 1534 1033 1597 relinquitur
1070 1532 1308 1593 decanis,
1342 1539 1421 1586 tet
1458 1544 1672 1600 propter
1699 1540 2017 1595 sementem,
2056 1530 2140 1583 vel

569 1611 786 1670 propter
815 1602 899 1655 illu
929 1603 1117 1671 quibus
1148 1603 1383 1670 indigent
1404 1621 1413 1655 :
1438 1603 1735 1657 decimatur
1761 1606 1904 1657 enim
1928 1600 2141 1668 quando

570 1682 677 1743 tota
704 1683 787 1727 est
824 1673 1058 1734 insimul,
1122 1683 1226 1727 tatu
1253 1674 1318 1726 de
1346 1675 1430 1727 illa
1460 1690 1576 1743 qua:
1606 1673 2047 1743 defertur,quatn
2074 1670 2151 1724 de

571 1741 656 1795 illa
694 1758 812 1811 quze
840 1754 1102 1799 remanet.
1150 1743 1346 1799 Eodem
1386 1741 1543 1798 modo
1586 1743 1745 1797 habet
1772 1742 2033 1796 decimam
2061 1749 2141 1794 to-

572 1814 673 1864 tius
705 1788 833 1877 irini,
864 1832 968 1881 quo
995 1817 1193 1869 dictum
1215 1826 1297 1868 est
1322 1814 1389 1869 de
1411 1830 1640 1868 annona.
1673 1833 1705 1865 »ρ
1730 1813 2139 1881 Deniquewtus
2170 1788 2221 1847 Β

571 1883 743 1939 codex
778 1888 974 1940 tus..de
993 1886 1337 1940 Observantia
1371 1886 1581 1951 Regula:
1604 1883 1751 1951 juxta
1772 1884 1993 1935 formam
2014 1881 2143 1935 Clu-

572 1953 923 2025 niacensiutu,
953 1966 1087 2025 part.
1121 1972 1197 2019 tu,
1249 1969 1365 2020 sap.
1396 1954 1489 2017 24,
1516 1955 1586 2008 ab
1626 1952 1883 2007 llaefteno
1907 1952 2136 2006 citatus:

579 2024 781 2094 rllabet
806 2036 983 2080 autem
1029 2027 1500 2094 eleetuosyuarius,
1536 2036 1728 2092 pra-ter
1771 2038 1832 2077 ea
1867 2036 1986 2094 quae
2020 2037 2144 2094 pro-

575 2092 685 2167 pria
717 2106 846 2150 Sttfll
870 2092 1325 2167 eleemOsynarite.
1357 2096 1622 2149 decimum
1654 2107 1843 2167 panem
1875 2092 1943 2167 de
1967 2092 2145 2167 omni-

572 2166 679 2218 bus
719 2167 815 2235 qui
858 2161 1158 2235 coquuntur
1203 2166 1254 2220 in
1303 2167 1469 2219 furno-
1507 2164 1849 2235 monasterii;
1879 2161 2143 2235 decimam

572 2231 750 2288 atuani
780 2236 881 2291 viui
915 2231 1273 2305 provenieutis
1310 2237 1362 2288 iu
1404 2236 1572 2289 vineis
1598 2233 1880 2296 ecclesiae;
1913 2231 2146 2305 et_situi-

574 2305 695 2359 liter
720 2306 786 2361 de
811 2301 960 2374 agnis
991 2307 1221 2375 aliisque
1257 2306 1577 2373 pecoribus;
1613 2318 1710 2358 nec
1736 2319 1838 2375 non
1869 2310 1924 2356 et
1958 2301 2145 2375 deca-

570 2375 697 2439 seis,
728 2379 817 2445 qui
846 2370 983 2431 fiunt
1015 2393 1107 2444 per
1130 2370 1345 2440 curtes,
1374 2375 1635 2429 decimam
1660 2375 1771 2445 ipse
1792 2373 1962 2445 levat.
1989 2390 2015 2445 ι
2038 2370 2145 2427 Ve-

573 2460 687 2498 rum
745 2442 968 2513 primam
1016 2442 1243 2515 hujusce
1288 2447 1389 2513 pia:
1434 2443 1835 2499 consuetudinis
1885 2442 2151 2515 originem

573 2530 688 2571 non.
720 2519 947 2570 concilio
986 2516 1398 2585 Aquisgrauensi
1441 2515 1717 2576 debemus,
1760 2528 1919 2585 quam
1973 2514 2146 2581 potius

571 2584 919 2640 confirmasse
965 2584 1286 2640 credendum
1338 2594 1453 2649 est,
1506 2600 1610 2638 non
1647 2584 1975 2649 instituisse;
2022 2599 2152 2638 nam

577 2656 734 2721 longo
764 2666 885 2709 ante
933 2668 1172 2724 tempore
1210 2656 1268 2711 S.
1321 2655 1606 2710 Filibertus
1656 2654 1822 2710 abbas
1845 2654 2147 2724 ,Gemmeti-

573 2726 755 2779 censis
774 2725 984 2795 (Strati
1016 2725 1236 2793 Bened.,
1267 2744 1387 2795 pag.
1401 2725 1525 2795 8‘22)
1545 2723 1854 2780 monasterii
1883 2725 1964 2778 sui
1993 2735 2147 2779 tstu-

576 2796 735 2849 debat
763 2811 950 2851 omnes
979 2799 1185 2862 species
1227 2798 1617 2851 decimare.....
1650 2796 1819 2863 ipsam
1856 2795 2015 2864 igitur
2054 2796 2149 2848 de-

575 2866 764 2919 cimam
811 2866 864 2919 in
910 2868 1238 2935 captivorum
1291 2866 1711 2934 redemptionem
1760 2874 1817 2919 et
1854 2880 2149 2934 pauperum

574 2937 877 2990 alimoniam
902 2937 1219 3006 deputabat;
1266 2937 1320 2990 in
1351 2945 1553 2989 tantum
1604 2947 1661 2989 ut
1706 2935 1998 2990 monachos
2022 2950 2147 2989 suos

577 3017 791 3075 propter
821 3007 922 3062 hoc
948 3023 1067 3061 cum
1093 3009 1296 3061 onustis
1319 3008 1541 3061 navibus
1566 3006 1803 3075 partibus
1839 3006 2149 3059 transmari-

574 3077 658 3130 nis
689 3078 1093 3139 transmitteret.
1122 3089 1176 3133 et
1203 3094 1389 3146 greges
1421 3079 1747 3146 captivorum
1791 3090 1883 3142 per
1908 3090 2153 3146 cumre-

572 3149 776 3216 dempti
832 3148 1111 3203 laudarent
1158 3145 1449 3217 potentiam
1498 3145 1771 3217 intristi,»
1813 3153 1873 3198 ut
1916 3145 2147 3217 loqjtur
2175 3154 2218 3213 (ζ

574 3214 871 3287 anonymus
901 3218 952 3271 in
983 3220 1101 3286 eius
1122 3214 1255 3276 Vita.
1288 3233 1341 3271 n.
1370 3217 1460 3270 21.
1493 3215 1677 3283 Neque
1704 3214 1790 3269 hic
1812 3214 1962 3287 stetit
1984 3214 2155 3287 causa

576 3284 880 3341 nostrorum
912 3288 963 3342 in
1012 3284 1273 3356 pauperes
1293 3298 1347 3340 et
1383 3300 1582 3354 egenos
1622 3290 1707 3353 pTa
1754 3284 2152 3356 misericordia;

576 3370 710 3426 quos
737 3356 892 3427 longe
919 3355 1049 3412 alias
1077 3372 1276 3426 easque
1303 3357 1573 3427 largiores
1604 3356 1656 3409 itt
1685 3355 1909 3427 gratiam
1950 3368 2153 3422 paupeo

578 3424 695 3482 aum
720 3424 1091 3497 elee'mosyaas
1118 3428 1169 3481 in
1192 3424 1312 3481 dies
1333 3424 1844 3497 di’stribuissefacile
1867 3436 2156 3497 cognoscet

578 3498 667 3564 qui
690 3498 771 3551 vel
788 3494 1002 3567 antiqua
1017 3498 1332 3552 S.Adalardi
1348 3496 1552 3552 abbatis
1569 3494 1910 3567 Corbeiensis
1933 3504 2152 3561 statuta,

580 3576 636 3620 et
663 3564 931 3622 collectas
970 3569 1037 3621 ab
1095 3566 1344 3622 Udalrico
1414 3564 1785 3620 Cluniacensis
1847 3567 2154 3620 monasterii

580 3638 1011 3700 consuetudines,
1051 3640 1299 3706 aliasque.
1318 3636 1605 3706 permultas
1652 3636 1751 3707 levi
1789 3634 1975 3707 saltem
2002 3636 2181 3707 oculo.

582 3708 823 3761 contueri
852 3709 1100 3763 voluerit.
1130 3702 1332 3762 Scribit
1343 3709 1503 3761 etiam
1525 3706 1791 3759 Antonius
1823 3702 2081 3767 Yepezius
2102 3706 2154 3759 in

585 3776 859 3843 aliquibus
895 3779 1098 3833 ordinis
1137 3778 1313 3832 nostri
1347 3776 1690 3830 monasteriis
1727 3774 2015 3843 Hispania,
2051 3790 2155 3829 non

582 3848 766 3925 solum
800 3848 1067 3925 decimam
1094 3849 1348 3925 bonorum
1381 3856 1582 3925 partem
1710 3860 1836 3899 usus
1867 3859 2155 3925 pauperum

584 3918 800 3982 cedere,
853 3920 948 3973 sed
997 3920 1157 3973 etiam
1209 3919 1482 3986 quintam;
1531 3916 1815 3985 laudatque
1869 3916 2154 3986 interalut

585 3987 851 4043 Galltacia:
877 4001 930 4043 et
956 3989 1185 4043 Asturite
1215 3985 1556 4049 monasteria,
1594 3988 1750 4056 123
1777 4002 1895 4054 (μιςὲ
1921 3989 1969 4039 in
2014 3985 2158 4041 fante

586 4069 642 4111 ct
668 4058 752 4111 lue
772 4071 1050 4127 grassante
1090 4066 1218 4112 sunt
1246 4074 1369 4111 vera
1390 4067 1443 4111 et
1462 4069 1605 4110 certa
1628 4070 1915 4123 egenorum
1941 4057 2153 4110 horrea.

585 4127 744 4183 Certe
774 4132 825 4182 iu
855 4130 1138 4197 przecitatis
1164 4129 1486 4185 S.Adalardi
1508 4129 1742 4188 statutis,
1781 4136 1972 4194 praiter
1992 4128 2156 4197 multa

588 4202 713 4262 alia,
752 4196 868 4270 [nec
902 4203 1020 4268 lego
1045 4199 1180 4270 (Lib.
1216 4215 1254 4262 t,
1286 4216 1332 4252 ε.
1361 4200 1458 4266 6):
1499 4218 1515 4248 ι
1549 4198 1768 4270 Insuper
1799 4196 2162 4270 disposuimus

587 4270 717 4323 dare
760 4264 856 4338 ipsi
883 4264 1369 4339 supra'memorato
1400 4264 1765 4335 'hospitalario
1794 4268 1861 4322 de
1902 4265 2046 4321 omni
2072 4282 2158 4321 ar-

587 4338 1022 4409 gentoquidquitl
1058 4342 1122 4392 ad
1167 4350 1371 4407 portam
1421 4338 1627 4393 venerit
1663 4340 1902 4406 quintam
1951 4351 2165 4409 partem

590 4424 685 4475 per
706 4424 891 4463 manus
920 4408 1138 4478 portarii
1164 4410 1411 4462 senioris.
1437 4427 1456 4460 ι
1491 4408 1758 4473 Ampliora
1788 4409 1946 4478 etiam
1990 4408 2156 4478 miseo

593 4479 835 4531 t-ieordite
864 4477 1069 4533 viscera
1101 4495 1223 4548 erga
1255 4492 1513 4546 pauperes
1534 4479 1765 4548 ostendit
1805 4479 1863 4531 S.
1900 4477 2156 4541 lsidorus,

1895 290 1953 346 S.
1984 290 2059 344 ‘P.
2101 288 2469 346 BENEDiCTl‘

3752 297 3888 355 31?.

2232 406 2318 482 lis,
2349 406 2494 482 edito
2521 408 2619 461 huc
2633 417 2863 463 statuto:
2886 429 2903 482 t
2925 410 3478 479 Quidquidd’emeusa
3511 413 3879 482 Quod-tiara

2234 480 2369 553 antra
2396 476 2541 553 ribus
2565 488 2829 553 superest,
2852 476 3189 550 eleemos'yna
3215 476 3827 553 communisacci’iat-
3845 504 3870 535 ι

2235 545 2533 621 (Stat.33.)
2584 548 2725 602 Idem
2774 559 3028 604 statutum
3068 545 3210 605 anno
3231 552 3388 618 1200,
3407 554 3506 608 sub
3531 545 3785 621 "agone
3825 557 3874 609 ν

2234 619 2766 691 abbaterenovatum
2795 630 2897 683 est,
2923 632 2978 676 et
3004 638 3145 676 anno
3175 622 3313 677 1644
3353 624 3406 676 in
3434 619 3697 691 capitulo
3720 640 3867 690 ριιοο

2236 686 2445 761 vinciali
2477 688 2768 761 Anglorum
2803 691 3189 747 monachorum
3219 686 3701 761 Northamptonise
3722 686 3870 750 ἀο-

2238 756 2442 836 lebrato
2470 756 2758 836 sancitum.
2796 762 3123 836 Idem-etiam
3156 764 3259 836 sub
3281 756 3615 836 gravissimis
3644 768 3871 833 panis

2237 832 2535 900 reperimus
2585 832 2639 882 in
2681 832 2907 884 concilio
2953 832 3243 888 Oxoniensi
3292 832 3439 888 anno
3470 832 3657 899 1222.7
3690 837 3869 900 apud

2238 897 2619 973 Spelmannum
2646 900 2815 973 (Tom.
2844 902 2879 973 ll
2905 902 3058 956 Cone.
3078 903 3229 973 Angl.
3256 921 3309 972 p.
3336 904 3461 972 189)
3487 905 3572 959 bis
3601 897 3806 959 verbis
3838 923 3859 959 :

2243 968 2749 1041 tumuia‘victualia
2783 972 3045 1038 religiosis
3093 968 3409 1041 apponenda
3442 968 3566 1029 sine
3606 976 3861 1028 subtra-

2236 1037 2417 1113 ctioue
2443 1037 2726 1113 aliqua‘eis
2755 1055 3110 1109 opponantur,
3131 1037 3247 1097 iam
3281 1046 3333 1098 itt
3362 1054 3625 1100 conventu
3660 1060 3857 1113 quam

2237 1108 2385 1183 alibi,
2422 1108 2511 1163 ubi
2542 1108 2883 1183 reficiuntur;
2912 1126 2961 1167 et
2988 1115 3065 1168 de,
3081 1116 3331 1170 omnibus
3356 1116 3616 1183 appositis
3648 1108 3853 1169 totum

2240 1178 2509 1254 residuum
2538 1182 2655 1235 sine
2681 1181 3027 1254 diminutione
3050 1183 3295 1239 itacedat
3318 1185 3370 1237 in
3392 1178 3850 1254 eleemosynam,

2241 1262 2336 1328 per
2361 1250 2841 1328 eleemosynatium
2870 1256 3151 1328 egentibus
3184 1254 3411 1328 fideliter
3438 1250 3796 1328 erogandum
3830 1273 3847 1318 ;

2239 1320 2309 1372 ita
2339 1320 2488 1393 quod
2521 1320 2619 1377 nec
2646 1322 2835 1384 abbas.
2868 1320 2965 1393 nee
3004 1326 3167 1391 prior,
3206 1338 3303 1378 nec
3351 1320 3849 1391 eleemosynarius

2242 1392 2410 1462 possit
2436 1400 2627 1462 contra
2651 1393 2751 1445 hoc
2779 1395 3092 1457 dispensare
3116 1413 3128 1448 :
3152 1405 3207 1450 et
3230 1396 3530 1462 quicunque
3554 1405 3847 1449 statutum

2240 1459 2409 1526 ist-nd,
2433 1461 2515 1515 vel
2548 1461 2676 1516 illud
2704 1463 2771 1516 de
2808 1464 3131 1519 indumentis
3185 1459 3470 1519 admittere
3512 1466 3599 1519 vel
3634 1465 3849 1518 obSer-

2241 1545 2366 1584 vare
2388 1531 2651 1597 noluerit,
2677 1532 2719 1584 si
2754 1535 3004 1588 sacerdos
3031 1534 3209 1601 fuerit,
3239 1550 3269 1588 a
3295 1534 3656 1590 celebratione
3686 1536 3847 1589 divi-

2243 1616 2431 1654 norum
2457 1618 2471 1663 ;
2518 1602 2564 1655 si
2613 1602 2836 1657 minoris
2866 1605 3072 1659 ordinis
3100 1607 3185 1659 vel
3219 1606 3484 1671 monialis,
3516 1620 3545 1658 a
3575 1619 3844 1659 commu-

2244 1672 2401 1726 nione
2432 1672 2695 1744 Dominiei
2719 1675 2961 1742 corporis
2984 1689 3152 1744 usque
3172 1676 3236 1729 ad
3263 1675 3472 1743 plenam
3498 1677 3844 1730 satisfactio—

2247 1757 2365 1814 nem
2397 1742 2777 1814 suspendatur.
2809 1762 2834 1795 ι
2881 1745 2944 1801 Et
2984 1742 3305 1799 Benedictus
3332 1760 3466 1814 papa
3506 1745 3600 1799 XII
3638 1746 3694 1799 in
3733 1762 3841 1800 sua

2243 1810 2946 1885 Const_ittttione,cap.18:
2982 1832 3001 1866 ο
3029 1814 3292 1885 Quidquid
3334 1810 3415 1869 de
3431 1816 3842 1869 administratis

2246 1882 2425 1953 (cibis)
2453 1883 2744 1949 supererit,
2771 1884 3129 1953 eleemosynte
3176 1882 3472 1952 applicetur
3514 1901 3615 1953 per
3667 1887 3840 1939 illum

2244 1952 2333 2023 qui
2363 1954 2430 2006 ad
2459 1954 2560 2007 llnc
2582 1953 2740 2007 fuerit
2760 1952 3070 2022 deputatus;
3099 1971 3199 2010 nec
3215 1957 3408 2021 aliquis
3447 1952 3584 2009 alius
3610 1970 3716 2023 per
3748 1972 3837 2019 se,

2245 2022 2326 2074 vel
2358 2036 2455 2090 per
2482 2023 2646 2076 alium
2674 2025 2739 2077 de
2765 2026 3051 2080 refectorio
3076 2040 3169 2080 seu
3191 2026 3547 2091 infirmitorio,
3593 2022 3682 2080 vel
3723 2026 3840 2079 alio

2247 2091 2367 2163 loco
2393 2093 2445 2163 in
2476 2108 2605 2163 quo
2632 2096 2881 2149 monachi
2913 2098 3220 2160 comedent,
3262 2095 3463 2163 aliquid
3503 2097 3835 2160 extrahere,

2247 2161 2330 2216 vel
2357 2161 2497 2235 alibi
2512 2161 2745 2228 deferre,
2777 2179 2870 2221 seu
2901 2165 3056 2221 alteri
3079 2161 3477 2235 usuiapplicare
3497 2175 3833 2235 prmsumat:

2246 2231 2387 2302 quod
2407 2234 2453 2287 si
2476 2233 2680 2305 fecerit,
2706 2250 2804 2300 pro
2823 2236 3064 2305 qualibet
3081 2239 3198 2292 vice
3225 2231 3319 2304 per
3350 2231 3639 2291 duos—dies
3670 2236 3838 2305 panis

2247 2310 2306 2358 et
2326 2317 2476 2372 aquae
2505 2304 2851 2360 solummodo
2868 2308 3194 2373 paenitentiae
3218 2306 3496 2361 subdatur.
3521 2324 3541 2358 ι

2319 2377 2387 2426 At
2414 2374 2541 2441 quid
2572 2373 2638 2427 de
2658 2375 3005 2444 amplissimis
3051 2385 3355 2431 nostrorum
3388 2376 3835 2430 Cluniacensium

2247 2442 2607 2513 eleemosynis
2633 2442 2885 2515 referam,
2915 2448 3005 2515 qui
3050 2447 3133 2501 vel
3165 2462 3273 2499 uno
3310 2446 3397 2499 die
3426 2449 3832 2515 septemdecim

2248 2528 2538 2585 egenorum
2576 2514 2826 2585 millibus
2872 2514 3063 2585 stipem
3108 2532 3360 2585 erogasse
3414 2514 3837 2569 memorantur?

2248 2584 2380 2649 Quid
2404 2583 2473 2637 de
2518 2583 2640 2637 aliis
2664 2583 2968 2641 Germania!
3000 2583 3375 2642 monasteriis?
3402 2588 3506 2641 Sed
3539 2587 3714 2640 satius
3747 2598 3835 2640 est

2249 2654 2476 2708 alienam
2505 2654 2603 2726 bac
2631 2654 2683 2709 in
2729 2672 2891 2710 causa
2915 2659 3148 2726 linguam
3178 2655 3388 2721 audire,
3431 2671 3589 2725 quam
3627 2657 3829 2710 dome-

2249 2725 2437 2796 sticam
2475 2742 2488 2777 :
2524 2743 2543 2775 ι
2571 2725 2782 2781 Suntin
2803 2728 2919 2780 sola
2946 2725 3246 2790 Germania,
3305 2727 3475 2796 inquit
3516 2727 3832 2780 Dominicus

2251 2793 2485 2848 Gravina
2507 2797 2712 2851 ordinis
2740 2796 2801 2853 S.
2830 2797 3111 2860 Dominici,
3141 2793 3391 2851 emnobia'
3412 2798 3829 2856 monachorum,

2250 2877 2370 2932 quae
2392 2875 2515 2919 octo
2536 2878 2588 2920 et
2609 2867 2793 2921 decem
2817 2868 2980 2921 millia
3007 2882 3291 2923 aureorum
3316 2868 3368 2921 in
3391 2881 3652 2936 pauperes
3669 2867 3831 2937 123

2252 2944 2505 3001 erogant;
2556 2936 2892 2991 xenodochia
2923 2940 3120 3007 passim
3152 2947 3462 3002 occurrunt,
3486 2936 3711 3007 quorum
3746 2944 3829 2989 in-

2254 3007 2390 3058 hrnti
2413 3020 2597 3077 eorum
2628 3008 2879 3075 expensis
2920 3010 3115 3077 passim
3142 3018 3472 3063 recreantur.
3517 3006 3625 3061 Ter
3663 3022 3830 3075 gene-

2252 3080 2394 3129 rales
2434 3076 2787 3148 eleemosyne
2822 3076 3093 3135 sexcentis
3130 3089 3185 3133 et
3230 3078 3459 3146 amplius
3502 3077 3828 3132 distribuum

2255 3156 2368 3207 tur;
2403 3146 2682 3202 uberiores
2705 3163 2831 3203 vero
2860 3150 3343 3203 anniversarioru'm
3394 3159 3636 3214 tempore
3680 3148 3827 3210 iuxta

2260 3214 2599 3271 iundatorum
2623 3219 2970 3272 intentionem
2994 3219 3384 3287 profunduntur
3400 3238 3411 3278 ;
3428 3221 3589 3272 certis
3611 3232 3828 3285 quoque

2257 3288 2381 3339 anni
2428 3288 2756 3353 temporibus
2783 3289 3021 3358 quinque
3060 3290 3141 3344 vel
3189 3302 3281 3343 sex
3329 3290 3492 3341 millia
3525 3289 3825 3349 hominum,

2258 3370 2403 3423 saepe
2444 3368 2675 3422 quatuor
2704 3359 2865 3412 millia
2912 3361 3072 3413 etiam
3122 3359 3386 3414 foveatur.
3432 3360 3559 3423 Quis
3587 3369 3827 3410 secretas

2258 3436 2531 3481 recenseat
2572 3429 2636 3481 iis
2689 3439 2897 3483 secreto
2934 3429 3111 3495 datas,
3144 3432 3231 3498 qui
3289 3430 3599 3483 mendicare
3631 3428 3826 3498 erube-

2257 3498 2743 3564 scunt,virginibus
2770 3502 3069 3567 pra'sertim
3096 3497 3378 3559 nobilibus,
3400 3499 3572 3551 viduis
3590 3497 3822 3560 afﬂictis,

2258 3568 2611 3638 pauperrimis
2652 3571 2745 3623 sed
2784 3569 3049 3624 nobilibus
3086 3569 3247 3623 viris?
3285 3571 3338 3622 In
3371 3570 3435 3621 iis
3461 3581 3674 3638 quoque
3699 3573 3827 3620 cna-

2259 3637 2430 3709 ritatis
2454 3637 2676 3690 affectus
2706 3641 3042 3707 propensior,
3084 3653 3308 3709 quorum
3356 3637 3582 3692 fortuna-
3617 3638 3827 3709 velgde-

2254 3706 2506 3772 jectioue,
2533 3709 2613 3761 vel
2642 3706 3411 3767 ﬂaminismliisve'innomeris
3435 3707 3827 3762 calamitatibus

2257 3776 2574 3844 absumptte.
2607 3798 2623 3829 ι
2672 3778 2796 3833 Haec
2851 3780 2941 3834 ille
2975 3780 3027 3835 iu
3080 3780 3288 3834 laudem
3330 3788 3652 3833 nostrorum.
3709 3776 3825 3833 Non

2257 3855 2409 3899 vacat
2432 3849 2516 3901 hic
2539 3862 2725 3902 omnes
2749 3849 2986 3903 omnium
3017 3850 3403 3909 cmnobiorum.
3446 3849 3617 3903 multo
3653 3851 3825 3902 minus

2258 3916 2604 3984 Singularium
2636 3921 2887 3972 abbatum
2916 3935 3040 3987 erga
3073 3934 3332 3988 pauperes
3351 3920 3717 3988 eleemosyuas
3740 3933 3826 3971 re-

2258 4001 2512 4059 censere;
2563 3997 2618 4041 at
2665 3999 2813 4042 certe
2843 3991 3091 4044 nonnulla
3139 3990 3486 4059 quorumdam
3536 3992 3666 4041 facta
3695 4002 3828 4056 pre-

2262 4056 2557 4128 termittere
2583 4074 2691 4111 non
2728 4074 2962 4125 possum,
2992 4056 3217 4128 quorum
3258 4061 3561 4127 exemplum
3594 4059 3826 4127 posteris

2259 4127 2323 4179 ad
2338 4128 2766 4235 adifica’tionem
2788 4127 3051 4185 inservire
3077 4140 3274 4200 potest,
3301 4138 3359 4186 et
3384 4130 3585 4184 titinva
3615 4128 3679 4182 ad
3710 4129 3827 4182 iuti-

2260 4207 2512 4235 Inltnnnrn

2260 4207 2514 4251 tationem
2547 4207 2560 4251 Ξ

2336 4268 2444 4320 llos
2487 4268 2628 4322 inter
2675 4271 2893 4324 excellit
2933 4270 3196 4338 imprimis
3222 4270 3281 4324 S.
3330 4270 3625 4324 Ansbertus
3668 4267 3827 4321 abbas

2263 4336 2704 4400 Fontanellensis,
2739 4341 2851 4406 qui,
2884 4350 2940 4393 ut
2966 4336 3152 4393 scribit
3179 4340 3438 4407 Aigradus
3459 4339 3512 4392 in
3544 4339 3663 4406 ejus
3687 4338 3820 4402 Vita,

2262 4408 2407 4478 n.2t
2438 4406 2582 4478 (-_Sec.
2612 4424 2645 4461 tt
2678 4407 2894 4473 Benod.,
2931 4426 3048 4477 pag.
3083 4406 3265 4478 tum),
3301 4427 3323 4460 ο
3357 4409 3409 4462 in
3431 4425 3525 4475 pra
3543 4408 3650 4461 fatu
3675 4422 3823 4460 vene.

2266 4477 2420 4528 rabili
2444 4475 2835 4532 Fontanellensi
2856 4475 3203 4542 monasterio,
3224 4475 3365 4531 inter
3391 4478 3557 4531 felicia
3583 4478 3823 4533 bonitat's

589 4563 710 4602 cum
763 4549 971 4602 tertiam
1023 4538 1280 4602 bonoi-um
1323 4538 1632 4601 monasterii
1675 4558 1875 4616 partem
1921 4548 1986 4601 ad
2033 4538 2163 4600 usus
2190 4538 2375 4600 Dsuae
2404 4557 2575 4615 gesta,
2609 4547 2769 4603 etiam
2822 4538 3210 4603 xeuodochium
3252 4548 3593 4602 imbecillium
3624 4562 3685 4601 ac
3730 4548 3820 4601 tle-

590 4633 878 4687 egenorum
908 4620 1137 4689 assignat
1166 4618 1316 4689 (Reg.
1340 4634 1385 4671 c.
1414 4619 1500 4685 18)
1525 4636 1538 4671 :
1561 4637 1577 4667 t
1602 4619 1796 4685 Omne,
1816 4617 2163 4689 inquit,quod

592 4691 646 4741 in
678 4688 1055 4742 monasterium
1104 4690 1156 4742 in
1211 4688 1427 4741 nummo
1468 4690 1829 4758 ingredietur,
1876 4691 1975 4741 sub
2019 4688 2167 4741 testi-

515 4814 530 4830 .
595 4760 773 4830 mouio
828 4758 1100 4830 seniorum,
1149 4757 1541 4824 accipiendum.
1592 4760 1786 4812 Eadem
1843 4757 2066 4826 pecunia
2108 4759 2160 4810 in

595 4828 763 4881 tribus
802 4829 1041 4895 partibus
1071 4829 1353 4881 dividenda
1391 4840 1507 4889 est;
1536 4846 1756 4897 quarum
1791 4845 1892 4882 una
1924 4830 2027 4882 erit
2068 4842 2162 4892 pro

595 4898 822 4951 infirmis
849 4906 903 4951 et
928 4900 1162 4961 senibus,
1192 4909 1243 4951 et
1267 4915 1364 4967 pro
1389 4900 1565 4967 aliquo
1586 4900 1876 4953 coemendo
1899 4901 1950 4952 in
1974 4897 2164 4950 diebus

593 4971 794 5022 sanctis
817 4968 1009 5023 cultius
1032 4970 1094 5022 ad
1118 4966 1312 5023 victuiu
1337 4966 1627 5024 fraternum
1653 4986 1667 5033 ;
1697 4971 1800 5022 alia
1831 4983 1923 5034 pro
1971 4966 2161 5036 egenis,

596 5042 750 5092 tertia
782 5053 877 5105 pro
903 5040 1232 5094 vestimentis
1258 5042 1485 5094 fratrum
1503 5050 1556 5092 et
1582 5054 1894 5106 puerorum,
1924 5040 2004 5089 vel
2046 5037 2162 5106 qui-

594 5112 798 5178 busque
827 5110 888 5160 ad
919 5110 1289 5166 necessitatem
1322 5105 1628 5164 monasterii
1679 5107 2008 5163 coemendis.
2032 5124 2054 5157 ι
2090 5105 2167 5158 In-

592 5195 754 5247 super
782 5182 952 5246 capite
978 5184 1217 5252 sequenti
1249 5191 1302 5235 et
1345 5182 1575 5252 decimo,
1606 5178 1857 5247 quidquid
1890 5178 2167 5252 residuum

594 5246 791 5304 mensa:
846 5252 1022 5314 fuerit,
1056 5246 1344 5320 pauperum
1388 5251 1572 5305 usibus
1619 5246 2162 5320 reschandumprte-

591 5321 775 5373 scribit
831 5316 1070 5376 Obtinuit
1106 5316 1303 5377 et'htec
1344 5323 1394 5376 in
1426 5320 1669 5375 omnibus
1703 5319 1813 5372 fere
1836 5316 2038 5370 ordinis
2066 5331 2163 5370 no-

591 5392 688 5445 stri
720 5394 1057 5446 monasteriis
1084 5395 1435 5447 consuetudo.
1486 5392 1647 5444 Certe
1681 5390 1842 5443 nostri
1876 5386 2160 5441 Divionen-

592 5463 745 5516 sesS.
766 5462 981 5529 licuigui
1006 5479 1070 5516 ex
1103 5478 1231 5516 mss.
1261 5459 1850 5526 Consuetudine,c.45,
1871 5457 2156 5511 etClunia—

590 5546 777 5585 enses
805 5549 869 5585 ex
904 5532 1151 5587 Udalrico
1183 5533 1275 5587 lib.
1310 5548 1366 5591 ιι.
1398 5548 1447 5584 c.
1486 5530 1577 5591 35.
1607 5529 1861 5599 quidquid
1911 5530 2061 5597 panis
2105 5538 2160 5581 et

592 5602 694 5653 ιιιιὶ
724 5617 918 5657 meuste
948 5604 1291 5667 redundabat,
1326 5613 1380 5655 et
1406 5602 1474 5656 de
1517 5603 1632 5655 ali;s
1660 5601 1794 5655 cibis
1822 5599 2157 5652 medietatem

591 5674 909 5736 pauperibus
935 5675 1329 5740 tlispensabant.
1366 5672 1615 5725 Pietatem
1655 5688 1805 5724 suam
1837 5671 1887 5723 in
1911 5668 2158 5740 omnibus

590 5757 804 5797 ouunno
851 5738 1117 5799 illiillctllla'
1162 5744 1397 5799 estenlit
1436 5755 1616 5816 postea
1652 5743 1838 5798 l’ctrus
1870 5738 2155 5796 Venerabi-

2270 4622 2594 4686 erepitorum
2622 4634 2932 4687 pauperum,
2959 4620 3025 4671 ad
3073 4621 3240 4671 instar
3276 4618 3508 4672 duodeni
3559 4619 3821 4685 apostolici

2272 4688 2477 4741 numeri
2507 4689 2798 4753 constituit,
2849 4688 3115 4756 deputatis
3146 4689 3346 4742 eisdem
3392 4689 3552 4742 rebus
3581 4703 3697 4755 qua:
3722 4693 3820 4739 sut-

2270 4757 2508 4811 ticieuter
2564 4759 2861 4825 prteberent
2908 4760 3210 4812 alimoniam
3245 4776 3257 4811 :
3287 4760 3420 4811 alias
3448 4772 3657 4827 quoque
3699 4758 3822 4811 duas

2268 4828 2543 4882 constituit
2569 4829 2620 4881 in
2639 4829 2826 4884 eodem
2851 4828 3182 4882 monasterio
3200 4843 3490 4896 pauperum
3519 4828 3711 4881 Chriin
3738 4834 3820 4881 uc-

2269 4897 2449 4951 bilium
2480 4900 2805 4962 mansiones,
2838 4914 2972 4965 quos
3003 4899 3053 4951 in
3080 4900 3423 4965 octogenario
3448 4914 3513 4951 ex
3539 4899 3714 4951 multis
3739 4913 3819 4950 sa-

2268 4975 2413 5038 crato
2445 4984 2667 5021 numero
2692 4969 2999 5038 singillatim
3023 4979 3247 5022 octonos
3272 4968 3511 5022 habitare
3541 4971 3680 5032 fecit,
3711 4972 3818 5036 qui-

2266 5036 2365 5089 bus
2393 5051 2423 5090 s
2444 5053 2508 5090 ue
2531 5036 2817 5107 indigentia
2835 5039 3196 5108 quotidianum
3222 5038 3395 5105 largiri
3421 5040 3621 5108 vict-im
3643 5052 3817 5106 pereu-

2269 5108 2406 5159 uitt-r
2453 5110 2680 5162 censuit.
2724 5106 2924 5162 Horum
2972 5112 3175 5161 vacatio
3226 5110 3366 5161 nulla
3407 5118 3522 5162 erat
3581 5106 3677 5161 alia
3728 5110 3814 5161 nisi

2268 5176 2414 5230 horis
2442 5179 2744 5231 constitutis
2767 5180 2971 5231 diurnis
2996 5192 3096 5231 noc
3122 5179 3334 5232 uruisvo
3366 5182 3416 5230 in
3438 5179 3599 5232 domo
3628 5179 3712 5231 Dei
3739 5194 3813 5232 re-

2264 5248 2462 5307 sidere.
2489 5249 2717 5302 orationi
2749 5263 2810 5302 ac
2838 5249 3096 5301 vacatiuui
3124 5250 3317 5302 divinat
3349 5249 3541 5303 devote
3565 5248 3808 5308 insistere,

2264 5326 2318 5369 et
2348 5324 2588 5384 tempore
2616 5321 2671 5373 S.
2700 5320 3053 5386 saeriticiipro
3081 5319 3251 5372 salute
3276 5321 3632 5387 etsalvutione
3652 5321 3812 5387 p0puli

2265 5387 2553 5463 Christiani
2588 5389 2929 5463 Ecclesiaque
2969 5388 3226 5463 catholica
3249 5390 3442 5458 ubique
3470 5386 3809 5463 diﬂusaivicti-

2265 5472 2401 5509 mam
2433 5460 2720 5513 salutarem
2752 5458 2964 5513 offerre.
3003 5478 3021 5509 ι
3073 5458 3595 5513 lluicacceusendus
3628 5458 3810 5513 videtur

2268 5528 2325 5582 S.
2344 5527 2531 5598 Petrus
2545 5530 2710 5582 abbas
2723 5530 2992 5595 ('aveusis,
3012 5531 3098 5598 qui
3122 5538 3257 5583 teSte
3271 5529 3539 5583 Venusina
3551 5531 3603 5583 in
3620 5530 3807 5596 ejttsVi-

2264 5607 2336 5661 ta,
2353 5612 2408 5650 n.
2443 5597 2640 5667 7(Boll.
2660 5600 2691 5651 li
2708 5598 2895 5669 Mart.)
2916 5638 2930 5654 .
2947 5597 3143 5669 egenos
3163 5618 3180 5651 t
3199 5598 3505 5654 catervatim
3529 5613 3737 5667 pascere
3755 5614 3805 5651 ac

2264 5670 2460 5722 vestire
2486 5681 2861 5730 consueverat,
2914 5685 2976 5724 ac
3005 5671 3327 5733 vestiendos,
3353 5682 3414 5723 ac
3436 5670 3655 5723 alo-udos
3680 5679 3807 5721 lauto

2264 5740 2437 5794 studio
2468 5756 2707 5809 qua-rere
2733 5778 2749 5806 ,
2808 5754 2860 5795 ut
2893 5741 3049 5797 etiam
3084 5755 3178 5809 pro
3225 5740 3556 5798 inveniendis
3590 5741 3803 5797 civitates
