  <div class='ocr_page' id='page_1' title='image "/cluster/home/n/w/nwhite01/storage/ocr_20150623/66/hvd.32044015469323/169.png"; bbox 0 0 4102 6360; ppageno 0'>
   <div class='ocr_carea' id='block_1_1' title="bbox 665 289 766 345">
    <p class='ocr_par' dir='ltr' id='par_1_1' title="bbox 665 289 766 345">
     <span class='ocr_line' id='line_1_1' title="bbox 665 289 766 345; baseline 0 -1"><span class='ocrx_word' id='word_1_1' title='bbox 665 289 766 345; x_wconf 70' lang='grc' dir='ltr'><strong>5ὶῦ</strong></span> 
     </span>
    </p>
   </div>
   <div class='ocr_carea' id='block_1_2' title="bbox 1988 285 2560 340">
    <p class='ocr_par' dir='ltr' id='par_1_2' title="bbox 1988 285 2560 340">
     <span class='ocr_line' id='line_1_2' title="bbox 1988 285 2560 340; baseline -0.002 0"><span class='ocrx_word' id='word_1_2' title='bbox 1988 288 2057 340; x_wconf 80' lang='lat' dir='ltr'><strong>‘S.</strong></span> <span class='ocrx_word' id='word_1_3' title='bbox 2100 288 2157 340; x_wconf 85' lang='lat' dir='ltr'><strong>P.</strong></span> <span class='ocrx_word' id='word_1_4' title='bbox 2203 285 2560 340; x_wconf 69' lang='lat' dir='ltr'><strong>BENEDICTI</strong></span> 
     </span>
    </p>
   </div>
   <div class='ocr_carea' id='block_1_3' title="bbox 3861 283 3970 335">
    <p class='ocr_par' dir='ltr' id='par_1_3' title="bbox 3861 283 3970 335">
     <span class='ocr_line' id='line_1_3' title="bbox 3861 283 3970 335; baseline 0 -1"><span class='ocrx_word' id='word_1_5' title='bbox 3861 283 3970 335; x_wconf 65' lang='grc' dir='ltr'><strong>5Ξὸ</strong></span> 
     </span>
    </p>
   </div>
   <div class='ocr_carea' id='block_1_4' title="bbox 667 397 3970 473">
    <p class='ocr_par' dir='ltr' id='par_1_4' title="bbox 667 397 3970 473">
     <span class='ocr_line' id='line_1_4' title="bbox 667 397 3970 473; baseline -0.003 -13"><span class='ocrx_word' id='word_1_6' title='bbox 667 404 910 473; x_wconf 67' lang='lat' dir='ltr'><strong>respectu</strong></span> <span class='ocrx_word' id='word_1_7' title='bbox 942 403 1158 458; x_wconf 72' lang='lat' dir='ltr'><strong>ait-iiiis</strong></span> <span class='ocrx_word' id='word_1_8' title='bbox 1180 404 1360 469; x_wconf 78' lang='lat' dir='ltr'><strong>gloria:</strong></span> <span class='ocrx_word' id='word_1_9' title='bbox 1384 400 1684 473; x_wconf 66' lang='lat' dir='ltr'><strong>minuendae</strong></span> <span class='ocrx_word' id='word_1_10' title='bbox 1728 397 1946 473; x_wconf 82' lang='lat' dir='ltr'><strong>mordax</strong></span> <span class='ocrx_word' id='word_1_11' title='bbox 1980 401 2028 450; x_wconf 91' lang='lat' dir='ltr'><strong>in</strong></span> <span class='ocrx_word' id='word_1_12' title='bbox 2070 402 2230 473; x_wconf 81' lang='lat' dir='ltr'><strong>a‘ium</strong></span> <span class='ocrx_word' id='word_1_13' title='bbox 2266 405 2312 459; x_wconf 81' lang='grc' dir='ltr'>Α</span> <span class='ocrx_word' id='word_1_14' title='bbox 2343 400 2499 473; x_wconf 83' lang='lat' dir='ltr'><strong>liceat</strong></span> <span class='ocrx_word' id='word_1_15' title='bbox 2529 397 2722 473; x_wconf 60' lang='lat' dir='ltr'><strong>aiiprid</strong></span> <span class='ocrx_word' id='word_1_16' title='bbox 2770 400 2892 473; x_wconf 80' lang='lat' dir='ltr'><strong>mali</strong></span> <span class='ocrx_word' id='word_1_17' title='bbox 2923 401 2988 473; x_wconf 84' lang='lat' dir='ltr'><strong>de</strong></span> <span class='ocrx_word' id='word_1_18' title='bbox 3019 413 3189 473; x_wconf 68' lang='lat' dir='ltr'><strong>aitero</strong></span> <span class='ocrx_word' id='word_1_19' title='bbox 3224 401 3439 461; x_wconf 73' lang='lat' dir='ltr'><strong>irit-ere;</strong></span> <span class='ocrx_word' id='word_1_20' title='bbox 3471 400 3604 454; x_wconf 72' lang='lat' dir='ltr'><strong>scilit</strong></span> <span class='ocrx_word' id='word_1_21' title='bbox 3626 410 3682 473; x_wconf 82' lang='lat' dir='ltr'><strong>et</strong></span> <span class='ocrx_word' id='word_1_22' title='bbox 3712 404 3970 473; x_wconf 74' lang='lat' dir='ltr'><strong>quando</strong></span> 
     </span>
    </p>
   </div>
   <div class='ocr_carea' id='block_1_5' title="bbox 666 469 2237 539">
    <p class='ocr_par' dir='ltr' id='par_1_5' title="bbox 666 469 2237 539">
     <span class='ocr_line' id='line_1_5' title="bbox 666 469 2237 539; baseline -0.004 -10"><span class='ocrx_word' id='word_1_23' title='bbox 666 469 906 539; x_wconf 74' lang='lat' dir='ltr'><strong>delatio;</strong></span> <span class='ocrx_word' id='word_1_24' title='bbox 938 475 1076 528; x_wconf 87' lang='lat' dir='ltr'><strong>unde</strong></span> <span class='ocrx_word' id='word_1_25' title='bbox 1103 474 1462 526; x_wconf 83' lang='lat' dir='ltr'><strong>et&#39;Cassianus</strong></span> <span class='ocrx_word' id='word_1_26' title='bbox 1484 470 1816 539; x_wconf 79' lang='lat' dir='ltr'><strong>perniciosam</strong></span> <span class='ocrx_word' id='word_1_27' title='bbox 1847 469 2063 537; x_wconf 75' lang='lat' dir='ltr'><strong>fratrum</strong></span> <span class='ocrx_word' id='word_1_28' title='bbox 2089 470 2237 522; x_wconf 77' lang='lat' dir='ltr'><strong>devo-</strong></span> 
     </span>
    </p>
   </div>
   <div class='ocr_carea' id='block_1_6' title="bbox 668 539 2236 608">
    <p class='ocr_par' dir='ltr' id='par_1_6' title="bbox 668 539 2236 608">
     <span class='ocr_line' id='line_1_6' title="bbox 668 539 2236 608; baseline -0.004 -12"><span class='ocrx_word' id='word_1_29' title='bbox 668 548 913 598; x_wconf 80' lang='lat' dir='ltr'><strong>rationem</strong></span> <span class='ocrx_word' id='word_1_30' title='bbox 945 560 1059 598; x_wconf 90' lang='lat' dir='ltr'><strong>eam</strong></span> <span class='ocrx_word' id='word_1_31' title='bbox 1101 555 1274 596; x_wconf 89' lang='lat' dir='ltr'><strong>vocat.</strong></span> <span class='ocrx_word' id='word_1_32' title='bbox 1303 543 1562 608; x_wconf 85' lang='lat' dir='ltr'><strong>Quantum</strong></span> <span class='ocrx_word' id='word_1_33' title='bbox 1591 553 1718 592; x_wconf 90' lang='lat' dir='ltr'><strong>vero</strong></span> <span class='ocrx_word' id='word_1_34' title='bbox 1746 540 1816 590; x_wconf 91' lang='lat' dir='ltr'><strong>sit</strong></span> <span class='ocrx_word' id='word_1_35' title='bbox 1846 540 1930 591; x_wconf 89' lang='lat' dir='ltr'><strong>illa</strong></span> <span class='ocrx_word' id='word_1_36' title='bbox 1962 539 2143 591; x_wconf 84' lang='lat' dir='ltr'><strong>vitium</strong></span> <span class='ocrx_word' id='word_1_37' title='bbox 2176 555 2236 591; x_wconf 85' lang='lat' dir='ltr'><strong>ac</strong></span> 
     </span>
    </p>
   </div>
   <div class='ocr_carea' id='block_1_7' title="bbox 677 609 2237 682">
    <p class='ocr_par' dir='ltr' id='par_1_7' title="bbox 677 609 2237 682">
     <span class='ocr_line' id='line_1_7' title="bbox 677 609 2237 682; baseline -0.003 -15"><span class='ocrx_word' id='word_1_38' title='bbox 677 628 950 682; x_wconf 88' lang='lat' dir='ltr'><strong>peccatum</strong></span> <span class='ocrx_word' id='word_1_39' title='bbox 978 657 990 678; x_wconf 92' lang='lat'><strong>,</strong></span> <span class='ocrx_word' id='word_1_40' title='bbox 1028 629 1124 668; x_wconf 90' lang='lat' dir='ltr'><strong>nec</strong></span> <span class='ocrx_word' id='word_1_41' title='bbox 1164 615 1351 666; x_wconf 89' lang='lat' dir='ltr'><strong>melius</strong></span> <span class='ocrx_word' id='word_1_42' title='bbox 1392 626 1490 663; x_wconf 86' lang='lat' dir='ltr'><strong>nec</strong></span> <span class='ocrx_word' id='word_1_43' title='bbox 1517 609 1858 682; x_wconf 73' lang='lat' dir='ltr'><strong>eloquentius</strong></span> <span class='ocrx_word' id='word_1_44' title='bbox 1867 612 2088 682; x_wconf 63' lang='lat' dir='ltr'><strong>aperire</strong></span> <span class='ocrx_word' id='word_1_45' title='bbox 2119 624 2237 682; x_wconf 87' lang='lat' dir='ltr'><strong>pos-</strong></span> 
     </span>
    </p>
   </div>
   <div class='ocr_carea' id='block_1_8' title="bbox 668 677 2235 753">
    <p class='ocr_par' dir='ltr' id='par_1_8' title="bbox 668 677 2235 753">
     <span class='ocr_line' id='line_1_8' title="bbox 668 677 2235 753; baseline -0.006 -13"><span class='ocrx_word' id='word_1_46' title='bbox 668 677 852 740; x_wconf 66' lang='lat' dir='ltr'><strong>sumus</strong></span> <span class='ocrx_word' id='word_1_47' title='bbox 880 700 1036 753; x_wconf 85' lang='lat' dir='ltr'><strong>quam</strong></span> <span class='ocrx_word' id='word_1_48' title='bbox 1057 689 1112 739; x_wconf 74' lang='grc'><strong>5.</strong></span> <span class='ocrx_word' id='word_1_49' title='bbox 1136 683 1386 736; x_wconf 84' lang='lat' dir='ltr'><strong>Bernardi</strong></span> <span class='ocrx_word' id='word_1_50' title='bbox 1412 680 1586 753; x_wconf 80' lang='lat' dir='ltr'><strong>verbis</strong></span> <span class='ocrx_word' id='word_1_51' title='bbox 1609 678 1800 753; x_wconf 80' lang='lat' dir='ltr'><strong>(Serm.</strong></span> <span class='ocrx_word' id='word_1_52' title='bbox 1830 678 1930 753; x_wconf 38' lang='lat'><strong>6&#39;5;</strong></span> <span class='ocrx_word' id='word_1_53' title='bbox 1949 679 2002 731; x_wconf 81' lang='lat' dir='ltr'><strong>in</strong></span> <span class='ocrx_word' id='word_1_54' title='bbox 2024 677 2197 753; x_wconf 77' lang='lat' dir='ltr'><strong>Cant.)</strong></span> <span class='ocrx_word' id='word_1_55' title='bbox 2223 695 2235 730; x_wconf 93' lang='lat'><strong>:</strong></span> 
     </span>
    </p>
   </div>
   <div class='ocr_carea' id='block_1_9' title="bbox 675 748 2237 824">
    <p class='ocr_par' dir='ltr' id='par_1_9' title="bbox 675 748 2237 824">
     <span class='ocr_line' id='line_1_9' title="bbox 675 748 2237 824; baseline -0.004 -16"><span class='ocrx_word' id='word_1_56' title='bbox 675 776 694 808; x_wconf 71' lang='grc' dir='ltr'><strong>ι</strong></span> <span class='ocrx_word' id='word_1_57' title='bbox 733 748 975 824; x_wconf 83' lang='lat' dir='ltr'><strong>Nunquid</strong></span> <span class='ocrx_word' id='word_1_58' title='bbox 1031 770 1132 808; x_wconf 92' lang='lat' dir='ltr'><strong>non</strong></span> <span class='ocrx_word' id='word_1_59' title='bbox 1166 753 1341 821; x_wconf 83' lang='lat' dir='ltr'><strong>vipera</strong></span> <span class='ocrx_word' id='word_1_60' title='bbox 1387 760 1471 824; x_wconf 82' lang='lat' dir='ltr'><strong>est</strong></span> <span class='ocrx_word' id='word_1_61' title='bbox 1496 748 1670 824; x_wconf 70' lang='lat' dir='ltr'><strong>lingua</strong></span> <span class='ocrx_word' id='word_1_62' title='bbox 1714 749 1856 802; x_wconf 80' lang='lat' dir='ltr'><strong>ista?</strong></span> <span class='ocrx_word' id='word_1_63' title='bbox 1897 748 2237 824; x_wconf 68' lang='lat' dir='ltr'><strong>ferocissima</strong></span> 
     </span>
    </p>
   </div>
   <div class='ocr_carea' id='block_1_10' title="bbox 671 818 2239 895">
    <p class='ocr_par' dir='ltr' id='par_1_10' title="bbox 671 818 2239 895">
     <span class='ocr_line' id='line_1_10' title="bbox 671 818 2239 895; baseline -0.004 -19"><span class='ocrx_word' id='word_1_64' title='bbox 671 818 882 895; x_wconf 47' lang='lat' dir='ltr'><strong>planef</strong></span> <span class='ocrx_word' id='word_1_65' title='bbox 903 825 1148 895; x_wconf 81' lang='lat' dir='ltr'><strong>nimirum</strong></span> <span class='ocrx_word' id='word_1_66' title='bbox 1179 818 1297 895; x_wconf 68' lang='lat' dir='ltr'><strong>quae</strong></span> <span class='ocrx_word' id='word_1_67' title='bbox 1327 832 1432 874; x_wconf 84' lang='lat' dir='ltr'><strong>tam</strong></span> <span class='ocrx_word' id='word_1_68' title='bbox 1463 819 1727 895; x_wconf 69' lang='lat' dir='ltr'><strong>lvtlialiter</strong></span> <span class='ocrx_word' id='word_1_69' title='bbox 1756 829 1864 872; x_wconf 90' lang='lat' dir='ltr'><strong>tres</strong></span> <span class='ocrx_word' id='word_1_70' title='bbox 1879 818 2095 895; x_wconf 68' lang='lat' dir='ltr'><strong>inliciat</strong></span> <span class='ocrx_word' id='word_1_71' title='bbox 2127 835 2239 871; x_wconf 84' lang='lat' dir='ltr'><strong>uno</strong></span> 
     </span>
    </p>
   </div>
   <div class='ocr_carea' id='block_1_11' title="bbox 679 887 2240 963">
    <p class='ocr_par' dir='ltr' id='par_1_11' title="bbox 679 887 2240 963">
     <span class='ocr_line' id='line_1_11' title="bbox 679 887 2240 963; baseline -0.004 -15"><span class='ocrx_word' id='word_1_72' title='bbox 679 887 828 950; x_wconf 79' lang='lat' dir='ltr'><strong>ilatu.</strong></span> <span class='ocrx_word' id='word_1_73' title='bbox 854 894 1094 963; x_wconf 81' lang='lat' dir='ltr'><strong>Nunquid</strong></span> <span class='ocrx_word' id='word_1_74' title='bbox 1125 887 1230 946; x_wconf 82' lang='lat' dir='ltr'><strong>non</strong></span> <span class='ocrx_word' id='word_1_75' title='bbox 1263 893 1440 945; x_wconf 89' lang='lat' dir='ltr'><strong>lancea</strong></span> <span class='ocrx_word' id='word_1_76' title='bbox 1465 903 1540 944; x_wconf 89' lang='lat' dir='ltr'><strong>est</strong></span> <span class='ocrx_word' id='word_1_77' title='bbox 1568 891 1663 943; x_wconf 74' lang='lat' dir='ltr'><strong>i~ta</strong></span> <span class='ocrx_word' id='word_1_78' title='bbox 1684 889 1900 963; x_wconf 50' lang='lat' dir='ltr'><strong>lingua:t</strong></span> <span class='ocrx_word' id='word_1_79' title='bbox 1931 887 2163 955; x_wconf 87' lang='lat' dir='ltr'><strong>profecto</strong></span> <span class='ocrx_word' id='word_1_80' title='bbox 2187 897 2240 942; x_wconf 80' lang='lat' dir='ltr'><strong>et</strong></span> 
     </span>
    </p>
   </div>
   <div class='ocr_carea' id='block_1_12' title="bbox 672 958 2236 1031">
    <p class='ocr_par' dir='ltr' id='par_1_12' title="bbox 672 958 2236 1031">
     <span class='ocr_line' id='line_1_12' title="bbox 672 958 2236 1031; baseline -0.006 -11"><span class='ocrx_word' id='word_1_81' title='bbox 672 958 1001 1023; x_wconf 57' lang='lat' dir='ltr'><strong>acutissima:</strong></span> <span class='ocrx_word' id='word_1_82' title='bbox 1019 980 1134 1031; x_wconf 84' lang='lat' dir='ltr'><strong>qua:</strong></span> <span class='ocrx_word' id='word_1_83' title='bbox 1159 972 1267 1016; x_wconf 81' lang='lat' dir='ltr'><strong>tres</strong></span> <span class='ocrx_word' id='word_1_84' title='bbox 1292 971 1532 1030; x_wconf 86' lang='lat' dir='ltr'><strong>penetrat</strong></span> <span class='ocrx_word' id='word_1_85' title='bbox 1555 975 1659 1014; x_wconf 71' lang='lat' dir='ltr'><strong>uno</strong></span> <span class='ocrx_word' id='word_1_86' title='bbox 1683 960 1788 1012; x_wconf 91' lang='lat' dir='ltr'><strong>ictu</strong></span> <span class='ocrx_word' id='word_1_87' title='bbox 1821 978 1833 1010; x_wconf 85' lang='lat'><strong>:</strong></span> <span class='ocrx_word' id='word_1_88' title='bbox 1862 958 2036 1031; x_wconf 79' lang='lat' dir='ltr'><strong>lingua</strong></span> <span class='ocrx_word' id='word_1_89' title='bbox 2055 974 2236 1012; x_wconf 89' lang='lat' dir='ltr'><strong>eorum</strong></span> 
     </span>
    </p>
   </div>
   <div class='ocr_carea' id='block_1_13' title="bbox 671 1030 2306 1106">
    <p class='ocr_par' dir='ltr' id='par_1_13' title="bbox 671 1030 2306 1106">
     <span class='ocr_line' id='line_1_13' title="bbox 671 1030 2306 1106; baseline -0.003 -19"><span class='ocrx_word' id='word_1_90' title='bbox 671 1035 878 1106; x_wconf 73' lang='lat' dir='ltr'><strong>gladius</strong></span> <span class='ocrx_word' id='word_1_91' title='bbox 905 1030 1112 1106; x_wconf 76' lang='lat' dir='ltr'><strong>acutas,</strong></span> <span class='ocrx_word' id='word_1_92' title='bbox 1140 1031 1610 1106; x_wconf 66' lang='lat' dir='ltr'><strong>gladiusequidem</strong></span> <span class='ocrx_word' id='word_1_93' title='bbox 1644 1044 1873 1106; x_wconf 80' lang='lat' dir='ltr'><strong>anceps,</strong></span> <span class='ocrx_word' id='word_1_94' title='bbox 1907 1030 2239 1106; x_wconf 40' lang='lat' dir='ltr'><strong>it’noutriceps</strong></span> <span class='ocrx_word' id='word_1_95' title='bbox 2303 1053 2306 1058; x_wconf 90' lang='lat'><strong><em>-</em></strong></span> 
     </span>
    </p>
   </div>
   <div class='ocr_carea' id='block_1_14' title="bbox 671 1099 2236 1173">
    <p class='ocr_par' dir='ltr' id='par_1_14' title="bbox 671 1099 2236 1173">
     <span class='ocr_line' id='line_1_14' title="bbox 671 1099 2236 1173; baseline -0.004 -14"><span class='ocrx_word' id='word_1_96' title='bbox 671 1099 754 1159; x_wconf 68' lang='lat' dir='ltr'><strong>Est</strong></span> <span class='ocrx_word' id='word_1_97' title='bbox 785 1105 957 1173; x_wconf 76' lang='lat' dir='ltr'><strong>lingua</strong></span> <span class='ocrx_word' id='word_1_98' title='bbox 987 1099 1325 1158; x_wconf 86' lang='lat' dir='ltr'><strong>detractoris.</strong></span> <span class='ocrx_word' id='word_1_99' title='bbox 1355 1101 1472 1173; x_wconf 77' lang='lat' dir='ltr'><strong>Non</strong></span> <span class='ocrx_word' id='word_1_100' title='bbox 1520 1114 1646 1173; x_wconf 83' lang='lat' dir='ltr'><strong>vero</strong></span> <span class='ocrx_word' id='word_1_101' title='bbox 1675 1100 1975 1173; x_wconf 78' lang='lat' dir='ltr'><strong>hujusmodi</strong></span> <span class='ocrx_word' id='word_1_102' title='bbox 2009 1099 2236 1173; x_wconf 73' lang='lat' dir='ltr'><strong>linguam</strong></span> 
     </span>
    </p>
   </div>
   <div class='ocr_carea' id='block_1_15' title="bbox 672 1169 2240 1243">
    <p class='ocr_par' dir='ltr' id='par_1_15' title="bbox 672 1169 2240 1243">
     <span class='ocr_line' id='line_1_15' title="bbox 672 1169 2240 1243; baseline -0.005 -14"><span class='ocrx_word' id='word_1_103' title='bbox 672 1177 790 1243; x_wconf 87' lang='lat' dir='ltr'><strong>ipso</strong></span> <span class='ocrx_word' id='word_1_104' title='bbox 807 1169 966 1228; x_wconf 84' lang='lat' dir='ltr'><strong>etiam</strong></span> <span class='ocrx_word' id='word_1_105' title='bbox 993 1186 1378 1243; x_wconf 81' lang='lat' dir='ltr'><strong>mucronequo</strong></span> <span class='ocrx_word' id='word_1_106' title='bbox 1402 1170 1734 1243; x_wconf 84' lang='lat' dir='ltr'><strong>Dominicum</strong></span> <span class='ocrx_word' id='word_1_107' title='bbox 1768 1169 1902 1243; x_wconf 74' lang='lat' dir='ltr'><strong>latius</strong></span> <span class='ocrx_word' id='word_1_108' title='bbox 1931 1169 2240 1243; x_wconf 81' lang='lat' dir='ltr'><strong>confossum</strong></span> 
     </span>
    </p>
   </div>
   <div class='ocr_carea' id='block_1_16' title="bbox 672 1238 2244 1307">
    <p class='ocr_par' dir='ltr' id='par_1_16' title="bbox 672 1238 2244 1307">
     <span class='ocr_line' id='line_1_16' title="bbox 672 1238 2244 1307; baseline -0.005 -9"><span class='ocrx_word' id='word_1_109' title='bbox 672 1238 785 1307; x_wconf 80' lang='lat' dir='ltr'><strong>est,</strong></span> <span class='ocrx_word' id='word_1_110' title='bbox 815 1244 1165 1298; x_wconf 86' lang='lat' dir='ltr'><strong>crudeliorem</strong></span> <span class='ocrx_word' id='word_1_111' title='bbox 1213 1241 1393 1295; x_wconf 88' lang='lat' dir='ltr'><strong>dicere</strong></span> <span class='ocrx_word' id='word_1_112' title='bbox 1447 1242 1712 1302; x_wconf 80' lang='lat' dir='ltr'><strong>verearis;</strong></span> <span class='ocrx_word' id='word_1_113' title='bbox 1761 1239 1892 1292; x_wconf 88' lang='lat' dir='ltr'><strong>fodit</strong></span> <span class='ocrx_word' id='word_1_114' title='bbox 1939 1238 2081 1291; x_wconf 86' lang='lat' dir='ltr'><strong>enim</strong></span> <span class='ocrx_word' id='word_1_115' title='bbox 2131 1241 2244 1291; x_wconf 81' lang='lat' dir='ltr'><strong>luec</strong></span> 
     </span>
    </p>
   </div>
   <div class='ocr_carea' id='block_1_17' title="bbox 673 1308 2240 1395">
    <p class='ocr_par' dir='ltr' id='par_1_17' title="bbox 673 1308 2240 1395">
     <span class='ocr_line' id='line_1_17' title="bbox 673 1308 2240 1395; baseline -0.004 -27"><span class='ocrx_word' id='word_1_116' title='bbox 673 1328 884 1395; x_wconf 87' lang='lat' dir='ltr'><strong>quoque</strong></span> <span class='ocrx_word' id='word_1_117' title='bbox 917 1329 1111 1394; x_wconf 79' lang='lat' dir='ltr'><strong>corpus</strong></span> <span class='ocrx_word' id='word_1_118' title='bbox 1156 1311 1385 1395; x_wconf 60' lang='lat' dir='ltr'><strong>Clit-isti,</strong></span> <span class='ocrx_word' id='word_1_119' title='bbox 1417 1321 1471 1364; x_wconf 92' lang='lat' dir='ltr'><strong>et</strong></span> <span class='ocrx_word' id='word_1_120' title='bbox 1493 1313 1805 1395; x_wconf 71' lang='lat' dir='ltr'><strong>_q_ieiiibrum</strong></span> <span class='ocrx_word' id='word_1_121' title='bbox 1834 1310 1921 1389; x_wconf 39' lang='lat' dir='ltr'><strong>.dc</strong></span> <span class='ocrx_word' id='word_1_122' title='bbox 1965 1308 2240 1395; x_wconf 68' lang='lat' dir='ltr'><strong>iiieinbrp,</strong></span> 
     </span>
    </p>
   </div>
   <div class='ocr_carea' id='block_1_18' title="bbox 672 1379 2237 1452">
    <p class='ocr_par' dir='ltr' id='par_1_18' title="bbox 672 1379 2237 1452">
     <span class='ocr_line' id='line_1_18' title="bbox 672 1379 2237 1452; baseline -0.004 -16"><span class='ocrx_word' id='word_1_123' title='bbox 672 1379 770 1438; x_wconf 85' lang='lat' dir='ltr'><strong>nec</strong></span> <span class='ocrx_word' id='word_1_124' title='bbox 798 1379 906 1452; x_wconf 73' lang='lat' dir='ltr'><strong>iam</strong></span> <span class='ocrx_word' id='word_1_125' title='bbox 935 1379 1182 1437; x_wconf 78' lang='lat' dir='ltr'><strong>exanime</strong></span> <span class='ocrx_word' id='word_1_126' title='bbox 1211 1382 1375 1446; x_wconf 85' lang='lat' dir='ltr'><strong>fodit;</strong></span> <span class='ocrx_word' id='word_1_127' title='bbox 1413 1381 1505 1452; x_wconf 82' lang='lat' dir='ltr'><strong>sed</strong></span> <span class='ocrx_word' id='word_1_128' title='bbox 1535 1381 1654 1432; x_wconf 87' lang='lat' dir='ltr'><strong>l&#39;acit</strong></span> <span class='ocrx_word' id='word_1_129' title='bbox 1691 1379 1938 1452; x_wconf 80' lang='lat' dir='ltr'><strong>exanime</strong></span> <span class='ocrx_word' id='word_1_130' title='bbox 1971 1379 2237 1452; x_wconf 78' lang='lat' dir='ltr'><strong>fodiendo.</strong></span> 
     </span>
    </p>
   </div>
   <div class='ocr_carea' id='block_1_19' title="bbox 673 1450 2242 1523">
    <p class='ocr_par' dir='ltr' id='par_1_19' title="bbox 673 1450 2242 1523">
     <span class='ocr_line' id='line_1_19' title="bbox 673 1450 2242 1523; baseline -0.006 -16"><span class='ocrx_word' id='word_1_131' title='bbox 673 1450 810 1520; x_wconf 82' lang='lat' dir='ltr'><strong>Ipsis</strong></span> <span class='ocrx_word' id='word_1_132' title='bbox 836 1468 1048 1523; x_wconf 88' lang='lat' dir='ltr'><strong>quoque</strong></span> <span class='ocrx_word' id='word_1_133' title='bbox 1083 1453 1362 1506; x_wconf 76' lang='lat' dir='ltr'><strong>nocentior</strong></span> <span class='ocrx_word' id='word_1_134' title='bbox 1387 1450 1580 1523; x_wconf 70' lang='lat' dir='ltr'><strong>spinis,</strong></span> <span class='ocrx_word' id='word_1_135' title='bbox 1613 1464 1745 1523; x_wconf 74' lang='lat' dir='ltr'><strong>quas</strong></span> <span class='ocrx_word' id='word_1_136' title='bbox 1787 1450 1865 1502; x_wconf 87' lang='lat' dir='ltr'><strong>illi</strong></span> <span class='ocrx_word' id='word_1_137' title='bbox 1898 1459 2003 1523; x_wconf 84' lang='lat' dir='ltr'><strong>tam</strong></span> <span class='ocrx_word' id='word_1_138' title='bbox 2033 1450 2242 1523; x_wconf 81' lang='lat' dir='ltr'><strong>sublimi</strong></span> 
     </span>
    </p>
   </div>
   <div class='ocr_carea' id='block_1_20' title="bbox 672 1519 2241 1593">
    <p class='ocr_par' dir='ltr' id='par_1_20' title="bbox 672 1519 2241 1593">
     <span class='ocr_line' id='line_1_20' title="bbox 672 1519 2241 1593; baseline -0.005 -16"><span class='ocrx_word' id='word_1_139' title='bbox 672 1519 828 1593; x_wconf 78' lang='lat' dir='ltr'><strong>capiti</strong></span> <span class='ocrx_word' id='word_1_140' title='bbox 855 1519 1008 1576; x_wconf 76' lang='lat' dir='ltr'><strong>furor</strong></span> <span class='ocrx_word' id='word_1_141' title='bbox 1038 1523 1284 1576; x_wconf 88' lang='lat' dir='ltr'><strong>militaris</strong></span> <span class='ocrx_word' id='word_1_142' title='bbox 1315 1522 1598 1593; x_wconf 82' lang='lat' dir='ltr'><strong>imposuit;</strong></span> <span class='ocrx_word' id='word_1_143' title='bbox 1632 1519 1724 1593; x_wconf 82' lang='lat' dir='ltr'><strong>sed</strong></span> <span class='ocrx_word' id='word_1_144' title='bbox 1761 1523 1920 1581; x_wconf 84' lang='lat' dir='ltr'><strong>etiam</strong></span> <span class='ocrx_word' id='word_1_145' title='bbox 1943 1519 2106 1593; x_wconf 82' lang='lat' dir='ltr'><strong>clavis</strong></span> <span class='ocrx_word' id='word_1_146' title='bbox 2138 1520 2241 1570; x_wconf 64' lang='lat' dir='ltr'><strong>fer-</strong></span> 
     </span>
    </p>
   </div>
   <div class='ocr_carea' id='block_1_21' title="bbox 674 1589 2245 1662">
    <p class='ocr_par' dir='ltr' id='par_1_21' title="bbox 674 1589 2245 1662">
     <span class='ocr_line' id='line_1_21' title="bbox 674 1589 2245 1662; baseline -0.006 -14"><span class='ocrx_word' id='word_1_147' title='bbox 674 1589 811 1658; x_wconf 83' lang='lat' dir='ltr'><strong>reis,</strong></span> <span class='ocrx_word' id='word_1_148' title='bbox 845 1606 977 1662; x_wconf 86' lang='lat' dir='ltr'><strong>quos</strong></span> <span class='ocrx_word' id='word_1_149' title='bbox 1007 1593 1359 1646; x_wconf 88' lang='lat' dir='ltr'><strong>sanctissimis</strong></span> <span class='ocrx_word' id='word_1_150' title='bbox 1377 1589 1620 1662; x_wconf 83' lang='lat' dir='ltr'><strong>manibus</strong></span> <span class='ocrx_word' id='word_1_151' title='bbox 1648 1589 1852 1662; x_wconf 35' lang='lat' dir='ltr'><strong>illistet</strong></span> <span class='ocrx_word' id='word_1_152' title='bbox 1876 1590 2094 1662; x_wconf 82' lang='lat' dir='ltr'><strong>pedibus</strong></span> <span class='ocrx_word' id='word_1_153' title='bbox 2117 1604 2245 1662; x_wconf 79' lang='lat' dir='ltr'><strong>cou-</strong></span> 
     </span>
    </p>
   </div>
   <div class='ocr_carea' id='block_1_22' title="bbox 674 1659 2240 1732">
    <p class='ocr_par' dir='ltr' id='par_1_22' title="bbox 674 1659 2240 1732">
     <span class='ocr_line' id='line_1_22' title="bbox 674 1659 2240 1732; baseline -0.004 -15"><span class='ocrx_word' id='word_1_154' title='bbox 674 1659 933 1717; x_wconf 82' lang='lat' dir='ltr'><strong>summata</strong></span> <span class='ocrx_word' id='word_1_155' title='bbox 962 1662 1196 1716; x_wconf 74' lang='lat' dir='ltr'><strong>Judaicte</strong></span> <span class='ocrx_word' id='word_1_156' title='bbox 1235 1662 1406 1732; x_wconf 78' lang='lat' dir='ltr'><strong>gentis</strong></span> <span class='ocrx_word' id='word_1_157' title='bbox 1432 1661 1696 1730; x_wconf 73' lang='lat' dir='ltr'><strong>iniquitas</strong></span> <span class='ocrx_word' id='word_1_158' title='bbox 1724 1659 1894 1732; x_wconf 72' lang='lat' dir='ltr'><strong>infiitit</strong></span> <span class='ocrx_word' id='word_1_159' title='bbox 1927 1677 1939 1710; x_wconf 91' lang='lat'><strong>:</strong></span> <span class='ocrx_word' id='word_1_160' title='bbox 1973 1661 2070 1712; x_wconf 87' lang='lat' dir='ltr'><strong>nisi</strong></span> <span class='ocrx_word' id='word_1_161' title='bbox 2100 1659 2240 1732; x_wconf 82' lang='lat' dir='ltr'><strong>enim</strong></span> 
     </span>
    </p>
   </div>
   <div class='ocr_carea' id='block_1_23' title="bbox 675 1729 2238 1803">
    <p class='ocr_par' dir='ltr' id='par_1_23' title="bbox 675 1729 2238 1803">
     <span class='ocr_line' id='line_1_23' title="bbox 675 1729 2238 1803; baseline -0.004 -17"><span class='ocrx_word' id='word_1_162' title='bbox 675 1735 854 1803; x_wconf 82' lang='lat' dir='ltr'><strong>hujus,</strong></span> <span class='ocrx_word' id='word_1_163' title='bbox 884 1734 1025 1802; x_wconf 88' lang='lat' dir='ltr'><strong>quod</strong></span> <span class='ocrx_word' id='word_1_164' title='bbox 1059 1746 1199 1786; x_wconf 91' lang='lat' dir='ltr'><strong>nunc</strong></span> <span class='ocrx_word' id='word_1_165' title='bbox 1234 1729 1478 1800; x_wconf 74' lang='lat' dir='ltr'><strong>pangitur</strong></span> <span class='ocrx_word' id='word_1_166' title='bbox 1508 1740 1562 1785; x_wconf 89' lang='lat' dir='ltr'><strong>et</strong></span> <span class='ocrx_word' id='word_1_167' title='bbox 1591 1730 1958 1803; x_wconf 83' lang='lat' dir='ltr'><strong>transfoditur,</strong></span> <span class='ocrx_word' id='word_1_168' title='bbox 2001 1729 2238 1803; x_wconf 61' lang='lat' dir='ltr'><strong>corporis</strong></span> 
     </span>
    </p>
   </div>
   <div class='ocr_carea' id='block_1_24' title="bbox 675 1800 2236 1869">
    <p class='ocr_par' dir='ltr' id='par_1_24' title="bbox 675 1800 2236 1869">
     <span class='ocr_line' id='line_1_24' title="bbox 675 1800 2236 1869; baseline -0.005 -12"><span class='ocrx_word' id='word_1_169' title='bbox 675 1800 834 1857; x_wconf 75' lang='lat' dir='ltr'><strong>vitam</strong></span> <span class='ocrx_word' id='word_1_170' title='bbox 863 1800 944 1856; x_wconf 85' lang='lat' dir='ltr'><strong>sui</strong></span> <span class='ocrx_word' id='word_1_171' title='bbox 973 1804 1094 1856; x_wconf 76' lang='lat' dir='ltr'><strong>vita:</strong></span> <span class='ocrx_word' id='word_1_172' title='bbox 1138 1803 1378 1868; x_wconf 87' lang='lat' dir='ltr'><strong>corporis</strong></span> <span class='ocrx_word' id='word_1_173' title='bbox 1416 1801 1767 1869; x_wconf 64' lang='lat' dir='ltr'><strong>prmiulisset,</strong></span> <span class='ocrx_word' id='word_1_174' title='bbox 1815 1814 2081 1868; x_wconf 82' lang='lat' dir='ltr'><strong>nunquam</strong></span> <span class='ocrx_word' id='word_1_175' title='bbox 2110 1800 2236 1852; x_wconf 89' lang='lat' dir='ltr'><strong>illud</strong></span> 
     </span>
    </p>
   </div>
   <div class='ocr_carea' id='block_1_25' title="bbox 697 1871 2236 1941">
    <p class='ocr_par' dir='ltr' id='par_1_25' title="bbox 697 1871 2236 1941">
     <span class='ocr_line' id='line_1_25' title="bbox 697 1871 2236 1941; baseline -0.005 -14"><span class='ocrx_word' id='word_1_176' title='bbox 697 1889 774 1927; x_wconf 77' lang='lat' dir='ltr'><strong>iro</strong></span> <span class='ocrx_word' id='word_1_177' title='bbox 793 1875 894 1927; x_wconf 91' lang='lat' dir='ltr'><strong>isto</strong></span> <span class='ocrx_word' id='word_1_178' title='bbox 913 1875 1097 1926; x_wconf 89' lang='lat' dir='ltr'><strong>mortis</strong></span> <span class='ocrx_word' id='word_1_179' title='bbox 1121 1871 1350 1941; x_wconf 69' lang='lat' dir='ltr'><strong>injuriae,</strong></span> <span class='ocrx_word' id='word_1_180' title='bbox 1366 1874 1539 1926; x_wconf 87' lang='lat' dir='ltr'><strong>crucis</strong></span> <span class='ocrx_word' id='word_1_181' title='bbox 1565 1871 1866 1939; x_wconf 79' lang='lat' dir='ltr'><strong>ignominia:</strong></span> <span class='ocrx_word' id='word_1_182' title='bbox 1881 1871 2202 1941; x_wconf 86' lang='lat' dir='ltr'><strong>tradidisset.</strong></span> <span class='ocrx_word' id='word_1_183' title='bbox 2218 1888 2236 1920; x_wconf 75' lang='grc' dir='ltr'><strong>ι</strong></span> 
     </span>
    </p>
   </div>
   <div class='ocr_carea' id='block_1_26' title="bbox 698 1940 2244 1996">
    <p class='ocr_par' dir='ltr' id='par_1_26' title="bbox 698 1940 2244 1996">
     <span class='ocr_line' id='line_1_26' title="bbox 698 1940 2244 1996; baseline -0.004 0"><span class='ocrx_word' id='word_1_184' title='bbox 698 1942 770 1996; x_wconf 83' lang='lat' dir='ltr'><strong>iis</strong></span> <span class='ocrx_word' id='word_1_185' title='bbox 796 1944 1080 1996; x_wconf 81' lang='lat' dir='ltr'><strong>concinere</strong></span> <span class='ocrx_word' id='word_1_186' title='bbox 1098 1940 1340 1996; x_wconf 86' lang='lat' dir='ltr'><strong>videntur</strong></span> <span class='ocrx_word' id='word_1_187' title='bbox 1359 1943 1444 1996; x_wconf 84' lang='lat' dir='ltr'><strong>illa</strong></span> <span class='ocrx_word' id='word_1_188' title='bbox 1470 1941 1687 1995; x_wconf 88' lang='lat' dir='ltr'><strong>Gilberti</strong></span> <span class='ocrx_word' id='word_1_189' title='bbox 1716 1943 1781 1994; x_wconf 87' lang='lat' dir='ltr'><strong>de</strong></span> <span class='ocrx_word' id='word_1_190' title='bbox 1813 1940 2104 1992; x_wconf 81' lang='lat' dir='ltr'><strong>Iloillaudia</strong></span> <span class='ocrx_word' id='word_1_191' title='bbox 2129 1955 2244 1992; x_wconf 87' lang='lat' dir='ltr'><strong>vei-</strong></span> 
     </span>
    </p>
   </div>
   <div class='ocr_carea' id='block_1_27' title="bbox 677 2012 2242 2081">
    <p class='ocr_par' dir='ltr' id='par_1_27' title="bbox 677 2012 2242 2081">
     <span class='ocr_line' id='line_1_27' title="bbox 677 2012 2242 2081; baseline -0.003 -14"><span class='ocrx_word' id='word_1_192' title='bbox 677 2013 744 2067; x_wconf 77' lang='lat' dir='ltr'><strong>ba</strong></span> <span class='ocrx_word' id='word_1_193' title='bbox 776 2028 790 2064; x_wconf 87' lang='lat'><strong>:</strong></span> <span class='ocrx_word' id='word_1_194' title='bbox 826 2031 844 2063; x_wconf 84' lang='grc'>‹</span> <span class='ocrx_word' id='word_1_195' title='bbox 885 2013 1076 2066; x_wconf 88' lang='lat' dir='ltr'><strong>Horret</strong></span> <span class='ocrx_word' id='word_1_196' title='bbox 1103 2015 1268 2081; x_wconf 81' lang='lat' dir='ltr'><strong>magis</strong></span> <span class='ocrx_word' id='word_1_197' title='bbox 1292 2012 1534 2066; x_wconf 85' lang='lat' dir='ltr'><strong>Christus</strong></span> <span class='ocrx_word' id='word_1_198' title='bbox 1562 2013 1904 2078; x_wconf 82' lang='lat' dir='ltr'><strong>asperitatem</strong></span> <span class='ocrx_word' id='word_1_199' title='bbox 1931 2025 2159 2074; x_wconf 87' lang='lat' dir='ltr'><strong>morum,</strong></span> <span class='ocrx_word' id='word_1_200' title='bbox 2191 2019 2242 2064; x_wconf 91' lang='lat' dir='ltr'><strong>et</strong></span> 
     </span>
    </p>
   </div>
   <div class='ocr_carea' id='block_1_28' title="bbox 677 2081 2244 2154">
    <p class='ocr_par' dir='ltr' id='par_1_28' title="bbox 677 2081 2244 2154">
     <span class='ocr_line' id='line_1_28' title="bbox 677 2081 2244 2154; baseline -0.001 -20"><span class='ocrx_word' id='word_1_201' title='bbox 677 2081 868 2154; x_wconf 79' lang='lat' dir='ltr'><strong>lingua:</strong></span> <span class='ocrx_word' id='word_1_202' title='bbox 895 2084 1142 2154; x_wconf 77' lang='lat' dir='ltr'><strong>stimulos,</strong></span> <span class='ocrx_word' id='word_1_203' title='bbox 1170 2097 1327 2151; x_wconf 87' lang='lat' dir='ltr'><strong>quam</strong></span> <span class='ocrx_word' id='word_1_204' title='bbox 1357 2084 1569 2135; x_wconf 87' lang='lat' dir='ltr'><strong>aculeos</strong></span> <span class='ocrx_word' id='word_1_205' title='bbox 1593 2083 1893 2154; x_wconf 68' lang='lat' dir='ltr'><strong>spinarum;</strong></span> <span class='ocrx_word' id='word_1_206' title='bbox 1927 2083 1975 2154; x_wconf 85' lang='lat' dir='ltr'><strong>in</strong></span> <span class='ocrx_word' id='word_1_207' title='bbox 2002 2081 2082 2130; x_wconf 79' lang='lat' dir='ltr'><strong>liis</strong></span> <span class='ocrx_word' id='word_1_208' title='bbox 2114 2097 2244 2144; x_wconf 60' lang='lat' dir='ltr'><strong>prac-</strong></span> 
     </span>
    </p>
   </div>
   <div class='ocr_carea' id='block_1_29' title="bbox 678 2151 2244 2220">
    <p class='ocr_par' dir='ltr' id='par_1_29' title="bbox 678 2151 2244 2220">
     <span class='ocr_line' id='line_1_29' title="bbox 678 2151 2244 2220; baseline -0.004 -14"><span class='ocrx_word' id='word_1_209' title='bbox 678 2151 860 2206; x_wconf 47' lang='lat' dir='ltr'><strong>ser‘tim</strong></span> <span class='ocrx_word' id='word_1_210' title='bbox 887 2153 974 2220; x_wconf 91' lang='lat' dir='ltr'><strong>qui</strong></span> <span class='ocrx_word' id='word_1_211' title='bbox 1019 2153 1070 2206; x_wconf 91' lang='lat' dir='ltr'><strong>in</strong></span> <span class='ocrx_word' id='word_1_212' title='bbox 1116 2154 1308 2207; x_wconf 86' lang='lat' dir='ltr'><strong>silentii</strong></span> <span class='ocrx_word' id='word_1_213' title='bbox 1355 2155 1527 2206; x_wconf 85' lang='lat' dir='ltr'><strong>vocati</strong></span> <span class='ocrx_word' id='word_1_214' title='bbox 1557 2159 1682 2203; x_wconf 87' lang='lat' dir='ltr'><strong>sunt</strong></span> <span class='ocrx_word' id='word_1_215' title='bbox 1719 2151 2141 2220; x_wconf 78' lang='lat' dir='ltr'><strong>simplicitatem,</strong></span> <span class='ocrx_word' id='word_1_216' title='bbox 2195 2155 2244 2201; x_wconf 92' lang='lat' dir='ltr'><strong>in</strong></span> 
     </span>
    </p>
   </div>
   <div class='ocr_carea' id='block_1_30' title="bbox 677 2219 2246 2292">
    <p class='ocr_par' dir='ltr' id='par_1_30' title="bbox 677 2219 2246 2292">
     <span class='ocr_line' id='line_1_30' title="bbox 677 2219 2246 2292; baseline -0.003 -15"><span class='ocrx_word' id='word_1_217' title='bbox 677 2219 955 2277; x_wconf 30' lang='lat' dir='ltr'><strong>charitat’is</strong></span> <span class='ocrx_word' id='word_1_218' title='bbox 983 2224 1250 2292; x_wconf 80' lang='lat' dir='ltr'><strong>negotium</strong></span> <span class='ocrx_word' id='word_1_219' title='bbox 1273 2264 1287 2287; x_wconf 93' lang='lat'><strong>,</strong></span> <span class='ocrx_word' id='word_1_220' title='bbox 1317 2230 1371 2275; x_wconf 89' lang='lat' dir='ltr'><strong>et</strong></span> <span class='ocrx_word' id='word_1_221' title='bbox 1399 2223 1492 2275; x_wconf 82' lang='lat' dir='ltr'><strong>otii</strong></span> <span class='ocrx_word' id='word_1_222' title='bbox 1522 2222 1753 2291; x_wconf 84' lang='lat' dir='ltr'><strong>quietem</strong></span> <span class='ocrx_word' id='word_1_223' title='bbox 1780 2261 1794 2284; x_wconf 91' lang='lat'><strong>,</strong></span> <span class='ocrx_word' id='word_1_224' title='bbox 1836 2227 1887 2292; x_wconf 86' lang='lat' dir='ltr'><strong>in</strong></span> <span class='ocrx_word' id='word_1_225' title='bbox 1936 2219 2246 2292; x_wconf 74' lang='lat' dir='ltr'><strong>humilitatis</strong></span> 
     </span>
    </p>
   </div>
   <div class='ocr_carea' id='block_1_31' title="bbox 674 2289 2239 2362">
    <p class='ocr_par' dir='ltr' id='par_1_31' title="bbox 674 2289 2239 2362">
     <span class='ocr_line' id='line_1_31' title="bbox 674 2289 2239 2362; baseline -0.005 -15"><span class='ocrx_word' id='word_1_226' title='bbox 674 2292 935 2359; x_wconf 84' lang='lat' dir='ltr'><strong>scholam,</strong></span> <span class='ocrx_word' id='word_1_227' title='bbox 963 2294 1015 2346; x_wconf 90' lang='lat' dir='ltr'><strong>in</strong></span> <span class='ocrx_word' id='word_1_228' title='bbox 1037 2289 1382 2362; x_wconf 56' lang='lat' dir='ltr'><strong>s&#39;ubjectionis</strong></span> <span class='ocrx_word' id='word_1_229' title='bbox 1403 2289 1580 2345; x_wconf 83' lang='lat' dir='ltr'><strong>votum</strong></span> <span class='ocrx_word' id='word_1_230' title='bbox 1606 2300 1659 2344; x_wconf 89' lang='lat' dir='ltr'><strong>et</strong></span> <span class='ocrx_word' id='word_1_231' title='bbox 1682 2291 1944 2343; x_wconf 86' lang='lat' dir='ltr'><strong>vinculum</strong></span> <span class='ocrx_word' id='word_1_232' title='bbox 1969 2289 2201 2341; x_wconf 54' lang='lat' dir='ltr'><strong>unitatis.</strong></span> <span class='ocrx_word' id='word_1_233' title='bbox 2223 2309 2239 2339; x_wconf 79' lang='grc' dir='ltr'><strong>ι</strong></span> 
     </span>
    </p>
   </div>
   <div class='ocr_carea' id='block_1_32' title="bbox 754 2361 2244 2432">
    <p class='ocr_par' dir='ltr' id='par_1_32' title="bbox 754 2361 2244 2432">
     <span class='ocr_line' id='line_1_32' title="bbox 754 2361 2244 2432; baseline -0.003 -17"><span class='ocrx_word' id='word_1_234' title='bbox 754 2363 921 2417; x_wconf 86' lang='lat' dir='ltr'><strong>Nemo</strong></span> <span class='ocrx_word' id='word_1_235' title='bbox 950 2378 1076 2432; x_wconf 77' lang='lat' dir='ltr'><strong>ergo</strong></span> <span class='ocrx_word' id='word_1_236' title='bbox 1103 2361 1225 2430; x_wconf 82' lang='lat' dir='ltr'><strong>jure</strong></span> <span class='ocrx_word' id='word_1_237' title='bbox 1257 2364 1494 2425; x_wconf 89' lang='lat' dir='ltr'><strong>miretur,</strong></span> <span class='ocrx_word' id='word_1_238' title='bbox 1530 2363 1571 2414; x_wconf 92' lang='lat' dir='ltr'><strong>si</strong></span> <span class='ocrx_word' id='word_1_239' title='bbox 1603 2361 1667 2412; x_wconf 88' lang='lat' dir='ltr'><strong>ad</strong></span> <span class='ocrx_word' id='word_1_240' title='bbox 1701 2371 1813 2432; x_wconf 83' lang='lat' dir='ltr'><strong>tam</strong></span> <span class='ocrx_word' id='word_1_241' title='bbox 1845 2374 2029 2428; x_wconf 80' lang='lat' dir='ltr'><strong>graves</strong></span> <span class='ocrx_word' id='word_1_242' title='bbox 2060 2374 2244 2425; x_wconf 70' lang='lat' dir='ltr'><strong>pinnas</strong></span> 
     </span>
    </p>
   </div>
   <div class='ocr_carea' id='block_1_33' title="bbox 678 2431 2244 2497">
    <p class='ocr_par' dir='ltr' id='par_1_33' title="bbox 678 2431 2244 2497">
     <span class='ocr_line' id='line_1_33' title="bbox 678 2431 2244 2497; baseline -0.004 -10"><span class='ocrx_word' id='word_1_243' title='bbox 678 2431 1027 2487; x_wconf 23' lang='lat' dir='ltr'><strong>detractores’</strong></span> <span class='ocrx_word' id='word_1_244' title='bbox 1057 2434 1183 2486; x_wconf 91' lang='lat' dir='ltr'><strong>olim</strong></span> <span class='ocrx_word' id='word_1_245' title='bbox 1237 2433 1554 2486; x_wconf 88' lang='lat' dir='ltr'><strong>damnarunt</strong></span> <span class='ocrx_word' id='word_1_246' title='bbox 1602 2431 1801 2497; x_wconf 81' lang='lat' dir='ltr'><strong>antiqui</strong></span> <span class='ocrx_word' id='word_1_247' title='bbox 1867 2433 2244 2482; x_wconf 73' lang='lat' dir='ltr'><strong>monachorum</strong></span> 
     </span>
    </p>
   </div>
   <div class='ocr_carea' id='block_1_34' title="bbox 679 2499 2247 2570">
    <p class='ocr_par' dir='ltr' id='par_1_34' title="bbox 679 2499 2247 2570">
     <span class='ocr_line' id='line_1_34' title="bbox 679 2499 2247 2570; baseline -0.003 -15"><span class='ocrx_word' id='word_1_248' title='bbox 679 2503 866 2556; x_wconf 78' lang='lat' dir='ltr'><strong>Patres</strong></span> <span class='ocrx_word' id='word_1_249' title='bbox 892 2544 906 2567; x_wconf 94' lang='lat'><strong>,</strong></span> <span class='ocrx_word' id='word_1_250' title='bbox 938 2502 1121 2570; x_wconf 83' lang='lat' dir='ltr'><strong>quales</strong></span> <span class='ocrx_word' id='word_1_251' title='bbox 1153 2517 1229 2554; x_wconf 76' lang='lat' dir='ltr'><strong>ea:</strong></span> <span class='ocrx_word' id='word_1_252' title='bbox 1260 2511 1383 2554; x_wconf 90' lang='lat' dir='ltr'><strong>sunt</strong></span> <span class='ocrx_word' id='word_1_253' title='bbox 1409 2516 1540 2570; x_wconf 83' lang='lat' dir='ltr'><strong>quas</strong></span> <span class='ocrx_word' id='word_1_254' title='bbox 1562 2514 1744 2552; x_wconf 90' lang='lat' dir='ltr'><strong>eorum</strong></span> <span class='ocrx_word' id='word_1_255' title='bbox 1792 2502 1842 2552; x_wconf 93' lang='lat' dir='ltr'><strong>in</strong></span> <span class='ocrx_word' id='word_1_256' title='bbox 1892 2499 2084 2568; x_wconf 81' lang='lat' dir='ltr'><strong>regulis</strong></span> <span class='ocrx_word' id='word_1_257' title='bbox 2117 2501 2247 2567; x_wconf 75' lang='lat' dir='ltr'><strong>legi-</strong></span> 
     </span>
    </p>
   </div>
   <div class='ocr_carea' id='block_1_35' title="bbox 679 2570 2242 2640">
    <p class='ocr_par' dir='ltr' id='par_1_35' title="bbox 679 2570 2242 2640">
     <span class='ocr_line' id='line_1_35' title="bbox 679 2570 2242 2640; baseline -0.003 -16"><span class='ocrx_word' id='word_1_258' title='bbox 679 2586 814 2624; x_wconf 89' lang='lat' dir='ltr'><strong>mus.</strong></span> <span class='ocrx_word' id='word_1_259' title='bbox 836 2571 987 2636; x_wconf 89' lang='lat' dir='ltr'><strong>Nam,</strong></span> <span class='ocrx_word' id='word_1_260' title='bbox 1006 2571 1150 2624; x_wconf 87' lang='lat' dir='ltr'><strong>verbi</strong></span> <span class='ocrx_word' id='word_1_261' title='bbox 1168 2573 1359 2640; x_wconf 82' lang='lat' dir='ltr'><strong>gratia,</strong></span> <span class='ocrx_word' id='word_1_262' title='bbox 1380 2572 1436 2622; x_wconf 90' lang='lat' dir='ltr'><strong>S.</strong></span> <span class='ocrx_word' id='word_1_263' title='bbox 1457 2571 1772 2624; x_wconf 81' lang='lat' dir='ltr'><strong>Paehomius</strong></span> <span class='ocrx_word' id='word_1_264' title='bbox 1788 2570 2112 2635; x_wconf 57' lang='lat' dir='ltr'><strong>statuitMrt.</strong></span> <span class='ocrx_word' id='word_1_265' title='bbox 2133 2571 2242 2637; x_wconf 64' lang='lat'><strong>84),</strong></span> 
     </span>
    </p>
   </div>
   <div class='ocr_carea' id='block_1_36' title="bbox 684 2640 2246 2709">
    <p class='ocr_par' dir='ltr' id='par_1_36' title="bbox 684 2640 2246 2709">
     <span class='ocr_line' id='line_1_36' title="bbox 684 2640 2246 2709; baseline -0.002 -16"><span class='ocrx_word' id='word_1_266' title='bbox 684 2650 739 2693; x_wconf 86' lang='lat' dir='ltr'><strong>ut</strong></span> <span class='ocrx_word' id='word_1_267' title='bbox 767 2660 785 2691; x_wconf 77' lang='grc' dir='ltr'><strong>ι</strong></span> <span class='ocrx_word' id='word_1_268' title='bbox 816 2642 902 2709; x_wconf 87' lang='lat' dir='ltr'><strong>qui</strong></span> <span class='ocrx_word' id='word_1_269' title='bbox 927 2641 1094 2695; x_wconf 87' lang='lat' dir='ltr'><strong>facilis</strong></span> <span class='ocrx_word' id='word_1_270' title='bbox 1114 2652 1196 2695; x_wconf 90' lang='lat' dir='ltr'><strong>est</strong></span> <span class='ocrx_word' id='word_1_271' title='bbox 1218 2642 1281 2694; x_wconf 91' lang='lat' dir='ltr'><strong>ad</strong></span> <span class='ocrx_word' id='word_1_272' title='bbox 1312 2640 1720 2703; x_wconf 88' lang='lat' dir='ltr'><strong>detrahendum,</strong></span> <span class='ocrx_word' id='word_1_273' title='bbox 1746 2648 1801 2692; x_wconf 91' lang='lat' dir='ltr'><strong>et</strong></span> <span class='ocrx_word' id='word_1_274' title='bbox 1827 2641 1955 2692; x_wconf 89' lang='lat' dir='ltr'><strong>dicit</strong></span> <span class='ocrx_word' id='word_1_275' title='bbox 1981 2640 2119 2706; x_wconf 91' lang='lat' dir='ltr'><strong>quod</strong></span> <span class='ocrx_word' id='word_1_276' title='bbox 2144 2655 2246 2690; x_wconf 90' lang='lat' dir='ltr'><strong>non</strong></span> 
     </span>
    </p>
   </div>
   <div class='ocr_carea' id='block_1_37' title="bbox 683 2711 2250 2780">
    <p class='ocr_par' dir='ltr' id='par_1_37' title="bbox 683 2711 2250 2780">
     <span class='ocr_line' id='line_1_37' title="bbox 683 2711 2250 2780; baseline -0.001 -16"><span class='ocrx_word' id='word_1_277' title='bbox 683 2713 894 2780; x_wconf 37' lang='lat' dir='ltr'><strong>est,|qui</strong></span> <span class='ocrx_word' id='word_1_278' title='bbox 921 2713 970 2762; x_wconf 93' lang='lat' dir='ltr'><strong>in</strong></span> <span class='ocrx_word' id='word_1_279' title='bbox 997 2712 1096 2764; x_wconf 93' lang='lat' dir='ltr'><strong>hoc</strong></span> <span class='ocrx_word' id='word_1_280' title='bbox 1122 2721 1337 2779; x_wconf 87' lang='lat' dir='ltr'><strong>peccato</strong></span> <span class='ocrx_word' id='word_1_281' title='bbox 1367 2712 1729 2779; x_wconf 74' lang='lat' dir='ltr'><strong>deprehensus</strong></span> <span class='ocrx_word' id='word_1_282' title='bbox 1757 2711 1932 2771; x_wconf 87' lang='lat' dir='ltr'><strong>fuerit,</strong></span> <span class='ocrx_word' id='word_1_283' title='bbox 1962 2713 2250 2762; x_wconf 86' lang='lat' dir='ltr'><strong>monebunt</strong></span> 
     </span>
    </p>
   </div>
   <div class='ocr_carea' id='block_1_38' title="bbox 685 2780 2249 2846">
    <p class='ocr_par' dir='ltr' id='par_1_38' title="bbox 685 2780 2249 2846">
     <span class='ocr_line' id='line_1_38' title="bbox 685 2780 2249 2846; baseline -0.001 -12"><span class='ocrx_word' id='word_1_284' title='bbox 685 2795 808 2834; x_wconf 91' lang='lat' dir='ltr'><strong>eum</strong></span> <span class='ocrx_word' id='word_1_285' title='bbox 835 2781 1100 2844; x_wconf 86' lang='lat' dir='ltr'><strong>secundo;</strong></span> <span class='ocrx_word' id='word_1_286' title='bbox 1128 2791 1177 2834; x_wconf 90' lang='lat' dir='ltr'><strong>et</strong></span> <span class='ocrx_word' id='word_1_287' title='bbox 1203 2782 1245 2832; x_wconf 81' lang='lat' dir='ltr'><strong>si</strong></span> <span class='ocrx_word' id='word_1_288' title='bbox 1278 2782 1461 2834; x_wconf 85' lang='lat' dir='ltr'><strong>audire</strong></span> <span class='ocrx_word' id='word_1_289' title='bbox 1491 2782 1900 2846; x_wconf 84' lang='lat' dir='ltr'><strong>contempserit,</strong></span> <span class='ocrx_word' id='word_1_290' title='bbox 1929 2780 2249 2844; x_wconf 78' lang='lat' dir='ltr'><strong>separabitnt</strong></span> 
     </span>
    </p>
   </div>
   <div class='ocr_carea' id='block_1_39' title="bbox 682 2851 2250 2919">
    <p class='ocr_par' dir='ltr' id='par_1_39' title="bbox 682 2851 2250 2919">
     <span class='ocr_line' id='line_1_39' title="bbox 682 2851 2250 2919; baseline -0.001 -16"><span class='ocrx_word' id='word_1_291' title='bbox 682 2865 805 2904; x_wconf 89' lang='lat' dir='ltr'><strong>eum</strong></span> <span class='ocrx_word' id='word_1_292' title='bbox 829 2861 978 2904; x_wconf 83' lang='lat' dir='ltr'><strong>extra</strong></span> <span class='ocrx_word' id='word_1_293' title='bbox 1007 2859 1322 2904; x_wconf 91' lang='lat' dir='ltr'><strong>conventum</strong></span> <span class='ocrx_word' id='word_1_294' title='bbox 1354 2860 1554 2919; x_wconf 86' lang='lat' dir='ltr'><strong>septem</strong></span> <span class='ocrx_word' id='word_1_295' title='bbox 1584 2851 1771 2902; x_wconf 87' lang='lat' dir='ltr'><strong>diebus</strong></span> <span class='ocrx_word' id='word_1_296' title='bbox 1795 2889 1809 2910; x_wconf 86' lang='grc'>,</span> <span class='ocrx_word' id='word_1_297' title='bbox 1840 2863 1889 2902; x_wconf 89' lang='lat' dir='ltr'><strong>et</strong></span> <span class='ocrx_word' id='word_1_298' title='bbox 1924 2863 2110 2914; x_wconf 89' lang='lat' dir='ltr'><strong>panem</strong></span> <span class='ocrx_word' id='word_1_299' title='bbox 2143 2859 2250 2902; x_wconf 90' lang='lat' dir='ltr'><strong>tan-</strong></span> 
     </span>
    </p>
   </div>
   <div class='ocr_carea' id='block_1_40' title="bbox 682 2921 2242 2988">
    <p class='ocr_par' dir='ltr' id='par_1_40' title="bbox 682 2921 2242 2988">
     <span class='ocr_line' id='line_1_40' title="bbox 682 2921 2242 2988; baseline -0.001 -16"><span class='ocrx_word' id='word_1_300' title='bbox 682 2928 792 2973; x_wconf 90' lang='lat' dir='ltr'><strong>tum</strong></span> <span class='ocrx_word' id='word_1_301' title='bbox 823 2934 942 2974; x_wconf 88' lang='lat' dir='ltr'><strong>cum</strong></span> <span class='ocrx_word' id='word_1_302' title='bbox 970 2936 1101 2988; x_wconf 87' lang='lat' dir='ltr'><strong>aqua</strong></span> <span class='ocrx_word' id='word_1_303' title='bbox 1132 2921 1372 2986; x_wconf 85' lang='lat' dir='ltr'><strong>accipiet,</strong></span> <span class='ocrx_word' id='word_1_304' title='bbox 1403 2923 1575 2974; x_wconf 86' lang='lat' dir='ltr'><strong>donec</strong></span> <span class='ocrx_word' id='word_1_305' title='bbox 1609 2922 1915 2986; x_wconf 85' lang='lat' dir='ltr'><strong>polliceatur</strong></span> <span class='ocrx_word' id='word_1_306' title='bbox 1945 2927 2101 2986; x_wconf 90' lang='lat' dir='ltr'><strong>atque</strong></span> <span class='ocrx_word' id='word_1_307' title='bbox 2125 2934 2242 2970; x_wconf 85' lang='lat' dir='ltr'><strong>con-</strong></span> 
     </span>
    </p>
   </div>
   <div class='ocr_carea' id='block_1_41' title="bbox 681 2988 2251 3054">
    <p class='ocr_par' dir='ltr' id='par_1_41' title="bbox 681 2988 2251 3054">
     <span class='ocr_line' id='line_1_41' title="bbox 681 2988 2251 3054; baseline -0.001 -12"><span class='ocrx_word' id='word_1_308' title='bbox 681 2988 852 3044; x_wconf 78' lang='lat' dir='ltr'><strong>ﬁrmet</strong></span> <span class='ocrx_word' id='word_1_309' title='bbox 893 3005 951 3045; x_wconf 86' lang='lat' dir='ltr'><strong>se</strong></span> <span class='ocrx_word' id='word_1_310' title='bbox 983 2992 1051 3044; x_wconf 88' lang='lat' dir='ltr'><strong>ab</strong></span> <span class='ocrx_word' id='word_1_311' title='bbox 1091 2991 1190 3044; x_wconf 88' lang='lat' dir='ltr'><strong>hoc</strong></span> <span class='ocrx_word' id='word_1_312' title='bbox 1221 2993 1347 3044; x_wconf 88' lang='lat' dir='ltr'><strong>vitio</strong></span> <span class='ocrx_word' id='word_1_313' title='bbox 1377 3005 1745 3054; x_wconf 79' lang='lat' dir='ltr'><strong>recessurum,</strong></span> <span class='ocrx_word' id='word_1_314' title='bbox 1775 3001 1822 3042; x_wconf 87' lang='lat' dir='ltr'><strong>et</strong></span> <span class='ocrx_word' id='word_1_315' title='bbox 1856 2991 1931 3041; x_wconf 89' lang='lat' dir='ltr'><strong>sic</strong></span> <span class='ocrx_word' id='word_1_316' title='bbox 1957 2989 2251 3046; x_wconf 71' lang='lat' dir='ltr'><strong>dimittetur</strong></span> 
     </span>
    </p>
   </div>
   <div class='ocr_carea' id='block_1_42' title="bbox 681 3059 2247 3128">
    <p class='ocr_par' dir='ltr' id='par_1_42' title="bbox 681 3059 2247 3128">
     <span class='ocr_line' id='line_1_42' title="bbox 681 3059 2247 3128; baseline -0.003 -14"><span class='ocrx_word' id='word_1_317' title='bbox 681 3061 750 3114; x_wconf 85' lang='lat' dir='ltr'><strong>ei.</strong></span> <span class='ocrx_word' id='word_1_318' title='bbox 783 3080 800 3111; x_wconf 77' lang='grc' dir='ltr'><strong>ι</strong></span> <span class='ocrx_word' id='word_1_319' title='bbox 836 3061 894 3116; x_wconf 86' lang='lat' dir='ltr'><strong>S.</strong></span> <span class='ocrx_word' id='word_1_320' title='bbox 950 3061 1171 3114; x_wconf 84' lang='lat' dir='ltr'><strong>Basilius</strong></span> <span class='ocrx_word' id='word_1_321' title='bbox 1214 3061 1348 3114; x_wconf 87' lang='lat' dir='ltr'><strong>facta</strong></span> <span class='ocrx_word' id='word_1_322' title='bbox 1392 3060 1806 3124; x_wconf 68' lang='lat' dir='ltr'><strong>inter-rcgationc</strong></span> <span class='ocrx_word' id='word_1_323' title='bbox 1849 3059 2053 3128; x_wconf 72' lang='lat' dir='ltr'><strong>(Regni.</strong></span> <span class='ocrx_word' id='word_1_324' title='bbox 2089 3059 2247 3123; x_wconf 81' lang='lat' dir='ltr'><strong>brev.,</strong></span> 
     </span>
    </p>
   </div>
   <div class='ocr_carea' id='block_1_43' title="bbox 2344 469 3965 536">
    <p class='ocr_par' dir='ltr' id='par_1_43' title="bbox 2344 469 3965 536">
     <span class='ocr_line' id='line_1_43' title="bbox 2344 469 3965 536; baseline 0.001 -16"><span class='ocrx_word' id='word_1_325' title='bbox 2344 470 2568 520; x_wconf 68' lang='lat' dir='ltr'><strong>necesse</strong></span> <span class='ocrx_word' id='word_1_326' title='bbox 2603 469 2754 520; x_wconf 80' lang='lat' dir='ltr'><strong>habet</strong></span> <span class='ocrx_word' id='word_1_327' title='bbox 2790 471 2977 535; x_wconf 82' lang='lat' dir='ltr'><strong>aliquis</strong></span> <span class='ocrx_word' id='word_1_328' title='bbox 3009 471 3314 524; x_wconf 79' lang='lat' dir='ltr'><strong>consultare</strong></span> <span class='ocrx_word' id='word_1_329' title='bbox 3342 487 3440 522; x_wconf 84' lang='lat' dir='ltr'><strong>una</strong></span> <span class='ocrx_word' id='word_1_330' title='bbox 3473 487 3592 522; x_wconf 87' lang='lat' dir='ltr'><strong>cum</strong></span> <span class='ocrx_word' id='word_1_331' title='bbox 3630 471 3765 523; x_wconf 73' lang='lat' dir='ltr'><strong>aliis</strong></span> <span class='ocrx_word' id='word_1_332' title='bbox 3803 515 3817 531; x_wconf 83' lang='lat'><strong>,</strong></span> <span class='ocrx_word' id='word_1_333' title='bbox 3871 475 3965 536; x_wconf 85' lang='lat' dir='ltr'><strong>qui</strong></span> 
     </span>
    </p>
   </div>
   <div class='ocr_carea' id='block_1_44' title="bbox 2341 538 3964 608">
    <p class='ocr_par' dir='ltr' id='par_1_44' title="bbox 2341 538 3964 608">
     <span class='ocr_line' id='line_1_44' title="bbox 2341 538 3964 608; baseline 0.001 -18"><span class='ocrx_word' id='word_1_334' title='bbox 2341 541 2406 590; x_wconf 85' lang='lat' dir='ltr'><strong>ad</strong></span> <span class='ocrx_word' id='word_1_335' title='bbox 2441 541 2538 608; x_wconf 85' lang='lat' dir='ltr'><strong>hoc.</strong></span> <span class='ocrx_word' id='word_1_336' title='bbox 2568 538 2742 591; x_wconf 77' lang='lat' dir='ltr'><strong>idonei</strong></span> <span class='ocrx_word' id='word_1_337' title='bbox 2771 549 2892 590; x_wconf 85' lang='lat' dir='ltr'><strong>sunt</strong></span> <span class='ocrx_word' id='word_1_338' title='bbox 2933 540 3152 606; x_wconf 85' lang='lat' dir='ltr'><strong>jtnlicati</strong></span> <span class='ocrx_word' id='word_1_339' title='bbox 3175 582 3187 601; x_wconf 89' lang='lat'><strong>,</strong></span> <span class='ocrx_word' id='word_1_340' title='bbox 3229 556 3334 608; x_wconf 76' lang='lat' dir='ltr'><strong>quo</strong></span> <span class='ocrx_word' id='word_1_341' title='bbox 3387 551 3538 607; x_wconf 80' lang='lat' dir='ltr'><strong>parto</strong></span> <span class='ocrx_word' id='word_1_342' title='bbox 3569 541 3964 608; x_wconf 71' lang='lat' dir='ltr'><strong>corrigendos</strong></span> 
     </span>
    </p>
   </div>
   <div class='ocr_carea' id='block_1_45' title="bbox 2341 607 3966 673">
    <p class='ocr_par' dir='ltr' id='par_1_45' title="bbox 2341 607 3966 673">
     <span class='ocr_line' id='line_1_45' title="bbox 2341 607 3966 673; baseline 0.002 -12"><span class='ocrx_word' id='word_1_343' title='bbox 2341 610 2408 661; x_wconf 86' lang='lat' dir='ltr'><strong>sit</strong></span> <span class='ocrx_word' id='word_1_344' title='bbox 2437 607 2480 659; x_wconf 59' lang='lat' dir='ltr'><strong>is</strong></span> <span class='ocrx_word' id='word_1_345' title='bbox 2505 609 2590 672; x_wconf 86' lang='lat' dir='ltr'><strong>qui</strong></span> <span class='ocrx_word' id='word_1_346' title='bbox 2625 621 2896 668; x_wconf 82' lang='lat' dir='ltr'><strong>peccatum</strong></span> <span class='ocrx_word' id='word_1_347' title='bbox 2924 613 3193 664; x_wconf 89' lang='lat' dir='ltr'><strong>commisit</strong></span> <span class='ocrx_word' id='word_1_348' title='bbox 3220 607 3316 673; x_wconf 69' lang='lat' dir='ltr'><strong>;t-t</strong></span> <span class='ocrx_word' id='word_1_349' title='bbox 3343 627 3550 664; x_wconf 81' lang='lat' dir='ltr'><strong>rursum</strong></span> <span class='ocrx_word' id='word_1_350' title='bbox 3582 627 3710 663; x_wconf 78' lang='lat' dir='ltr'><strong>cum</strong></span> <span class='ocrx_word' id='word_1_351' title='bbox 3731 607 3966 664; x_wconf 18' lang='lat' dir='ltr'><strong>flueres-</strong></span> 
     </span>
    </p>
   </div>
   <div class='ocr_carea' id='block_1_46' title="bbox 2341 679 3958 749">
    <p class='ocr_par' dir='ltr' id='par_1_46' title="bbox 2341 679 3958 749">
     <span class='ocr_line' id='line_1_46' title="bbox 2341 679 3958 749; baseline 0.003 -20"><span class='ocrx_word' id='word_1_352' title='bbox 2341 679 2469 730; x_wconf 87' lang='lat' dir='ltr'><strong>sitas</strong></span> <span class='ocrx_word' id='word_1_353' title='bbox 2503 679 2670 744; x_wconf 56' lang='grc' dir='ltr'><strong>[κυδρὴ</strong></span> <span class='ocrx_word' id='word_1_354' title='bbox 2718 689 2772 730; x_wconf 90' lang='lat' dir='ltr'><strong>ut</strong></span> <span class='ocrx_word' id='word_1_355' title='bbox 2815 681 3051 746; x_wconf 78' lang='lat' dir='ltr'><strong>peritulo</strong></span> <span class='ocrx_word' id='word_1_356' title='bbox 3102 683 3408 734; x_wconf 82' lang='lat' dir='ltr'><strong>Consulatur</strong></span> <span class='ocrx_word' id='word_1_357' title='bbox 3454 683 3811 749; x_wconf 67' lang='lat' dir='ltr'><strong>aliquorum,</strong></span> <span class='ocrx_word' id='word_1_358' title='bbox 3866 688 3958 749; x_wconf 89' lang='lat' dir='ltr'><strong>qui</strong></span> 
     </span>
    </p>
   </div>
   <div class='ocr_carea' id='block_1_47' title="bbox 2341 750 3955 818">
    <p class='ocr_par' dir='ltr' id='par_1_47' title="bbox 2341 750 3955 818">
     <span class='ocr_line' id='line_1_47' title="bbox 2341 750 3955 818; baseline 0.005 -21"><span class='ocrx_word' id='word_1_359' title='bbox 2341 763 2431 808; x_wconf 70' lang='lat' dir='ltr'><strong>sui,</strong></span> <span class='ocrx_word' id='word_1_360' title='bbox 2453 763 2708 800; x_wconf 73' lang='lat' dir='ltr'><strong>Clllltllt‘l&#39;o</strong></span> <span class='ocrx_word' id='word_1_361' title='bbox 2735 764 2796 801; x_wconf 85' lang='lat' dir='ltr'><strong>ex</strong></span> <span class='ocrx_word' id='word_1_362' title='bbox 2836 750 3133 818; x_wconf 82' lang='lat' dir='ltr'><strong>ignorantia</strong></span> <span class='ocrx_word' id='word_1_363' title='bbox 3163 754 3496 804; x_wconf 83' lang='lat' dir='ltr'><strong>commisceri</strong></span> <span class='ocrx_word' id='word_1_364' title='bbox 3519 764 3764 818; x_wconf 74' lang='lat' dir='ltr'><strong>possent</strong></span> <span class='ocrx_word' id='word_1_365' title='bbox 3822 768 3955 805; x_wconf 77' lang='lat' dir='ltr'><strong>cum</strong></span> 
     </span>
    </p>
   </div>
   <div class='ocr_carea' id='block_1_48' title="bbox 2340 818 3955 891">
    <p class='ocr_par' dir='ltr' id='par_1_48' title="bbox 2340 818 3955 891">
     <span class='ocr_line' id='line_1_48' title="bbox 2340 818 3955 891; baseline 0.004 -23"><span class='ocrx_word' id='word_1_366' title='bbox 2340 818 2482 891; x_wconf 85' lang='lat' dir='ltr'><strong>malo</strong></span> <span class='ocrx_word' id='word_1_367' title='bbox 2514 829 2764 891; x_wconf 85' lang='lat' dir='ltr'><strong>tanquam</strong></span> <span class='ocrx_word' id='word_1_368' title='bbox 2802 834 2921 872; x_wconf 79' lang='lat' dir='ltr'><strong>eum</strong></span> <span class='ocrx_word' id='word_1_369' title='bbox 2955 821 3120 882; x_wconf 78' lang='lat' dir='ltr'><strong>bono;</strong></span> <span class='ocrx_word' id='word_1_370' title='bbox 3154 838 3271 874; x_wconf 91' lang='lat' dir='ltr'><strong>cum</strong></span> <span class='ocrx_word' id='word_1_371' title='bbox 3323 823 3559 891; x_wconf 79' lang='lat' dir='ltr'><strong>Apostoli</strong></span> <span class='ocrx_word' id='word_1_372' title='bbox 3594 834 3955 890; x_wconf 70' lang='lat' dir='ltr'><strong>prmceptum</strong></span> 
     </span>
    </p>
   </div>
   <div class='ocr_carea' id='block_1_49' title="bbox 2340 888 3955 961">
    <p class='ocr_par' dir='ltr' id='par_1_49' title="bbox 2340 888 3955 961">
     <span class='ocr_line' id='line_1_49' title="bbox 2340 888 3955 961; baseline 0.002 -21"><span class='ocrx_word' id='word_1_373' title='bbox 2340 888 2406 940; x_wconf 90' lang='lat' dir='ltr'><strong>sit</strong></span> <span class='ocrx_word' id='word_1_374' title='bbox 2438 903 2505 961; x_wconf 83' lang='lat' dir='ltr'><strong>ne</strong></span> <span class='ocrx_word' id='word_1_375' title='bbox 2535 889 2652 961; x_wconf 83' lang='lat' dir='ltr'><strong>quis</strong></span> <span class='ocrx_word' id='word_1_376' title='bbox 2682 904 2800 961; x_wconf 84' lang='lat' dir='ltr'><strong>cum</strong></span> <span class='ocrx_word' id='word_1_377' title='bbox 2827 891 3126 957; x_wconf 82' lang='lat' dir='ltr'><strong>hujusmodi</strong></span> <span class='ocrx_word' id='word_1_378' title='bbox 3152 907 3210 944; x_wconf 89' lang='lat' dir='ltr'><strong>se</strong></span> <span class='ocrx_word' id='word_1_379' title='bbox 3237 888 3602 944; x_wconf 34' lang='lat' dir='ltr'><strong>coniiiiisceatI</strong></span> <span class='ocrx_word' id='word_1_380' title='bbox 3633 888 3955 961; x_wconf 77' lang='lat' dir='ltr'><strong>nequando</strong></span> 
     </span>
    </p>
   </div>
   <div class='ocr_carea' id='block_1_50' title="bbox 2339 959 3463 1026">
    <p class='ocr_par' dir='ltr' id='par_1_50' title="bbox 2339 959 3463 1026">
     <span class='ocr_line' id='line_1_50' title="bbox 2339 959 3463 1026; baseline 0.003 -17"><span class='ocrx_word' id='word_1_381' title='bbox 2339 959 2515 1026; x_wconf 69' lang='lat' dir='ltr'><strong>capiat</strong></span> <span class='ocrx_word' id='word_1_382' title='bbox 2539 959 2655 1024; x_wconf 86' lang='lat' dir='ltr'><strong>quis</strong></span> <span class='ocrx_word' id='word_1_383' title='bbox 2688 959 2906 1024; x_wconf 88' lang='lat' dir='ltr'><strong>laqueos</strong></span> <span class='ocrx_word' id='word_1_384' title='bbox 2933 961 3126 1014; x_wconf 69' lang='lat' dir='ltr'><strong>animae</strong></span> <span class='ocrx_word' id='word_1_385' title='bbox 3153 979 3281 1021; x_wconf 68' lang='lat' dir='ltr'><strong>suae,</strong></span> <span class='ocrx_word' id='word_1_386' title='bbox 3309 972 3412 1014; x_wconf 81' lang='lat' dir='ltr'><strong>etc.</strong></span> <span class='ocrx_word' id='word_1_387' title='bbox 3446 982 3463 1012; x_wconf 76' lang='grc' dir='ltr'><strong>ι</strong></span> 
     </span>
    </p>
   </div>
   <div class='ocr_carea' id='block_1_51' title="bbox 2412 1028 3946 1101">
    <p class='ocr_par' dir='ltr' id='par_1_51' title="bbox 2412 1028 3946 1101">
     <span class='ocr_line' id='line_1_51' title="bbox 2412 1028 3946 1101; baseline 0.003 -21"><span class='ocrx_word' id='word_1_388' title='bbox 2412 1028 2736 1101; x_wconf 60' lang='grc' dir='ltr'><strong>δμρηιδιιαηι</strong></span> <span class='ocrx_word' id='word_1_389' title='bbox 2765 1029 2868 1082; x_wconf 87' lang='lat' dir='ltr'><strong>Deo</strong></span> <span class='ocrx_word' id='word_1_390' title='bbox 2897 1032 3246 1101; x_wconf 50' lang='lat' dir='ltr'><strong>committam]</strong></span> <span class='ocrx_word' id='word_1_391' title='bbox 3281 1035 3479 1084; x_wconf 71' lang='lat' dir='ltr'><strong>llonum</strong></span> <span class='ocrx_word' id='word_1_392' title='bbox 3517 1042 3596 1084; x_wconf 90' lang='lat' dir='ltr'><strong>est</strong></span> <span class='ocrx_word' id='word_1_393' title='bbox 3626 1032 3786 1084; x_wconf 81' lang='lat' dir='ltr'><strong>enim</strong></span> <span class='ocrx_word' id='word_1_394' title='bbox 3822 1049 3946 1096; x_wconf 18' lang='lat' dir='ltr'><strong>spe.</strong></span> 
     </span>
    </p>
   </div>
   <div class='ocr_carea' id='block_1_52' title="bbox 2341 1096 3941 1167">
    <p class='ocr_par' dir='ltr' id='par_1_52' title="bbox 2341 1096 3941 1167">
     <span class='ocr_line' id='line_1_52' title="bbox 2341 1096 3941 1167; baseline 0.003 -17"><span class='ocrx_word' id='word_1_395' title='bbox 2341 1113 2460 1150; x_wconf 83' lang='lat' dir='ltr'><strong>rare</strong></span> <span class='ocrx_word' id='word_1_396' title='bbox 2489 1096 2538 1148; x_wconf 94' lang='lat' dir='ltr'><strong>in</strong></span> <span class='ocrx_word' id='word_1_397' title='bbox 2566 1099 2802 1161; x_wconf 79' lang='lat' dir='ltr'><strong>lioniino,</strong></span> <span class='ocrx_word' id='word_1_398' title='bbox 2832 1115 2988 1166; x_wconf 89' lang='lat' dir='ltr'><strong>quam</strong></span> <span class='ocrx_word' id='word_1_399' title='bbox 3021 1096 3288 1154; x_wconf 70' lang='lat' dir='ltr'><strong>conlidere</strong></span> <span class='ocrx_word' id='word_1_400' title='bbox 3317 1101 3369 1153; x_wconf 88' lang='lat' dir='ltr'><strong>in</strong></span> <span class='ocrx_word' id='word_1_401' title='bbox 3391 1102 3624 1154; x_wconf 86' lang='lat' dir='ltr'><strong>homine.</strong></span> <span class='ocrx_word' id='word_1_402' title='bbox 3653 1103 3768 1154; x_wconf 82' lang='lat' dir='ltr'><strong>Sed</strong></span> <span class='ocrx_word' id='word_1_403' title='bbox 3806 1104 3941 1167; x_wconf 85' lang='lat' dir='ltr'><strong>quid</strong></span> 
     </span>
    </p>
   </div>
   <div class='ocr_carea' id='block_1_53' title="bbox 2341 1167 3944 1238">
    <p class='ocr_par' dir='ltr' id='par_1_53' title="bbox 2341 1167 3944 1238">
     <span class='ocr_line' id='line_1_53' title="bbox 2341 1167 3944 1238; baseline 0.002 -20"><span class='ocrx_word' id='word_1_404' title='bbox 2341 1182 2368 1218; x_wconf 87' lang='lat' dir='ltr'><strong>a</strong></span> <span class='ocrx_word' id='word_1_405' title='bbox 2405 1167 2624 1218; x_wconf 80' lang='lat' dir='ltr'><strong>Domino</strong></span> <span class='ocrx_word' id='word_1_406' title='bbox 2652 1171 2901 1234; x_wconf 68' lang='lat' dir='ltr'><strong>sperare?</strong></span> <span class='ocrx_word' id='word_1_407' title='bbox 2933 1188 2949 1218; x_wconf 81' lang='grc' dir='ltr'><strong>ι</strong></span> <span class='ocrx_word' id='word_1_408' title='bbox 2991 1170 3081 1222; x_wconf 62' lang='lat' dir='ltr'><strong>list</strong></span> <span class='ocrx_word' id='word_1_409' title='bbox 3133 1186 3255 1238; x_wconf 83' lang='lat' dir='ltr'><strong>spes</strong></span> <span class='ocrx_word' id='word_1_410' title='bbox 3286 1171 3471 1231; x_wconf 69' lang='lat' dir='ltr'><strong>\euite,</strong></span> <span class='ocrx_word' id='word_1_411' title='bbox 3503 1173 3696 1238; x_wconf 70' lang='lat' dir='ltr'><strong>gratiae</strong></span> <span class='ocrx_word' id='word_1_412' title='bbox 3727 1183 3788 1223; x_wconf 85' lang='lat' dir='ltr'><strong>et</strong></span> <span class='ocrx_word' id='word_1_413' title='bbox 3819 1183 3944 1238; x_wconf 62' lang='lat' dir='ltr'><strong>gin-</strong></span> 
     </span>
    </p>
   </div>
   <div class='ocr_carea' id='block_1_54' title="bbox 2343 1239 3940 1308">
    <p class='ocr_par' dir='ltr' id='par_1_54' title="bbox 2343 1239 3940 1308">
     <span class='ocr_line' id='line_1_54' title="bbox 2343 1239 3940 1308; baseline 0.001 -20"><span class='ocrx_word' id='word_1_414' title='bbox 2343 1239 2435 1288; x_wconf 79' lang='lat' dir='ltr'><strong>ri.e</strong></span> <span class='ocrx_word' id='word_1_415' title='bbox 2461 1277 2476 1299; x_wconf 97' lang='lat'><strong>,</strong></span> <span class='ocrx_word' id='word_1_416' title='bbox 2517 1257 2535 1287; x_wconf 72' lang='grc' dir='ltr'><strong>ι</strong></span> <span class='ocrx_word' id='word_1_417' title='bbox 2579 1241 2743 1302; x_wconf 74' lang='lat' dir='ltr'><strong>inquit</strong></span> <span class='ocrx_word' id='word_1_418' title='bbox 2790 1242 2844 1290; x_wconf 77' lang='lat' dir='ltr'><strong>S.</strong></span> <span class='ocrx_word' id='word_1_419' title='bbox 2885 1240 3182 1293; x_wconf 74' lang='lat' dir='ltr'><strong>Bt&#39;l‘llat‘tilts</strong></span> <span class='ocrx_word' id='word_1_420' title='bbox 3215 1242 3406 1308; x_wconf 81' lang='lat' dir='ltr'><strong>(Serm.</strong></span> <span class='ocrx_word' id='word_1_421' title='bbox 3443 1242 3540 1302; x_wconf 72' lang='grc'><strong>46,</strong></span> <span class='ocrx_word' id='word_1_422' title='bbox 3577 1242 3638 1290; x_wconf 67' lang='lat' dir='ltr'><strong>de</strong></span> <span class='ocrx_word' id='word_1_423' title='bbox 3677 1241 3940 1304; x_wconf 42' lang='lat' dir='ltr'><strong>Dicere).</strong></span> 
     </span>
    </p>
   </div>
   <div class='ocr_carea' id='block_1_55' title="bbox 2344 1308 3944 1380">
    <p class='ocr_par' dir='ltr' id='par_1_55' title="bbox 2344 1308 3944 1380">
     <span class='ocr_line' id='line_1_55' title="bbox 2344 1308 3944 1380; baseline 0.005 -24"><span class='ocrx_word' id='word_1_424' title='bbox 2344 1308 2460 1372; x_wconf 84' lang='lat' dir='ltr'><strong>Qun</strong></span> <span class='ocrx_word' id='word_1_425' title='bbox 2491 1310 2721 1380; x_wconf 72' lang='lat' dir='ltr'><strong>ntptivo?</strong></span> <span class='ocrx_word' id='word_1_426' title='bbox 2757 1327 2773 1358; x_wconf 78' lang='grc' dir='ltr'><strong>ι</strong></span> <span class='ocrx_word' id='word_1_427' title='bbox 2811 1309 2940 1380; x_wconf 81' lang='lat' dir='ltr'><strong>Iittic</strong></span> <span class='ocrx_word' id='word_1_428' title='bbox 2967 1325 3184 1365; x_wconf 70' lang='lat' dir='ltr'><strong>securus</strong></span> <span class='ocrx_word' id='word_1_429' title='bbox 3216 1327 3297 1364; x_wconf 87' lang='lat' dir='ltr'><strong>tne</strong></span> <span class='ocrx_word' id='word_1_430' title='bbox 3322 1311 3527 1380; x_wconf 29' lang='lat' dir='ltr'><strong>«credo,</strong></span> <span class='ocrx_word' id='word_1_431' title='bbox 3575 1315 3664 1378; x_wconf 81' lang='lat' dir='ltr'><strong>qui</strong></span> <span class='ocrx_word' id='word_1_432' title='bbox 3715 1314 3944 1364; x_wconf 63' lang='lat' dir='ltr'><strong>salvari:</strong></span> 
     </span>
    </p>
   </div>
   <div class='ocr_carea' id='block_1_56' title="bbox 2348 1378 3943 1446">
    <p class='ocr_par' dir='ltr' id='par_1_56' title="bbox 2348 1378 3943 1446">
     <span class='ocr_line' id='line_1_56' title="bbox 2348 1378 3943 1446; baseline 0.003 -19"><span class='ocrx_word' id='word_1_433' title='bbox 2348 1393 2431 1446; x_wconf 83' lang='lat' dir='ltr'><strong>nte</strong></span> <span class='ocrx_word' id='word_1_434' title='bbox 2464 1378 2625 1440; x_wconf 86' lang='lat' dir='ltr'><strong>velit,</strong></span> <span class='ocrx_word' id='word_1_435' title='bbox 2663 1379 2871 1430; x_wconf 79' lang='lat' dir='ltr'><strong>noverit</strong></span> <span class='ocrx_word' id='word_1_436' title='bbox 2911 1390 2963 1433; x_wconf 90' lang='lat' dir='ltr'><strong>et</strong></span> <span class='ocrx_word' id='word_1_437' title='bbox 2997 1381 3179 1446; x_wconf 59' lang='lat' dir='ltr'><strong>possit,</strong></span> <span class='ocrx_word' id='word_1_438' title='bbox 3217 1400 3233 1428; x_wconf 75' lang='grc' dir='ltr'><strong>ι</strong></span> <span class='ocrx_word' id='word_1_439' title='bbox 3270 1378 3417 1432; x_wconf 81' lang='lat' dir='ltr'><strong>addit</strong></span> <span class='ocrx_word' id='word_1_440' title='bbox 3454 1381 3590 1432; x_wconf 85' lang='lat' dir='ltr'><strong>idem</strong></span> <span class='ocrx_word' id='word_1_441' title='bbox 3625 1382 3685 1434; x_wconf 86' lang='lat' dir='ltr'><strong>S.</strong></span> <span class='ocrx_word' id='word_1_442' title='bbox 3738 1382 3943 1434; x_wconf 64' lang='lat' dir='ltr'><strong>ductor</strong></span> 
     </span>
    </p>
   </div>
   <div class='ocr_carea' id='block_1_57' title="bbox 2348 1445 3944 1515">
    <p class='ocr_par' dir='ltr' id='par_1_57' title="bbox 2348 1445 3944 1515">
     <span class='ocr_line' id='line_1_57' title="bbox 2348 1445 3944 1515; baseline 0.001 -17"><span class='ocrx_word' id='word_1_443' title='bbox 2348 1445 2542 1513; x_wconf 85' lang='lat' dir='ltr'><strong>(Serm.</strong></span> <span class='ocrx_word' id='word_1_444' title='bbox 2573 1449 2664 1511; x_wconf 72' lang='lat'><strong>‘20,</strong></span> <span class='ocrx_word' id='word_1_445' title='bbox 2694 1449 2743 1498; x_wconf 85' lang='lat' dir='ltr'><strong>in</strong></span> <span class='ocrx_word' id='word_1_446' title='bbox 2777 1449 2970 1508; x_wconf 58' lang='lat' dir='ltr'><strong>Cant).</strong></span> <span class='ocrx_word' id='word_1_447' title='bbox 2999 1445 3120 1515; x_wconf 80' lang='lat' dir='ltr'><strong>Quo</strong></span> <span class='ocrx_word' id='word_1_448' title='bbox 3147 1451 3359 1502; x_wconf 80' lang='lat' dir='ltr'><strong>fructu?</strong></span> <span class='ocrx_word' id='word_1_449' title='bbox 3389 1468 3406 1500; x_wconf 78' lang='grc' dir='ltr'><strong>ι</strong></span> <span class='ocrx_word' id='word_1_450' title='bbox 3442 1453 3842 1515; x_wconf 81' lang='lat' dir='ltr'><strong>Quemcunque</strong></span> <span class='ocrx_word' id='word_1_451' title='bbox 3869 1463 3944 1500; x_wconf 73' lang='lat' dir='ltr'><strong>ro-</strong></span> 
     </span>
    </p>
   </div>
   <div class='ocr_carea' id='block_1_58' title="bbox 2348 1519 3941 1584">
    <p class='ocr_par' dir='ltr' id='par_1_58' title="bbox 2348 1519 3941 1584">
     <span class='ocr_line' id='line_1_58' title="bbox 2348 1519 3941 1584; baseline 0.003 -16"><span class='ocrx_word' id='word_1_452' title='bbox 2348 1531 2468 1568; x_wconf 88' lang='lat' dir='ltr'><strong>cum</strong></span> <span class='ocrx_word' id='word_1_453' title='bbox 2515 1519 2802 1570; x_wconf 86' lang='lat' dir='ltr'><strong>calcaverit</strong></span> <span class='ocrx_word' id='word_1_454' title='bbox 2846 1534 2936 1584; x_wconf 87' lang='lat' dir='ltr'><strong>pes</strong></span> <span class='ocrx_word' id='word_1_455' title='bbox 2984 1531 3180 1582; x_wconf 78' lang='lat' dir='ltr'><strong>vester,</strong></span> <span class='ocrx_word' id='word_1_456' title='bbox 3209 1531 3382 1572; x_wconf 66' lang='lat' dir='ltr'><strong>vester</strong></span> <span class='ocrx_word' id='word_1_457' title='bbox 3425 1521 3544 1572; x_wconf 90' lang='lat' dir='ltr'><strong>erit.</strong></span> <span class='ocrx_word' id='word_1_458' title='bbox 3595 1521 3700 1573; x_wconf 82' lang='lat' dir='ltr'><strong>Pes</strong></span> <span class='ocrx_word' id='word_1_459' title='bbox 3749 1534 3941 1574; x_wconf 77' lang='lat' dir='ltr'><strong>vester</strong></span> 
     </span>
    </p>
   </div>
   <div class='ocr_carea' id='block_1_59' title="bbox 2348 1589 3939 1658">
    <p class='ocr_par' dir='ltr' id='par_1_59' title="bbox 2348 1589 3939 1658">
     <span class='ocr_line' id='line_1_59' title="bbox 2348 1589 3939 1658; baseline 0.003 -20"><span class='ocrx_word' id='word_1_460' title='bbox 2348 1589 2532 1654; x_wconf 62' lang='lat' dir='ltr'><strong>utique</strong></span> <span class='ocrx_word' id='word_1_461' title='bbox 2559 1602 2685 1650; x_wconf 80' lang='lat' dir='ltr'><strong>Spes</strong></span> <span class='ocrx_word' id='word_1_462' title='bbox 2715 1599 2890 1641; x_wconf 74' lang='lat' dir='ltr'><strong>vestra</strong></span> <span class='ocrx_word' id='word_1_463' title='bbox 2923 1601 3033 1655; x_wconf 85' lang='lat' dir='ltr'><strong>est,</strong></span> <span class='ocrx_word' id='word_1_464' title='bbox 3082 1600 3548 1658; x_wconf 71' lang='lat' dir='ltr'><strong>quantumcunque</strong></span> <span class='ocrx_word' id='word_1_465' title='bbox 3581 1592 3667 1643; x_wconf 67' lang='lat' dir='ltr'><strong>illa</strong></span> <span class='ocrx_word' id='word_1_466' title='bbox 3704 1606 3939 1658; x_wconf 77' lang='lat' dir='ltr'><strong>pruees-</strong></span> 
     </span>
    </p>
   </div>
   <div class='ocr_carea' id='block_1_60' title="bbox 2348 1658 3940 1728">
    <p class='ocr_par' dir='ltr' id='par_1_60' title="bbox 2348 1658 3940 1728">
     <span class='ocr_line' id='line_1_60' title="bbox 2348 1658 3940 1728; baseline 0.002 -19"><span class='ocrx_word' id='word_1_467' title='bbox 2348 1660 2506 1722; x_wconf 90' lang='lat' dir='ltr'><strong>serit,</strong></span> <span class='ocrx_word' id='word_1_468' title='bbox 2550 1658 2840 1721; x_wconf 84' lang='lat' dir='ltr'><strong>obtmehit;</strong></span> <span class='ocrx_word' id='word_1_469' title='bbox 2883 1661 2926 1711; x_wconf 91' lang='lat' dir='ltr'><strong>si</strong></span> <span class='ocrx_word' id='word_1_470' title='bbox 2961 1669 3132 1714; x_wconf 90' lang='lat' dir='ltr'><strong>tamen</strong></span> <span class='ocrx_word' id='word_1_471' title='bbox 3165 1661 3216 1712; x_wconf 92' lang='lat' dir='ltr'><strong>in</strong></span> <span class='ocrx_word' id='word_1_472' title='bbox 3265 1661 3427 1712; x_wconf 81' lang='lat' dir='ltr'><strong>Deum</strong></span> <span class='ocrx_word' id='word_1_473' title='bbox 3461 1671 3568 1713; x_wconf 55' lang='lat' dir='ltr'><strong>tuta</strong></span> <span class='ocrx_word' id='word_1_474' title='bbox 3623 1662 3690 1728; x_wconf 71' lang='lat' dir='ltr'><strong>[ig</strong></span> <span class='ocrx_word' id='word_1_475' title='bbox 3719 1672 3835 1725; x_wconf 90' lang='lat' dir='ltr'><strong>tur,</strong></span> <span class='ocrx_word' id='word_1_476' title='bbox 3889 1673 3940 1712; x_wconf 85' lang='lat' dir='ltr'><strong>ut</strong></span> 
     </span>
    </p>
   </div>
   <div class='ocr_carea' id='block_1_61' title="bbox 2348 1728 3940 1797">
    <p class='ocr_par' dir='ltr' id='par_1_61' title="bbox 2348 1728 3940 1797">
     <span class='ocr_line' id='line_1_61' title="bbox 2348 1728 3940 1797; baseline 0.003 -20"><span class='ocrx_word' id='word_1_477' title='bbox 2348 1728 2496 1779; x_wconf 89' lang='lat' dir='ltr'><strong>firma</strong></span> <span class='ocrx_word' id='word_1_478' title='bbox 2523 1728 2610 1790; x_wconf 89' lang='lat' dir='ltr'><strong>sit,</strong></span> <span class='ocrx_word' id='word_1_479' title='bbox 2641 1738 2694 1797; x_wconf 82' lang='lat' dir='ltr'><strong>et</strong></span> <span class='ocrx_word' id='word_1_480' title='bbox 2724 1744 2826 1780; x_wconf 90' lang='lat' dir='ltr'><strong>non</strong></span> <span class='ocrx_word' id='word_1_481' title='bbox 2861 1730 3069 1793; x_wconf 87' lang='lat' dir='ltr'><strong>titubet,</strong></span> <span class='ocrx_word' id='word_1_482' title='bbox 3108 1749 3125 1780; x_wconf 74' lang='grc' dir='ltr'><strong>ι</strong></span> <span class='ocrx_word' id='word_1_483' title='bbox 3156 1731 3365 1797; x_wconf 84' lang='lat' dir='ltr'><strong>reponit</strong></span> <span class='ocrx_word' id='word_1_484' title='bbox 3391 1731 3579 1783; x_wconf 89' lang='lat' dir='ltr'><strong>iterum</strong></span> <span class='ocrx_word' id='word_1_485' title='bbox 3608 1732 3666 1783; x_wconf 83' lang='lat' dir='ltr'><strong>S.</strong></span> <span class='ocrx_word' id='word_1_486' title='bbox 3708 1735 3940 1783; x_wconf 71' lang='lat' dir='ltr'><strong>Bernar-</strong></span> 
     </span>
    </p>
   </div>
   <div class='ocr_carea' id='block_1_62' title="bbox 2344 1795 3849 1867">
    <p class='ocr_par' dir='ltr' id='par_1_62' title="bbox 2344 1795 3849 1867">
     <span class='ocr_line' id='line_1_62' title="bbox 2344 1795 3849 1867; baseline 0.003 -19"><span class='ocrx_word' id='word_1_487' title='bbox 2344 1797 2442 1850; x_wconf 90' lang='lat' dir='ltr'><strong>dus</strong></span> <span class='ocrx_word' id='word_1_488' title='bbox 2465 1795 2657 1867; x_wconf 63' lang='lat' dir='ltr'><strong>(Serm:</strong></span> <span class='ocrx_word' id='word_1_489' title='bbox 2691 1797 2773 1851; x_wconf 81' lang='lat'><strong>15.</strong></span> <span class='ocrx_word' id='word_1_490' title='bbox 2809 1801 2859 1849; x_wconf 80' lang='lat' dir='ltr'><strong>in</strong></span> <span class='ocrx_word' id='word_1_491' title='bbox 2891 1803 3020 1863; x_wconf 82' lang='lat' dir='ltr'><strong>psal.</strong></span> <span class='ocrx_word' id='word_1_492' title='bbox 3054 1816 3138 1865; x_wconf 77' lang='lat' dir='ltr'><strong>xc,</strong></span> <span class='ocrx_word' id='word_1_493' title='bbox 3171 1795 3397 1852; x_wconf 67' lang='lat' dir='ltr'><strong>etserm.</strong></span> <span class='ocrx_word' id='word_1_494' title='bbox 3435 1800 3525 1864; x_wconf 66' lang='lat'><strong>5:2,</strong></span> <span class='ocrx_word' id='word_1_495' title='bbox 3556 1802 3608 1852; x_wconf 77' lang='lat' dir='ltr'><strong>in</strong></span> <span class='ocrx_word' id='word_1_496' title='bbox 3637 1801 3849 1866; x_wconf 84' lang='lat' dir='ltr'><strong>Caut.).</strong></span> 
     </span>
    </p>
   </div>
   <div class='ocr_carea' id='block_1_63' title="bbox 2418 1867 3938 1939">
    <p class='ocr_par' dir='ltr' id='par_1_63' title="bbox 2418 1867 3938 1939">
     <span class='ocr_line' id='line_1_63' title="bbox 2418 1867 3938 1939; baseline 0.003 -21"><span class='ocrx_word' id='word_1_497' title='bbox 2418 1867 2615 1939; x_wconf 80' lang='lat' dir='ltr'><strong>Bonum</strong></span> <span class='ocrx_word' id='word_1_498' title='bbox 2647 1868 2853 1935; x_wconf 84' lang='lat' dir='ltr'><strong>aliquod</strong></span> <span class='ocrx_word' id='word_1_499' title='bbox 2874 1871 2926 1920; x_wconf 85' lang='lat' dir='ltr'><strong>in</strong></span> <span class='ocrx_word' id='word_1_500' title='bbox 2958 1886 3142 1922; x_wconf 80' lang='lat' dir='ltr'><strong>secum</strong></span> <span class='ocrx_word' id='word_1_501' title='bbox 3174 1871 3366 1935; x_wconf 72' lang='lat' dir='ltr'><strong>riderit,</strong></span> <span class='ocrx_word' id='word_1_502' title='bbox 3405 1870 3508 1922; x_wconf 78' lang='grc' dir='ltr'><strong>0ιό</strong></span> <span class='ocrx_word' id='word_1_503' title='bbox 3534 1873 3757 1939; x_wconf 65' lang='lat' dir='ltr'><strong>applicet</strong></span> <span class='ocrx_word' id='word_1_504' title='bbox 3783 1912 3800 1928; x_wconf 85' lang='lat'><strong><em>.</em></strong></span> <span class='ocrx_word' id='word_1_505' title='bbox 3837 1890 3938 1922; x_wconf 78' lang='lat' dir='ltr'><strong>non</strong></span> 
     </span>
    </p>
   </div>
   <div class='ocr_carea' id='block_1_64' title="bbox 2346 1938 3936 2007">
    <p class='ocr_par' dir='ltr' id='par_1_64' title="bbox 2346 1938 3936 2007">
     <span class='ocr_line' id='line_1_64' title="bbox 2346 1938 3936 2007; baseline 0.001 -17"><span class='ocrx_word' id='word_1_506' title='bbox 2346 1938 2486 2007; x_wconf 65' lang='lat' dir='ltr'><strong>sibiJ,</strong></span> <span class='ocrx_word' id='word_1_507' title='bbox 2523 1939 2633 1991; x_wconf 86' lang='lat' dir='ltr'><strong>lluc</strong></span> <span class='ocrx_word' id='word_1_508' title='bbox 2676 1940 2954 1992; x_wconf 88' lang='lat' dir='ltr'><strong>referenda</strong></span> <span class='ocrx_word' id='word_1_509' title='bbox 3003 1951 3125 1992; x_wconf 82' lang='lat' dir='ltr'><strong>sunt</strong></span> <span class='ocrx_word' id='word_1_510' title='bbox 3158 1956 3275 2006; x_wconf 80' lang='lat' dir='ltr'><strong>qua:</strong></span> <span class='ocrx_word' id='word_1_511' title='bbox 3316 1956 3470 2006; x_wconf 85' lang='lat' dir='ltr'><strong>supra</strong></span> <span class='ocrx_word' id='word_1_512' title='bbox 3503 1938 3610 1992; x_wconf 75' lang='lat' dir='ltr'><strong>diiii</strong></span> <span class='ocrx_word' id='word_1_513' title='bbox 3643 1941 3699 1992; x_wconf 91' lang='lat' dir='ltr'><strong>in</strong></span> <span class='ocrx_word' id='word_1_514' title='bbox 3743 1946 3936 2005; x_wconf 70' lang='lat' dir='ltr'><strong>proto-</strong></span> 
     </span>
    </p>
   </div>
   <div class='ocr_carea' id='block_1_65' title="bbox 2346 2010 3934 2071">
    <p class='ocr_par' dir='ltr' id='par_1_65' title="bbox 2346 2010 3934 2071">
     <span class='ocr_line' id='line_1_65' title="bbox 2346 2010 3934 2071; baseline 0.003 -12"><span class='ocrx_word' id='word_1_515' title='bbox 2346 2023 2467 2071; x_wconf 67' lang='grc' dir='ltr'>μιιιι</span> <span class='ocrx_word' id='word_1_516' title='bbox 2503 2025 2513 2057; x_wconf 95' lang='lat'>:</span> <span class='ocrx_word' id='word_1_517' title='bbox 2546 2023 2610 2060; x_wconf 90' lang='lat' dir='ltr'><strong>ne</strong></span> <span class='ocrx_word' id='word_1_518' title='bbox 2643 2016 2818 2061; x_wconf 89' lang='lat' dir='ltr'><strong>tamen</strong></span> <span class='ocrx_word' id='word_1_519' title='bbox 2866 2010 3001 2062; x_wconf 89' lang='lat' dir='ltr'><strong>istud</strong></span> <span class='ocrx_word' id='word_1_520' title='bbox 3028 2011 3389 2062; x_wconf 61' lang='lat' dir='ltr'><strong>instrumenta</strong></span> <span class='ocrx_word' id='word_1_521' title='bbox 3416 2029 3443 2059; x_wconf 88' lang='grc' dir='ltr'><strong>ιι</strong></span> <span class='ocrx_word' id='word_1_522' title='bbox 3496 2011 3760 2063; x_wconf 87' lang='lat' dir='ltr'><strong>intactum</strong></span> <span class='ocrx_word' id='word_1_523' title='bbox 3795 2014 3934 2064; x_wconf 59' lang='lat' dir='ltr'><strong>iei-</strong></span> 
     </span>
    </p>
   </div>
   <div class='ocr_carea' id='block_1_66' title="bbox 2345 2079 3938 2147">
    <p class='ocr_par' dir='ltr' id='par_1_66' title="bbox 2345 2079 3938 2147">
     <span class='ocr_line' id='line_1_66' title="bbox 2345 2079 3938 2147; baseline 0.005 -21"><span class='ocrx_word' id='word_1_524' title='bbox 2345 2079 2524 2143; x_wconf 57' lang='lat' dir='ltr'><strong>qnisse</strong></span> <span class='ocrx_word' id='word_1_525' title='bbox 2554 2080 2732 2130; x_wconf 84' lang='lat' dir='ltr'><strong>videar</strong></span> <span class='ocrx_word' id='word_1_526' title='bbox 2752 2119 2766 2139; x_wconf 88' lang='lat'><strong>,</strong></span> <span class='ocrx_word' id='word_1_527' title='bbox 2812 2079 2844 2130; x_wconf 90' lang='lat' dir='ltr'><strong>il</strong></span> <span class='ocrx_word' id='word_1_528' title='bbox 2871 2095 2898 2130; x_wconf 92' lang='grc' dir='ltr'><strong>ιι</strong></span> <span class='ocrx_word' id='word_1_529' title='bbox 2924 2081 2934 2130; x_wconf 93' lang='lat' dir='ltr'><strong>l</strong></span> <span class='ocrx_word' id='word_1_530' title='bbox 2967 2095 3231 2147; x_wconf 79' lang='lat' dir='ltr'><strong>exponam</strong></span> <span class='ocrx_word' id='word_1_531' title='bbox 3279 2081 3544 2146; x_wconf 74' lang='lat' dir='ltr'><strong>pra~claris</strong></span> <span class='ocrx_word' id='word_1_532' title='bbox 3573 2081 3653 2134; x_wconf 89' lang='lat' dir='ltr'><strong>h:s</strong></span> <span class='ocrx_word' id='word_1_533' title='bbox 3687 2083 3748 2134; x_wconf 89' lang='lat' dir='ltr'><strong>S.</strong></span> <span class='ocrx_word' id='word_1_534' title='bbox 3805 2082 3938 2134; x_wconf 77' lang='lat' dir='ltr'><strong>Ber-</strong></span> 
     </span>
    </p>
   </div>
   <div class='ocr_carea' id='block_1_67' title="bbox 2348 2148 3937 2218">
    <p class='ocr_par' dir='ltr' id='par_1_67' title="bbox 2348 2148 3937 2218">
     <span class='ocr_line' id='line_1_67' title="bbox 2348 2148 3937 2218; baseline 0.002 -20"><span class='ocrx_word' id='word_1_535' title='bbox 2348 2149 2497 2199; x_wconf 80' lang='lat' dir='ltr'><strong>nartli</strong></span> <span class='ocrx_word' id='word_1_536' title='bbox 2525 2151 2698 2201; x_wconf 76' lang='lat' dir='ltr'><strong>verbis</strong></span> <span class='ocrx_word' id='word_1_537' title='bbox 2723 2149 2916 2215; x_wconf 82' lang='lat' dir='ltr'><strong>(Serm.</strong></span> <span class='ocrx_word' id='word_1_538' title='bbox 2943 2151 3030 2212; x_wconf 66' lang='lat'><strong>84,</strong></span> <span class='ocrx_word' id='word_1_539' title='bbox 3058 2152 3106 2202; x_wconf 83' lang='lat' dir='ltr'><strong>in</strong></span> <span class='ocrx_word' id='word_1_540' title='bbox 3131 2148 3306 2216; x_wconf 70' lang='lat' dir='ltr'><strong>Cant.)</strong></span> <span class='ocrx_word' id='word_1_541' title='bbox 3337 2168 3349 2200; x_wconf 88' lang='lat'>:</span> <span class='ocrx_word' id='word_1_542' title='bbox 3384 2169 3401 2198; x_wconf 74' lang='grc' dir='ltr'><strong>ι</strong></span> <span class='ocrx_word' id='word_1_543' title='bbox 3436 2152 3507 2204; x_wconf 82' lang='lat' dir='ltr'><strong>lle</strong></span> <span class='ocrx_word' id='word_1_544' title='bbox 3537 2154 3747 2218; x_wconf 81' lang='lat' dir='ltr'><strong>magnis</strong></span> <span class='ocrx_word' id='word_1_545' title='bbox 3778 2155 3937 2203; x_wconf 65' lang='lat' dir='ltr'><strong>hortis</strong></span> 
     </span>
    </p>
   </div>
   <div class='ocr_carea' id='block_1_68' title="bbox 2351 2218 3937 2282">
    <p class='ocr_par' dir='ltr' id='par_1_68' title="bbox 2351 2218 3937 2282">
     <span class='ocr_line' id='line_1_68' title="bbox 2351 2218 3937 2282; baseline 0.004 -14"><span class='ocrx_word' id='word_1_546' title='bbox 2351 2218 2487 2269; x_wconf 89' lang='lat' dir='ltr'><strong>mala</strong></span> <span class='ocrx_word' id='word_1_547' title='bbox 2512 2221 2641 2270; x_wconf 89' lang='lat' dir='ltr'><strong>oriri</strong></span> <span class='ocrx_word' id='word_1_548' title='bbox 2680 2233 2783 2271; x_wconf 88' lang='lat' dir='ltr'><strong>non</strong></span> <span class='ocrx_word' id='word_1_549' title='bbox 2829 2222 3044 2273; x_wconf 89' lang='lat' dir='ltr'><strong>minima</strong></span> <span class='ocrx_word' id='word_1_550' title='bbox 3073 2223 3282 2282; x_wconf 82' lang='lat' dir='ltr'><strong>Solent,</strong></span> <span class='ocrx_word' id='word_1_551' title='bbox 3333 2237 3451 2273; x_wconf 89' lang='lat' dir='ltr'><strong>cum</strong></span> <span class='ocrx_word' id='word_1_552' title='bbox 3491 2221 3610 2274; x_wconf 76' lang='lat' dir='ltr'><strong>facti</strong></span> <span class='ocrx_word' id='word_1_553' title='bbox 3645 2225 3837 2275; x_wconf 76' lang='lat' dir='ltr'><strong>exinni</strong></span> <span class='ocrx_word' id='word_1_554' title='bbox 3870 2224 3937 2275; x_wconf 85' lang='lat' dir='ltr'><strong>de</strong></span> 
     </span>
    </p>
   </div>
   <div class='ocr_carea' id='block_1_69' title="bbox 2351 2287 3937 2358">
    <p class='ocr_par' dir='ltr' id='par_1_69' title="bbox 2351 2287 3937 2358">
     <span class='ocr_line' id='line_1_69' title="bbox 2351 2287 3937 2358; baseline 0.004 -21"><span class='ocrx_word' id='word_1_555' title='bbox 2351 2287 2501 2338; x_wconf 84' lang='lat' dir='ltr'><strong>bonis</strong></span> <span class='ocrx_word' id='word_1_556' title='bbox 2531 2288 2760 2350; x_wconf 86' lang='lat' dir='ltr'><strong>Domini,</strong></span> <span class='ocrx_word' id='word_1_557' title='bbox 2790 2290 2987 2342; x_wconf 66' lang='lat' dir='ltr'><strong>utimn~</strong></span> <span class='ocrx_word' id='word_1_558' title='bbox 3016 2292 3170 2343; x_wconf 79' lang='lat' dir='ltr'><strong>denis</strong></span> <span class='ocrx_word' id='word_1_559' title='bbox 3196 2297 3450 2358; x_wconf 77' lang='lat' dir='ltr'><strong>.ttnquam</strong></span> <span class='ocrx_word' id='word_1_560' title='bbox 3485 2307 3586 2343; x_wconf 89' lang='lat' dir='ltr'><strong>non</strong></span> <span class='ocrx_word' id='word_1_561' title='bbox 3614 2292 3756 2345; x_wconf 87' lang='lat' dir='ltr'><strong>datis</strong></span> <span class='ocrx_word' id='word_1_562' title='bbox 3783 2334 3798 2354; x_wconf 91' lang='lat'><strong>,</strong></span> <span class='ocrx_word' id='word_1_563' title='bbox 3831 2308 3937 2344; x_wconf 66' lang='lat' dir='ltr'><strong>no.1</strong></span> 
     </span>
    </p>
   </div>
   <div class='ocr_carea' id='block_1_70' title="bbox 2349 2358 3937 2428">
    <p class='ocr_par' dir='ltr' id='par_1_70' title="bbox 2349 2358 3937 2428">
     <span class='ocr_line' id='line_1_70' title="bbox 2349 2358 3937 2428; baseline 0.006 -23"><span class='ocrx_word' id='word_1_564' title='bbox 2349 2358 2537 2428; x_wconf 84' lang='lat' dir='ltr'><strong>damus</strong></span> <span class='ocrx_word' id='word_1_565' title='bbox 2568 2360 2787 2425; x_wconf 78' lang='lat' dir='ltr'><strong>gloriam</strong></span> <span class='ocrx_word' id='word_1_566' title='bbox 2821 2361 2947 2412; x_wconf 82' lang='lat' dir='ltr'><strong>[)eo.</strong></span> <span class='ocrx_word' id='word_1_567' title='bbox 3001 2362 3069 2412; x_wconf 88' lang='lat' dir='ltr'><strong>Ita</strong></span> <span class='ocrx_word' id='word_1_568' title='bbox 3109 2360 3344 2428; x_wconf 88' lang='lat' dir='ltr'><strong>profecto</strong></span> <span class='ocrx_word' id='word_1_569' title='bbox 3375 2361 3462 2428; x_wconf 91' lang='lat' dir='ltr'><strong>qui</strong></span> <span class='ocrx_word' id='word_1_570' title='bbox 3510 2363 3728 2414; x_wconf 67' lang='lat' dir='ltr'><strong>iitavinii</strong></span> <span class='ocrx_word' id='word_1_571' title='bbox 3781 2363 3937 2415; x_wconf 66' lang='lat' dir='ltr'><strong>vids-</strong></span> 
     </span>
    </p>
   </div>
   <div class='ocr_carea' id='block_1_71' title="bbox 2354 2427 3937 2498">
    <p class='ocr_par' dir='ltr' id='par_1_71' title="bbox 2354 2427 3937 2498">
     <span class='ocr_line' id='line_1_71' title="bbox 2354 2427 3937 2498; baseline 0.006 -23"><span class='ocrx_word' id='word_1_572' title='bbox 2354 2427 2543 2478; x_wconf 85' lang='lat' dir='ltr'><strong>hantur</strong></span> <span class='ocrx_word' id='word_1_573' title='bbox 2576 2444 2669 2494; x_wconf 87' lang='lat' dir='ltr'><strong>pro</strong></span> <span class='ocrx_word' id='word_1_574' title='bbox 2699 2441 2915 2495; x_wconf 80' lang='lat' dir='ltr'><strong>accepta</strong></span> <span class='ocrx_word' id='word_1_575' title='bbox 2940 2427 3142 2498; x_wconf 69' lang='lat' dir='ltr'><strong>gratia,</strong></span> <span class='ocrx_word' id='word_1_576' title='bbox 3171 2446 3268 2498; x_wconf 86' lang='lat' dir='ltr'><strong>pro</strong></span> <span class='ocrx_word' id='word_1_577' title='bbox 3298 2427 3686 2484; x_wconf 84' lang='lat' dir='ltr'><strong>nonrcdhibita</strong></span> <span class='ocrx_word' id='word_1_578' title='bbox 3723 2434 3937 2487; x_wconf 74' lang='lat' dir='ltr'><strong>iitiuimi</strong></span> 
     </span>
    </p>
   </div>
   <div class='ocr_carea' id='block_1_72' title="bbox 2350 2502 3938 2569">
    <p class='ocr_par' dir='ltr' id='par_1_72' title="bbox 2350 2502 3938 2569">
     <span class='ocr_line' id='line_1_72' title="bbox 2350 2502 3938 2569; baseline 0.003 -21"><span class='ocrx_word' id='word_1_579' title='bbox 2350 2511 2426 2558; x_wconf 65' lang='lat' dir='ltr'><strong>rei</strong></span> <span class='ocrx_word' id='word_1_580' title='bbox 2449 2506 2662 2550; x_wconf 85' lang='lat' dir='ltr'><strong>utantur</strong></span> <span class='ocrx_word' id='word_1_581' title='bbox 2690 2502 2827 2565; x_wconf 88' lang='lat' dir='ltr'><strong>apud</strong></span> <span class='ocrx_word' id='word_1_582' title='bbox 2864 2503 3049 2554; x_wconf 77' lang='lat' dir='ltr'><strong>lJeutu.</strong></span> <span class='ocrx_word' id='word_1_583' title='bbox 3080 2502 3186 2569; x_wconf 76' lang='lat' dir='ltr'><strong>Ego</strong></span> <span class='ocrx_word' id='word_1_584' title='bbox 3208 2509 3383 2554; x_wconf 87' lang='lat' dir='ltr'><strong>autem</strong></span> <span class='ocrx_word' id='word_1_585' title='bbox 3414 2502 3560 2568; x_wconf 87' lang='lat' dir='ltr'><strong>vobis</strong></span> <span class='ocrx_word' id='word_1_586' title='bbox 3590 2516 3785 2567; x_wconf 87' lang='lat' dir='ltr'><strong>parco;</strong></span> <span class='ocrx_word' id='word_1_587' title='bbox 3808 2519 3938 2554; x_wconf 80' lang='lat' dir='ltr'><strong>usus</strong></span> 
     </span>
    </p>
   </div>
   <div class='ocr_carea' id='block_1_73' title="bbox 2353 2569 3936 2637">
    <p class='ocr_par' dir='ltr' id='par_1_73' title="bbox 2353 2569 3936 2637">
     <span class='ocr_line' id='line_1_73' title="bbox 2353 2569 3936 2637; baseline 0.004 -19"><span class='ocrx_word' id='word_1_588' title='bbox 2353 2580 2470 2618; x_wconf 90' lang='lat' dir='ltr'><strong>sum</strong></span> <span class='ocrx_word' id='word_1_589' title='bbox 2506 2569 2912 2621; x_wconf 82' lang='lat' dir='ltr'><strong>tiiudestiorihus</strong></span> <span class='ocrx_word' id='word_1_590' title='bbox 2945 2571 3161 2623; x_wconf 72' lang='lat' dir='ltr'><strong>vocibus</strong></span> <span class='ocrx_word' id='word_1_591' title='bbox 3194 2572 3434 2633; x_wconf 71' lang='lat' dir='ltr'><strong>maximo,</strong></span> <span class='ocrx_word' id='word_1_592' title='bbox 3461 2572 3796 2637; x_wconf 77' lang='lat' dir='ltr'><strong>minimoque,</strong></span> <span class='ocrx_word' id='word_1_593' title='bbox 3844 2573 3936 2624; x_wconf 71' lang='lat' dir='ltr'><strong>sed</strong></span> 
     </span>
    </p>
   </div>
   <div class='ocr_carea' id='block_1_74' title="bbox 2357 2637 3937 2706">
    <p class='ocr_par' dir='ltr' id='par_1_74' title="bbox 2357 2637 3937 2706">
     <span class='ocr_line' id='line_1_74' title="bbox 2357 2637 3937 2706; baseline 0.006 -22"><span class='ocrx_word' id='word_1_594' title='bbox 2357 2637 2496 2703; x_wconf 89' lang='lat' dir='ltr'><strong>quod</strong></span> <span class='ocrx_word' id='word_1_595' title='bbox 2545 2643 2718 2690; x_wconf 86' lang='lat' dir='ltr'><strong>sentio</strong></span> <span class='ocrx_word' id='word_1_596' title='bbox 2751 2656 2852 2690; x_wconf 89' lang='lat' dir='ltr'><strong>non</strong></span> <span class='ocrx_word' id='word_1_597' title='bbox 2905 2642 3162 2704; x_wconf 68' lang='lat' dir='ltr'><strong>cxpres~i.</strong></span> <span class='ocrx_word' id='word_1_598' title='bbox 3196 2641 3494 2694; x_wconf 83' lang='lat' dir='ltr'><strong>Discrimen</strong></span> <span class='ocrx_word' id='word_1_599' title='bbox 3539 2641 3778 2700; x_wconf 79' lang='lat' dir='ltr'><strong>involvi,</strong></span> <span class='ocrx_word' id='word_1_600' title='bbox 3825 2644 3937 2706; x_wconf 61' lang='lat' dir='ltr'><strong>ipse</strong></span> 
     </span>
    </p>
   </div>
   <div class='ocr_carea' id='block_1_75' title="bbox 2354 2707 3934 2780">
    <p class='ocr_par' dir='ltr' id='par_1_75' title="bbox 2354 2707 3934 2780">
     <span class='ocr_line' id='line_1_75' title="bbox 2354 2707 3934 2780; baseline 0.004 -25"><span class='ocrx_word' id='word_1_601' title='bbox 2354 2707 2564 2759; x_wconf 87' lang='lat' dir='ltr'><strong>nutiaho</strong></span> <span class='ocrx_word' id='word_1_602' title='bbox 2592 2724 2602 2764; x_wconf 88' lang='lat'><strong>;</strong></span> <span class='ocrx_word' id='word_1_603' title='bbox 2638 2710 2903 2773; x_wconf 77' lang='lat' dir='ltr'><strong>optimum,</strong></span> <span class='ocrx_word' id='word_1_604' title='bbox 2949 2713 3321 2780; x_wconf 77' lang='lat' dir='ltr'><strong>pessimumque</strong></span> <span class='ocrx_word' id='word_1_605' title='bbox 3366 2711 3567 2763; x_wconf 73' lang='lat' dir='ltr'><strong>dixisse</strong></span> <span class='ocrx_word' id='word_1_606' title='bbox 3595 2712 3894 2763; x_wconf 58' lang='grc' dir='ltr'><strong>(ἰδίως-[ειη</strong></span> <span class='ocrx_word' id='word_1_607' title='bbox 3921 2730 3934 2771; x_wconf 88' lang='grc'><strong>;</strong></span> 
     </span>
    </p>
   </div>
   <div class='ocr_carea' id='block_1_76' title="bbox 2353 2782 3937 2849">
    <p class='ocr_par' dir='ltr' id='par_1_76' title="bbox 2353 2782 3937 2849">
     <span class='ocr_line' id='line_1_76' title="bbox 2353 2782 3937 2849; baseline 0.003 -22"><span class='ocrx_word' id='word_1_608' title='bbox 2353 2791 2474 2849; x_wconf 88' lang='lat' dir='ltr'><strong>nam</strong></span> <span class='ocrx_word' id='word_1_609' title='bbox 2505 2794 2624 2829; x_wconf 83' lang='lat' dir='ltr'><strong>vere</strong></span> <span class='ocrx_word' id='word_1_610' title='bbox 2653 2789 2707 2830; x_wconf 87' lang='lat' dir='ltr'><strong>et</strong></span> <span class='ocrx_word' id='word_1_611' title='bbox 2748 2784 2947 2848; x_wconf 88' lang='lat' dir='ltr'><strong>absque</strong></span> <span class='ocrx_word' id='word_1_612' title='bbox 2971 2782 3132 2834; x_wconf 89' lang='lat' dir='ltr'><strong>dubio</strong></span> <span class='ocrx_word' id='word_1_613' title='bbox 3159 2797 3222 2833; x_wconf 86' lang='lat' dir='ltr'><strong>eo</strong></span> <span class='ocrx_word' id='word_1_614' title='bbox 3247 2782 3467 2849; x_wconf 90' lang='lat' dir='ltr'><strong>quisque</strong></span> <span class='ocrx_word' id='word_1_615' title='bbox 3500 2783 3798 2845; x_wconf 75' lang='lat' dir='ltr'><strong>Iressitnus,</strong></span> <span class='ocrx_word' id='word_1_616' title='bbox 3831 2798 3937 2848; x_wconf 87' lang='lat' dir='ltr'><strong>quo</strong></span> 
     </span>
    </p>
   </div>
   <div class='ocr_carea' id='block_1_77' title="bbox 2353 2848 3929 2918">
    <p class='ocr_par' dir='ltr' id='par_1_77' title="bbox 2353 2848 3929 2918">
     <span class='ocr_line' id='line_1_77' title="bbox 2353 2848 3929 2918; baseline 0.003 -21"><span class='ocrx_word' id='word_1_617' title='bbox 2353 2848 2586 2910; x_wconf 85' lang='lat' dir='ltr'><strong>Optimus</strong></span> <span class='ocrx_word' id='word_1_618' title='bbox 2611 2863 2672 2900; x_wconf 89' lang='lat' dir='ltr'><strong>es</strong></span> <span class='ocrx_word' id='word_1_619' title='bbox 2703 2892 2716 2911; x_wconf 90' lang='lat'><strong>,</strong></span> <span class='ocrx_word' id='word_1_620' title='bbox 2748 2855 2790 2901; x_wconf 88' lang='lat' dir='ltr'><strong>si</strong></span> <span class='ocrx_word' id='word_1_621' title='bbox 2822 2850 2921 2903; x_wconf 83' lang='lat' dir='ltr'><strong>hoc</strong></span> <span class='ocrx_word' id='word_1_622' title='bbox 2964 2853 3132 2916; x_wconf 87' lang='lat' dir='ltr'><strong>ipsmu</strong></span> <span class='ocrx_word' id='word_1_623' title='bbox 3165 2848 3274 2918; x_wconf 83' lang='lat' dir='ltr'><strong>quo</strong></span> <span class='ocrx_word' id='word_1_624' title='bbox 3299 2853 3532 2917; x_wconf 86' lang='lat' dir='ltr'><strong>optimus</strong></span> <span class='ocrx_word' id='word_1_625' title='bbox 3573 2861 3656 2902; x_wconf 89' lang='lat' dir='ltr'><strong>est</strong></span> <span class='ocrx_word' id='word_1_626' title='bbox 3687 2856 3929 2904; x_wconf 81' lang='lat' dir='ltr'><strong>ascribat</strong></span> 
     </span>
    </p>
   </div>
   <div class='ocr_carea' id='block_1_78' title="bbox 2353 2920 3929 2987">
    <p class='ocr_par' dir='ltr' id='par_1_78' title="bbox 2353 2920 3929 2987">
     <span class='ocr_line' id='line_1_78' title="bbox 2353 2920 3929 2987; baseline 0.005 -23"><span class='ocrx_word' id='word_1_627' title='bbox 2353 2929 2378 2987; x_wconf 88' lang='lat' dir='ltr'><strong>s</strong></span> <span class='ocrx_word' id='word_1_628' title='bbox 2407 2920 2452 2987; x_wconf 84' lang='lat' dir='ltr'><strong>lii</strong></span> <span class='ocrx_word' id='word_1_629' title='bbox 2481 2933 2492 2966; x_wconf 91' lang='lat'><strong>:</strong></span> <span class='ocrx_word' id='word_1_630' title='bbox 2528 2933 2718 2983; x_wconf 71' lang='lat' dir='ltr'><strong>nempe</strong></span> <span class='ocrx_word' id='word_1_631' title='bbox 2750 2922 3038 2987; x_wconf 57' lang='lat' dir='ltr'><strong>pessimum</strong></span> <span class='ocrx_word' id='word_1_632' title='bbox 3068 2929 3149 2973; x_wconf 87' lang='lat' dir='ltr'><strong>est</strong></span> <span class='ocrx_word' id='word_1_633' title='bbox 3179 2923 3301 2974; x_wconf 82' lang='lat' dir='ltr'><strong>hoc.</strong></span> <span class='ocrx_word' id='word_1_634' title='bbox 3333 2921 3483 2984; x_wconf 83' lang='lat' dir='ltr'><strong>Quod</strong></span> <span class='ocrx_word' id='word_1_635' title='bbox 3518 2921 3560 2971; x_wconf 92' lang='lat' dir='ltr'><strong>si</strong></span> <span class='ocrx_word' id='word_1_636' title='bbox 3588 2922 3730 2973; x_wconf 64' lang='lat' dir='ltr'><strong>dicit</strong></span> <span class='ocrx_word' id='word_1_637' title='bbox 3761 2926 3888 2986; x_wconf 80' lang='lat' dir='ltr'><strong>quis</strong></span> <span class='ocrx_word' id='word_1_638' title='bbox 3917 2941 3929 2971; x_wconf 91' lang='lat'>:</span> 
     </span>
    </p>
   </div>
   <div class='ocr_carea' id='block_1_79' title="bbox 2354 2986 3934 3057">
    <p class='ocr_par' dir='ltr' id='par_1_79' title="bbox 2354 2986 3934 3057">
     <span class='ocr_line' id='line_1_79' title="bbox 2354 2986 3934 3057; baseline 0.004 -21"><span class='ocrx_word' id='word_1_639' title='bbox 2354 2986 2528 3047; x_wconf 75' lang='lat' dir='ltr'><strong>Absit,</strong></span> <span class='ocrx_word' id='word_1_640' title='bbox 2555 2986 2806 3055; x_wconf 61' lang='lat' dir='ltr'><strong>agnosco,</strong></span> <span class='ocrx_word' id='word_1_641' title='bbox 2832 2994 2999 3056; x_wconf 80' lang='lat' dir='ltr'><strong>gratia</strong></span> <span class='ocrx_word' id='word_1_642' title='bbox 3037 2992 3124 3043; x_wconf 80' lang='lat' dir='ltr'><strong>Dei</strong></span> <span class='ocrx_word' id='word_1_643' title='bbox 3156 3007 3273 3043; x_wconf 90' lang='lat' dir='ltr'><strong>sum</strong></span> <span class='ocrx_word' id='word_1_644' title='bbox 3306 2991 3354 3042; x_wconf 84' lang='lat' dir='ltr'><strong>id</strong></span> <span class='ocrx_word' id='word_1_645' title='bbox 3379 2990 3519 3057; x_wconf 87' lang='lat' dir='ltr'><strong>quod</strong></span> <span class='ocrx_word' id='word_1_646' title='bbox 3543 3006 3688 3053; x_wconf 88' lang='lat' dir='ltr'><strong>sum;</strong></span> <span class='ocrx_word' id='word_1_647' title='bbox 3722 3003 3934 3043; x_wconf 61' lang='lat' dir='ltr'><strong>studeat</strong></span> 
     </span>
    </p>
   </div>
   <div class='ocr_carea' id='block_1_80' title="bbox 2355 3061 3932 3129">
    <p class='ocr_par' dir='ltr' id='par_1_80' title="bbox 2355 3061 3932 3129">
     <span class='ocr_line' id='line_1_80' title="bbox 2355 3061 3932 3129; baseline 0.004 -24"><span class='ocrx_word' id='word_1_648' title='bbox 2355 3067 2530 3108; x_wconf 84' lang='lat' dir='ltr'><strong>autem</strong></span> <span class='ocrx_word' id='word_1_649' title='bbox 2566 3073 2779 3129; x_wconf 73' lang='lat' dir='ltr'><strong>tzaptﬂte</strong></span> <span class='ocrx_word' id='word_1_650' title='bbox 2823 3061 3102 3126; x_wconf 80' lang='lat' dir='ltr'><strong>gloriolam</strong></span> <span class='ocrx_word' id='word_1_651' title='bbox 3136 3076 3229 3128; x_wconf 88' lang='lat' dir='ltr'><strong>pro</strong></span> <span class='ocrx_word' id='word_1_652' title='bbox 3275 3063 3444 3129; x_wconf 83' lang='lat' dir='ltr'><strong>gratia</strong></span> <span class='ocrx_word' id='word_1_653' title='bbox 3490 3076 3648 3128; x_wconf 85' lang='lat' dir='ltr'><strong>quam</strong></span> <span class='ocrx_word' id='word_1_654' title='bbox 3683 3065 3932 3128; x_wconf 84' lang='lat' dir='ltr'><strong>accepit,</strong></span> 
     </span>
    </p>
   </div>
   <div class='ocr_carea' id='block_1_81' title="bbox 681 3126 3932 3200">
    <p class='ocr_par' dir='ltr' id='par_1_81' title="bbox 681 3126 3932 3200">
     <span class='ocr_line' id='line_1_81' title="bbox 681 3126 3932 3200; baseline -0 -17"><span class='ocrx_word' id='word_1_655' title='bbox 681 3130 862 3185; x_wconf 82' lang='lat' dir='ltr'><strong>interr.</strong></span> <span class='ocrx_word' id='word_1_656' title='bbox 902 3132 992 3200; x_wconf 70' lang='lat'><strong>‘16)</strong></span> <span class='ocrx_word' id='word_1_657' title='bbox 1024 3150 1035 3183; x_wconf 91' lang='lat'><strong>:</strong></span> <span class='ocrx_word' id='word_1_658' title='bbox 1066 3150 1083 3181; x_wconf 75' lang='grc' dir='ltr'><strong>ι</strong></span> <span class='ocrx_word' id='word_1_659' title='bbox 1112 3131 1210 3198; x_wconf 85' lang='lat' dir='ltr'><strong>Qui</strong></span> <span class='ocrx_word' id='word_1_660' title='bbox 1233 3131 1622 3185; x_wconf 85' lang='lat' dir='ltr'><strong>detraliitl&#39;ratri</strong></span> <span class='ocrx_word' id='word_1_661' title='bbox 1645 3129 1728 3183; x_wconf 86' lang='lat' dir='ltr'><strong>vel</strong></span> <span class='ocrx_word' id='word_1_662' title='bbox 1752 3126 2251 3200; x_wconf 75' lang='lat' dir='ltr'><strong>detralieutemaus-</strong></span> <span class='ocrx_word' id='word_1_663' title='bbox 2279 3129 2322 3189; x_wconf 85' lang='lat' dir='ltr'><strong>C</strong></span> <span class='ocrx_word' id='word_1_664' title='bbox 2357 3141 2532 3177; x_wconf 78' lang='lat' dir='ltr'><strong>nonne</strong></span> <span class='ocrx_word' id='word_1_665' title='bbox 2561 3126 2644 3179; x_wconf 88' lang='lat' dir='ltr'><strong>fur</strong></span> <span class='ocrx_word' id='word_1_666' title='bbox 2669 3138 2832 3200; x_wconf 80' lang='lat' dir='ltr'><strong>estet</strong></span> <span class='ocrx_word' id='word_1_667' title='bbox 2858 3130 3034 3182; x_wconf 81' lang='lat' dir='ltr'><strong>latro?</strong></span> <span class='ocrx_word' id='word_1_668' title='bbox 3078 3126 3256 3183; x_wconf 79' lang='lat' dir='ltr'><strong>audiat</strong></span> <span class='ocrx_word' id='word_1_669' title='bbox 3281 3126 3375 3198; x_wconf 78' lang='lat' dir='ltr'><strong>qui</strong></span> <span class='ocrx_word' id='word_1_670' title='bbox 3402 3126 3662 3199; x_wconf 57' lang='lat' dir='ltr'><strong>ejuSnr-aii</strong></span> <span class='ocrx_word' id='word_1_671' title='bbox 3695 3143 3783 3184; x_wconf 75' lang='lat' dir='ltr'><strong>rst</strong></span> <span class='ocrx_word' id='word_1_672' title='bbox 3810 3126 3836 3180; x_wconf 12' lang='grc' dir='ltr'><strong>τῇ</strong></span> <span class='ocrx_word' id='word_1_673' title='bbox 3861 3134 3932 3184; x_wconf 69' lang='lat' dir='ltr'><strong>lix</strong></span> 
     </span>
    </p>
   </div>
   <div class='ocr_carea' id='block_1_82' title="bbox 682 3199 2250 3271">
    <p class='ocr_par' dir='ltr' id='par_1_82' title="bbox 682 3199 2250 3271">
     <span class='ocr_line' id='line_1_82' title="bbox 682 3199 2250 3271; baseline -0.003 -17"><span class='ocrx_word' id='word_1_674' title='bbox 682 3207 869 3261; x_wconf 78' lang='lat' dir='ltr'><strong>euitat,</strong></span> <span class='ocrx_word' id='word_1_675' title='bbox 920 3199 1022 3271; x_wconf 82' lang='lat' dir='ltr'><strong>qna</strong></span> <span class='ocrx_word' id='word_1_676' title='bbox 1047 3200 1506 3254; x_wconf 81' lang='lat' dir='ltr'><strong>animadversione</strong></span> <span class='ocrx_word' id='word_1_677' title='bbox 1528 3201 1715 3267; x_wconf 77' lang='lat' dir='ltr'><strong>dignus</strong></span> <span class='ocrx_word' id='word_1_678' title='bbox 1737 3199 1852 3251; x_wconf 85' lang='lat' dir='ltr'><strong>est?</strong></span> <span class='ocrx_word' id='word_1_679' title='bbox 1885 3217 1898 3247; x_wconf 78' lang='grc' dir='ltr'><strong>ι</strong></span> <span class='ocrx_word' id='word_1_680' title='bbox 1933 3200 2250 3266; x_wconf 71' lang='grc' dir='ltr'><strong>τρςιιοηιιριε</strong></span> 
     </span>
    </p>
   </div>
   <div class='ocr_carea' id='block_1_83' title="bbox 687 3271 2248 3326">
    <p class='ocr_par' dir='ltr' id='par_1_83' title="bbox 687 3271 2248 3326">
     <span class='ocr_line' id='line_1_83' title="bbox 687 3271 2248 3326; baseline -0.003 -3"><span class='ocrx_word' id='word_1_681' title='bbox 687 3288 706 3320; x_wconf 74' lang='grc' dir='ltr'><strong>ι</strong></span> <span class='ocrx_word' id='word_1_682' title='bbox 750 3271 1143 3326; x_wconf 79' lang='lat' dir='ltr'><strong>Exterminandi</strong></span> <span class='ocrx_word' id='word_1_683' title='bbox 1176 3279 1299 3323; x_wconf 88' lang='lat' dir='ltr'><strong>sunt</strong></span> <span class='ocrx_word' id='word_1_684' title='bbox 1325 3272 1482 3323; x_wconf 88' lang='lat' dir='ltr'><strong>ambo</strong></span> <span class='ocrx_word' id='word_1_685' title='bbox 1521 3285 1549 3322; x_wconf 90' lang='lat' dir='ltr'><strong>a</strong></span> <span class='ocrx_word' id='word_1_686' title='bbox 1581 3276 1894 3323; x_wconf 67' lang='lat' dir='ltr'><strong>cancrorum</strong></span> <span class='ocrx_word' id='word_1_687' title='bbox 1917 3278 2189 3320; x_wconf 78' lang='lat' dir='ltr'><strong>societate.</strong></span> <span class='ocrx_word' id='word_1_688' title='bbox 2230 3287 2248 3318; x_wconf 74' lang='grc' dir='ltr'><strong>ι</strong></span> 
     </span>
    </p>
   </div>
   <div class='ocr_carea' id='block_1_84' title="bbox 685 3338 2248 3408">
    <p class='ocr_par' dir='ltr' id='par_1_84' title="bbox 685 3338 2248 3408">
     <span class='ocr_line' id='line_1_84' title="bbox 685 3338 2248 3408; baseline -0.002 -15"><span class='ocrx_word' id='word_1_689' title='bbox 685 3340 752 3393; x_wconf 82' lang='lat' dir='ltr'><strong>Et</strong></span> <span class='ocrx_word' id='word_1_690' title='bbox 783 3356 917 3406; x_wconf 87' lang='lat' dir='ltr'><strong>pene</strong></span> <span class='ocrx_word' id='word_1_691' title='bbox 963 3342 1150 3397; x_wconf 87' lang='lat' dir='ltr'><strong>incerti</strong></span> <span class='ocrx_word' id='word_1_692' title='bbox 1196 3342 1430 3395; x_wconf 85' lang='lat' dir='ltr'><strong>auctoris</strong></span> <span class='ocrx_word' id='word_1_693' title='bbox 1471 3341 1607 3406; x_wconf 89' lang='lat' dir='ltr'><strong>apud</strong></span> <span class='ocrx_word' id='word_1_694' title='bbox 1631 3340 1891 3408; x_wconf 65' lang='lat' dir='ltr'><strong>{eumdem</strong></span> <span class='ocrx_word' id='word_1_695' title='bbox 1955 3338 2248 3390; x_wconf 70' lang='lat' dir='ltr'><strong>Baziliutn:</strong></span> 
     </span>
    </p>
   </div>
   <div class='ocr_carea' id='block_1_85' title="bbox 693 3409 2255 3480">
    <p class='ocr_par' dir='ltr' id='par_1_85' title="bbox 693 3409 2255 3480">
     <span class='ocr_line' id='line_1_85' title="bbox 693 3409 2255 3480; baseline -0.001 -19"><span class='ocrx_word' id='word_1_696' title='bbox 693 3430 710 3460; x_wconf 80' lang='grc' dir='ltr'><strong>ι</strong></span> <span class='ocrx_word' id='word_1_697' title='bbox 747 3412 803 3463; x_wconf 84' lang='lat' dir='ltr'><strong>Si</strong></span> <span class='ocrx_word' id='word_1_698' title='bbox 833 3413 951 3480; x_wconf 90' lang='lat' dir='ltr'><strong>quis</strong></span> <span class='ocrx_word' id='word_1_699' title='bbox 975 3413 1218 3464; x_wconf 82' lang='lat' dir='ltr'><strong>inventus</strong></span> <span class='ocrx_word' id='word_1_700' title='bbox 1241 3411 1402 3466; x_wconf 78' lang='lat' dir='ltr'><strong>fuerit</strong></span> <span class='ocrx_word' id='word_1_701' title='bbox 1423 3409 1706 3462; x_wconf 79' lang='lat' dir='ltr'><strong>detrahens</strong></span> <span class='ocrx_word' id='word_1_702' title='bbox 1727 3409 1988 3476; x_wconf 87' lang='lat' dir='ltr'><strong>aliquibus</strong></span> <span class='ocrx_word' id='word_1_703' title='bbox 2007 3453 2020 3476; x_wconf 88' lang='lat'><strong>,</strong></span> <span class='ocrx_word' id='word_1_704' title='bbox 2051 3409 2134 3460; x_wconf 83' lang='lat' dir='ltr'><strong>vel</strong></span> <span class='ocrx_word' id='word_1_705' title='bbox 2162 3425 2255 3480; x_wconf 85' lang='lat' dir='ltr'><strong>au-</strong></span> 
     </span>
    </p>
   </div>
   <div class='ocr_carea' id='block_1_86' title="bbox 682 3479 2254 3546">
    <p class='ocr_par' dir='ltr' id='par_1_86' title="bbox 682 3479 2254 3546">
     <span class='ocr_line' id='line_1_86' title="bbox 682 3479 2254 3546; baseline -0.002 -13"><span class='ocrx_word' id='word_1_706' title='bbox 682 3479 1284 3543; x_wconf 28' lang='lat' dir='ltr'><strong>diens’detrahentem,</strong></span> <span class='ocrx_word' id='word_1_707' title='bbox 1315 3491 1368 3534; x_wconf 90' lang='lat' dir='ltr'><strong>et</strong></span> <span class='ocrx_word' id='word_1_708' title='bbox 1413 3494 1515 3531; x_wconf 88' lang='lat' dir='ltr'><strong>non</strong></span> <span class='ocrx_word' id='word_1_709' title='bbox 1553 3481 1830 3546; x_wconf 71' lang='lat' dir='ltr'><strong>increpans</strong></span> <span class='ocrx_word' id='word_1_710' title='bbox 1872 3493 1962 3530; x_wconf 90' lang='lat' dir='ltr'><strong>eos</strong></span> <span class='ocrx_word' id='word_1_711' title='bbox 1987 3517 2003 3542; x_wconf 91' lang='lat'><strong>,</strong></span> <span class='ocrx_word' id='word_1_712' title='bbox 2051 3488 2141 3530; x_wconf 89' lang='lat' dir='ltr'><strong>aut</strong></span> <span class='ocrx_word' id='word_1_713' title='bbox 2172 3479 2254 3530; x_wconf 87' lang='lat' dir='ltr'><strong>iii-</strong></span> 
     </span>
    </p>
   </div>
   <div class='ocr_carea' id='block_1_87' title="bbox 685 3548 2256 3613">
    <p class='ocr_par' dir='ltr' id='par_1_87' title="bbox 685 3548 2256 3613">
     <span class='ocr_line' id='line_1_87' title="bbox 685 3548 2256 3613; baseline 0.001 -12"><span class='ocrx_word' id='word_1_714' title='bbox 685 3549 872 3602; x_wconf 87' lang='lat' dir='ltr'><strong>dicans</strong></span> <span class='ocrx_word' id='word_1_715' title='bbox 911 3550 1382 3613; x_wconf 65' lang='lat' dir='ltr'><strong>archimandritas,</strong></span> <span class='ocrx_word' id='word_1_716' title='bbox 1429 3549 1936 3601; x_wconf 83' lang='lat' dir='ltr'><strong>excommunicetur.</strong></span> <span class='ocrx_word' id='word_1_717' title='bbox 1988 3567 2004 3596; x_wconf 77' lang='grc' dir='ltr'><strong>ι</strong></span> <span class='ocrx_word' id='word_1_718' title='bbox 2049 3548 2108 3603; x_wconf 88' lang='lat' dir='ltr'><strong>S.</strong></span> <span class='ocrx_word' id='word_1_719' title='bbox 2156 3551 2256 3601; x_wconf 72' lang='lat' dir='ltr'><strong>(Jo-</strong></span> 
     </span>
    </p>
   </div>
   <div class='ocr_carea' id='block_1_88' title="bbox 687 3618 2257 3687">
    <p class='ocr_par' dir='ltr' id='par_1_88' title="bbox 687 3618 2257 3687">
     <span class='ocr_line' id='line_1_88' title="bbox 687 3618 2257 3687; baseline 0.001 -16"><span class='ocrx_word' id='word_1_720' title='bbox 687 3620 967 3673; x_wconf 90' lang='lat' dir='ltr'><strong>lumbanus</strong></span> <span class='ocrx_word' id='word_1_721' title='bbox 1005 3620 1057 3674; x_wconf 89' lang='lat' dir='ltr'><strong>in</strong></span> <span class='ocrx_word' id='word_1_722' title='bbox 1097 3620 1456 3674; x_wconf 70' lang='lat' dir='ltr'><strong>Pmiiitentiali</strong></span> <span class='ocrx_word' id='word_1_723' title='bbox 1490 3619 1604 3672; x_wconf 70' lang='lat' dir='ltr'><strong>lucc</strong></span> <span class='ocrx_word' id='word_1_724' title='bbox 1639 3620 1797 3670; x_wconf 72' lang='lat' dir='ltr'><strong>habet</strong></span> <span class='ocrx_word' id='word_1_725' title='bbox 1827 3638 1840 3673; x_wconf 95' lang='lat'><strong>:</strong></span> <span class='ocrx_word' id='word_1_726' title='bbox 1879 3636 1895 3667; x_wconf 76' lang='grc' dir='ltr'><strong>ι</strong></span> <span class='ocrx_word' id='word_1_727' title='bbox 1930 3618 1983 3672; x_wconf 84' lang='lat' dir='ltr'><strong>SI</strong></span> <span class='ocrx_word' id='word_1_728' title='bbox 2015 3618 2135 3687; x_wconf 88' lang='lat' dir='ltr'><strong>quis</strong></span> <span class='ocrx_word' id='word_1_729' title='bbox 2164 3619 2257 3671; x_wconf 84' lang='lat' dir='ltr'><strong>de-</strong></span> 
     </span>
    </p>
   </div>
   <div class='ocr_carea' id='block_1_89' title="bbox 687 3689 2255 3758">
    <p class='ocr_par' dir='ltr' id='par_1_89' title="bbox 687 3689 2255 3758">
     <span class='ocr_line' id='line_1_89' title="bbox 687 3689 2255 3758; baseline 0 -18"><span class='ocrx_word' id='word_1_730' title='bbox 687 3689 912 3742; x_wconf 75' lang='lat' dir='ltr'><strong>traxurit</strong></span> <span class='ocrx_word' id='word_1_731' title='bbox 938 3690 1184 3743; x_wconf 87' lang='lat' dir='ltr'><strong>abbatem</strong></span> <span class='ocrx_word' id='word_1_732' title='bbox 1213 3705 1364 3743; x_wconf 91' lang='lat' dir='ltr'><strong>suum</strong></span> <span class='ocrx_word' id='word_1_733' title='bbox 1391 3730 1405 3753; x_wconf 92' lang='lat'><strong>,</strong></span> <span class='ocrx_word' id='word_1_734' title='bbox 1438 3702 1640 3758; x_wconf 83' lang='lat' dir='ltr'><strong>septem</strong></span> <span class='ocrx_word' id='word_1_735' title='bbox 1672 3690 1784 3740; x_wconf 88' lang='lat' dir='ltr'><strong>dies</strong></span> <span class='ocrx_word' id='word_1_736' title='bbox 1827 3704 1986 3740; x_wconf 87' lang='lat' dir='ltr'><strong>unum</strong></span> <span class='ocrx_word' id='word_1_737' title='bbox 2021 3689 2255 3756; x_wconf 67' lang='lat' dir='ltr'><strong>paxitua-</strong></span> 
     </span>
    </p>
   </div>
   <div class='ocr_carea' id='block_1_90' title="bbox 683 3758 2257 3829">
    <p class='ocr_par' dir='ltr' id='par_1_90' title="bbox 683 3758 2257 3829">
     <span class='ocr_line' id='line_1_90' title="bbox 683 3758 2257 3829; baseline 0.001 -18"><span class='ocrx_word' id='word_1_738' title='bbox 683 3758 816 3811; x_wconf 89' lang='lat' dir='ltr'><strong>tium</strong></span> <span class='ocrx_word' id='word_1_739' title='bbox 883 3759 957 3829; x_wconf 91' lang='lat' dir='ltr'><strong>(id</strong></span> <span class='ocrx_word' id='word_1_740' title='bbox 1015 3769 1098 3814; x_wconf 87' lang='lat' dir='ltr'><strong>est</strong></span> <span class='ocrx_word' id='word_1_741' title='bbox 1142 3759 1356 3812; x_wconf 85' lang='lat' dir='ltr'><strong>habebit</strong></span> <span class='ocrx_word' id='word_1_742' title='bbox 1385 3775 1480 3828; x_wconf 90' lang='lat' dir='ltr'><strong>pro</strong></span> <span class='ocrx_word' id='word_1_743' title='bbox 1524 3761 1696 3827; x_wconf 83' lang='lat' dir='ltr'><strong>victu,</strong></span> <span class='ocrx_word' id='word_1_744' title='bbox 1739 3774 1856 3810; x_wconf 82' lang='lat' dir='ltr'><strong>cum</strong></span> <span class='ocrx_word' id='word_1_745' title='bbox 1897 3758 2127 3829; x_wconf 81' lang='lat' dir='ltr'><strong>solerent</strong></span> <span class='ocrx_word' id='word_1_746' title='bbox 2153 3758 2257 3812; x_wconf 90' lang='lat' dir='ltr'><strong>duo</strong></span> 
     </span>
    </p>
   </div>
   <div class='ocr_carea' id='block_1_91' title="bbox 687 3828 2255 3896">
    <p class='ocr_par' dir='ltr' id='par_1_91' title="bbox 687 3828 2255 3896">
     <span class='ocr_line' id='line_1_91' title="bbox 687 3828 2255 3896; baseline 0.002 -17"><span class='ocrx_word' id='word_1_747' title='bbox 687 3828 973 3896; x_wconf 75' lang='lat' dir='ltr'><strong>paximatia</strong></span> <span class='ocrx_word' id='word_1_748' title='bbox 1008 3844 1100 3896; x_wconf 90' lang='lat' dir='ltr'><strong>per</strong></span> <span class='ocrx_word' id='word_1_749' title='bbox 1138 3830 1278 3884; x_wconf 89' lang='lat' dir='ltr'><strong>diem</strong></span> <span class='ocrx_word' id='word_1_750' title='bbox 1329 3829 1554 3891; x_wconf 82' lang='lat' dir='ltr'><strong>habere,</strong></span> <span class='ocrx_word' id='word_1_751' title='bbox 1602 3841 1659 3881; x_wconf 87' lang='lat' dir='ltr'><strong>ut</strong></span> <span class='ocrx_word' id='word_1_752' title='bbox 1697 3829 1946 3882; x_wconf 84' lang='lat' dir='ltr'><strong>observat</strong></span> <span class='ocrx_word' id='word_1_753' title='bbox 1977 3828 2255 3882; x_wconf 83' lang='lat' dir='ltr'><strong>Menardus</strong></span> 
     </span>
    </p>
   </div>
   <div class='ocr_carea' id='block_1_92' title="bbox 687 3899 2254 3969">
    <p class='ocr_par' dir='ltr' id='par_1_92' title="bbox 687 3899 2254 3969">
     <span class='ocr_line' id='line_1_92' title="bbox 687 3899 2254 3969; baseline 0 -18"><span class='ocrx_word' id='word_1_754' title='bbox 687 3899 918 3969; x_wconf 74' lang='lat' dir='ltr'><strong>naster);</strong></span> <span class='ocrx_word' id='word_1_755' title='bbox 951 3900 996 3953; x_wconf 88' lang='lat' dir='ltr'><strong>si</strong></span> <span class='ocrx_word' id='word_1_756' title='bbox 1025 3901 1241 3954; x_wconf 82' lang='lat' dir='ltr'><strong>fratrem</strong></span> <span class='ocrx_word' id='word_1_757' title='bbox 1281 3915 1455 3965; x_wconf 86' lang='lat' dir='ltr'><strong>suum,</strong></span> <span class='ocrx_word' id='word_1_758' title='bbox 1505 3899 1689 3968; x_wconf 82' lang='lat' dir='ltr'><strong>viginti</strong></span> <span class='ocrx_word' id='word_1_759' title='bbox 1737 3908 1962 3964; x_wconf 88' lang='lat' dir='ltr'><strong>quatuor</strong></span> <span class='ocrx_word' id='word_1_760' title='bbox 1993 3899 2254 3967; x_wconf 88' lang='lat' dir='ltr'><strong>psalmos;</strong></span> 
     </span>
    </p>
   </div>
   <div class='ocr_carea' id='block_1_93' title="bbox 687 3969 2258 4038">
    <p class='ocr_par' dir='ltr' id='par_1_93' title="bbox 687 3969 2258 4038">
     <span class='ocr_line' id='line_1_93' title="bbox 687 3969 2258 4038; baseline 0.002 -17"><span class='ocrx_word' id='word_1_761' title='bbox 687 3970 731 4022; x_wconf 88' lang='lat' dir='ltr'><strong>si</strong></span> <span class='ocrx_word' id='word_1_762' title='bbox 765 3971 1102 4038; x_wconf 52' lang='lat' dir='ltr'><strong>secularem,</strong></span> <span class='ocrx_word' id='word_1_763' title='bbox 1131 3970 1408 4024; x_wconf 84' lang='lat' dir='ltr'><strong>duodecim</strong></span> <span class='ocrx_word' id='word_1_764' title='bbox 1443 3974 1694 4038; x_wconf 83' lang='lat' dir='ltr'><strong>psalmos.</strong></span> <span class='ocrx_word' id='word_1_765' title='bbox 1733 3987 1750 4019; x_wconf 76' lang='grc' dir='ltr'><strong>ι</strong></span> <span class='ocrx_word' id='word_1_766' title='bbox 1792 3969 2026 4032; x_wconf 84' lang='lat' dir='ltr'><strong>Denique</strong></span> <span class='ocrx_word' id='word_1_767' title='bbox 2057 3969 2258 4036; x_wconf 77' lang='lat' dir='ltr'><strong>Regula</strong></span> 
     </span>
    </p>
   </div>
   <div class='ocr_carea' id='block_1_94' title="bbox 683 4037 2255 4110">
    <p class='ocr_par' dir='ltr' id='par_1_94' title="bbox 683 4037 2255 4110">
     <span class='ocr_line' id='line_1_94' title="bbox 683 4037 2255 4110; baseline 0 -18"><span class='ocrx_word' id='word_1_768' title='bbox 683 4037 974 4109; x_wconf 81' lang='lat' dir='ltr'><strong>Cujusdam</strong></span> <span class='ocrx_word' id='word_1_769' title='bbox 1003 4045 1064 4092; x_wconf 84' lang='lat' dir='ltr'><strong>ad</strong></span> <span class='ocrx_word' id='word_1_770' title='bbox 1121 4039 1406 4095; x_wconf 80' lang='lat' dir='ltr'><strong>Monachos</strong></span> <span class='ocrx_word' id='word_1_771' title='bbox 1434 4041 1586 4110; x_wconf 85' lang='lat' dir='ltr'><strong>(Cap.</strong></span> <span class='ocrx_word' id='word_1_772' title='bbox 1615 4040 1706 4106; x_wconf 69' lang='lat'><strong>&#39;26)</strong></span> <span class='ocrx_word' id='word_1_773' title='bbox 1735 4055 1747 4092; x_wconf 93' lang='lat'>:</span> <span class='ocrx_word' id='word_1_774' title='bbox 1777 4058 1800 4089; x_wconf 67' lang='lat'><strong>1</strong></span> <span class='ocrx_word' id='word_1_775' title='bbox 1835 4041 1886 4110; x_wconf 89' lang='lat' dir='ltr'><strong>Si</strong></span> <span class='ocrx_word' id='word_1_776' title='bbox 1911 4040 2030 4107; x_wconf 89' lang='lat' dir='ltr'><strong>quis</strong></span> <span class='ocrx_word' id='word_1_777' title='bbox 2058 4040 2255 4092; x_wconf 91' lang='lat' dir='ltr'><strong>seniori</strong></span> 
     </span>
    </p>
   </div>
   <div class='ocr_carea' id='block_1_95' title="bbox 685 4109 2257 4174">
    <p class='ocr_par' dir='ltr' id='par_1_95' title="bbox 685 4109 2257 4174">
     <span class='ocr_line' id='line_1_95' title="bbox 685 4109 2257 4174; baseline 0 -11"><span class='ocrx_word' id='word_1_778' title='bbox 685 4124 785 4164; x_wconf 86' lang='lat' dir='ltr'><strong>suo</strong></span> <span class='ocrx_word' id='word_1_779' title='bbox 809 4110 1119 4173; x_wconf 85' lang='lat' dir='ltr'><strong>detraxerit.</strong></span> <span class='ocrx_word' id='word_1_780' title='bbox 1146 4126 1248 4164; x_wconf 91' lang='lat' dir='ltr'><strong>non</strong></span> <span class='ocrx_word' id='word_1_781' title='bbox 1273 4111 1470 4164; x_wconf 88' lang='lat' dir='ltr'><strong>seniori</strong></span> <span class='ocrx_word' id='word_1_782' title='bbox 1498 4111 1752 4173; x_wconf 84' lang='lat' dir='ltr'><strong>detrahit,</strong></span> <span class='ocrx_word' id='word_1_783' title='bbox 1778 4109 1870 4164; x_wconf 89' lang='lat' dir='ltr'><strong>sed</strong></span> <span class='ocrx_word' id='word_1_784' title='bbox 1899 4110 2140 4174; x_wconf 88' lang='lat' dir='ltr'><strong>Domino,</strong></span> <span class='ocrx_word' id='word_1_785' title='bbox 2171 4111 2257 4164; x_wconf 89' lang='lat' dir='ltr'><strong>cui</strong></span> 
     </span>
    </p>
   </div>
   <div class='ocr_carea' id='block_1_96' title="bbox 685 4181 2252 4249">
    <p class='ocr_par' dir='ltr' id='par_1_96' title="bbox 685 4181 2252 4249">
     <span class='ocr_line' id='line_1_96' title="bbox 685 4181 2252 4249; baseline 0.001 -16"><span class='ocrx_word' id='word_1_786' title='bbox 685 4193 820 4247; x_wconf 83' lang='lat' dir='ltr'><strong>Opus</strong></span> <span class='ocrx_word' id='word_1_787' title='bbox 854 4182 978 4234; x_wconf 87' lang='lat' dir='ltr'><strong>facit</strong></span> <span class='ocrx_word' id='word_1_788' title='bbox 1016 4182 1196 4236; x_wconf 80' lang='lat' dir='ltr'><strong>senior</strong></span> <span class='ocrx_word' id='word_1_789' title='bbox 1224 4199 1238 4235; x_wconf 86' lang='lat'><strong>:</strong></span> <span class='ocrx_word' id='word_1_790' title='bbox 1271 4183 1314 4236; x_wconf 88' lang='lat' dir='ltr'><strong>si</strong></span> <span class='ocrx_word' id='word_1_791' title='bbox 1339 4197 1467 4235; x_wconf 90' lang='lat' dir='ltr'><strong>vero</strong></span> <span class='ocrx_word' id='word_1_792' title='bbox 1499 4181 1598 4233; x_wconf 87' lang='lat' dir='ltr'><strong>hoc</strong></span> <span class='ocrx_word' id='word_1_793' title='bbox 1628 4181 1932 4249; x_wconf 83' lang='lat' dir='ltr'><strong>frequenter</strong></span> <span class='ocrx_word' id='word_1_794' title='bbox 1961 4181 2134 4246; x_wconf 87' lang='lat' dir='ltr'><strong>faciat,</strong></span> <span class='ocrx_word' id='word_1_795' title='bbox 2160 4183 2252 4234; x_wconf 90' lang='lat' dir='ltr'><strong>ab-</strong></span> 
     </span>
    </p>
   </div>
   <div class='ocr_carea' id='block_1_97' title="bbox 685 4251 2259 4313">
    <p class='ocr_par' dir='ltr' id='par_1_97' title="bbox 685 4251 2259 4313">
     <span class='ocr_line' id='line_1_97' title="bbox 685 4251 2259 4313; baseline 0 -11"><span class='ocrx_word' id='word_1_796' title='bbox 685 4251 955 4305; x_wconf 86' lang='lat' dir='ltr'><strong>scindatur</strong></span> <span class='ocrx_word' id='word_1_797' title='bbox 982 4266 1010 4304; x_wconf 91' lang='lat' dir='ltr'><strong>a</strong></span> <span class='ocrx_word' id='word_1_798' title='bbox 1040 4251 1392 4313; x_wconf 83' lang='lat' dir='ltr'><strong>fraternitate,</strong></span> <span class='ocrx_word' id='word_1_799' title='bbox 1423 4267 1487 4305; x_wconf 88' lang='lat' dir='ltr'><strong>ac</strong></span> <span class='ocrx_word' id='word_1_800' title='bbox 1510 4251 1864 4305; x_wconf 65' lang='lat' dir='ltr'><strong>sollicitudine</strong></span> <span class='ocrx_word' id='word_1_801' title='bbox 1896 4251 2114 4304; x_wconf 84' lang='lat' dir='ltr'><strong>fraterni</strong></span> <span class='ocrx_word' id='word_1_802' title='bbox 2142 4266 2259 4303; x_wconf 87' lang='lat' dir='ltr'><strong>cor-</strong></span> 
     </span>
    </p>
   </div>
   <div class='ocr_carea' id='block_1_98' title="bbox 685 4319 2251 4388">
    <p class='ocr_par' dir='ltr' id='par_1_98' title="bbox 685 4319 2251 4388">
     <span class='ocr_line' id='line_1_98' title="bbox 685 4319 2251 4388; baseline -0.002 -15"><span class='ocrx_word' id='word_1_803' title='bbox 685 4319 831 4387; x_wconf 81' lang='lat' dir='ltr'><strong>poris</strong></span> <span class='ocrx_word' id='word_1_804' title='bbox 848 4337 862 4382; x_wconf 90' lang='lat'><strong>;</strong></span> <span class='ocrx_word' id='word_1_805' title='bbox 879 4321 922 4373; x_wconf 87' lang='lat' dir='ltr'><strong>si</strong></span> <span class='ocrx_word' id='word_1_806' title='bbox 945 4335 1074 4373; x_wconf 89' lang='lat' dir='ltr'><strong>vero</strong></span> <span class='ocrx_word' id='word_1_807' title='bbox 1091 4321 1366 4388; x_wconf 76' lang='lat' dir='ltr'><strong>paeniteat,</strong></span> <span class='ocrx_word' id='word_1_808' title='bbox 1391 4321 1702 4374; x_wconf 83' lang='lat' dir='ltr'><strong>remittenda</strong></span> <span class='ocrx_word' id='word_1_809' title='bbox 1721 4331 1842 4374; x_wconf 86' lang='lat' dir='ltr'><strong>sunt</strong></span> <span class='ocrx_word' id='word_1_810' title='bbox 1869 4334 2080 4387; x_wconf 84' lang='lat' dir='ltr'><strong>peccata</strong></span> <span class='ocrx_word' id='word_1_811' title='bbox 2105 4335 2218 4373; x_wconf 89' lang='lat' dir='ltr'><strong>sua.</strong></span> <span class='ocrx_word' id='word_1_812' title='bbox 2235 4339 2251 4370; x_wconf 75' lang='grc' dir='ltr'><strong>ι</strong></span> 
     </span>
    </p>
   </div>
   <div class='ocr_carea' id='block_1_99' title="bbox 757 4388 2253 4459">
    <p class='ocr_par' dir='ltr' id='par_1_99' title="bbox 757 4388 2253 4459">
     <span class='ocr_line' id='line_1_99' title="bbox 757 4388 2253 4459; baseline 0.001 -19"><span class='ocrx_word' id='word_1_813' title='bbox 757 4388 890 4454; x_wconf 84' lang='lat' dir='ltr'><strong>Quia</strong></span> <span class='ocrx_word' id='word_1_814' title='bbox 929 4403 1056 4442; x_wconf 86' lang='lat' dir='ltr'><strong>vero</strong></span> <span class='ocrx_word' id='word_1_815' title='bbox 1093 4407 1196 4443; x_wconf 87' lang='lat' dir='ltr'><strong>non</strong></span> <span class='ocrx_word' id='word_1_816' title='bbox 1231 4393 1388 4443; x_wconf 91' lang='lat' dir='ltr'><strong>modo</strong></span> <span class='ocrx_word' id='word_1_817' title='bbox 1425 4391 1799 4459; x_wconf 86' lang='lat' dir='ltr'><strong>detrahentes,</strong></span> <span class='ocrx_word' id='word_1_818' title='bbox 1842 4392 1933 4442; x_wconf 80' lang='lat' dir='ltr'><strong>sed</strong></span> <span class='ocrx_word' id='word_1_819' title='bbox 1972 4406 2066 4442; x_wconf 87' lang='lat' dir='ltr'><strong>eos</strong></span> <span class='ocrx_word' id='word_1_820' title='bbox 2097 4391 2253 4442; x_wconf 86' lang='lat' dir='ltr'><strong>etiam</strong></span> 
     </span>
    </p>
   </div>
   <div class='ocr_carea' id='block_1_100' title="bbox 687 4457 2253 4529">
    <p class='ocr_par' dir='ltr' id='par_1_100' title="bbox 687 4457 2253 4529">
     <span class='ocr_line' id='line_1_100' title="bbox 687 4457 2253 4529; baseline 0.001 -19"><span class='ocrx_word' id='word_1_821' title='bbox 687 4457 916 4511; x_wconf 88' lang='lat' dir='ltr'><strong>libenter</strong></span> <span class='ocrx_word' id='word_1_822' title='bbox 973 4459 1246 4512; x_wconf 85' lang='lat' dir='ltr'><strong>audientes</strong></span> <span class='ocrx_word' id='word_1_823' title='bbox 1299 4460 1449 4529; x_wconf 81' lang='lat'><strong>137</strong></span> <span class='ocrx_word' id='word_1_824' title='bbox 1503 4457 1825 4526; x_wconf 74' lang='lat' dir='ltr'><strong>ptenttentta:</strong></span> <span class='ocrx_word' id='word_1_825' title='bbox 1869 4459 2253 4527; x_wconf 68' lang='lat' dir='ltr'><strong>subiiciebant;</strong></span> 
     </span>
    </p>
   </div>
   <div class='ocr_carea' id='block_1_101' title="bbox 690 4529 2257 4596">
    <p class='ocr_par' dir='ltr' id='par_1_101' title="bbox 690 4529 2257 4596">
     <span class='ocr_line' id='line_1_101' title="bbox 690 4529 2257 4596; baseline -0.001 -17"><span class='ocrx_word' id='word_1_826' title='bbox 690 4542 790 4581; x_wconf 86' lang='lat' dir='ltr'><strong>nec</strong></span> <span class='ocrx_word' id='word_1_827' title='bbox 820 4531 887 4580; x_wconf 90' lang='lat' dir='ltr'><strong>ita</strong></span> <span class='ocrx_word' id='word_1_828' title='bbox 916 4542 1037 4582; x_wconf 86' lang='lat' dir='ltr'><strong>raro</strong></span> <span class='ocrx_word' id='word_1_829' title='bbox 1070 4531 1168 4583; x_wconf 88' lang='lat' dir='ltr'><strong>hoc</strong></span> <span class='ocrx_word' id='word_1_830' title='bbox 1195 4532 1336 4582; x_wconf 79' lang='lat' dir='ltr'><strong>virus</strong></span> <span class='ocrx_word' id='word_1_831' title='bbox 1361 4534 1552 4596; x_wconf 85' lang='lat' dir='ltr'><strong>irrepat</strong></span> <span class='ocrx_word' id='word_1_832' title='bbox 1581 4529 1739 4581; x_wconf 88' lang='lat' dir='ltr'><strong>etiam</strong></span> <span class='ocrx_word' id='word_1_833' title='bbox 1768 4529 1904 4596; x_wconf 87' lang='lat' dir='ltr'><strong>apud</strong></span> <span class='ocrx_word' id='word_1_834' title='bbox 1936 4544 2118 4581; x_wconf 87' lang='lat' dir='ltr'><strong>servos</strong></span> <span class='ocrx_word' id='word_1_835' title='bbox 2144 4529 2257 4592; x_wconf 89' lang='lat' dir='ltr'><strong>Dei,</strong></span> 
     </span>
    </p>
   </div>
   <div class='ocr_carea' id='block_1_102' title="bbox 687 4597 2258 4665">
    <p class='ocr_par' dir='ltr' id='par_1_102' title="bbox 687 4597 2258 4665">
     <span class='ocr_line' id='line_1_102' title="bbox 687 4597 2258 4665; baseline 0.001 -16"><span class='ocrx_word' id='word_1_836' title='bbox 687 4597 1097 4652; x_wconf 87' lang='lat' dir='ltr'><strong>saluberrimum</strong></span> <span class='ocrx_word' id='word_1_837' title='bbox 1131 4601 1215 4652; x_wconf 94' lang='lat' dir='ltr'><strong>hic</strong></span> <span class='ocrx_word' id='word_1_838' title='bbox 1264 4599 1321 4654; x_wconf 90' lang='lat' dir='ltr'><strong>S.</strong></span> <span class='ocrx_word' id='word_1_839' title='bbox 1355 4597 1612 4652; x_wconf 85' lang='lat' dir='ltr'><strong>Bernardi</strong></span> <span class='ocrx_word' id='word_1_840' title='bbox 1643 4602 1922 4650; x_wconf 89' lang='lat' dir='ltr'><strong>consilium</strong></span> <span class='ocrx_word' id='word_1_841' title='bbox 1957 4613 2258 4665; x_wconf 83' lang='lat' dir='ltr'><strong>proponere</strong></span> 
     </span>
    </p>
   </div>
   <div class='ocr_carea' id='block_1_103' title="bbox 690 4667 2260 4738">
    <p class='ocr_par' dir='ltr' id='par_1_103' title="bbox 690 4667 2260 4738">
     <span class='ocr_line' id='line_1_103' title="bbox 690 4667 2260 4738; baseline 0.001 -19"><span class='ocrx_word' id='word_1_842' title='bbox 690 4683 796 4721; x_wconf 90' lang='lat' dir='ltr'><strong>non</strong></span> <span class='ocrx_word' id='word_1_843' title='bbox 826 4669 924 4722; x_wconf 90' lang='lat' dir='ltr'><strong>erit</strong></span> <span class='ocrx_word' id='word_1_844' title='bbox 949 4667 1166 4721; x_wconf 80' lang='lat' dir='ltr'><strong>forsitan</strong></span> <span class='ocrx_word' id='word_1_845' title='bbox 1194 4669 1288 4722; x_wconf 91' lang='lat' dir='ltr'><strong>abs</strong></span> <span class='ocrx_word' id='word_1_846' title='bbox 1315 4683 1374 4722; x_wconf 88' lang='lat' dir='ltr'><strong>re</strong></span> <span class='ocrx_word' id='word_1_847' title='bbox 1401 4669 1593 4738; x_wconf 85' lang='lat' dir='ltr'><strong>(Serm.</strong></span> <span class='ocrx_word' id='word_1_848' title='bbox 1634 4671 1714 4733; x_wconf 87' lang='lat' dir='ltr'><strong>l7,</strong></span> <span class='ocrx_word' id='word_1_849' title='bbox 1741 4667 1802 4720; x_wconf 86' lang='lat' dir='ltr'><strong>de</strong></span> <span class='ocrx_word' id='word_1_850' title='bbox 1825 4667 2046 4738; x_wconf 80' lang='lat' dir='ltr'><strong>Divers.)</strong></span> <span class='ocrx_word' id='word_1_851' title='bbox 2069 4685 2082 4738; x_wconf 68' lang='grc' dir='ltr'><strong><em>ς</em></strong></span> <span class='ocrx_word' id='word_1_852' title='bbox 2113 4688 2131 4718; x_wconf 73' lang='grc' dir='ltr'><strong>ι</strong></span> <span class='ocrx_word' id='word_1_853' title='bbox 2164 4667 2260 4721; x_wconf 76' lang='lat' dir='ltr'><strong>Fa-</strong></span> 
     </span>
    </p>
   </div>
   <div class='ocr_carea' id='block_1_104' title="bbox 686 4737 2261 4808">
    <p class='ocr_par' dir='ltr' id='par_1_104' title="bbox 686 4737 2261 4808">
     <span class='ocr_line' id='line_1_104' title="bbox 686 4737 2261 4808; baseline -0.002 -16"><span class='ocrx_word' id='word_1_854' title='bbox 686 4738 807 4799; x_wconf 87' lang='lat' dir='ltr'><strong>cile,</strong></span> <span class='ocrx_word' id='word_1_855' title='bbox 839 4737 1026 4808; x_wconf 74' lang='lat' dir='ltr'><strong>inquit,</strong></span> <span class='ocrx_word' id='word_1_856' title='bbox 1051 4739 1227 4808; x_wconf 80' lang='lat' dir='ltr'><strong>lingua</strong></span> <span class='ocrx_word' id='word_1_857' title='bbox 1256 4737 1470 4801; x_wconf 80' lang='lat' dir='ltr'><strong>labitur,</strong></span> <span class='ocrx_word' id='word_1_858' title='bbox 1505 4753 1605 4792; x_wconf 87' lang='lat' dir='ltr'><strong>nec</strong></span> <span class='ocrx_word' id='word_1_859' title='bbox 1631 4739 1804 4790; x_wconf 57' lang='lat' dir='ltr'><strong>minus</strong></span> <span class='ocrx_word' id='word_1_860' title='bbox 1839 4737 1997 4790; x_wconf 88' lang='lat' dir='ltr'><strong>facile.</strong></span> <span class='ocrx_word' id='word_1_861' title='bbox 2024 4737 2261 4790; x_wconf 88' lang='lat' dir='ltr'><strong>illabitur</strong></span> 
     </span>
    </p>
   </div>
   <div class='ocr_carea' id='block_1_105' title="bbox 689 4807 2262 4877">
    <p class='ocr_par' dir='ltr' id='par_1_105' title="bbox 689 4807 2262 4877">
     <span class='ocr_line' id='line_1_105' title="bbox 689 4807 2262 4877; baseline 0 -17"><span class='ocrx_word' id='word_1_862' title='bbox 689 4808 857 4871; x_wconf 82' lang='lat' dir='ltr'><strong>co&#39;rdi,</strong></span> <span class='ocrx_word' id='word_1_863' title='bbox 889 4807 961 4861; x_wconf 87' lang='lat' dir='ltr'><strong>ita</strong></span> <span class='ocrx_word' id='word_1_864' title='bbox 997 4820 1044 4862; x_wconf 66' lang='lat' dir='ltr'><strong>si</strong></span> <span class='ocrx_word' id='word_1_865' title='bbox 1078 4807 1258 4862; x_wconf 84' lang='lat' dir='ltr'><strong>muttis</strong></span> <span class='ocrx_word' id='word_1_866' title='bbox 1290 4810 1428 4863; x_wconf 88' lang='lat' dir='ltr'><strong>inter</strong></span> <span class='ocrx_word' id='word_1_867' title='bbox 1453 4811 1775 4877; x_wconf 86' lang='lat' dir='ltr'><strong>loquendum</strong></span> <span class='ocrx_word' id='word_1_868' title='bbox 1800 4809 1975 4861; x_wconf 91' lang='lat' dir='ltr'><strong>minus</strong></span> <span class='ocrx_word' id='word_1_869' title='bbox 2009 4808 2262 4874; x_wconf 90' lang='lat' dir='ltr'><strong>profuerit</strong></span> 
     </span>
    </p>
   </div>
   <div class='ocr_carea' id='block_1_106' title="bbox 689 4878 2256 4947">
    <p class='ocr_par' dir='ltr' id='par_1_106' title="bbox 689 4878 2256 4947">
     <span class='ocr_line' id='line_1_106' title="bbox 689 4878 2256 4947; baseline 0 -16"><span class='ocrx_word' id='word_1_870' title='bbox 689 4878 832 4946; x_wconf 90' lang='lat' dir='ltr'><strong>quod</strong></span> <span class='ocrx_word' id='word_1_871' title='bbox 857 4880 1122 4947; x_wconf 85' lang='lat' dir='ltr'><strong>propriam</strong></span> <span class='ocrx_word' id='word_1_872' title='bbox 1155 4879 1550 4945; x_wconf 86' lang='lat' dir='ltr'><strong>prohibuerint,</strong></span> <span class='ocrx_word' id='word_1_873' title='bbox 1580 4880 1702 4931; x_wconf 88' lang='lat' dir='ltr'><strong>dum</strong></span> <span class='ocrx_word' id='word_1_874' title='bbox 1738 4895 1841 4931; x_wconf 88' lang='lat' dir='ltr'><strong>non</strong></span> <span class='ocrx_word' id='word_1_875' title='bbox 1863 4879 2099 4931; x_wconf 85' lang='lat' dir='ltr'><strong>caverint</strong></span> <span class='ocrx_word' id='word_1_876' title='bbox 2127 4882 2256 4931; x_wconf 89' lang='lat' dir='ltr'><strong>ahe-</strong></span> 
     </span>
    </p>
   </div>
   <div class='ocr_carea' id='block_1_107' title="bbox 689 4947 2254 5018">
    <p class='ocr_par' dir='ltr' id='par_1_107' title="bbox 689 4947 2254 5018">
     <span class='ocr_line' id='line_1_107' title="bbox 689 4947 2254 5018; baseline 0.001 -19"><span class='ocrx_word' id='word_1_877' title='bbox 689 4963 832 5018; x_wconf 85' lang='lat' dir='ltr'><strong>nam.</strong></span> <span class='ocrx_word' id='word_1_878' title='bbox 880 4947 1033 5002; x_wconf 86' lang='lat' dir='ltr'><strong>Utilis</strong></span> <span class='ocrx_word' id='word_1_879' title='bbox 1059 4959 1140 5002; x_wconf 89' lang='lat' dir='ltr'><strong>est</strong></span> <span class='ocrx_word' id='word_1_880' title='bbox 1168 4948 1333 5002; x_wconf 81' lang='lat' dir='ltr'><strong>frater</strong></span> <span class='ocrx_word' id='word_1_881' title='bbox 1369 4948 1458 5018; x_wconf 86' lang='lat' dir='ltr'><strong>qui</strong></span> <span class='ocrx_word' id='word_1_882' title='bbox 1491 4949 1582 5001; x_wconf 90' lang='lat' dir='ltr'><strong>tibi</strong></span> <span class='ocrx_word' id='word_1_883' title='bbox 1625 4949 1875 5014; x_wconf 87' lang='lat' dir='ltr'><strong>loquitur,</strong></span> <span class='ocrx_word' id='word_1_884' title='bbox 1904 4949 2118 5015; x_wconf 83' lang='lat' dir='ltr'><strong>sapiens</strong></span> <span class='ocrx_word' id='word_1_885' title='bbox 2145 4959 2254 5011; x_wconf 89' lang='lat' dir='ltr'><strong>est,</strong></span> 
     </span>
    </p>
   </div>
   <div class='ocr_carea' id='block_1_108' title="bbox 691 5017 2263 5087">
    <p class='ocr_par' dir='ltr' id='par_1_108' title="bbox 691 5017 2263 5087">
     <span class='ocr_line' id='line_1_108' title="bbox 691 5017 2263 5087; baseline 0.003 -20"><span class='ocrx_word' id='word_1_886' title='bbox 691 5017 991 5085; x_wconf 79' lang='lat' dir='ltr'><strong>religiosus,</strong></span> <span class='ocrx_word' id='word_1_887' title='bbox 1029 5033 1091 5072; x_wconf 90' lang='lat' dir='ltr'><strong>ac</strong></span> <span class='ocrx_word' id='word_1_888' title='bbox 1117 5019 1311 5072; x_wconf 89' lang='lat' dir='ltr'><strong>timens</strong></span> <span class='ocrx_word' id='word_1_889' title='bbox 1342 5020 1532 5078; x_wconf 88' lang='lat' dir='ltr'><strong>Deum;</strong></span> <span class='ocrx_word' id='word_1_890' title='bbox 1555 5020 1672 5087; x_wconf 83' lang='lat' dir='ltr'><strong>plus</strong></span> <span class='ocrx_word' id='word_1_891' title='bbox 1692 5019 1835 5082; x_wconf 87' lang='lat' dir='ltr'><strong>dico,</strong></span> <span class='ocrx_word' id='word_1_892' title='bbox 1860 5019 2077 5085; x_wconf 75' lang='lat' dir='ltr'><strong>angelus</strong></span> <span class='ocrx_word' id='word_1_893' title='bbox 2091 5029 2190 5079; x_wconf 88' lang='lat' dir='ltr'><strong>cst.</strong></span> <span class='ocrx_word' id='word_1_894' title='bbox 2208 5029 2263 5072; x_wconf 86' lang='lat' dir='ltr'><strong>et</strong></span> 
     </span>
    </p>
   </div>
   <div class='ocr_carea' id='block_1_109' title="bbox 688 5089 2262 5154">
    <p class='ocr_par' dir='ltr' id='par_1_109' title="bbox 688 5089 2262 5154">
     <span class='ocr_line' id='line_1_109' title="bbox 688 5089 2262 5154; baseline 0.004 -19"><span class='ocrx_word' id='word_1_895' title='bbox 688 5090 909 5154; x_wconf 79' lang='lat' dir='ltr'><strong>angelus</strong></span> <span class='ocrx_word' id='word_1_896' title='bbox 937 5089 1068 5142; x_wconf 89' lang='lat' dir='ltr'><strong>lucis</strong></span> <span class='ocrx_word' id='word_1_897' title='bbox 1095 5106 1106 5140; x_wconf 90' lang='lat'><strong>:</strong></span> <span class='ocrx_word' id='word_1_898' title='bbox 1139 5091 1296 5142; x_wconf 88' lang='lat' dir='ltr'><strong>etiam</strong></span> <span class='ocrx_word' id='word_1_899' title='bbox 1329 5090 1406 5142; x_wconf 91' lang='lat' dir='ltr'><strong>sic</strong></span> <span class='ocrx_word' id='word_1_900' title='bbox 1437 5103 1564 5142; x_wconf 87' lang='lat' dir='ltr'><strong>cave</strong></span> <span class='ocrx_word' id='word_1_901' title='bbox 1595 5089 1774 5142; x_wconf 90' lang='lat' dir='ltr'><strong>tibine</strong></span> <span class='ocrx_word' id='word_1_902' title='bbox 1799 5089 1983 5141; x_wconf 86' lang='lat' dir='ltr'><strong>audias</strong></span> <span class='ocrx_word' id='word_1_903' title='bbox 2011 5089 2148 5143; x_wconf 89' lang='lat' dir='ltr'><strong>unde</strong></span> <span class='ocrx_word' id='word_1_904' title='bbox 2173 5091 2262 5141; x_wconf 82' lang='lat' dir='ltr'><strong>lae-</strong></span> 
     </span>
    </p>
   </div>
   <div class='ocr_carea' id='block_1_110' title="bbox 688 5157 2254 5226">
    <p class='ocr_par' dir='ltr' id='par_1_110' title="bbox 688 5157 2254 5226">
     <span class='ocr_line' id='line_1_110' title="bbox 688 5157 2254 5226; baseline 0.003 -19"><span class='ocrx_word' id='word_1_905' title='bbox 688 5157 851 5210; x_wconf 85' lang='lat' dir='ltr'><strong>daris.</strong></span> <span class='ocrx_word' id='word_1_906' title='bbox 883 5157 988 5212; x_wconf 83' lang='lat' dir='ltr'><strong>Nec</strong></span> <span class='ocrx_word' id='word_1_907' title='bbox 1012 5173 1291 5226; x_wconf 87' lang='lat' dir='ltr'><strong>personam</strong></span> <span class='ocrx_word' id='word_1_908' title='bbox 1324 5159 1414 5212; x_wconf 86' lang='lat' dir='ltr'><strong>tibi</strong></span> <span class='ocrx_word' id='word_1_909' title='bbox 1449 5159 1601 5211; x_wconf 89' lang='lat' dir='ltr'><strong>velim</strong></span> <span class='ocrx_word' id='word_1_910' title='bbox 1633 5172 1752 5212; x_wconf 88' lang='lat' dir='ltr'><strong>esse</strong></span> <span class='ocrx_word' id='word_1_911' title='bbox 1791 5168 2126 5226; x_wconf 87' lang='lat' dir='ltr'><strong>suspectam,</strong></span> <span class='ocrx_word' id='word_1_912' title='bbox 2161 5161 2254 5212; x_wconf 59' lang='lat' dir='ltr'><strong>scd</strong></span> 
     </span>
    </p>
   </div>
   <div class='ocr_carea' id='block_1_111' title="bbox 692 5227 2255 5296">
    <p class='ocr_par' dir='ltr' id='par_1_111' title="bbox 692 5227 2255 5296">
     <span class='ocr_line' id='line_1_111' title="bbox 692 5227 2255 5296; baseline 0.003 -19"><span class='ocrx_word' id='word_1_913' title='bbox 692 5228 961 5295; x_wconf 81' lang='lat' dir='ltr'><strong>linguam,</strong></span> <span class='ocrx_word' id='word_1_914' title='bbox 1017 5229 1312 5296; x_wconf 63' lang='lat' dir='ltr'><strong>prmserlim</strong></span> <span class='ocrx_word' id='word_1_915' title='bbox 1360 5231 1412 5281; x_wconf 91' lang='lat' dir='ltr'><strong>in</strong></span> <span class='ocrx_word' id='word_1_916' title='bbox 1462 5227 1913 5282; x_wconf 88' lang='lat' dir='ltr'><strong>sermocinatione</strong></span> <span class='ocrx_word' id='word_1_917' title='bbox 1965 5231 2255 5282; x_wconf 91' lang='lat' dir='ltr'><strong>communi.</strong></span> 
     </span>
    </p>
   </div>
   <div class='ocr_carea' id='block_1_112' title="bbox 693 5297 2259 5366">
    <p class='ocr_par' dir='ltr' id='par_1_112' title="bbox 693 5297 2259 5366">
     <span class='ocr_line' id='line_1_112' title="bbox 693 5297 2259 5366; baseline 0.002 -18"><span class='ocrx_word' id='word_1_918' title='bbox 693 5297 833 5349; x_wconf 81' lang='lat' dir='ltr'><strong>Bona</strong></span> <span class='ocrx_word' id='word_1_919' title='bbox 861 5298 1074 5366; x_wconf 88' lang='lat' dir='ltr'><strong>quidem</strong></span> <span class='ocrx_word' id='word_1_920' title='bbox 1118 5312 1358 5363; x_wconf 75' lang='lat' dir='ltr'><strong>personae</strong></span> <span class='ocrx_word' id='word_1_921' title='bbox 1388 5298 1730 5364; x_wconf 88' lang='lat' dir='ltr'><strong>simplicitas,</strong></span> <span class='ocrx_word' id='word_1_922' title='bbox 1763 5299 1854 5351; x_wconf 87' lang='lat' dir='ltr'><strong>sed</strong></span> <span class='ocrx_word' id='word_1_923' title='bbox 1890 5303 1940 5349; x_wconf 90' lang='lat' dir='ltr'><strong>in</strong></span> <span class='ocrx_word' id='word_1_924' title='bbox 1974 5302 2070 5351; x_wconf 87' lang='lat' dir='ltr'><strong>hac</strong></span> <span class='ocrx_word' id='word_1_925' title='bbox 2111 5309 2259 5366; x_wconf 87' lang='lat' dir='ltr'><strong>parte</strong></span> 
     </span>
    </p>
   </div>
   <div class='ocr_carea' id='block_1_113' title="bbox 686 5368 1686 5434">
    <p class='ocr_par' dir='ltr' id='par_1_113' title="bbox 686 5368 1686 5434">
     <span class='ocr_line' id='line_1_113' title="bbox 686 5368 1686 5434; baseline -0.001 -15"><span class='ocrx_word' id='word_1_926' title='bbox 686 5369 952 5434; x_wconf 84' lang='lat' dir='ltr'><strong>serpentis</strong></span> <span class='ocrx_word' id='word_1_927' title='bbox 982 5368 1231 5421; x_wconf 77' lang='lat' dir='ltr'><strong>astuliim</strong></span> <span class='ocrx_word' id='word_1_928' title='bbox 1259 5383 1363 5422; x_wconf 92' lang='lat' dir='ltr'><strong>non</strong></span> <span class='ocrx_word' id='word_1_929' title='bbox 1395 5377 1628 5421; x_wconf 78' lang='lat' dir='ltr'><strong>amittas.</strong></span> <span class='ocrx_word' id='word_1_930' title='bbox 1668 5386 1686 5418; x_wconf 74' lang='grc' dir='ltr'><strong>ο</strong></span> 
     </span>
    </p>
   </div>
   <div class='ocr_carea' id='block_1_114' title="bbox 759 5436 2262 5506">
    <p class='ocr_par' dir='ltr' id='par_1_114' title="bbox 759 5436 2262 5506">
     <span class='ocr_line' id='line_1_114' title="bbox 759 5436 2262 5506; baseline 0 -17"><span class='ocrx_word' id='word_1_931' title='bbox 759 5437 938 5506; x_wconf 84' lang='lat' dir='ltr'><strong>Neque</strong></span> <span class='ocrx_word' id='word_1_932' title='bbox 961 5447 1132 5491; x_wconf 80' lang='lat' dir='ltr'><strong>tamen</strong></span> <span class='ocrx_word' id='word_1_933' title='bbox 1160 5453 1228 5492; x_wconf 91' lang='lat' dir='ltr'><strong>eo</strong></span> <span class='ocrx_word' id='word_1_934' title='bbox 1260 5441 1374 5506; x_wconf 90' lang='lat' dir='ltr'><strong>ipso</strong></span> <span class='ocrx_word' id='word_1_935' title='bbox 1412 5437 1692 5491; x_wconf 84' lang='lat' dir='ltr'><strong>detrahere</strong></span> <span class='ocrx_word' id='word_1_936' title='bbox 1722 5451 1933 5504; x_wconf 89' lang='lat' dir='ltr'><strong>semper</strong></span> <span class='ocrx_word' id='word_1_937' title='bbox 1959 5436 2150 5502; x_wconf 88' lang='lat' dir='ltr'><strong>aliquis</strong></span> <span class='ocrx_word' id='word_1_938' title='bbox 2179 5436 2262 5489; x_wconf 88' lang='lat' dir='ltr'><strong>di-</strong></span> 
     </span>
    </p>
   </div>
   <div class='ocr_carea' id='block_1_115' title="bbox 689 5506 2257 5576">
    <p class='ocr_par' dir='ltr' id='par_1_115' title="bbox 689 5506 2257 5576">
     <span class='ocr_line' id='line_1_115' title="bbox 689 5506 2257 5576; baseline 0.001 -18"><span class='ocrx_word' id='word_1_939' title='bbox 689 5508 892 5562; x_wconf 84' lang='lat' dir='ltr'><strong>cendus</strong></span> <span class='ocrx_word' id='word_1_940' title='bbox 913 5519 1024 5571; x_wconf 77' lang='lat' dir='ltr'><strong>est,</strong></span> <span class='ocrx_word' id='word_1_941' title='bbox 1043 5523 1147 5576; x_wconf 90' lang='lat' dir='ltr'><strong>quo</strong></span> <span class='ocrx_word' id='word_1_942' title='bbox 1175 5511 1367 5561; x_wconf 87' lang='lat' dir='ltr'><strong>malum</strong></span> <span class='ocrx_word' id='word_1_943' title='bbox 1386 5507 1452 5561; x_wconf 91' lang='lat' dir='ltr'><strong>de</strong></span> <span class='ocrx_word' id='word_1_944' title='bbox 1481 5507 1586 5560; x_wconf 90' lang='lat' dir='ltr'><strong>alio</strong></span> <span class='ocrx_word' id='word_1_945' title='bbox 1603 5506 1793 5571; x_wconf 85' lang='lat' dir='ltr'><strong>refert;</strong></span> <span class='ocrx_word' id='word_1_946' title='bbox 1813 5517 2098 5560; x_wconf 90' lang='lat' dir='ltr'><strong>occurrunt</strong></span> <span class='ocrx_word' id='word_1_947' title='bbox 2116 5507 2257 5559; x_wconf 88' lang='lat' dir='ltr'><strong>cnim</strong></span> 
     </span>
    </p>
   </div>
   <div class='ocr_carea' id='block_1_116' title="bbox 689 5577 2258 5647">
    <p class='ocr_par' dir='ltr' id='par_1_116' title="bbox 689 5577 2258 5647">
     <span class='ocr_line' id='line_1_116' title="bbox 689 5577 2258 5647; baseline 0.002 -20"><span class='ocrx_word' id='word_1_948' title='bbox 689 5577 973 5647; x_wconf 82' lang='lat' dir='ltr'><strong>aliquando</strong></span> <span class='ocrx_word' id='word_1_949' title='bbox 997 5593 1172 5643; x_wconf 87' lang='lat' dir='ltr'><strong>casus,</strong></span> <span class='ocrx_word' id='word_1_950' title='bbox 1205 5579 1254 5631; x_wconf 92' lang='lat' dir='ltr'><strong>in</strong></span> <span class='ocrx_word' id='word_1_951' title='bbox 1277 5579 1465 5647; x_wconf 77' lang='lat' dir='ltr'><strong>quibus</strong></span> <span class='ocrx_word' id='word_1_952' title='bbox 1492 5587 1541 5632; x_wconf 92' lang='lat' dir='ltr'><strong>et</strong></span> <span class='ocrx_word' id='word_1_953' title='bbox 1569 5577 1714 5639; x_wconf 90' lang='lat' dir='ltr'><strong>licet,</strong></span> <span class='ocrx_word' id='word_1_954' title='bbox 1743 5586 1797 5629; x_wconf 89' lang='lat' dir='ltr'><strong>et</strong></span> <span class='ocrx_word' id='word_1_955' title='bbox 1825 5590 1959 5647; x_wconf 84' lang='lat' dir='ltr'><strong>opus</strong></span> <span class='ocrx_word' id='word_1_956' title='bbox 1985 5589 2100 5628; x_wconf 84' lang='lat' dir='ltr'><strong>est:</strong></span> <span class='ocrx_word' id='word_1_957' title='bbox 2127 5578 2258 5630; x_wconf 89' lang='lat' dir='ltr'><strong>duos</strong></span> 
     </span>
    </p>
   </div>
   <div class='ocr_carea' id='block_1_117' title="bbox 693 5646 2257 5714">
    <p class='ocr_par' dir='ltr' id='par_1_117' title="bbox 693 5646 2257 5714">
     <span class='ocr_line' id='line_1_117' title="bbox 693 5646 2257 5714; baseline 0.002 -18"><span class='ocrx_word' id='word_1_958' title='bbox 693 5646 986 5712; x_wconf 57' lang='lat' dir='ltr'><strong>priescrtun</strong></span> <span class='ocrx_word' id='word_1_959' title='bbox 1028 5659 1171 5701; x_wconf 84' lang='lat' dir='ltr'><strong>notat</strong></span> <span class='ocrx_word' id='word_1_960' title='bbox 1219 5646 1536 5702; x_wconf 34' lang='lat' dir='ltr'><strong>S.&#39;Basilius</strong></span> <span class='ocrx_word' id='word_1_961' title='bbox 1568 5649 1647 5701; x_wconf 87' lang='lat' dir='ltr'><strong>his</strong></span> <span class='ocrx_word' id='word_1_962' title='bbox 1679 5647 1854 5700; x_wconf 88' lang='lat' dir='ltr'><strong>verbis</strong></span> <span class='ocrx_word' id='word_1_963' title='bbox 1894 5646 2046 5714; x_wconf 84' lang='lat' dir='ltr'><strong>(Reg.</strong></span> <span class='ocrx_word' id='word_1_964' title='bbox 2099 5649 2257 5711; x_wconf 85' lang='lat' dir='ltr'><strong>brev.,</strong></span> 
     </span>
    </p>
   </div>
   <div class='ocr_carea' id='block_1_118' title="bbox 685 5716 2260 5787">
    <p class='ocr_par' dir='ltr' id='par_1_118' title="bbox 685 5716 2260 5787">
     <span class='ocr_line' id='line_1_118' title="bbox 685 5716 2260 5787; baseline 0.002 -19"><span class='ocrx_word' id='word_1_965' title='bbox 685 5716 868 5770; x_wconf 74' lang='lat' dir='ltr'><strong>interr.</strong></span> <span class='ocrx_word' id='word_1_966' title='bbox 897 5717 991 5784; x_wconf 77' lang='lat'><strong>25)</strong></span> <span class='ocrx_word' id='word_1_967' title='bbox 1021 5737 1030 5770; x_wconf 89' lang='lat'>:</span> <span class='ocrx_word' id='word_1_968' title='bbox 1074 5738 1090 5771; x_wconf 82' lang='grc' dir='ltr'><strong>ι</strong></span> <span class='ocrx_word' id='word_1_969' title='bbox 1127 5719 1239 5774; x_wconf 90' lang='lat' dir='ltr'><strong>Duo</strong></span> <span class='ocrx_word' id='word_1_970' title='bbox 1267 5735 1394 5786; x_wconf 82' lang='lat' dir='ltr'><strong>ergo</strong></span> <span class='ocrx_word' id='word_1_971' title='bbox 1417 5718 1661 5773; x_wconf 81' lang='lat' dir='ltr'><strong>existimo</strong></span> <span class='ocrx_word' id='word_1_972' title='bbox 1695 5731 1930 5785; x_wconf 80' lang='lat' dir='ltr'><strong>tempora</strong></span> <span class='ocrx_word' id='word_1_973' title='bbox 1954 5722 2036 5782; x_wconf 90' lang='lat' dir='ltr'><strong>,in</strong></span> <span class='ocrx_word' id='word_1_974' title='bbox 2070 5719 2260 5787; x_wconf 83' lang='lat' dir='ltr'><strong>quibus</strong></span> 
     </span>
    </p>
   </div>
   <div class='ocr_carea' id='block_1_119' title="bbox 2291 4501 2338 4559">
    <p class='ocr_par' dir='ltr' id='par_1_119' title="bbox 2291 4501 2338 4559">
     <span class='ocr_line' id='line_1_119' title="bbox 2291 4501 2338 4559; baseline 0 0"><span class='ocrx_word' id='word_1_975' title='bbox 2291 4501 2338 4559; x_wconf 88' lang='lat' dir='ltr'>D</span> 
     </span>
    </p>
   </div>
   <div class='ocr_carea' id='block_1_120' title="bbox 2357 3197 3934 3267">
    <p class='ocr_par' dir='ltr' id='par_1_120' title="bbox 2357 3197 3934 3267">
     <span class='ocr_line' id='line_1_120' title="bbox 2357 3197 3934 3267; baseline 0.004 -20"><span class='ocrx_word' id='word_1_976' title='bbox 2357 3209 2449 3248; x_wconf 90' lang='lat' dir='ltr'><strong>ore</strong></span> <span class='ocrx_word' id='word_1_977' title='bbox 2480 3207 2569 3247; x_wconf 92' lang='lat' dir='ltr'><strong>tuo</strong></span> <span class='ocrx_word' id='word_1_978' title='bbox 2592 3208 2640 3250; x_wconf 92' lang='lat' dir='ltr'><strong>te</strong></span> <span class='ocrx_word' id='word_1_979' title='bbox 2662 3197 2864 3265; x_wconf 82' lang='lat' dir='ltr'><strong>judico,</strong></span> <span class='ocrx_word' id='word_1_980' title='bbox 2899 3214 3056 3253; x_wconf 87' lang='lat' dir='ltr'><strong>serve</strong></span> <span class='ocrx_word' id='word_1_981' title='bbox 3086 3197 3333 3267; x_wconf 77' lang='lat' dir='ltr'><strong>nequam.</strong></span> <span class='ocrx_word' id='word_1_982' title='bbox 3360 3197 3493 3266; x_wconf 71' lang='lat' dir='ltr'><strong>Quid</strong></span> <span class='ocrx_word' id='word_1_983' title='bbox 3524 3201 3752 3267; x_wconf 83' lang='lat' dir='ltr'><strong>nequius</strong></span> <span class='ocrx_word' id='word_1_984' title='bbox 3780 3217 3934 3253; x_wconf 67' lang='lat' dir='ltr'><strong>servo</strong></span> 
     </span>
    </p>
   </div>
   <div class='ocr_carea' id='block_1_121' title="bbox 2359 3269 3933 3333">
    <p class='ocr_par' dir='ltr' id='par_1_121' title="bbox 2359 3269 3933 3333">
     <span class='ocr_line' id='line_1_121' title="bbox 2359 3269 3933 3333; baseline 0.006 -19"><span class='ocrx_word' id='word_1_985' title='bbox 2359 3277 2647 3329; x_wconf 88' lang='lat' dir='ltr'><strong>usurpante</strong></span> <span class='ocrx_word' id='word_1_986' title='bbox 2668 3269 2767 3320; x_wconf 87' lang='lat' dir='ltr'><strong>sibi</strong></span> <span class='ocrx_word' id='word_1_987' title='bbox 2797 3271 3015 3333; x_wconf 79' lang='lat' dir='ltr'><strong>gloriam</strong></span> <span class='ocrx_word' id='word_1_988' title='bbox 3053 3271 3250 3322; x_wconf 88' lang='lat' dir='ltr'><strong>domini</strong></span> <span class='ocrx_word' id='word_1_989' title='bbox 3279 3271 3382 3322; x_wconf 88' lang='lat' dir='ltr'><strong>sui.</strong></span> <span class='ocrx_word' id='word_1_990' title='bbox 3421 3291 3437 3320; x_wconf 76' lang='grc' dir='ltr'><strong>ι</strong></span> <span class='ocrx_word' id='word_1_991' title='bbox 3478 3271 3676 3322; x_wconf 87' lang='lat' dir='ltr'><strong>Eadem</strong></span> <span class='ocrx_word' id='word_1_992' title='bbox 3727 3287 3810 3324; x_wconf 81' lang='lat' dir='ltr'><strong>eSt</strong></span> <span class='ocrx_word' id='word_1_993' title='bbox 3843 3275 3933 3324; x_wconf 79' lang='lat' dir='ltr'><strong>de-</strong></span> 
     </span>
    </p>
   </div>
   <div class='ocr_carea' id='block_1_122' title="bbox 2357 3337 3934 3408">
    <p class='ocr_par' dir='ltr' id='par_1_122' title="bbox 2357 3337 3934 3408">
     <span class='ocr_line' id='line_1_122' title="bbox 2357 3337 3934 3408; baseline 0.004 -23"><span class='ocrx_word' id='word_1_994' title='bbox 2357 3337 2528 3408; x_wconf 82' lang='lat' dir='ltr'><strong>etrina</strong></span> <span class='ocrx_word' id='word_1_995' title='bbox 2543 3338 2598 3408; x_wconf 75' lang='lat' dir='ltr'><strong>S.</strong></span> <span class='ocrx_word' id='word_1_996' title='bbox 2618 3339 2857 3405; x_wconf 81' lang='lat' dir='ltr'><strong>Gregorii</strong></span> <span class='ocrx_word' id='word_1_997' title='bbox 2888 3355 3058 3406; x_wconf 64' lang='grc' dir='ltr'><strong>νίψω,</strong></span> <span class='ocrx_word' id='word_1_998' title='bbox 3085 3356 3238 3408; x_wconf 69' lang='lat' dir='ltr'><strong>qnam</strong></span> <span class='ocrx_word' id='word_1_999' title='bbox 3268 3342 3424 3394; x_wconf 86' lang='lat' dir='ltr'><strong>etiam</strong></span> <span class='ocrx_word' id='word_1_1000' title='bbox 3459 3345 3716 3407; x_wconf 82' lang='lat' dir='ltr'><strong>praclara-</strong></span> <span class='ocrx_word' id='word_1_1001' title='bbox 3744 3343 3842 3393; x_wconf 88' lang='lat' dir='ltr'><strong>hac</strong></span> <span class='ocrx_word' id='word_1_1002' title='bbox 3869 3359 3934 3392; x_wconf 86' lang='lat' dir='ltr'><strong>si-</strong></span> 
     </span>
    </p>
   </div>
   <div class='ocr_carea' id='block_1_123' title="bbox 2359 3405 3933 3480">
    <p class='ocr_par' dir='ltr' id='par_1_123' title="bbox 2359 3405 3933 3480">
     <span class='ocr_line' id='line_1_123' title="bbox 2359 3405 3933 3480; baseline 0.005 -24"><span class='ocrx_word' id='word_1_1003' title='bbox 2359 3405 2429 3480; x_wconf 81' lang='lat' dir='ltr'><strong>tiii</strong></span> <span class='ocrx_word' id='word_1_1004' title='bbox 2456 3406 2654 3480; x_wconf 83' lang='lat' dir='ltr'><strong>iudine</strong></span> <span class='ocrx_word' id='word_1_1005' title='bbox 2677 3405 2939 3462; x_wconf 80' lang='lat' dir='ltr'><strong>illu5trat:</strong></span> <span class='ocrx_word' id='word_1_1006' title='bbox 2971 3429 2988 3460; x_wconf 74' lang='grc' dir='ltr'><strong>ι</strong></span> <span class='ocrx_word' id='word_1_1007' title='bbox 3020 3405 3118 3473; x_wconf 77' lang='lat' dir='ltr'><strong>Qui</strong></span> <span class='ocrx_word' id='word_1_1008' title='bbox 3148 3412 3268 3462; x_wconf 88' lang='lat' dir='ltr'><strong>vitia</strong></span> <span class='ocrx_word' id='word_1_1009' title='bbox 3304 3405 3760 3480; x_wconf 38' lang='lat' dir='ltr'><strong>138&#39;superan,</strong></span> <span class='ocrx_word' id='word_1_1010' title='bbox 3815 3428 3933 3464; x_wconf 89' lang='lat' dir='ltr'><strong>cum</strong></span> 
     </span>
    </p>
   </div>
   <div class='ocr_carea' id='block_1_124' title="bbox 2357 3477 3932 3548">
    <p class='ocr_par' dir='ltr' id='par_1_124' title="bbox 2357 3477 3932 3548">
     <span class='ocr_line' id='line_1_124' title="bbox 2357 3477 3932 3548; baseline 0.005 -24"><span class='ocrx_word' id='word_1_1011' title='bbox 2357 3477 2422 3526; x_wconf 90' lang='lat' dir='ltr'><strong>de</strong></span> <span class='ocrx_word' id='word_1_1012' title='bbox 2447 3478 2672 3548; x_wconf 83' lang='lat' dir='ltr'><strong>victoria</strong></span> <span class='ocrx_word' id='word_1_1013' title='bbox 2695 3482 3030 3545; x_wconf 74' lang='lat' dir='ltr'><strong>stnpcrbiunt,</strong></span> <span class='ocrx_word' id='word_1_1014' title='bbox 3066 3482 3180 3548; x_wconf 86' lang='lat' dir='ltr'><strong>ipso</strong></span> <span class='ocrx_word' id='word_1_1015' title='bbox 3200 3477 3351 3534; x_wconf 64' lang='lat' dir='ltr'><strong>hoste</strong></span> <span class='ocrx_word' id='word_1_1016' title='bbox 3365 3477 3536 3548; x_wconf 28' lang='grc' dir='ltr'>ίδιῖριξι·</span> <span class='ocrx_word' id='word_1_1017' title='bbox 3563 3496 3620 3531; x_wconf 85' lang='lat' dir='ltr'><strong>se</strong></span> <span class='ocrx_word' id='word_1_1018' title='bbox 3639 3495 3830 3534; x_wconf 83' lang='lat' dir='ltr'><strong>ruente</strong></span> <span class='ocrx_word' id='word_1_1019' title='bbox 3856 3487 3932 3533; x_wconf 84' lang='lat' dir='ltr'><strong>in-</strong></span> 
     </span>
    </p>
   </div>
   <div class='ocr_carea' id='block_1_125' title="bbox 2359 3547 3934 3623">
    <p class='ocr_par' dir='ltr' id='par_1_125' title="bbox 2359 3547 3934 3623">
     <span class='ocr_line' id='line_1_125' title="bbox 2359 3547 3934 3623; baseline 0.006 -28"><span class='ocrx_word' id='word_1_1020' title='bbox 2359 3553 2591 3623; x_wconf 82' lang='lat' dir='ltr'><strong>tereunt.</strong></span> <span class='ocrx_word' id='word_1_1021' title='bbox 2639 3547 2862 3623; x_wconf 76' lang='lat' dir='ltr'><strong>Eleazar</strong></span> <span class='ocrx_word' id='word_1_1022' title='bbox 2888 3547 3117 3623; x_wconf 82' lang='lat' dir='ltr'><strong>namque</strong></span> <span class='ocrx_word' id='word_1_1023' title='bbox 3163 3553 3210 3602; x_wconf 91' lang='lat' dir='ltr'><strong>in</strong></span> <span class='ocrx_word' id='word_1_1024' title='bbox 3247 3547 3821 3616; x_wconf 66' lang='lat' dir='ltr'><strong>praeliaelephantem</strong></span> <span class='ocrx_word' id='word_1_1025' title='bbox 3863 3552 3934 3604; x_wconf 43' lang='lat' dir='ltr'><strong>fe‘</strong></span> 
     </span>
    </p>
   </div>
   <div class='ocr_carea' id='block_1_126' title="bbox 2359 3621 3932 3689">
    <p class='ocr_par' dir='ltr' id='par_1_126' title="bbox 2359 3621 3932 3689">
     <span class='ocr_line' id='line_1_126' title="bbox 2359 3621 3932 3689; baseline 0.005 -23"><span class='ocrx_word' id='word_1_1026' title='bbox 2359 3621 2503 3689; x_wconf 81' lang='lat' dir='ltr'><strong>riens</strong></span> <span class='ocrx_word' id='word_1_1027' title='bbox 2533 3623 2741 3679; x_wconf 89' lang='lat' dir='ltr'><strong>stravit,</strong></span> <span class='ocrx_word' id='word_1_1028' title='bbox 2773 3621 2864 3672; x_wconf 84' lang='lat' dir='ltr'><strong>sed</strong></span> <span class='ocrx_word' id='word_1_1029' title='bbox 2906 3621 3006 3672; x_wconf 88' lang='lat' dir='ltr'><strong>sub</strong></span> <span class='ocrx_word' id='word_1_1030' title='bbox 3037 3622 3151 3689; x_wconf 81' lang='lat' dir='ltr'><strong>ipso</strong></span> <span class='ocrx_word' id='word_1_1031' title='bbox 3183 3637 3338 3688; x_wconf 91' lang='lat' dir='ltr'><strong>quem</strong></span> <span class='ocrx_word' id='word_1_1032' title='bbox 3369 3623 3622 3674; x_wconf 74' lang='lat' dir='ltr'><strong>exsdnxit</strong></span> <span class='ocrx_word' id='word_1_1033' title='bbox 3645 3624 3893 3675; x_wconf 87' lang='lat' dir='ltr'><strong>occubuit</strong></span> <span class='ocrx_word' id='word_1_1034' title='bbox 3921 3642 3932 3674; x_wconf 95' lang='lat'>:</span> 
     </span>
    </p>
   </div>
   <div class='ocr_carea' id='block_1_127' title="bbox 2359 3686 3932 3759">
    <p class='ocr_par' dir='ltr' id='par_1_127' title="bbox 2359 3686 3932 3759">
     <span class='ocr_line' id='line_1_127' title="bbox 2359 3686 3932 3759; baseline 0.003 -24"><span class='ocrx_word' id='word_1_1035' title='bbox 2359 3686 2484 3759; x_wconf 88' lang='lat' dir='ltr'><strong>quid</strong></span> <span class='ocrx_word' id='word_1_1036' title='bbox 2507 3702 2633 3754; x_wconf 83' lang='lat' dir='ltr'><strong>ergo</strong></span> <span class='ocrx_word' id='word_1_1037' title='bbox 2661 3689 2758 3742; x_wconf 86' lang='lat' dir='ltr'><strong>iste</strong></span> <span class='ocrx_word' id='word_1_1038' title='bbox 2787 3686 3069 3757; x_wconf 62' lang='lat' dir='ltr'><strong>significat,</strong></span> <span class='ocrx_word' id='word_1_1039' title='bbox 3088 3686 3244 3759; x_wconf 84' lang='lat' dir='ltr'><strong>quem</strong></span> <span class='ocrx_word' id='word_1_1040' title='bbox 3271 3706 3364 3744; x_wconf 90' lang='lat' dir='ltr'><strong>sua</strong></span> <span class='ocrx_word' id='word_1_1041' title='bbox 3393 3695 3549 3744; x_wconf 69' lang='lat' dir='ltr'><strong>victo:</strong></span> <span class='ocrx_word' id='word_1_1042' title='bbox 3568 3693 3611 3743; x_wconf 88' lang='lat' dir='ltr'><strong>ia</strong></span> <span class='ocrx_word' id='word_1_1043' title='bbox 3645 3698 3932 3758; x_wconf 82' lang='lat' dir='ltr'><strong>oppressit,</strong></span> 
     </span>
    </p>
   </div>
   <div class='ocr_carea' id='block_1_128' title="bbox 2360 3758 3933 3829">
    <p class='ocr_par' dir='ltr' id='par_1_128' title="bbox 2360 3758 3933 3829">
     <span class='ocr_line' id='line_1_128' title="bbox 2360 3758 3933 3829; baseline 0.006 -24"><span class='ocrx_word' id='word_1_1044' title='bbox 2360 3758 2459 3829; x_wconf 52' lang='lat' dir='ltr'><strong>nisi</strong></span> <span class='ocrx_word' id='word_1_1045' title='bbox 2501 3770 2593 3808; x_wconf 84' lang='lat' dir='ltr'><strong>eos</strong></span> <span class='ocrx_word' id='word_1_1046' title='bbox 2621 3760 2706 3822; x_wconf 91' lang='lat' dir='ltr'><strong>qui</strong></span> <span class='ocrx_word' id='word_1_1047' title='bbox 2740 3760 2862 3811; x_wconf 89' lang='lat' dir='ltr'><strong>vitia</strong></span> <span class='ocrx_word' id='word_1_1048' title='bbox 2892 3758 3177 3828; x_wconf 88' lang='lat' dir='ltr'><strong>superant;</strong></span> <span class='ocrx_word' id='word_1_1049' title='bbox 3207 3761 3300 3813; x_wconf 90' lang='lat' dir='ltr'><strong>sed</strong></span> <span class='ocrx_word' id='word_1_1050' title='bbox 3332 3765 3431 3814; x_wconf 89' lang='lat' dir='ltr'><strong>sub</strong></span> <span class='ocrx_word' id='word_1_1051' title='bbox 3467 3761 3594 3829; x_wconf 62' lang='lat' dir='ltr'><strong>ipsi&lt;</strong></span> <span class='ocrx_word' id='word_1_1052' title='bbox 3622 3777 3744 3826; x_wconf 68' lang='lat' dir='ltr'><strong>qua:</strong></span> <span class='ocrx_word' id='word_1_1053' title='bbox 3773 3764 3933 3828; x_wconf 64' lang='lat' dir='ltr'><strong>subit-</strong></span> 
     </span>
    </p>
   </div>
   <div class='ocr_carea' id='block_1_129' title="bbox 2359 3825 3930 3895">
    <p class='ocr_par' dir='ltr' id='par_1_129' title="bbox 2359 3825 3930 3895">
     <span class='ocr_line' id='line_1_129' title="bbox 2359 3825 3930 3895; baseline 0.005 -18"><span class='ocrx_word' id='word_1_1054' title='bbox 2359 3825 2504 3877; x_wconf 92' lang='lat' dir='ltr'><strong>ciunt</strong></span> <span class='ocrx_word' id='word_1_1055' title='bbox 2528 3829 2883 3893; x_wconf 83' lang='lat' dir='ltr'><strong>superbiendo</strong></span> <span class='ocrx_word' id='word_1_1056' title='bbox 2905 3825 3448 3895; x_wconf 67' lang='lat' dir='ltr'><strong>succumbuntiquasi</strong></span> <span class='ocrx_word' id='word_1_1057' title='bbox 3475 3825 3613 3883; x_wconf 78' lang='lat' dir='ltr'><strong>enim</strong></span> <span class='ocrx_word' id='word_1_1058' title='bbox 3632 3825 3729 3883; x_wconf 59' lang='lat' dir='ltr'><strong>Sub</strong></span> <span class='ocrx_word' id='word_1_1059' title='bbox 3760 3825 3930 3894; x_wconf 75' lang='lat' dir='ltr'><strong>hoste,</strong></span> 
     </span>
    </p>
   </div>
   <div class='ocr_carea' id='block_1_130' title="bbox 2359 3900 3934 3970">
    <p class='ocr_par' dir='ltr' id='par_1_130' title="bbox 2359 3900 3934 3970">
     <span class='ocr_line' id='line_1_130' title="bbox 2359 3900 3934 3970; baseline 0.008 -27"><span class='ocrx_word' id='word_1_1060' title='bbox 2359 3910 2513 3961; x_wconf 89' lang='lat' dir='ltr'><strong>quem</strong></span> <span class='ocrx_word' id='word_1_1061' title='bbox 2532 3903 2855 3970; x_wconf 75' lang='lat' dir='ltr'><strong>prosternit,</strong></span> <span class='ocrx_word' id='word_1_1062' title='bbox 2889 3903 3132 3964; x_wconf 84' lang='lat' dir='ltr'><strong>moritur,</strong></span> <span class='ocrx_word' id='word_1_1063' title='bbox 3163 3901 3254 3969; x_wconf 91' lang='lat' dir='ltr'><strong>qui</strong></span> <span class='ocrx_word' id='word_1_1064' title='bbox 3285 3900 3352 3954; x_wconf 88' lang='lat' dir='ltr'><strong>de</strong></span> <span class='ocrx_word' id='word_1_1065' title='bbox 3374 3903 3525 3970; x_wconf 88' lang='lat' dir='ltr'><strong>enlpa</strong></span> <span class='ocrx_word' id='word_1_1066' title='bbox 3549 3945 3561 3965; x_wconf 90' lang='lat'><strong>,</strong></span> <span class='ocrx_word' id='word_1_1067' title='bbox 3592 3918 3751 3969; x_wconf 85' lang='lat' dir='ltr'><strong>quani</strong></span> <span class='ocrx_word' id='word_1_1068' title='bbox 3783 3920 3934 3970; x_wconf 79' lang='lat' dir='ltr'><strong>supe-</strong></span> 
     </span>
    </p>
   </div>
   <div class='ocr_carea' id='block_1_131' title="bbox 2363 3967 2789 4026">
    <p class='ocr_par' dir='ltr' id='par_1_131' title="bbox 2363 3967 2789 4026">
     <span class='ocr_line' id='line_1_131' title="bbox 2363 3967 2789 4026; baseline 0.009 -9"><span class='ocrx_word' id='word_1_1069' title='bbox 2363 3976 2463 4026; x_wconf 85' lang='lat' dir='ltr'><strong>rat,</strong></span> <span class='ocrx_word' id='word_1_1070' title='bbox 2496 3967 2755 4021; x_wconf 85' lang='lat' dir='ltr'><strong>elevatur.</strong></span> <span class='ocrx_word' id='word_1_1071' title='bbox 2770 3989 2789 4022; x_wconf 69' lang='grc' dir='ltr'><strong>ι</strong></span> 
     </span>
    </p>
   </div>
   <div class='ocr_carea' id='block_1_132' title="bbox 2435 4036 3933 4118">
    <p class='ocr_par' dir='ltr' id='par_1_132' title="bbox 2435 4036 3933 4118">
     <span class='ocr_line' id='line_1_132' title="bbox 2435 4036 3933 4118; baseline 0.006 -32"><span class='ocrx_word' id='word_1_1072' title='bbox 2435 4036 2628 4118; x_wconf 58' lang='lat' dir='ltr'><strong>.lfalum</strong></span> <span class='ocrx_word' id='word_1_1073' title='bbox 2653 4054 2764 4118; x_wconf 68' lang='lat' dir='ltr'><strong>vero</strong></span> <span class='ocrx_word' id='word_1_1074' title='bbox 2785 4056 2978 4118; x_wconf 73' lang='lat' dir='ltr'><strong>semper</strong></span> <span class='ocrx_word' id='word_1_1075' title='bbox 3002 4057 3104 4118; x_wconf 52' lang='lat' dir='ltr'><strong>age</strong></span> <span class='ocrx_word' id='word_1_1076' title='bbox 3121 4042 3310 4118; x_wconf 75' lang='lat' dir='ltr'><strong>factum</strong></span> <span class='ocrx_word' id='word_1_1077' title='bbox 3326 4045 3471 4118; x_wconf 70' lang='lat' dir='ltr'><strong>sciat,</strong></span> <span class='ocrx_word' id='word_1_1078' title='bbox 3503 4051 3547 4093; x_wconf 89' lang='lat' dir='ltr'><strong>et</strong></span> <span class='ocrx_word' id='word_1_1079' title='bbox 3578 4042 3933 4118; x_wconf 41' lang='lat' dir='ltr'><strong>sibi‘reputefq</strong></span> 
     </span>
    </p>
   </div>
   <div class='ocr_carea' id='block_1_133' title="bbox 2327 4107 3933 4168">
    <p class='ocr_par' dir='ltr' id='par_1_133' title="bbox 2327 4107 3933 4168">
     <span class='ocr_line' id='line_1_133' title="bbox 2327 4107 3933 4168; baseline 0.004 -11"><span class='ocrx_word' id='word_1_1080' title='bbox 2327 4165 2329 4168; x_wconf 27' lang='grc' dir='ltr'>ι</span> <span class='ocrx_word' id='word_1_1081' title='bbox 2362 4107 2435 4158; x_wconf 84' lang='lat' dir='ltr'><strong>Ila</strong></span> <span class='ocrx_word' id='word_1_1082' title='bbox 2473 4107 2659 4162; x_wconf 85' lang='lat' dir='ltr'><strong>Petrus</strong></span> <span class='ocrx_word' id='word_1_1083' title='bbox 2691 4107 2925 4162; x_wconf 75' lang='lat' dir='ltr'><strong>Dtitttiaiii</strong></span> <span class='ocrx_word' id='word_1_1084' title='bbox 2949 4113 3012 4162; x_wconf 86' lang='lat' dir='ltr'><strong>atl</strong></span> <span class='ocrx_word' id='word_1_1085' title='bbox 3038 4107 3365 4164; x_wconf 75' lang='lat' dir='ltr'><strong>Desidct&#39;ittnt</strong></span> <span class='ocrx_word' id='word_1_1086' title='bbox 3389 4107 3633 4165; x_wconf 82' lang='lat' dir='ltr'><strong>abbatem</strong></span> <span class='ocrx_word' id='word_1_1087' title='bbox 3656 4107 3933 4165; x_wconf 25' lang='lat' dir='ltr'><strong>CasVStnt-nl</strong></span> 
     </span>
    </p>
   </div>
   <div class='ocr_carea' id='block_1_134' title="bbox 2361 4179 3933 4250">
    <p class='ocr_par' dir='ltr' id='par_1_134' title="bbox 2361 4179 3933 4250">
     <span class='ocr_line' id='line_1_134' title="bbox 2361 4179 3933 4250; baseline 0.005 -21"><span class='ocrx_word' id='word_1_1088' title='bbox 2361 4192 2472 4229; x_wconf 86' lang='lat' dir='ltr'><strong>sem</strong></span> <span class='ocrx_word' id='word_1_1089' title='bbox 2490 4179 2744 4250; x_wconf 86' lang='lat' dir='ltr'><strong>scribens</strong></span> <span class='ocrx_word' id='word_1_1090' title='bbox 2775 4199 2786 4231; x_wconf 89' lang='lat'><strong>:</strong></span> <span class='ocrx_word' id='word_1_1091' title='bbox 2827 4198 2844 4230; x_wconf 76' lang='grc' dir='ltr'><strong>ι</strong></span> <span class='ocrx_word' id='word_1_1092' title='bbox 2883 4181 3020 4247; x_wconf 84' lang='lat' dir='ltr'><strong>Noli,</strong></span> <span class='ocrx_word' id='word_1_1093' title='bbox 3053 4183 3318 4247; x_wconf 87' lang='lat' dir='ltr'><strong>inquiebat</strong></span> <span class='ocrx_word' id='word_1_1094' title='bbox 3352 4182 3489 4250; x_wconf 86' lang='lat' dir='ltr'><strong>(Lib.</strong></span> <span class='ocrx_word' id='word_1_1095' title='bbox 3532 4199 3588 4245; x_wconf 88' lang='lat' dir='ltr'><strong>ll,</strong></span> <span class='ocrx_word' id='word_1_1096' title='bbox 3637 4185 3792 4243; x_wconf 75' lang='lat' dir='ltr'><strong>epist.</strong></span> <span class='ocrx_word' id='word_1_1097' title='bbox 3829 4188 3933 4248; x_wconf 77' lang='lat' dir='ltr'><strong>tt}.</strong></span> 
     </span>
    </p>
   </div>
   <div class='ocr_carea' id='block_1_135' title="bbox 2360 4249 3933 4319">
    <p class='ocr_par' dir='ltr' id='par_1_135' title="bbox 2360 4249 3933 4319">
     <span class='ocr_line' id='line_1_135' title="bbox 2360 4249 3933 4319; baseline 0.004 -19"><span class='ocrx_word' id='word_1_1098' title='bbox 2360 4249 2500 4313; x_wconf 87' lang='lat' dir='ltr'><strong>quod</strong></span> <span class='ocrx_word' id='word_1_1099' title='bbox 2534 4249 2779 4317; x_wconf 85' lang='lat' dir='ltr'><strong>plerique</strong></span> <span class='ocrx_word' id='word_1_1100' title='bbox 2813 4252 3030 4313; x_wconf 80' lang='lat' dir='ltr'><strong>faciunt,</strong></span> <span class='ocrx_word' id='word_1_1101' title='bbox 3065 4249 3434 4305; x_wconf 88' lang='lat' dir='ltr'><strong>tantummodo</strong></span> <span class='ocrx_word' id='word_1_1102' title='bbox 3465 4254 3508 4304; x_wconf 88' lang='lat' dir='ltr'><strong>si</strong></span> <span class='ocrx_word' id='word_1_1103' title='bbox 3539 4252 3666 4319; x_wconf 89' lang='lat' dir='ltr'><strong>quid</strong></span> <span class='ocrx_word' id='word_1_1104' title='bbox 3698 4265 3782 4304; x_wconf 88' lang='lat' dir='ltr'><strong>est</strong></span> <span class='ocrx_word' id='word_1_1105' title='bbox 3813 4257 3860 4305; x_wconf 89' lang='lat' dir='ltr'><strong>in</strong></span> <span class='ocrx_word' id='word_1_1106' title='bbox 3886 4266 3933 4308; x_wconf 85' lang='lat' dir='ltr'><strong>te</strong></span> 
     </span>
    </p>
   </div>
   <div class='ocr_carea' id='block_1_136' title="bbox 2362 4319 3930 4390">
    <p class='ocr_par' dir='ltr' id='par_1_136' title="bbox 2362 4319 3930 4390">
     <span class='ocr_line' id='line_1_136' title="bbox 2362 4319 3930 4390; baseline 0.004 -20"><span class='ocrx_word' id='word_1_1107' title='bbox 2362 4319 2572 4371; x_wconf 85' lang='lat' dir='ltr'><strong>virtutis</strong></span> <span class='ocrx_word' id='word_1_1108' title='bbox 2603 4320 2900 4390; x_wconf 85' lang='lat' dir='ltr'><strong>attendere,</strong></span> <span class='ocrx_word' id='word_1_1109' title='bbox 2937 4331 2993 4373; x_wconf 95' lang='lat' dir='ltr'><strong>ut</strong></span> <span class='ocrx_word' id='word_1_1110' title='bbox 3024 4321 3150 4386; x_wconf 72' lang='lat' dir='ltr'><strong>vitia</strong></span> <span class='ocrx_word' id='word_1_1111' title='bbox 3181 4323 3328 4390; x_wconf 88' lang='lat' dir='ltr'><strong>quasi</strong></span> <span class='ocrx_word' id='word_1_1112' title='bbox 3358 4332 3478 4387; x_wconf 88' lang='lat' dir='ltr'><strong>post</strong></span> <span class='ocrx_word' id='word_1_1113' title='bbox 3517 4333 3724 4390; x_wconf 81' lang='lat' dir='ltr'><strong>tergum</strong></span> <span class='ocrx_word' id='word_1_1114' title='bbox 3765 4327 3930 4389; x_wconf 78' lang='lat' dir='ltr'><strong>posita</strong></span> 
     </span>
    </p>
   </div>
   <div class='ocr_carea' id='block_1_137' title="bbox 2366 4389 3934 4460">
    <p class='ocr_par' dir='ltr' id='par_1_137' title="bbox 2366 4389 3934 4460">
     <span class='ocr_line' id='line_1_137' title="bbox 2366 4389 3934 4460; baseline 0.006 -22"><span class='ocrx_word' id='word_1_1115' title='bbox 2366 4389 2862 4460; x_wconf 64' lang='lat' dir='ltr'><strong>negligas-judicare</strong></span> <span class='ocrx_word' id='word_1_1116' title='bbox 2887 4407 2900 4442; x_wconf 89' lang='lat'><strong>:</strong></span> <span class='ocrx_word' id='word_1_1117' title='bbox 2930 4391 3138 4444; x_wconf 83' lang='lat' dir='ltr'><strong>imitare</strong></span> <span class='ocrx_word' id='word_1_1118' title='bbox 3169 4389 3424 4446; x_wconf 87' lang='lat' dir='ltr'><strong>naturalis</strong></span> <span class='ocrx_word' id='word_1_1119' title='bbox 3454 4394 3504 4444; x_wconf 91' lang='lat' dir='ltr'><strong>in</strong></span> <span class='ocrx_word' id='word_1_1120' title='bbox 3536 4389 3742 4460; x_wconf 62' lang='lat' dir='ltr'><strong>paione</strong></span> <span class='ocrx_word' id='word_1_1121' title='bbox 3766 4397 3934 4447; x_wconf 84' lang='lat' dir='ltr'><strong>diver-</strong></span> 
     </span>
    </p>
   </div>
   <div class='ocr_carea' id='block_1_138' title="bbox 2362 4457 3934 4529">
    <p class='ocr_par' dir='ltr' id='par_1_138' title="bbox 2362 4457 3934 4529">
     <span class='ocr_line' id='line_1_138' title="bbox 2362 4457 3934 4529; baseline 0.005 -23"><span class='ocrx_word' id='word_1_1122' title='bbox 2362 4457 2536 4529; x_wconf 80' lang='lat' dir='ltr'><strong>sitatis</strong></span> <span class='ocrx_word' id='word_1_1123' title='bbox 2568 4461 2906 4526; x_wconf 82' lang='lat' dir='ltr'><strong>exemplum,</strong></span> <span class='ocrx_word' id='word_1_1124' title='bbox 2953 4463 3040 4529; x_wconf 90' lang='lat' dir='ltr'><strong>qni</strong></span> <span class='ocrx_word' id='word_1_1125' title='bbox 3075 4463 3322 4515; x_wconf 88' lang='lat' dir='ltr'><strong>nimirum</strong></span> <span class='ocrx_word' id='word_1_1126' title='bbox 3368 4457 3634 4529; x_wconf 78' lang='lat' dir='ltr'><strong>pulliniis,</strong></span> <span class='ocrx_word' id='word_1_1127' title='bbox 3693 4471 3749 4514; x_wconf 90' lang='lat' dir='ltr'><strong>et</strong></span> <span class='ocrx_word' id='word_1_1128' title='bbox 3798 4469 3934 4517; x_wconf 66' lang='grc' dir='ltr'>νςιιυι</span> 
     </span>
    </p>
   </div>
   <div class='ocr_carea' id='block_1_139' title="bbox 2367 4527 3934 4600">
    <p class='ocr_par' dir='ltr' id='par_1_139' title="bbox 2367 4527 3934 4600">
     <span class='ocr_line' id='line_1_139' title="bbox 2367 4527 3934 4600; baseline 0.006 -23"><span class='ocrx_word' id='word_1_1129' title='bbox 2367 4527 2628 4591; x_wconf 75' lang='lat' dir='ltr'><strong>ignobiles</strong></span> <span class='ocrx_word' id='word_1_1130' title='bbox 2675 4532 2836 4596; x_wconf 78' lang='lat' dir='ltr'><strong>pedes</strong></span> <span class='ocrx_word' id='word_1_1131' title='bbox 2869 4527 2983 4596; x_wconf 66' lang='lat' dir='ltr'><strong>pm</strong></span> <span class='ocrx_word' id='word_1_1132' title='bbox 3003 4534 3168 4584; x_wconf 83' lang='lat' dir='ltr'><strong>oculis</strong></span> <span class='ocrx_word' id='word_1_1133' title='bbox 3198 4527 3409 4598; x_wconf 83' lang='lat' dir='ltr'><strong>semper</strong></span> <span class='ocrx_word' id='word_1_1134' title='bbox 3442 4533 3599 4584; x_wconf 85' lang='lat' dir='ltr'><strong>habet</strong></span> <span class='ocrx_word' id='word_1_1135' title='bbox 3626 4550 3637 4585; x_wconf 86' lang='lat'>:</span> <span class='ocrx_word' id='word_1_1136' title='bbox 3685 4533 3934 4600; x_wconf 58' lang='lat' dir='ltr'><strong>insignem</strong></span> 
     </span>
    </p>
   </div>
   <div class='ocr_carea' id='block_1_140' title="bbox 2368 4601 3934 4669">
    <p class='ocr_par' dir='ltr' id='par_1_140' title="bbox 2368 4601 3934 4669">
     <span class='ocr_line' id='line_1_140' title="bbox 2368 4601 3934 4669; baseline 0.004 -19"><span class='ocrx_word' id='word_1_1137' title='bbox 2368 4611 2497 4669; x_wconf 66' lang='lat' dir='ltr'><strong>)‘ero</strong></span> <span class='ocrx_word' id='word_1_1138' title='bbox 2526 4601 2707 4652; x_wconf 80' lang='lat' dir='ltr'><strong>cauda:</strong></span> <span class='ocrx_word' id='word_1_1139' title='bbox 2734 4602 3183 4667; x_wconf 79' lang='lat' dir='ltr'><strong>pulchritudinem</strong></span> <span class='ocrx_word' id='word_1_1140' title='bbox 3214 4616 3327 4668; x_wconf 67' lang='lat' dir='ltr'><strong>p03!</strong></span> <span class='ocrx_word' id='word_1_1141' title='bbox 3351 4617 3408 4655; x_wconf 90' lang='lat' dir='ltr'><strong>se</strong></span> <span class='ocrx_word' id='word_1_1142' title='bbox 3435 4601 3785 4669; x_wconf 86' lang='lat' dir='ltr'><strong>spectab.lem</strong></span> <span class='ocrx_word' id='word_1_1143' title='bbox 3812 4621 3934 4669; x_wconf 73' lang='lat' dir='ltr'><strong>pra:-</strong></span> 
     </span>
    </p>
   </div>
   <div class='ocr_carea' id='block_1_141' title="bbox 2367 4666 3935 4740">
    <p class='ocr_par' dir='ltr' id='par_1_141' title="bbox 2367 4666 3935 4740">
     <span class='ocr_line' id='line_1_141' title="bbox 2367 4666 3935 4740; baseline 0.003 -22"><span class='ocrx_word' id='word_1_1144' title='bbox 2367 4666 2493 4740; x_wconf 86' lang='lat' dir='ltr'><strong>bet;</strong></span> <span class='ocrx_word' id='word_1_1145' title='bbox 2533 4669 2675 4721; x_wconf 90' lang='lat' dir='ltr'><strong>videt</strong></span> <span class='ocrx_word' id='word_1_1146' title='bbox 2706 4666 2757 4721; x_wconf 87' lang='lat' dir='ltr'><strong>iii</strong></span> <span class='ocrx_word' id='word_1_1147' title='bbox 2790 4671 3008 4736; x_wconf 84' lang='lat' dir='ltr'><strong>pedibus</strong></span> <span class='ocrx_word' id='word_1_1148' title='bbox 3041 4666 3291 4724; x_wconf 80' lang='lat' dir='ltr'><strong>rusticum</strong></span> <span class='ocrx_word' id='word_1_1149' title='bbox 3320 4666 3557 4739; x_wconf 84' lang='lat' dir='ltr'><strong>aliquid,</strong></span> <span class='ocrx_word' id='word_1_1150' title='bbox 3591 4674 3733 4740; x_wconf 90' lang='lat' dir='ltr'><strong>quod</strong></span> <span class='ocrx_word' id='word_1_1151' title='bbox 3765 4666 3935 4738; x_wconf 66' lang='lat' dir='ltr'><strong>desin-</strong></span> 
     </span>
    </p>
   </div>
   <div class='ocr_carea' id='block_1_142' title="bbox 2363 4739 3934 4810">
    <p class='ocr_par' dir='ltr' id='par_1_142' title="bbox 2363 4739 3934 4810">
     <span class='ocr_line' id='line_1_142' title="bbox 2363 4739 3934 4810; baseline 0.006 -22"><span class='ocrx_word' id='word_1_1152' title='bbox 2363 4739 2472 4789; x_wconf 88' lang='lat' dir='ltr'><strong>eiat</strong></span> <span class='ocrx_word' id='word_1_1153' title='bbox 2494 4777 2507 4798; x_wconf 89' lang='lat'><strong>,</strong></span> <span class='ocrx_word' id='word_1_1154' title='bbox 2542 4748 2662 4804; x_wconf 90' lang='lat' dir='ltr'><strong>post</strong></span> <span class='ocrx_word' id='word_1_1155' title='bbox 2690 4750 2896 4809; x_wconf 74' lang='lat' dir='ltr'><strong>tergum</strong></span> <span class='ocrx_word' id='word_1_1156' title='bbox 2931 4757 3057 4795; x_wconf 92' lang='lat' dir='ltr'><strong>vero</strong></span> <span class='ocrx_word' id='word_1_1157' title='bbox 3079 4744 3233 4810; x_wconf 78' lang='lat' dir='ltr'><strong>gerit,</strong></span> <span class='ocrx_word' id='word_1_1158' title='bbox 3265 4745 3404 4795; x_wconf 90' lang='lat' dir='ltr'><strong>unde</strong></span> <span class='ocrx_word' id='word_1_1159' title='bbox 3437 4739 3788 4809; x_wconf 14' lang='lat' dir='ltr'><strong>Valentiquasi</strong></span> <span class='ocrx_word' id='word_1_1160' title='bbox 3839 4760 3934 4808; x_wconf 69' lang='lat' dir='ltr'><strong>ira:</strong></span> 
     </span>
    </p>
   </div>
   <div class='ocr_carea' id='block_1_143' title="bbox 2365 4810 3934 4880">
    <p class='ocr_par' dir='ltr' id='par_1_143' title="bbox 2365 4810 3934 4880">
     <span class='ocr_line' id='line_1_143' title="bbox 2365 4810 3934 4880; baseline 0.003 -21"><span class='ocrx_word' id='word_1_1161' title='bbox 2365 4810 2573 4880; x_wconf 67' lang='lat' dir='ltr'><strong>caeteris</strong></span> <span class='ocrx_word' id='word_1_1162' title='bbox 2599 4810 2784 4861; x_wconf 85' lang='lat' dir='ltr'><strong>avibus</strong></span> <span class='ocrx_word' id='word_1_1163' title='bbox 2813 4812 3111 4878; x_wconf 75' lang='lat' dir='ltr'><strong>superbire.</strong></span> <span class='ocrx_word' id='word_1_1164' title='bbox 3165 4813 3240 4866; x_wconf 87' lang='lat' dir='ltr'><strong>Te</strong></span> <span class='ocrx_word' id='word_1_1165' title='bbox 3285 4828 3496 4880; x_wconf 88' lang='lat' dir='ltr'><strong>quoque</strong></span> <span class='ocrx_word' id='word_1_1166' title='bbox 3545 4815 3934 4879; x_wconf 77' lang='lat' dir='ltr'><strong>quodaminodo</strong></span> 
     </span>
    </p>
   </div>
   <div class='ocr_carea' id='block_1_144' title="bbox 2365 4879 3934 4951">
    <p class='ocr_par' dir='ltr' id='par_1_144' title="bbox 2365 4879 3934 4951">
     <span class='ocr_line' id='line_1_144' title="bbox 2365 4879 3934 4951; baseline 0.004 -23"><span class='ocrx_word' id='word_1_1167' title='bbox 2365 4893 2434 4943; x_wconf 90' lang='lat' dir='ltr'><strong>qu</strong></span> <span class='ocrx_word' id='word_1_1168' title='bbox 2461 4879 2506 4930; x_wconf 61' lang='lat' dir='ltr'><strong>id</strong></span> <span class='ocrx_word' id='word_1_1169' title='bbox 2536 4879 2587 4930; x_wconf 89' lang='lat' dir='ltr'><strong>iii</strong></span> <span class='ocrx_word' id='word_1_1170' title='bbox 2621 4887 2671 4951; x_wconf 86' lang='lat' dir='ltr'><strong>te</strong></span> <span class='ocrx_word' id='word_1_1171' title='bbox 2699 4880 2915 4933; x_wconf 81' lang='lat' dir='ltr'><strong>virtutis</strong></span> <span class='ocrx_word' id='word_1_1172' title='bbox 2939 4891 3026 4951; x_wconf 83' lang='lat' dir='ltr'><strong>est</strong></span> <span class='ocrx_word' id='word_1_1173' title='bbox 3067 4882 3250 4935; x_wconf 86' lang='lat' dir='ltr'><strong>lateat.</strong></span> <span class='ocrx_word' id='word_1_1174' title='bbox 3293 4883 3346 4933; x_wconf 63' lang='lat' dir='ltr'><strong>Si</strong></span> <span class='ocrx_word' id='word_1_1175' title='bbox 3377 4879 3502 4951; x_wconf 88' lang='lat' dir='ltr'><strong>quid</strong></span> <span class='ocrx_word' id='word_1_1176' title='bbox 3537 4897 3663 4936; x_wconf 87' lang='lat' dir='ltr'><strong>vero</strong></span> <span class='ocrx_word' id='word_1_1177' title='bbox 3696 4883 3934 4936; x_wconf 82' lang='lat' dir='ltr'><strong>vitiosam</strong></span> 
     </span>
    </p>
   </div>
   <div class='ocr_carea' id='block_1_145' title="bbox 2365 4949 3933 5021">
    <p class='ocr_par' dir='ltr' id='par_1_145' title="bbox 2365 4949 3933 5021">
     <span class='ocr_line' id='line_1_145' title="bbox 2365 4949 3933 5021; baseline 0.005 -22"><span class='ocrx_word' id='word_1_1178' title='bbox 2365 4958 2418 4999; x_wconf 87' lang='lat' dir='ltr'><strong>et</strong></span> <span class='ocrx_word' id='word_1_1179' title='bbox 2437 4949 2784 5021; x_wconf 79' lang='lat' dir='ltr'><strong>correctionis</strong></span> <span class='ocrx_word' id='word_1_1180' title='bbox 2806 4950 3136 5019; x_wconf 82' lang='lat' dir='ltr'><strong>cstdignutn,</strong></span> <span class='ocrx_word' id='word_1_1181' title='bbox 3163 4954 3229 5005; x_wconf 86' lang='lat' dir='ltr'><strong>ab</strong></span> <span class='ocrx_word' id='word_1_1182' title='bbox 3251 4949 3499 5021; x_wconf 79' lang='lat' dir='ltr'><strong>aspectus</strong></span> <span class='ocrx_word' id='word_1_1183' title='bbox 3522 4953 3810 5020; x_wconf 86' lang='lat' dir='ltr'><strong>tuijudicio</strong></span> <span class='ocrx_word' id='word_1_1184' title='bbox 3836 4972 3933 5008; x_wconf 87' lang='lat' dir='ltr'><strong>non</strong></span> 
     </span>
    </p>
   </div>
   <div class='ocr_carea' id='block_1_146' title="bbox 2368 5018 2658 5071">
    <p class='ocr_par' dir='ltr' id='par_1_146' title="bbox 2368 5018 2658 5071">
     <span class='ocr_line' id='line_1_146' title="bbox 2368 5018 2658 5071; baseline 0 -2"><span class='ocrx_word' id='word_1_1185' title='bbox 2368 5018 2597 5071; x_wconf 86' lang='lat' dir='ltr'><strong>recedat.</strong></span> <span class='ocrx_word' id='word_1_1186' title='bbox 2640 5037 2658 5069; x_wconf 78' lang='grc' dir='ltr'><strong>ι</strong></span> 
     </span>
    </p>
   </div>
   <div class='ocr_carea' id='block_1_147' title="bbox 2441 5089 3932 5160">
    <p class='ocr_par' dir='ltr' id='par_1_147' title="bbox 2441 5089 3932 5160">
     <span class='ocr_line' id='line_1_147' title="bbox 2441 5089 3932 5160; baseline 0.004 -21"><span class='ocrx_word' id='word_1_1187' title='bbox 2441 5089 2586 5160; x_wconf 66' lang='lat' dir='ltr'><strong>Diem</strong></span> <span class='ocrx_word' id='word_1_1188' title='bbox 2607 5090 2793 5156; x_wconf 83' lang='lat' dir='ltr'><strong>judicii</strong></span> <span class='ocrx_word' id='word_1_1189' title='bbox 2823 5090 3037 5160; x_wconf 59' lang='lat' dir='ltr'><strong>timere]</strong></span> <span class='ocrx_word' id='word_1_1190' title='bbox 3068 5091 3166 5157; x_wconf 87' lang='lat' dir='ltr'><strong>Qui</strong></span> <span class='ocrx_word' id='word_1_1191' title='bbox 3210 5091 3396 5160; x_wconf 86' lang='lat' dir='ltr'><strong>judicn</strong></span> <span class='ocrx_word' id='word_1_1192' title='bbox 3437 5091 3579 5145; x_wconf 88' lang='lat' dir='ltr'><strong>diem</strong></span> <span class='ocrx_word' id='word_1_1193' title='bbox 3629 5107 3738 5146; x_wconf 89' lang='lat' dir='ltr'><strong>non</strong></span> <span class='ocrx_word' id='word_1_1194' title='bbox 3769 5093 3932 5157; x_wconf 89' lang='lat' dir='ltr'><strong>timet,</strong></span> 
     </span>
    </p>
   </div>
   <div class='ocr_carea' id='block_1_148' title="bbox 2368 5156 3933 5230">
    <p class='ocr_par' dir='ltr' id='par_1_148' title="bbox 2368 5156 3933 5230">
     <span class='ocr_line' id='line_1_148' title="bbox 2368 5156 3933 5230; baseline 0.005 -21"><span class='ocrx_word' id='word_1_1195' title='bbox 2368 5157 2452 5230; x_wconf 83' lang='lat' dir='ltr'><strong>hic</strong></span> <span class='ocrx_word' id='word_1_1196' title='bbox 2470 5156 2670 5230; x_wconf 89' lang='lat' dir='ltr'><strong>judicio</strong></span> <span class='ocrx_word' id='word_1_1197' title='bbox 2695 5174 2880 5213; x_wconf 87' lang='lat' dir='ltr'><strong>carere</strong></span> <span class='ocrx_word' id='word_1_1198' title='bbox 2909 5156 3104 5214; x_wconf 84' lang='lat' dir='ltr'><strong>merito</strong></span> <span class='ocrx_word' id='word_1_1199' title='bbox 3121 5156 3374 5215; x_wconf 73' lang='lat' dir='ltr'><strong>dicendus</strong></span> <span class='ocrx_word' id='word_1_1200' title='bbox 3397 5171 3500 5226; x_wconf 88' lang='lat' dir='ltr'><strong>est,</strong></span> <span class='ocrx_word' id='word_1_1201' title='bbox 3525 5173 3581 5215; x_wconf 88' lang='lat' dir='ltr'><strong>et</strong></span> <span class='ocrx_word' id='word_1_1202' title='bbox 3596 5156 3933 5230; x_wconf 67' lang='lat' dir='ltr'><strong>reprobatnsi</strong></span> 
     </span>
    </p>
   </div>
   <div class='ocr_carea' id='block_1_149' title="bbox 2375 5228 3931 5300">
    <p class='ocr_par' dir='ltr' id='par_1_149' title="bbox 2375 5228 3931 5300">
     <span class='ocr_line' id='line_1_149' title="bbox 2375 5228 3931 5300; baseline 0.004 -24"><span class='ocrx_word' id='word_1_1203' title='bbox 2375 5245 2393 5276; x_wconf 73' lang='grc' dir='ltr'><strong>ι</strong></span> <span class='ocrx_word' id='word_1_1204' title='bbox 2435 5228 2832 5300; x_wconf 86' lang='lat' dir='ltr'><strong>lrremediahile</strong></span> <span class='ocrx_word' id='word_1_1205' title='bbox 2855 5245 3081 5300; x_wconf 80' lang='lat' dir='ltr'><strong>namque</strong></span> <span class='ocrx_word' id='word_1_1206' title='bbox 3110 5231 3398 5298; x_wconf 89' lang='lat' dir='ltr'><strong>periculum</strong></span> <span class='ocrx_word' id='word_1_1207' title='bbox 3426 5243 3527 5295; x_wconf 89' lang='lat' dir='ltr'><strong>est,</strong></span> <span class='ocrx_word' id='word_1_1208' title='bbox 3554 5228 3726 5300; x_wconf 84' lang='lat' dir='ltr'><strong>inquit</strong></span> <span class='ocrx_word' id='word_1_1209' title='bbox 3754 5234 3810 5287; x_wconf 68' lang='grc' dir='ltr'><strong>ὃ.</strong></span> <span class='ocrx_word' id='word_1_1210' title='bbox 3837 5237 3931 5286; x_wconf 75' lang='lat' dir='ltr'><strong>An-</strong></span> 
     </span>
    </p>
   </div>
   <div class='ocr_carea' id='block_1_150' title="bbox 2368 5299 3935 5371">
    <p class='ocr_par' dir='ltr' id='par_1_150' title="bbox 2368 5299 3935 5371">
     <span class='ocr_line' id='line_1_150' title="bbox 2368 5299 3935 5371; baseline 0.005 -23"><span class='ocrx_word' id='word_1_1211' title='bbox 2368 5299 2610 5371; x_wconf 67' lang='lat' dir='ltr'><strong>gustinus</strong></span> <span class='ocrx_word' id='word_1_1212' title='bbox 2657 5299 2850 5371; x_wconf 71' lang='lat' dir='ltr'><strong>(Serm.</strong></span> <span class='ocrx_word' id='word_1_1213' title='bbox 2897 5299 3005 5355; x_wconf 48' lang='grc'><strong>154⁷</strong></span> <span class='ocrx_word' id='word_1_1214' title='bbox 3045 5303 3096 5353; x_wconf 83' lang='lat' dir='ltr'><strong>in</strong></span> <span class='ocrx_word' id='word_1_1215' title='bbox 3127 5302 3358 5370; x_wconf 83' lang='lat' dir='ltr'><strong>Appeud.</strong></span> <span class='ocrx_word' id='word_1_1216' title='bbox 3391 5303 3587 5368; x_wconf 89' lang='lat' dir='ltr'><strong>Serm.)</strong></span> <span class='ocrx_word' id='word_1_1217' title='bbox 3629 5299 3730 5356; x_wconf 48' lang='lat' dir='ltr'><strong>seu</strong></span> <span class='ocrx_word' id='word_1_1218' title='bbox 3770 5305 3935 5371; x_wconf 80' lang='lat' dir='ltr'><strong>quivis</strong></span> 
     </span>
    </p>
   </div>
   <div class='ocr_carea' id='block_1_151' title="bbox 2365 5369 3929 5438">
    <p class='ocr_par' dir='ltr' id='par_1_151' title="bbox 2365 5369 3929 5438">
     <span class='ocr_line' id='line_1_151' title="bbox 2365 5369 3929 5438; baseline 0.004 -20"><span class='ocrx_word' id='word_1_1219' title='bbox 2365 5370 2530 5433; x_wconf 88' lang='lat' dir='ltr'><strong>altus,</strong></span> <span class='ocrx_word' id='word_1_1220' title='bbox 2563 5371 2639 5421; x_wconf 87' lang='lat' dir='ltr'><strong>sic</strong></span> <span class='ocrx_word' id='word_1_1221' title='bbox 2670 5369 2898 5436; x_wconf 84' lang='lat' dir='ltr'><strong>aliquem</strong></span> <span class='ocrx_word' id='word_1_1222' title='bbox 2930 5371 3074 5424; x_wconf 89' lang='lat' dir='ltr'><strong>vitiis</strong></span> <span class='ocrx_word' id='word_1_1223' title='bbox 3096 5411 3110 5433; x_wconf 89' lang='lat'><strong>,</strong></span> <span class='ocrx_word' id='word_1_1224' title='bbox 3147 5369 3213 5422; x_wconf 85' lang='lat' dir='ltr'><strong>et</strong></span> <span class='ocrx_word' id='word_1_1225' title='bbox 3239 5373 3620 5438; x_wconf 88' lang='lat' dir='ltr'><strong>cupiditatibus</strong></span> <span class='ocrx_word' id='word_1_1226' title='bbox 3669 5369 3814 5425; x_wconf 76' lang='lat' dir='ltr'><strong>frena</strong></span> <span class='ocrx_word' id='word_1_1227' title='bbox 3861 5380 3929 5424; x_wconf 84' lang='lat' dir='ltr'><strong>ta-</strong></span> 
     </span>
    </p>
   </div>
   <div class='ocr_carea' id='block_1_152' title="bbox 2365 5439 3927 5498">
    <p class='ocr_par' dir='ltr' id='par_1_152' title="bbox 2365 5439 3927 5498">
     <span class='ocr_line' id='line_1_152' title="bbox 2365 5439 3927 5498; baseline 0.005 -10"><span class='ocrx_word' id='word_1_1228' title='bbox 2365 5451 2513 5498; x_wconf 77' lang='lat' dir='ltr'><strong>xare,</strong></span> <span class='ocrx_word' id='word_1_1229' title='bbox 2537 5449 2594 5491; x_wconf 86' lang='lat' dir='ltr'><strong>ut</strong></span> <span class='ocrx_word' id='word_1_1230' title='bbox 2621 5454 2679 5492; x_wconf 85' lang='lat' dir='ltr'><strong>se</strong></span> <span class='ocrx_word' id='word_1_1231' title='bbox 2702 5439 2959 5494; x_wconf 80' lang='lat' dir='ltr'><strong>rationem</strong></span> <span class='ocrx_word' id='word_1_1232' title='bbox 2987 5445 3092 5494; x_wconf 84' lang='lat' dir='ltr'><strong>Deo</strong></span> <span class='ocrx_word' id='word_1_1233' title='bbox 3117 5457 3218 5494; x_wconf 92' lang='lat' dir='ltr'><strong>non</strong></span> <span class='ocrx_word' id='word_1_1234' title='bbox 3243 5443 3544 5496; x_wconf 84' lang='lat' dir='ltr'><strong>meminerit</strong></span> <span class='ocrx_word' id='word_1_1235' title='bbox 3568 5442 3888 5496; x_wconf 87' lang='lat' dir='ltr'><strong>redditurum</strong></span> <span class='ocrx_word' id='word_1_1236' title='bbox 3914 5460 3927 5497; x_wconf 89' lang='lat'>:</span> 
     </span>
    </p>
   </div>
   <div class='ocr_carea' id='block_1_153' title="bbox 2366 5509 3930 5579">
    <p class='ocr_par' dir='ltr' id='par_1_153' title="bbox 2366 5509 3930 5579">
     <span class='ocr_line' id='line_1_153' title="bbox 2366 5509 3930 5579; baseline 0.008 -22"><span class='ocrx_word' id='word_1_1237' title='bbox 2366 5517 2492 5573; x_wconf 78' lang='lat' dir='ltr'><strong>puto</strong></span> <span class='ocrx_word' id='word_1_1238' title='bbox 2516 5509 2636 5576; x_wconf 86' lang='lat' dir='ltr'><strong>quia</strong></span> <span class='ocrx_word' id='word_1_1239' title='bbox 2669 5525 2853 5578; x_wconf 79' lang='lat' dir='ltr'><strong>magna</strong></span> <span class='ocrx_word' id='word_1_1240' title='bbox 2881 5522 2948 5564; x_wconf 65' lang='grc' dir='ltr'>ει</span> <span class='ocrx_word' id='word_1_1241' title='bbox 2971 5511 3080 5578; x_wconf 84' lang='lat' dir='ltr'><strong>jam</strong></span> <span class='ocrx_word' id='word_1_1242' title='bbox 3108 5514 3306 5579; x_wconf 88' lang='lat' dir='ltr'><strong>peccati</strong></span> <span class='ocrx_word' id='word_1_1243' title='bbox 3337 5527 3491 5579; x_wconf 66' lang='lat' dir='ltr'><strong>poma</strong></span> <span class='ocrx_word' id='word_1_1244' title='bbox 3518 5523 3722 5566; x_wconf 88' lang='lat' dir='ltr'><strong>metum</strong></span> <span class='ocrx_word' id='word_1_1245' title='bbox 3741 5528 3804 5566; x_wconf 88' lang='lat' dir='ltr'><strong>ac</strong></span> <span class='ocrx_word' id='word_1_1246' title='bbox 3829 5531 3930 5568; x_wconf 75' lang='lat' dir='ltr'><strong>lltC‘</strong></span> 
     </span>
    </p>
   </div>
   <div class='ocr_carea' id='block_1_154' title="bbox 2366 5579 3389 5649">
    <p class='ocr_par' dir='ltr' id='par_1_154' title="bbox 2366 5579 3389 5649">
     <span class='ocr_line' id='line_1_154' title="bbox 2366 5579 3389 5649; baseline 0.002 -20"><span class='ocrx_word' id='word_1_1247' title='bbox 2366 5579 2588 5631; x_wconf 78' lang='lat' dir='ltr'><strong>muriam</strong></span> <span class='ocrx_word' id='word_1_1248' title='bbox 2625 5579 2782 5631; x_wconf 78' lang='lat' dir='ltr'><strong>futuri</strong></span> <span class='ocrx_word' id='word_1_1249' title='bbox 2818 5581 3155 5649; x_wconf 72' lang='lat' dir='ltr'><strong>perdidisse]</strong></span> <span class='ocrx_word' id='word_1_1250' title='bbox 3197 5581 3340 5634; x_wconf 82' lang='lat' dir='ltr'><strong>dicti.</strong></span> <span class='ocrx_word' id='word_1_1251' title='bbox 3371 5601 3389 5631; x_wconf 71' lang='grc' dir='ltr'><strong><em>ο</em></strong></span> 
     </span>
    </p>
   </div>
   <div class='ocr_carea' id='block_1_155' title="bbox 2433 5649 3923 5721">
    <p class='ocr_par' dir='ltr' id='par_1_155' title="bbox 2433 5649 3923 5721">
     <span class='ocr_line' id='line_1_155' title="bbox 2433 5649 3923 5721; baseline 0.002 -22"><span class='ocrx_word' id='word_1_1252' title='bbox 2433 5649 2726 5700; x_wconf 46' lang='lat' dir='ltr'><strong>Gtt/tentiam</strong></span> <span class='ocrx_word' id='word_1_1253' title='bbox 2753 5651 3123 5721; x_wconf 60' lang='lat' dir='ltr'><strong>expauescere]</strong></span> <span class='ocrx_word' id='word_1_1254' title='bbox 3156 5653 3212 5704; x_wconf 71' lang='lat' dir='ltr'><strong>Et</strong></span> <span class='ocrx_word' id='word_1_1255' title='bbox 3247 5651 3364 5718; x_wconf 86' lang='lat' dir='ltr'><strong>quis</strong></span> <span class='ocrx_word' id='word_1_1256' title='bbox 3396 5665 3499 5704; x_wconf 92' lang='lat' dir='ltr'><strong>non</strong></span> <span class='ocrx_word' id='word_1_1257' title='bbox 3527 5664 3923 5721; x_wconf 76' lang='lat' dir='ltr'><strong>expavesceret,</strong></span> 
     </span>
    </p>
   </div>
   <div class='ocr_carea' id='block_1_156' title="bbox 2363 5720 3924 5790">
    <p class='ocr_par' dir='ltr' id='par_1_156' title="bbox 2363 5720 3924 5790">
     <span class='ocr_line' id='line_1_156' title="bbox 2363 5720 3924 5790; baseline 0.001 -18"><span class='ocrx_word' id='word_1_1258' title='bbox 2363 5733 2482 5772; x_wconf 86' lang='lat' dir='ltr'><strong>cum</strong></span> <span class='ocrx_word' id='word_1_1259' title='bbox 2516 5722 2590 5774; x_wconf 83' lang='lat' dir='ltr'><strong>vel</strong></span> <span class='ocrx_word' id='word_1_1260' title='bbox 2641 5721 2833 5790; x_wconf 85' lang='lat' dir='ltr'><strong>quique</strong></span> <span class='ocrx_word' id='word_1_1261' title='bbox 2886 5720 3184 5775; x_wconf 76' lang='lat' dir='ltr'><strong>sanctozunt</strong></span> <span class='ocrx_word' id='word_1_1262' title='bbox 3231 5735 3390 5775; x_wconf 80' lang='lat' dir='ltr'><strong>etiam</strong></span> <span class='ocrx_word' id='word_1_1263' title='bbox 3426 5720 3639 5775; x_wconf 74' lang='lat' dir='ltr'><strong>maximi</strong></span> <span class='ocrx_word' id='word_1_1264' title='bbox 3684 5723 3795 5776; x_wconf 84' lang='lat' dir='ltr'><strong>sola</strong></span> <span class='ocrx_word' id='word_1_1265' title='bbox 3840 5739 3924 5790; x_wconf 75' lang='lat' dir='ltr'><strong>ge-</strong></span> 
     </span>
    </p>
   </div>
  </div>
