4102 6360
239 328 358 383 325

1309 326 1584 381 ῐιΕουιΑ
1625 327 2114 381 COlIJIENTA'I‘A.
2160 328 2308 381 CAP.
2355 327 2432 380 ιγ.

3405 333 3463 344 ,ις

3405 333 3463 344 ..ις

3366 367 3368 370 ·
3404 333 3508 387 “to

243 448 444 501 liennze
461 443 786 514 cogitatione
820 443 914 499 loti
947 445 1314 498 tremuerunt?
1337 443 1464 508 Quis
1495 454 1731 494 nostrum
1765 440 1819 496 S.
1858 448 1903 503 Α
1934 441 2144 514 vigilem
2184 442 2575 514 sollicitatuqne
2604 455 2738 514 esse
2763 449 3005 514 oporteat
3055 426 3216 514 super
3263 447 3502 499 cnstndia

245 513 818 570 Bernardosanctior?
841 525 893 568 et
924 523 1102 568 tamen
1127 513 1247 581 quis
1271 529 1376 566 non
1405 515 1826 581 contremiscens

241 602 373 638 υιιιιι
400 585 902 639 contremisceutem
935 585 1118 638 audire
1147 580 1355 651 potest?
1383 601 1399 632 ε
1434 580 1824 643 Contremisco,

245 655 423 724 inquit
450 655 643 724 (Serm.
681 656 765 719 i6,
793 657 845 708 in
870 654 1069 722 Cant.),
1111 668 1139 705 a
1171 653 1418 707 dentibus
1450 654 1630 706 bestiae
1663 652 1827 724 infer:

246 720 417 789 n-iis,
447 720 476 777 a
527 733 710 778 ventre
739 724 916 788 inferi,
947 739 976 777 a
1017 720 1346 793 rugientihus
1399 721 1708 791 pra-paratis
1761 720 1828 773 ad

245 809 432 848 escam
466 812 479 846 :
515 793 708 848 horreo
738 810 970 848 vermcm
1001 797 1298 857 rodentem,
1329 803 1382 846 et
1421 793 1592 860 ignem
1626 800 1834 844 torren-

249 875 387 925 tem,
423 865 624 916 fumum
645 877 698 918 et
723 880 993 932 vaporem.
1021 874 1076 919 et
1097 865 1341 931 sulphur,
1365 871 1418 916 et
1442 862 1686 932 Spiritum
1713 876 1834 929 pro-

247 937 514 988 cellarum
545 951 559 987 :
589 937 780 989 horreo
797 930 1052 989 tenebras
1073 930 1388 988 exteriores.
1419 933 1550 996 Quis
1576 930 1722 984 dabit
1747 945 1832 984 ca-

251 1004 353 1070 piti
384 1020 502 1059 meo
532 1019 744 1072 aquam,
778 1015 831 1058 ct
857 1004 1028 1058 oculis
1060 1005 1192 1057 meis
1224 1003 1423 1057 fontem
1450 1005 1828 1070 lacrymarum,

252 1083 317 1127 ut
343 1077 667 1143 praeveniam
695 1075 907 1128 ﬂetibus
938 1075 1142 1136 fletum,
1172 1083 1225 1127 et
1253 1073 1539 1126 stridorem
1573 1072 1834 1143 dentium,

252 1153 316 1196 et
345 1142 596 1200 manuum
625 1146 924 1212 pedumque
951 1145 1080 1198 dura
1113 1144 1345 1211 vincula,
1371 1150 1426 1197 et
1457 1142 1673 1211 pondus.
1694 1150 1838 1195 cate-

255 1228 450 1268 narum
508 1215 881 1282 prementium,
930 1215 1328 1281 stringentium,
1391 1215 1689 1276 urentium,
1738 1225 1838 1264 nec

254 1286 724 1338 consumentium?
761 1305 780 1337 ι
817 1286 989 1339 Simili
1042 1300 1237 1353 pavlire
1267 1282 1836 1353 pravasrcogitationes

256 1353 566 1419 pellebatS.
590 1353 925 1416 Pachomius.
944 1352 1234 1422 utlegimus
1265 1357 1313 1413 in
1332 1353 1448 1422 ejus
1467 1352 1580 1405 Vita
1611 1352 1835 1420 cap.“29.

345 1422 512 1493 Vitam
541 1433 779 1477 aeternam
801 1425 938 1477 omni
964 1425 1369 1493 conrup‘scentia
1393 1422 1655 1486 spirituali
1698 1422 1837 1474 desi-

257 1491 492 1564 ῥεπέτω]
521 1495 651 1560 Quia
671 1535 685 1553 .
719 1506 774 1548 ut
805 1496 932 1548 dicit
963 1496 1019 1550 S.
1056 1491 1356 1548 Be'rnardus
1410 1494 1601 1561 (δίε-ιιι.
1633 1493 1840 1564 infesto

258 1561 330 1616 S.
361 1561 622 1633 Mariini),
669 1565 808 1619 Deus
836 1583 854 1616 t
891 1575 1170 1633 propterea
1189 1579 1390 1618 reetum
1415 1565 1538 1616 fecit
1570 1562 1840 1615 hominem

251 1633 426 1686 etiam
459 1635 573 1701 ipso
602 1649 846 1703 corpore,
875 1644 929 1689 ct
957 1650 1018 1689 os
1049 1636 1246 1697 homini
1280 1633 1507 1687 sublime
1529 1633 1696 1697 dedit,
1720 1648 1838 1685 cum

259 1717 434 1770 prona
465 1705 644 1772 utique
675 1715 915 1772 spectent
938 1705 1226 1759 animantia
1273 1716 1466 1757 caetera
1519 1713 1713 1756 terram
1736 1742 1749 1763 ,
1785 1709 1840 1754 ut

1931 512 2036 571 sui.
2071 521 2216 579 septa
2244 511 2475 576 undique
2499 509 2664 576 spinis
2692 509 2811 562 hinc
2835 513 2956 565 inde
2979 509 3193 566 aculeos
3219 514 3501 567 intenden-

1935 581 2167 634 tibus....
2204 581 2389 645 plenus
2419 589 2499 633 est
2534 581 2759 633 mundus
2786 581 2974 648 spinis.
3012 586 3060 634 in
3095 595 3232 636 terra
3273 595 3417 648 sunt,
3446 585 3497 638 iu

1931 666 2054 705 aere
2105 660 2247 714 sunt,
2299 652 2348 702 in
2383 665 2558 722 carne
2587 660 2673 702 tua
2702 662 2861 722 sunt;
2893 652 3012 705 vide
3051 669 3178 721 ergo
3227 657 3498 722 quomodo

1933 731 2087 796 caute
2118 721 2355 796 ambules
2380 721 2739 796 interspinas.
2785 739 2802 770 ι
2840 721 3126 796 Etiterum
3144 721 3269 778 alibi
3301 724 3494 796 (Serm.

1934 791 2022 854 89.,
2050 791 2110 844 de
2131 790 2384 862 Divers.):
2411 809 2427 837 ι
2450 789 2834 862 Ξυιυιιιίιιὶςειξθ
2851 794 3093 845 homines
3117 794 3270 862 hujus
3287 789 3465 850 saeculi
3489 789 3508 848 Ξ

1936 862 2136 914 Bonum
2169 860 2442 913 ca~telum
2472 860 2701 913 custodit
2723 860 2812 928 qui
2845 878 3037 930 corpus
3061 860 3212 917 suum
3237 868 3503 930 cuSImlit;

1937 946 2033 984 nos
2063 941 2238 984 autem
2273 945 2374 982 non
2406 930 2482 982 sic
2509 945 2524 991 ;
2558 932 2650 983 sed
2671 932 3076 1002 sterquilinium
3108 933 3210 987 vile
3247 939 3500 1002 custodit,

1935 1002 2024 1070 qui
2056 1015 2250 1068 corpus
2287 1016 2440 1053 suum
2495 1001 2844 1074 custodit"...
2877 1003 3284 1057 custodiendum
3331 1001 3501 1074 magis

1936 1074 2127 1123 anima:
2157 1083 2407 1133 casn-um,
2454 1071 2700 1142 quoniam
2750 1079 2945 1125 mterna
2977 1089 3039 1127 ex
3073 1075 3189 1141 ipso
3233 1077 3336 1128 vita
3378 1071 3502 1142 pru-

1940 1143 2108 1214 cetltt;
2133 1142 2224 1194 sed
2247 1150 2478 1214 castrum
2494 1141 2553 1214 in
2580 1149 2717 1194 terra
2742 1141 3073 1214 inimicorum
3096 1145 3254 1198 situm
3270 1141 3504 1214 undique

1940 1213 2297 1279 impugnatnr,
2328 1219 2381 1264 et
2403 1210 2601 1264 idcirco
2623 1211 2766 1264 onmi
2793 1214 3052 1273 custodia.
3085 1215 3133 1266 id
3159 1225 3239 1268 est
3267 1231 3331 1269 ex
3357 1210 3502 1268 omni

1941 1292 2095 1356 parte
2149 1282 2392 1356 vigilanti
2427 1281 2785 1335 sollicitudine
2821 1292 2902 1335 est
2942 1286 3313 1356 muniendum,
3351 1286 3506 1356 140

1941 1352 2183 1414 inferius,
2217 1351 2483 1419 superius,
2509 1361 2632 1404 ante
2665 1361 2720 1403 et
2741 1363 2906 1417 retro,
2936 1367 2962 1403 a
2995 1353 3198 1408 dextris
3229 1367 3280 1408 et
3309 1351 3506 1409 a—siiii-

1940 1423 2087 1494 stris.
2121 1421 2343 1494 Inferius
2367 1420 2639 1489 impugnat
2682 1423 3109 1489 concupismentia
3153 1426 3348 1490 carnis,
3386 1423 3526 1494 quae

1946 1493 2138 1544 militat
2162 1491 2424 1545 adversus
2452 1494 2706 1563 animam,
2737 1493 2857 1559 quia
2885 1507 3008 1563 caro
3039 1497 3367 1563 concupiscit
3402 1491 3505 1548 iid-

1945 1575 2136 1632 versus
2190 1563 2454 1632 spiritum.
2518 1562 2773 1628 Superius
2826 1562 3067 1616 imminet
3111 1562 3370 1632 judicium
3418 1569 3507 1621 Dei

1948 1631 2304 1696 horrendum;
2339 1631 2663 1685 [turrendum
2695 1641 2777 1684 est
2805 1632 2945 1684 enim
2988 1631 3218 1687 incidere
3262 1636 3312 1688 in
3345 1652 3508 1691 manu

1945 1701 2038 1774 Dei
2073 1702 2366 1756 viventis...
2397 1703 2557 1754 l‘tetto
2607 1702 2874 1754 mortifera
2927 1703 3209 1756 delectatio
3240 1714 3340 1768 cst,
3389 1723 3508 1774 qua:

258 1773 517 1826 attollens
545 1771 613 1827 ad
645 1771 822 1830 sidera
845 1777 1046 1850 vultus,
1077 1775 1166 1826 illo
1189 1775 1440 1850 suspiret,
1472 1773 1558 1824 tibi
1590 1783 1692 1824 tam
1718 1774 1840 1824 bea-
1875 1791 1920 1850 Β
1947 1771 2136 1850 oritur_
2174 1789 2237 1826 ex
2295 1775 2662 1850 recordatione
2711 1781 3046 1850 peccatorum
3096 1771 3506 1850 prseterilornm.

261 1851 377 1913 tam
420 1853 476 1897 et
505 1859 791 1912 perennem
813 1846 1076 1913 conspicit
1101 1843 1429 1896 mansionem
1453 1859 1464 1894 :
1497 1858 1672 1895 nonne
1693 1858 1834 1896 cuitu

258 1911 376 1980 pie,
425 1922 479 1966 et
504 1911 730 1968 fideliter
769 1911 1099 1970 intuentibus
1131 1915 1285 1966 IIObiS
1311 1914 1838 1966 velicnientissimutn

257 1982 534 2048 quoddam
569 1986 893 2038 incentivum
927 1984 1147 2049 amoris,
1180 1995 1232 2037 et
1280 1985 1582 2052 proincatio
1608 1983 1840 2050 flagran-

258 2053 461 2106 tissimi
492 2054 738 2108 desidrrii
768 2065 850 2108 e~t
878 2055 1012 2108 visio
1043 2057 1153 2122 ipsa
1183 2063 1287 2106 tam
1321 2053 1661 2106 lucidissima:
1694 2068 1844 2105 man-

259 2122 461 2185 sionis,
503 2135 609 2176 etc.
651 2144 669 2176 ι
709 2124 839 2178 Vide
867 2125 1106 2190 ejusdem
1145 2124 1319 2178 Serm.
1356 2123 1422 2176 t2
1448 2135 1500 2175 et
1534 2122 1620 2186 19,
1649 2123 1717 2176 de
1753 2123 1844 2176 Di-

259 2195 459 2255 versis,
492 2203 544 2246 et
576 2195 645 2248 35
674 2197 724 2246 in
754 2195 994 2248 Cantica.

344 2260 563 2332 Martem
623 2265 848 2332 quotidie
889 2274 1006 2317 ante
1056 2264 1228 2316 oculos
1271 2271 1555 2328 suspectum
1606 2259 1842 2331 [tabem]

267 2331 432 2401 139
481 2331 650 2396 Quam
701 2335 844 2387 utilis
891 2334 962 2387 sit
989 2335 1296 2401 quotidiana
1331 2340 1679 2399 frequensque
1730 2350 1843 2384 me-

263 2406 460 2471 ditatio
522 2404 739 2466 mortis,
793 2418 949 2471 quam
1001 2417 1228 2457 tnortem
1285 2404 1645 2469 quotidianum
1692 2411 1846 2455 vocat

263 2472 329 2525 S.
356 2470 591 2525 Joannes
620 2470 882 2526 Climacus
928 2473 1114 2542 (Gl-ad.
1150 2474 1231 2542 6).
1261 2472 1400 2526 idem
1436 2473 1548 2537 ipse
1586 2474 1844 2525 tiCSCl‘iilil

265 2542 606 2609 elegantibus
655 2543 738 2595 his
796 2544 1008 2598 verbis;
1046 2545 1542 2609 «Quemadmodum
1589 2558 1652 2594 cx
1699 2542 1844 2596 omni

266 2626 471 2678 genere
499 2613 744 2666 ciborum
775 2615 924 2681 panis
954 2622 1037 2668 est
1088 2628 1318 2674 maxime
1367 2618 1720 2676 necessarius,
1773 2614 1844 2665 ita

267 2697 337 2734 ex
367 2682 616 2741 omnibus
647 2683 947 2736 actionibus
988 2683 1176 2738 mortis
1224 2682 1516 2736 meditato.
1551 2682 1732 2735 Mortis
1758 2698 1844 2736 re-

269 2752 576 2806 cordatioin
601 2753 682 2806 his
697 2753 787 2821 qui
819 2755 868 2806 in
891 2759 1156 2808 communi
1183 2754 1401 2806 fratrum
1433 2765 1841 2817 conver.~antur,

273 2821 416 2888 parit
465 2823 675 2876 labores
719 2835 772 2877 et
822 2824 938 2891 pias
974 2826 1404 2885 exercitationes,
1429 2823 1537 2875 imo
1572 2839 1697 2875 \ero
1724 2839 1847 2876 con-

273 2901 509 2958 temptus
547 2891 869 2946 desiderium
915 2903 970 2946 et
1024 2895 1362 2948 όυιευὼηιιιιι
1403 2908 1416 2945 :
1454 2893 1534 2943 his
1584 2907 1710 2946 vl-ro
1755 2892 1846 2960 qui

274 2969 427 3032 extra
462 2963 646 3016 turbas
695 2963 747 3016 in
800 2965 1090 3018 so'itudine
1141 2966 1360 3032 degunt,
1411 2963 1563 3014 affert
1595 2977 1844 3016 curarum

275 3030 517 3103 omnium
568 3033 892 3101 neglectum,
923 3047 978 3088 et
1030 3030 1266 3103 suggerit
1315 3043 1596 3103 perpetuas
1630 3048 1843 3099 preces,

275 3101 579 3170 mentisque
607 3104 1001 3165 custodiarum.
1035 3101 1167 3159 Vera
1215 3113 1401 3157 monis
1431 3113 1484 3155 et
1514 3101 1702 3155 efficax
1732 3119 1847 3156 mc-

1949 1843 2088 1894 Ante
2126 1844 2374 1896 instantia
2399 1844 2776 1896 tentationum.
2828 1849 2868 1893 Α
2918 1843 3149 1896 sinistris
3180 1861 3304 1898 vero
3357 1862 3508 1899 arro-

1949 1911 2183 1980 gantium
2214 1912 2432 1965 fratrum
2465 1913 2902 1964 murmurantium
2937 1912 3267 1979 iuquietudo.
3305 1918 3342 1967 A
3375 1916 3510 1969 dex-

1952 1983 2044 2034 tiis
2072 1982 2428 2050 obedieqlium
2463 1983 2682 2034 fratrum
2716 1982 2966 2037 devotio:
3003 1995 3222 2050 possunt
3267 1987 3408 2037 enim
3456 1986 3507 2038 hi

1949 2066 2160 2120 quoque
2185 2094 2201 2117 ,
2250 2037 2350 2105 nisi
2381 2063 2648 2114 caveatur,
2681 2052 2888 2104 duobus
2933 2037 3126 2106 nocere
3177 2058 3386 2107 modis:
3419 2037 3508 2108 aut

1951 2123 2102 2176 bouis
2131 2139 2314 2175 ιυιιιιιι
2348 2122 2552 2174 actibus
2586 2123 2888 2186 invidendo,
2924 2132 3013 2174 aut
3042 2127 3359 2194 Slllguiitl't'lll
3390 2143 3508 2194 gra-

1950 2194 2074 2244 tiam
2105 2196 2422 2260 aemulando,
2452 2201 2554 2245 etc.
2575 2206 2596 2241 ἰ

2021 2263 2085 2334 In
2136 2265 2271 2315 omni
2301 2264 2408 2334 loco
2444 2261 2604 2334 Deum
2643 2277 2695 2312 sc
2725 2261 2971 2334 respici-re
3000 2278 3091 2331 pro
3140 2274 3273 2316 certo
3323 2266 3468 2318 scire.
3500 2283 3509 2334 ι

1949 2330 2088 2385 Nihil
2120 2333 2388 2385 efficacius
2435 2332 2500 2384 ad
2539 2346 2728 2384 omnes
2769 2333 2888 2384 vita:
2919 2330 3070 2386 actus
3111 2330 3508 2397 custmliendm,

1950 2418 2107 2470 quam
2131 2403 2294 2455 Deum
2319 2404 2368 2455 in
2387 2403 2529 2455 omni
2557 2404 2671 2452 loco
2692 2416 2750 2454 se
2771 2403 3034 2469 respicere
3054 2419 3146 2469 pro
3171 2417 3317 2456 certo
3343 2407 3436 2457 δρία
3453 2423 3510 2466 e;

1957 2490 1975 2522 t
1998 2474 2208 2539 quando
2243 2475 2382 2526 enim
2435 2471 2705 2540 negligens
2734 2487 2797 2536 po
2825 2473 2926 2524 erit
2955 2476 3064 2526 fieri
3097 2490 3182 2540 qm
3218 2476 3510 2528 intuentem

1952 2557 2008 2595 se
2038 2543 2200 2597 Deum
2229 2558 2498 2610 nunquam
2530 2543 2725 2594 desiuit
2747 2540 2965 2606 intueri,
2997 2545 3082 2610 qui
3107 2546 3182 2596 sic
3207 2560 3326 2598 eum
3353 2561 3510 2610 θυι-ει·

1951 2627 2008 2666 se
2041 2615 2184 2668 videt
2213 2614 2491 2677 intentum,
2529 2621 2586 2663 ut
2632 2616 2805 2662 omnia
2851 2613 3101 2665 interiora
3135 2614 3249 2683 ejus
3285 2624 3338 2668 ct
3367 2629 3512 2668 cxte-

1952 2686 2092 2736 riora
2115 2685 2259 2737 omni
2297 2684 2427 2736 hora
2457 2683 2796 2735 considerare
2828 2697 2929 2735 non
2962 2693 3156 2747 cessat,
3189 2700 3376 2739 omnes
3408 2703 3512 2738 nun

1951 2753 2119 2807 solum
2151 2762 2321 2815 actus,
2356 2754 2447 2806 sed
2490 2756 2649 2805 etiam
2706 2753 2849 2819 ipsos
2901 2754 3273 2807 subtilissimus
3324 2762 3514 2810 auitnztt

1953 2837 2127 2878 tnotus
2157 2832 2521 2894 pt-rscrutctur
2553 2831 2709 2888 atque
2731 2823 3016 2894 dijlltiiccl?
3046 2842 3064 2874 ι
3110 2825 3274 2892 inquit
3299 2825 3355 2878 S.
3385 2826 3513 2879 Ber-

1951 2893 2165 2963 njirdus’
2202 2895 2398 2963 (Serm.
2430 2894 2463 2943 2
2496 2894 2763 2963 ἰηίρεαιηι.
2800 2893 2909 2963 λς).
2962 2893 3089 2946 llinc
3122 2903 3174 2947 et
3204 2897 3256 2947 S.
3291 2895 3515 2950 Basilius

1952 2962 2103 3030 (lieg.
2138 2962 2291 3026 fri'ev.,
2326 2963 2506 3014 interr.
2536 2962 2670 3028 2f):
2702 2981 2719 3011 ε
2747 2962 2845 3024 Qui
2897 2965 2995 3015 hoc
3038 2964 3160 3015 facit
3193 2965 3316 3028 (hoc
3349 2978 3432 3018 est
3485 2982 3513 3018 a

1956 3033 2062 3087 Deo
2094 3049 2151 3088 se
2191 3033 2379 3099 respici
2412 3032 2651 3099 cogitat).
2710 3033 3028 3103 velhounn
3087 3035 3298 3096 similia,
3346 3051 3515 3103 neque

1951 3104 2226 3174 \'agab;tur
2251 3117 2502 3174 unquam,
2530 3116 2701 3170 neque
2739 3102 2952 3174 habebit
2976 3103 3141 3154 otium
3179 3108 3326 3156 vanis
3376 3102 3516 3174 cogi-

277 3171 468 3224 dilatio
492 3173 668 3241 gulam
701 3175 920 3228 omnino
943 3184 1119 3239 necat,
1150 3175 1271 3241 gula
1297 3187 1472 3242 autem
1495 3172 1847 3240 victa.jacrnt
1876 3172 1920 3232 C
1957 3171 2248 3226 latronibus
2271 3173 2567 3242 indulgere,
2605 3176 2686 3225 vel
2732 3173 2926 3238 aliquid
2961 3175 3193 3240 cogitare
3239 3176 3378 3242 quod
3413 3171 3516 3231 uin

278 3242 438 3294 simul
474 3238 652 3296 omnia
711 3245 834 3298 vitia
867 3244 1052 3310 _victa.
1081 3238 1110 3297 »ν
1155 3238 1224 3298 Et
1262 3238 1360 3296 sub
1393 3244 1550 3296 finem
1603 3238 1843 3310 ejusdem

275 3309 508 3376 gradus:
547 3331 564 3362 ι
603 3313 745 3368 Fieri
792 3309 896 3368 non
919 3325 1112 3382 potest,
1159 3317 1330 3381 inquit
1369 3328 1472 3365 non
1513 3309 1692 3376 nemo,
1730 3313 1847 3366 ficti

278 3395 388 3434 non
421 3392 616 3450 pmest,
648 3396 700 3436 ut
732 3398 1047 3451 prtcseutem
1072 3388 1208 3437 diem
1231 3387 1360 3436 satis
1378 3387 1461 3450 pie
1496 3383 1847 3451 religioseque

285 3455 666 3520 transigam‘us,
724 3455 824 3507 nisi
880 3455 1027 3509 illum
1078 3456 1250 3522 ipsum
1304 3454 1445 3506 diem
1500 3453 1668 3514 totius
1726 3457 1849 3508 vine

281 3534 595 3588 supremum
625 3523 973 3591 ultimumque
996 3526 1396 3591 existimemus:
1422 3531 1474 3576 et
1495 3539 1624 3576 sane
1649 3526 1848 3589 permi-

281 3605 404 3663 rum
416 3595 775 3663 estquoniodo
791 3604 841 3647 et
860 3596 1045 3663 pagani
1067 3597 1354 3663 sci-iptores
1374 3594 1549 3663 (Plato
1565 3604 1611 3645 et
1629 3592 1848 3663 Seneca)

281 3661 483 3734 aliquid
503 3661 555 3734 id
576 3678 742 3730 genus
774 3661 1188 3731 pronuntiarint,
1207 3681 1293 3734 qui
1315 3661 1546 3718 studium
1576 3661 1850 3730 sapientia:

279 3730 438 3801 nihil
485 3731 626 3786 aliud
698 3730 818 3788 me
883 3736 1172 3801 dixerunt,
1224 3730 1381 3800 quam
1446 3733 1848 3787 meditationem

281 3800 494 3855 mortis.
535 3820 551 3852 ι
601 3803 796 3857 Eadem
837 3805 1047 3860 videtur
1074 3800 1236 3858 fuisse
1277 3819 1426 3858 mens
1480 3814 1535 3858 et
1582 3804 1847 3858 sententia

281 3871 516 3938 EVag'rii,
549 3887 668 3925 cum
691 3875 861 3927 dixit:
908 3895 924 3926 ι
959 3878 1028 3929 lta
1061 3890 1274 3941 semper
1308 3883 1520 3942 paratus
1545 3888 1665 3927 esse
1691 3877 1851 3928 debet

282 3942 600 4013 monachus,
620 3944 770 4011 quasi
786 3946 1127 4013 sequentidie
1144 3949 1210 3999 sit
1230 3947 1544 4007 moriturus;
1563 3959 1851 4008 rursusque

289 4011 355 4062 ita
403 4023 626 4078 corpore
646 4029 756 4066 suo
787 4011 879 4079 uti,
906 4032 968 4068 ac
995 4019 1039 4070 si
1067 4032 1157 4083 per
1191 4017 1386 4068 multos
1416 4029 1588 4067 annos
1626 4013 1849 4067 cutu'eo

287 4083 538 4153 victurus.
575 4101 592 4132 ι
624 4083 818 4143 Eadem
847 4099 901 4138 et
944 4087 1000 4141 S.
1037 4086 1270 4149 Antonii,
1300 4085 1451 4153 cujus
1477 4087 1671 4151 [tegula
1703 4101 1755 4136 ιι.
1782 4085 1846 4138 41

285 4149 398 4202 ham
429 4152 646 4205 scribit:
672 4171 688 4202 ι
715 4153 895 4222 Cogita
913 4157 1050 4224 apud
1076 4157 1320 4224 teipsum,
1353 4149 1622 4208 etdicito:
1663 4154 1853 4222 Utique

285 4234 390 4272 non
421 4223 645 4276 manebo
677 4225 727 4275 in
763 4228 863 4279 hoc
891 4223 1113 4290 mundo,
1142 4225 1246 4279 nisi
1272 4226 1517 4290 praesenti
1550 4225 1646 4276 hac
1669 4225 1776 4287 die,
1801 4232 1854 4276 et

287 4304 393 4362 non
421 4292 665 4362 peccabis
694 4292 823 4348 Deo.
858 4316 874 4346 ι
919 4296 1114 4349 Eadem
1164 4298 1408 4362 leguntur
1441 4293 1495 4346 in
1527 4293 1724 4361 Regula
1753 4296 1851 4345 ab-

287 4358 423 4412 batis
457 4360 622 4425 Isaizr,
657 4379 712 4416 n.
756 4365 842 4417 Η.
873 4364 931 4420 5.
960 4358 1276 4418 Pachomius
1321 4365 1477 4417 etiam
1509 4358 1696 4416 mortis
1743 4380 1854 4418 nie-

285 4431 512 4503 moriam
561 4431 867 4503 frequenter
915 4434 1358 4498 commendabat,
1415 4435 1726 4502 dicebatque
1763 4434 1854 4503 (In

286 4500 398 4568 ejus
423 4498 534 4552 Vita
550 4517 618 4574 ⁸«τ.
637 4498 758 4566 46):
783 4521 804 4554 ι
825 4505 923 4570 Qui
955 4519 1168 4574 semper
1193 4505 1304 4557 hinc
1333 4505 1548 4574 cogitat,
1569 4498 1850 4572 puritatem

263 4578 483 4643 tuentis
513 4570 740 4636 obtinet,
783 4570 1136 4629 humilitatem
1165 4574 1342 4628 cordis
1380 4570 1628 4643 acquirit,
1661 4589 1848 4628 vanam

285 4638 530 4713 gloriam“
566 4645 790 4711 respuit,
843 4644 990 4699 omni
1044 4645 1288 4700 smeulari
1344 4638 1625 4713 prudentia
1669 4659 1854 4699 carere

287 4710 580 4763 contendit.
605 4730 622 4761 ι

359 4777 468 4831 Plan
493 4795 523 4832 e
554 4797 720 4850 usque
746 4784 878 4837 adeo
908 4786 1264 4840 necessariam
1321 4784 1508 4838 mortis
1540 4785 1851 4838 memoriam

285 4846 552 4923 duxerunt
580 4846 782 4923 antiqui
811 4853 998 4910 Patres
1013 4857 1203 4918 nostri,
1233 4865 1289 4909 ut
1312 4871 1416 4923 quo
1439 4856 1642 4908 firmius
1669 4870 1854 4906 mona-

288 4917 510 4971 chorum
543 4917 725 4976 menti
751 4923 1072 4988 adhaereret,
1120 4917 1431 4980 inecclcsia
1473 4934 1564 4978 aut
1617 4926 1853 4978 clausuo

288 4997 558 5064 apertutq
583 4995 1008 5064 semperliaberi
1041 4995 1345 5064 sepulcrum
1387 4995 1679 5060 voluerint,
1711 4997 1852 5062 quod

288 5057 417 5110 olim
443 5058 616 5114 ordini
647 5057 1062 5119 Benedictinoin
1098 5057 1193 5118 usu
1231 5065 1394 5122 fuisse
1436 5057 1854 5118 testatur'll'aef-

291 5136 443 5209 tenus
471 5127 561 5198 (In
590 5146 720 5209 eam.
742 5133 812 5186 ad
829 5136 924 5209 fit.
951 5136 1021 5209 Si
1039 5134 1190 5201 Rem,
1225 5153 1270 5189 ι’.
1295 5136 1418 5209 57).
1439 5135 1571 5209 _\iide
1595 5135 1853 5209 .loannem

287 5199 450 5274 Clin).
477 5202 629 5267 grad.
663 5203 714 5267 7,
748 5213 801 5258 et
827 5203 969 5259 Petr.
1005 5206 1154 5258 Datn.
1179 5199 1375 5274 'opusc.
1404 5206 1488 5268 l5,
1518 5222 1567 5262 c.
1599 5207 1688 5261 25.

258 5321 260 5323 ,
359 5268 514 5322 Actus
545 5274 658 5325 tiin
703 5288 808 5346 siue
839 5275 976 5328 omni
1020 5275 1146 5328 liora
1176 5268 1486 5346 custodire]
1511 5277 1620 5329 Hoc
1649 5278 1854 5330 instru-

288 5347 523 5399 mentum
572 5345 810 5410 sequitur
859 5360 921 5398 ex
982 5345 1331 5410 prascedenti;
1388 5344 1502 5400 fieri
1542 5347 1683 5400 enim
1713 5346 1851 5400 haud

289 5412 478 5485 potest
508 5419 586 5474 ut,
618 5422 842 5467 mortem
871 5415 1132 5482 cogitans,
1158 5418 1318 5468 vitam
1360 5425 1501 5470 tuam
1545 5431 1648 5473 non
1673 5428 1852 5471 custo-

288 5477 430 5556 dias.
445 5477 610 5556 Porro
625 5498 780 5556 quam
801 5477 1098 5556 necessaria
1113 5477 1178 5536 sit
1194 5488 1358 5537 nostri
1373 5488 1611 5539 Custodia
1631 5489 1852 5553 pulchre

288 5551 506 5619 omnino
545 5551 703 5606 docet
750 5553 807 5607 S.
856 5554 1178 5615 liernardus,
1227 5572 1347 5607 cum
1399 5551 1674 5619 exillicaus
1721 5557 1852 5610 illud

288 5613 629 5690 Canticorum
653 5638 666 5674 :
701 5621 847 5677 Sicut
876 5623 1039 5675 lilium
1067 5613 1197 5674 inter
1219 5628 1410 5690 spinas,
1444 5613 1516 5678 sic
1546 5627 1709 5678 amica
1737 5643 1855 5679 mea

288 5695 418 5737 mter
444 5688 601 5758 ﬁlius,
634 5694 706 5744 ait
741 5693 930 5761 (Serm.
964 5693 1032 5746 48
1065 5709 1115 5743 iu
1146 5688 1356 5758 Cuiil.',:
1391 5713 1408 5744 α
1429 5696 1578 5758 Quod
1607 5696 1652 5749 si
1687 5697 1854 5748 lilium

287 5766 370 5808 cst
400 5761 508 5827 ipsa
540 5763 909 5830 auiuia,juxt.t
956 5763 1137 5830 sponsi
1192 5765 1433 5830 verbum,
1480 5765 1654 5817 videat
1697 5782 1853 5833 quatit

1883 4539 1936 4599 Ι)

1951 3244 2015 3294 ad
2047 3246 2450 3296 ardificationem
2477 3241 2597 3293 fidei
2631 3259 2673 3308 ιιι
2699 3243 2878 3303 rlinct,
2904 3253 2955 3294 ct
2981 3247 3044 3294 ad
3079 3241 3305 3310 aliquam
3329 3249 3517 3298 animat

1951 3314 2232 3366 utilitatem
2265 3323 2467 3379 speetet
2489 3327 2503 3364 ;
2529 3323 2725 3373 quanto
2758 3327 2924 3378 magis
2954 3313 3085 3365 nihil
3111 3314 3346 3378 audebit,
3379 3320 3519 3382 quod

1951 3383 2234 3437 adversum
2258 3385 2326 3435 sit
2361 3381 2490 3445 Deo,
2533 3392 2585 3434 et
2607 3398 2707 3433 nun
2735 3383 2782 3434 ei
2814 3387 3022 3448 placeat
3049 3384 3323 3451 cogitare!
3357 3404 3374 3435 ι

2024 3454 2202 3508 Potest
2231 3464 2404 3505 tamen
2438 3453 2593 3503 aliter
2619 3453 2705 3504 hic
2737 3453 2952 3521 Regula:
2983 3455 3131 3505 locus
3180 3456 3427 3523 intelligi,
3463 3464 3518 3508 ut

1953 3523 2119 3575 Deum
2178 3539 2276 3577 nos
2327 3523 2591 3587 resliit-cre
2648 3525 2788 3574 idem
2841 3523 2930 3584 sit,
2983 3538 3043 3576 ac
3087 3537 3263 3576 nostra
3310 3542 3520 3592 iurare,

1953 3609 2149 3646 nosmn
2176 3595 2332 3646 saluti
2377 3593 2672 3656 intendere,
2703 3605 2756 3643 ut
2794 3593 2868 3664 illi
2898 3594 2995 3644 solt
3042 3595 3397 3657 intendamus,
3432 3600 3519 3664 qtti

1953 3667 2104 3716 nobis
2129 3674 2235 3717 tam
2258 3675 2497 3715 amanter
2517 3664 2762 3718 intendit.
2784 3662 2931 3730 juxta
2960 3665 3084 3716 illud
3113 3670 3337 3732 apOS'Uli
3361 3662 3520 3720 Petri:

1957 3734 2166 3786 Omnem
2214 3734 2609 3786 sollisiludinem
2663 3748 2878 3784 ves/ram
2938 3737 3259 3802 proﬁcientes
3304 3740 3353 3788 in
3385 3753 3521 3802 eum,

1951 3808 2190 3873 quoniam
2217 3805 2314 3870 ipsi
2341 3814 2411 3853 rs!
2438 3819 2559 3853 cura
2583 3806 2642 3854 de
2672 3805 2805 3856 vobis
2830 3805 2878 3870 (1
2911 3804 3047 3855 I’elr.
3079 3809 3153 3875 v).
3181 3809 3381 3872 Quanta
3402 3824 3521 3860 vero

1959 3879 2027 3926 sit
2061 3875 2144 3926 illa
2179 3876 2291 3941 ejus
2322 3877 2445 3925 cura
2475 3875 2672 3936 optime
2699 3875 2932 3939 explicat
2955 3887 3140 3928 auctor
3173 3890 3430 3930 tractatus
3461 3880 3522 3932 dc

1953 3943 2243 4000 Cltarilale.
2273 3959 2324 3993 (τ.
2355 3945 2443 4000 25,
2474 3946 2610 4007 apud
2640 3945 2695 3994 S.
2724 3946 2877 3996 lteru.
2914 3956 3040 3996 tom.
3077 3946 3134 3998 V.

2023 4015 2200 4082 Cogita
2225 4015 2363 4065 ioucs
2414 4013 2575 4064 malus
2623 4015 2765 4064 cordi
2807 4031 2900 4067 suo
2947 4018 3267 4070 advenientes
3317 4035 3435 4072 mox
3461 4033 3522 4071 au
3608 4063 3622 4080 ,

1956 4084 2211 4163 (inrisum:
2260 4083 2510 4163 allidrre,
2563 4094 2610 4133 rt
2659 4086 2856 4163 seniori
2919 4088 3144 4153 spiritali
3195 4090 3524 4163 patefacere]

1953 4154 2319 4222 Cogitationes
2352 4157 2515 4203 mulas
2544 4153 2690 4203 cordi
2725 4164 2908 4206 nostro
2931 4153 3275 4210 advenicnies
3309 4153 3524 4214 {illidere

1958 4225 2023 4276 ad
2053 4223 2347 4284 Christum,
2376 4231 2460 4274 est
2495 4239 2513 4269 ι
2545 4232 2731 4275 contra
2776 4224 2984 4277 illarum
3015 4228 3291 4279 illecebras
3324 4229 3526 4282 Christi

1957 4296 2211 4346 auxilium
2233 4293 2544 4359 implorare,
2576 4301 2636 4364 _ut
2667 4294 2838 4364 victor
2868 4297 3035 4362 possit
3067 4301 3296 4351 existere
3324 4310 3341 4360 ,'
3378 4315 3526 4364 spem

1965 4379 2116 4416 suam
2149 4364 2363 4416 Christo
2393 4362 2748 4435 committere,
2794 4363 2844 4415 in
2899 4365 2988 4416 illo
3026 4367 3256 4420 fideliter
3285 4362 3526 4435 credere,

1956 4444 2012 4487 et
2042 4435 2267 4486 firmiter
2295 4446 2533 4500 sperare,
2574 4441 2627 4485 et
2654 4433 2723 4486 de
2762 4435 3015 4503 triumphi
3042 4441 3261 4490 vietoria
3295 4455 3397 4492 non
3431 4433 3527 4494 sibi

1964 4505 2204 4580 placere,
2231 4503 2326 4557 sed
2357 4504 2571 4580 Christo
2599 4504 2796 4580 gratias
2822 4522 2998 4580 agere,
3024 4525 3041 4557 ι
3077 4508 3247 4576 inquit
3284 4510 3527 4580 Smarag-

1963 4575 2084 4628 dus.
2119 4574 2231 4637 Vel,
2262 4581 2320 4625 ut
2364 4574 2437 4625 ait
2468 4573 2768 4626 Bernardus
2812 4573 3165 4640 Cassinensis,
3196 4580 3420 4633 allidere
3459 4573 3536 4636 54

1962 4645 2233 4698 Chrisuim
2263 4659 2355 4710 per
2381 4645 2688 4717 uicinoriam
2711 4647 2970 4710 passionis
2987 4650 3123 4714 ejus,
3149 4661 3198 4700 et
3224 4665 3316 4717 per
3336 4657 3527 4706 oratio-

1964 4731 2083 4767 nem
2115 4717 2359 4788 devotam
2382 4730 2395 4776 ;
2418 4733 2434 4762 ι
2471 4715 2746 4788 ipseenim
2775 4725 2856 4768 est
2890 4731 3114 4784 Serpens
3145 4715 3346 4785 acuens,
3371 4738 3527 4788 quem

1961 4801 2049 4852 qui
2081 4785 2393 4852 respexerit,
2426 4784 2704 4836 mortifero
2735 4788 2999 4852 serpentis
3043 4784 3526 4847 infernalzsmorsu

1963 4855 2373 4922 haudquaquam
2434 4855 2647 4922 perluit.
2703 4853 2850 4917 Quod
2899 4869 3074 4910 autem
3118 4862 3170 4912 ὃ.
3210 4860 3528 4916 Benedictus

1959 4925 2132 5000 addit:
2155 4921 2590 5000 Seniorﬁspirituli
2604 4926 2904 5000 patefacere,
2927 4929 3310 5000 explicabimus
3328 4935 3389 4983 ad
3404 4947 3523 5000 Cap.

1962 4993 2033 5057 7;
2076 4993 2163 5046 hic
2215 4993 2387 5046 solum
2438 5003 2722 5047 aunotasse
2769 4993 3007 5050 sufficiat
3052 5001 3318 5053 seniorem
3377 4993 3527 5057 illuin

1962 5063 2267 5141 spiritalem.
2293 5063 2693 5128 intelligrndum
2727 5081 2844 5141 esse
2865 5067 3244 5141 cnntBoherio
3273 5072 3528 5141 cujusque

1962 5133 2268 5187 monaSIerii
2299 5149 2650 5201 superiorem,
2677 5137 2762 5201 qui
2794 5136 2918 5189 licet
2940 5138 3222 5204 aliquando
3253 5133 3529 5198 εἰιίιιίιίυι·

1957 5213 2134 5268 actate,
2170 5205 2338 5276 major
2370 5212 2542 5276 tamen
2582 5213 2635 5254 et
2673 5205 2851 5276 seniur
2881 5207 3085 5276 ratione
3130 5211 3522 5276 jurisdictionis

1959 5275 2152 5350 metito
2172 5274 2522 5350 estdicendus
2547 5289 2560 5324 :
2585 5276 2824 5350 quamvis
2840 5274 3141 5333 ltichurdus
3160 5281 3226 5333 de
3248 5280 3305 5334 S.
3323 5285 3525 5350 Angeto

1959 5345 2223 5398 seniorem
2278 5345 2569 5411 spiritalem
2612 5343 2990 5411 interpretetur
3029 5351 3362 5403 sacerdotem
3392 5343 3524 5404 Eon-

1955 5415 2256 5469 fes~ariutn.

2033 5484 2184 5554 141
2208 5484 2290 5561 ’08
2313 5499 2524 5561 suum__a
2554 5482 2700 5561 maio;
2725 5486 2803 5561 vei
2828 5502 2984 5561 proco
3010 5487 3206 5561 eloquio
3230 5505 3273 5537 Cl
3295 5489 3525 5561 stodtreq

1958 5556 2095 5620 Qum
2124 5574 2182 5607 os
2200 5554 2328 5621 justi
2353 5554 2593 5606 meditari
2621 5554 3257 5621 debctjustiziaut.l’otro
3285 5575 3300 5604 ι
3325 5554 3522 5613 malum

1961 5625 2234 5692 eloquium
2267 5633 2370 5689 est,
2403 5625 2670 5688 quodnon
2703 5632 2785 5697 est
2828 5625 3055 5697 bonum;
3107 5640 3343 5697 pravum,
3378 5631 3521 5697 quod

1963 5699 2077 5761 plus
2110 5705 2191 5746 est
2223 5697 2464 5744 unrivum
2497 5709 2650 5760 quam
2678 5695 2894 5754 malum,
2926 5710 2942 5740 ι
2980 5695 3146 5759 inquit
3167 5695 3520 5754 flildetnarus.

2037 5763 2252 5816 Mullum
2277 5764 2415 5831 loqui
2447 5779 2542 5813 non
2567 5761 2783 5832 oritura]
2813 5763 2936 5812 Nam
2971 5764 3022 5813 in
3057 5764 3385 5835 multiliqnio
3415 5787 3521 5826 non
