4102 6360
600 330 698 383 527
1940 327 1997 384 8.
2040 328 2099 384 Ρ.
2144 325 2501 385 BENEDIC‘E'I
3755 320 3878 374 5‘”

601 447 820 515 effugies
850 458 1143 517 peccatum.
1185 448 1299 504 Non
1344 457 1516 501 tamen
1548 445 1631 500 hic
1659 444 1877 517 omnino
1909 448 2157 515 prohibet
2193 451 2241 510 Α
2270 456 2490 515 propter
2520 446 2810 509 defectum,
2861 447 2981 512 quia
3017 446 3221 517 validus
3264 446 3406 499 risus
3450 458 3546 499 eos
3584 440 3829 497 offendit
3858 458 3876 501 ;

602 519 827 570 multum
854 516 1051 588 ’luqui;
1097 520 1333 573 nonnulli
1368 518 1509 572 enim
1558 526 1646 569 aut
1675 516 1973 588 __cliaritatis
2023 520 2159 585 lege,
2265 528 2320 572 et
2347 517 2638 588 monachos
2668 525 2888 588 propter
2914 516 3258 588 eminentiam
3287 523 3478 588 status.

602 596 691 639 aut
717 590 921 645 ratione
950 583 1129 652 officii,
1175 599 1231 642 ut
1276 588 1492 641 abbates
1514 594 1567 641 et
1610 586 1891 650 cellerarii,
1948 590 2011 641 ad
2064 583 2161 644 hoc
2337 586 2599 639 Lectiones
2620 583 3041 639 sanctosiibeuter
3066 585 3305 655 audire.]
3331 585 3443 639 Non
3463 584 3595 639 dixit
3621 583 3877 637 libenter

601 657 683 710 vel
716 658 880 730 inviti
924 674 1185 730 coguntur
1214 676 1229 722 ;
1264 658 1354 710 sed
1377 658 1618 730 multum
1642 658 1782 730 loqui
1809 673 1910 710 non
1966 675 2159 722 amare,
2266 656 2483 730 legere;
2516 657 2609 730 sed
2630 656 2859 711 libenter
2873 657 3059 730 audire
3085 696 3099 718 .
3126 656 3272 730 quia,
3299 665 3354 707 ut
3377 666 3525 710 notat
3542 655 3875 730 Bergardua

601 729 908 796 pestiferam
934 726 1071 783 illam
1095 731 1352 797 damnans
1376 726 1621 794 loquendi
1649 728 1974 793 aviditatem,
2003 744 2159 797 quam

601 797 763 852 abbas
795 800 1187 868 Agalliompud
1210 799 1269 852 S.
1296 796 1507 868 Doroth.
1532 797 1691 849 doctr.
1722 798 1849 868 ἄγη.
1883 798 1942 866 9)
1970 814 2161 868 magno

602 866 951 936 comparabat
984 866 1249 932 incendio,
1283 866 1420 935 quod
1440 882 1560 921 cum
1588 867 1951 935 excandescit,
1976 866 2163 924 omnes

602 938 669 989 ab
704 952 919 1004 aspectu
952 954 1049 992 suo
1079 941 1256 1006 procul
1282 938 1431 991 abire
1461 938 1752 1005 compellit.

680 1006 847 1061 Verba
883 1026 1012 1061 vana
1040 1005 1127 1060 aut
1150 1010 1273 1061 risui
1304 1016 1429 1077 apta,
1463 1023 1567 1059 non
1595 1005 1778 1077 [σφώ]
1812 1006 1879 1061 Ut
1907 1009 2046 1062 enim
2081 1010 2163 1077 pie

602 1092 666 1130 ac
690 1077 899 1142 devote,
932 1090 983 1132 et
1013 1078 1225 1148 quidem
1260 1076 1521 1130 veraciter
1548 1076 1681 1148 dixit
1706 1076 1973 1131 Gerardus
2008 1076 2161 1148 Belga

603 1149 911 1218 manat-lius,
954 1167 970 1196 ι
994 1146 1261 1216 nunquam
1294 1148 1605 1218 insulsiores
1628 1146 1734 1217 joci
1762 1148 1919 1201 etiam
1950 1146 2165 1218 lepidis-

604 1217 745 1282 simi,
777 1233 932 1281 quam
972 1219 1023 1270 in
1054 1233 1148 1271 ore
1172 1217 1438 1283 monachi,
1471 1221 1683 1278 quando
1707 1232 1877 1285 neque
1898 1219 1977 1272 sic
2002 1217 2159 1287 quid-

602 1301 758 1352 quam
792 1288 1061 1351 indignius
1091 1296 1182 1341 aut
1229 1287 1661 1352 abominabilius,
1695 1303 1851 1355 quam
1885 1290 1937 1341 in
1966 1291 2161 1343 vestitu

603 1366 707 1426 tam
734 1357 939 1425 lugubri
984 1367 1165 1426 gestus
1207 1357 1422 1416 inimici,
1476 1367 1528 1411 et
1576 1372 1751 1411 mores
1781 1358 1945 1415 simii.
1977 1378 1996 1412 ι
2031 1359 2165 1415 Hinc

604 1424 805 1498 Regula
836 1424 1182 1482 'l‘arnatensis
1213 1442 1329 1496 cap.
1370 1428 1464 1481 18:
1488 1497 1497 1498 ί
1518 1445 1535 1477 ι
1566 1428 1663 1494 Qui
1700 1427 1937 1495 joculare
1966 1431 2161 1498 aliquid

604 1497 689 1548 vel
715 1499 839 1549 risui
869 1507 1051 1566 aptum
1086 1499 1135 1551 in
1165 1507 1436 1552 conventu
1478 1497 1699 1550 fratrum
1751 1499 1990 1566 proferre
2022 1497 2162 1566 prm-

604 1569 912 1633 sumpserit,
948 1569 1025 1621 vel
1058 1570 1145 1635 qui
1174 1583 1291 1621 cum
1310 1567 1616 1637 juni0ribus
1644 1567 1803 1621 verba
1844 1571 2009 1622 otiosa
2045 1586 2164 1623 nar-

605 1650 725 1689 rare
753 1639 997 1704 voluerit,
1030 1648 1121 1691 aut
1153 1638 1349 1692 habere
1387 1637 1647 1691 amicitias
1688 1638 1861 1692 :etatis
1916 1640 2157 1703 iulirntar,

605 1705 975 1777 increpatioui.
1008 1720 1061 1761 ut
1089 1710 1277 1777 dignus
1295 1718 1407 1765 est.
1438 1709 1752 1776 suhjacebit.
1787 1727 1805 1759 ι

681 1774 857 1829 Risum
907 1774 1232 1873 mtt(tumJnut
1284 1774 1547 1873 expassum
1600 1796 1699 1831 non
1728 1778 1965 1851 omam]
2003 1779 2162 1834 Multo
2197 1814 2240 1873 Β

681 1848 773 1873 ιηῖιι
806 1862 993 1873 ...ιιι-...Α
1018 1865 1091 1873 -..Α
1165 1859 1310 1873 .-ΑΛ-ιι
1366 1863 1592 1873 ...ιιι-..κιαι
1627 1864 1779 1873 ..ι-ι...-
1811 1852 1975 1873 -Ζ-.-,.-
2025 1852 2159 1873 ---ΔΑ

606 1848 776 1917 magis
805 1849 1094 1902 monachos
1124 1850 1316 1903 decent
1344 1848 1593 1917 lacrymtc
1624 1864 1780 1915 quam
1811 1848 1975 1913 risus‘;
2025 1852 2163 1904 unde

607 1926 663 1968 et
692 1916 940 1985 Magister
972 1920 1021 1973 in
1049 1920 1245 1987 liegula
1278 1934 1369 1971 Sua
1396 1936 1407 1969 :
1456 1916 1550 1973 (Si
1585 1919 1773 1972 viderit
1795 1920 2013 1975 fratrem
2038 1922 2167 1974 satis

610 1998 912 2059 promptum
933 1991 983 2042 in
1000 1991 1180 2054 risum,
1202 1999 1414 2042 uiuueat
1438 2004 1557 2041 eum
1591 1992 2165 2059 prmsensprmpositus

610 2055 794 2130 dicens
834 2075 844 2110 :
875 2059 1009 2124 Quid
1036 2060 1168 2128 agis,
1224 2060 1420 2112 frater?
1448 2072 1569 2112 cum
1593 2055 1866 2129 gravitate
1905 2055 1984 2115 fac
2021 2062 2161 2130 quod

608 2124 759 2197 facis,
796 2131 916 2195 quia
961 2124 1327 2183 conversionis
1356 2137 1563 2197 tempus
1596 2124 1697 2181 non
1730 2139 1812 2183 est
1857 2124 2055 2184 ltctitiai
2098 2132 2161 2184 ad

608 2196 919 2269 ridendum,
971 2200 1061 2252 sed
1108 2200 1431 2265 pmuitentite
1474 2196 1551 2251 ad
1612 2199 1838 2269 lugenda
1880 2215 2112 2266 peccata.
2140 2220 2159 2253 a

605 2266 862 2340 Simliter
890 2278 1010 2323 ante
1033 2284 1152 2323 eum
1181 2271 1248 2340 S.
1265 2269 1486 2322 Basilius
1502 2269 1651 2339 (Reg.
1672 2266 2031 2336 —brev.,interr.
2048 2273 2165 2340 5|):

614 2337 1061 2409 «CuiuDominus
1088 2354 1182 2392 eos
1222 2339 1441 2393 damnet
1483 2337 1572 2409 qui
1606 2337 1657 2393 in
1692 2341 1787 2393 hac
1829 2343 1934 2395 vita
1968 2337 2163 2405 rident,

606 2406 889 2478 admodum
935 2409 1272 2478 perspicuum
1321 2417 1438 2473 est,
1480 2406 1679 2463 nullum
1713 2412 1931 2465 omnino
1988 2412 2160 2465 locum

608 2477 723 2528 dari
756 2476 900 2532 ﬁdeli
928 2480 979 2532 in
1009 2476 1113 2548 quo
1141 2480 1333 2543 rideat,
1364 2489 1419 2535 et
1447 2480 1676 2534 maxime
1723 2483 1773 2533 in
1816 2489 1920 2535 tam
1972 2497 2163 2551 magno

608 2561 829 2622 numero
857 2563 1041 2603 eorum
1065 2550 1152 2622 qui
1194 2565 1287 2618 per
1318 2552 1792 2622 transgressionem
1841 2551 1971 2622 legis
1999 2550 2159 2606 Deum

609 2617 948 2683 inhonoraut,
981 2630 1035 2674 et
1083 2617 1133 2673 in
1176 2617 1393 2688 peccato
1442 2617 1761 2693 moriuntur,
1814 2617 1975 2693 super
2029 2638 2163 2693 quos

610 2701 835 2762 interere
861 2701 908 2762 et
938 2704 1151 2758 gemere
1184 2698 1415 2762 oportet.
1442 2707 1469 2762 s_
1490 2690 1555 2743 Et
1582 2700 1699 2759 post
1719 2705 1811 2745 eos
1840 2690 2163 2762 Smaragdus

610 2756 660 2826 in
696 2757 832 2811 hunc
875 2756 1083 2812 locum:
1136 2777 1153 2808 t
1182 2756 1235 2813 In
1270 2760 1403 2814 valle
1457 2756 1809 2826 lacrimarum
1861 2756 2062 2826 sumus',
2112 2773 2160 2817 et

608 2825 728 2903 ideo
761 2844 863 2881 non
920 2830 1115 2903 ridere,
1162 2830 1255 2884 sed
1316 2831 1497 2898 lugere
1546 2825 1840 2894 debemus;
1902 2825 2164 2903 lacrymas

608 2899 747 2951 enim
777 2914 871 2966 pro
902 2901 1132 2965 peccatis
1159 2903 1375 2965 nostris,
1394 2903 1668 2971 lacrymas
1692 2918 1786 2967 pro
1814 2899 2163 2958 dissolutione

606 2971 862 3042 corporis,
911 2971 1172 3042 lacrymas
1222 2986 1320 3042 pro
1372 2970 1641 3026 desiderio
1672 2972 2059 3042 Redemptoris,
2112 2985 2165 3027 et

604 3040 859 3093 societate
880 3041 1113 3093 omnium
1137 3041 1467 3109 angelorum,
1501 3053 1553 3094 et
1581 3044 1815 3095 omnium
1847 3040 2043 3099 habere
2071 3045 2164 3098 dc-

609 3110 793 3182 bemus
821 3120 1148 3182 sanctorum,
1199 3118 1460 3182 Iacrymas
1485 3122 1542 3166 ut
1583 3127 1612 3165 a
1648 3114 1821 3182 ptenis
1863 3113 2054 3168 inferni
2110 3126 2165 3169 et

604 3194 631 3232 a
669 3180 868 3244 laqueis
898 3180 1185 3234 liberemur
1214 3180 1431 3235 diaboli.
1459 3202 1475 3232 ι

673 3271 869 3343 Neque
890 3281 1065 3343 tamen
1090 3286 1302 3325 omnem
1330 3276 1549 3343 omnino
1580 3272 1745 3343 risum
1797 3273 2039 3343 prohibet
2072 3276 2173 3333 hoc

604 3340 725 3394 loco
752 3340 811 3395 8.
848 3341 907 3395 Ρ.
955 3341 1295 3413 Benedictus,
1324 3342 1415 3396 sed
1463 3342 1683 3395 nimium
1720 3340 1812 3398 aut
1858 3359 2170 3413 excussum,

601 3420 855 3480 tanquam
878 3413 1036 3464 animi
1067 3410 1388 3482 negligentis.
1429 3421 1475 3466 et
1510 3413 1746 3466 dissoluti
1788 3415 1998 3482 spiritus
2034 3410 2173 3470 indi;

601 3485 757 3558 ciunt,
802 3491 859 3534 ut
910 3482 1139 3558 loquitur
1185 3484 1242 3535 8.
1287 3481 1588 3558 Bernartius
1623 3481 1907 3558 (Deprmc.
1936 3496 1979 3539 et
2010 3488 2168 3558 disp.,

602 3566 651 3603 c.
682 3552 773 3630 8)_;
800 3566 919 3630 tiatn
950 3551 1211 3606 subridens
1245 3552 1463 3630 placide,
1506 3564 1558 3630 et
1584 3551 2171 3630 quiiiii-‘lctit‘iatujuai'.

600 3622 1032 3697 careiudecorum
1062 3638 1160 3697 non
1194 3622 1480 3697 est,‘iuquit
1503 3623 1559 3679 8.
1599 3624 1823 3679 Basilius
1854 3622 2167 3697 (Regffusq

602 3706 652 3743 c.
682 3691 805 3762 ΔΠ),
834 3692 967 3755 quod
995 3693 1248 3762 scriptura
1286 3692 1377 3745 illa
1407 3697 1621 3747 ostendit
1663 3711 1777 3762 qua:
1805 3697 1925 3750 dicit
1946 3691 1975 3751 ἕ
2005 3691 2171 3756 Corde

604 3760 890 3833 exhilarato
918 3761 1084 3833 vultus
1100 3763 1271 3830 ﬂoret.
1304 3763 1490 3828 Qualis
1532 3760 1862 3833 ergoidebet
1907 3782 2027 3822 esse
2059 3787 2171 3821 mo-

605 3831 899 3902 nachorum
945 3832 1114 3885 risus‘!
1166 3833 1414 3887 Profecto
1457 3831 1663 3902 qualem
1710 3837 1761 3889 iii
1799 3838 1857 3892 S.
1914 3838 2168 3894 Malacliia

605 3901 859 3980 describit
913 3900 1353 3980 __Bernardus_
1396 3900 1604 3980 (Serm.
1652 3906 1713 3959 de
1760 3905 1821 3960 S.
1876 3906 2161 3980 Malae/2.):

607 3988 630 4021 ι
654 3970 809 4025 Risus
836 3979 925 4024 aut
946 3972 1183 4028 iudicans
1202 3970 1500 4038 charita'tis,
1532 3985 1621 4030 aut
1651 3991 1945 4043 provocans
1968 3994 1984 4043 ;
2019 3970 2169 4035 rariis

607 4052 784 4096 tamen
806 4050 861 4097 et
888 4043 1023 4112 ipse,
1055 4046 1303 4112 equidem
1336 4047 1597 4100 interdum
1630 4047 1873 4111 eductus,
1907 4064 2167 4105 excussus

603 4128 894 4178 nunquam,
926 4116 1014 4183 qui
1060 4118 1132 4169 ita
1171 4118 1441 4171 nuntiaret
1488 4116 1666 4170 cordis
1711 4118 1970 4183 laetitiam,
2005 4131 2061 4174 ut
2090 4123 2169 4177 ori

601 4186 827 4262 gratiam
854 4200 963 4262 non
1004 4188 1290 4262 minueret,
1320 4188 1414 4242 sed
1444 4198 1664 4255 augeret
1693 4204 1707 4252 ;
1744 4198 1849 4243 tam
1884 4191 2037 4262 142
2062 4209 2169 4246 too-

604 4256 807 4327 destus,
840 4265 895 4308 tit
923 4256 1157 4311 levitatis
1188 4273 1291 4311 non
1339 4267 1518 4324 pos.~et
1548 4273 1667 4312 esse
1695 4256 2170 4327 suspeciusrtan-

603 4324 747 4376 tillus
794 4334 991 4389 tamrn,
1026 4335 1082 4379 ut
1133 4327 1351 4381 hilarem
1399 4328 1598 4381 vultum
1652 4328 1719 4383 ab
1750 4324 1894 4385 omni
1942 4324 2167 4387 tristitia:

611 4408 760 4471 utero
797 4395 883 4471 vel
926 4395 1117 4471 nubilo
1136 4396 1407 4471 vindicare
1435 4397 1724 4471 sufficeret.
1763 4420 1780 4451 ι
1824 4403 1973 4457 Adde
2019 4407 2161 4471 quod

605 4466 679 4516 ait
711 4463 771 4518 8.
795 4462 1306 4534 Dorutlteus(lloctr.
1335 4468 1419 4532 i9,
1447 4484 1499 4519 ιι.
1529 4468 1649 4535 2t):
1689 4487 1706 4521 t
1732 4471 1864 4528 Cum
1888 4462 2166 4531 ridendum

604 4544 707 4597 est,
737 4548 864 4589 cave
898 4550 963 4588 ne
994 4536 1046 4588 in
1069 4544 1164 4589 tuo
1195 4538 1303 4591 risu
1326 4540 1512 4592 dentes
1542 4554 1752 4595 exeras.
1771 4559 1791 4591 ι

682 4624 994 4693 Ιιιιιιιειιιιιὰἱ
1038 4644 1169 4701 ergo
1210 4630 1374 4701 risum
1431 4631 1686 4696 permittit
1723 4632 1779 4687 8.
1828 4634 2163 4701 Benedictus,

601 4710 975 4773 quemcunque
1002 4698 1178 4773 alium
1205 4700 1333 4773 proh
1358 4700 1465 4773 bet,
1499 4709 1783 4773 velantque
1810 4720 1929 4759 cum
1958 4721 2023 4760 eo
2062 4698 2167 4761 non

603 4766 863 4845 solutus.
898 4767 1122 4845 Basilius
1143 4766 1538 4845 methlagistera
1576 4766 1729 4828 nobis
1778 4789 1933 4844 supra
1972 4776 2165 4845 citati,

598 4836 698 4911 sed
723 4838 885 4890 etiam
915 4838 1123 4911 Itcgula
1140 4838 1286 4911 Pauli
1310 4851 1366 4895 et
1392 4842 1668 4909 Stephani,
1696 4836 1943 4911 tauquam
1970 4836 2169 4902 discor-

603 4907 812 4982 diarum
864 4907 1737 4982 et”scindaloruutoccasionem,
1792 4907 1908 4982 cap.
1960 4918 2051 4973 57.
2106 4920 2164 4974 8.

602 4976 837 5054 Joannes
864 4976 1132 5054 Climacus
1149 4983 1300 5054 grati.
1340 4981 1394 5048 7,
1426 5000 1481 5039 n.
1512 4984 1573 5048 6,
1603 4994 1658 5040 et
1676 4976 1825 5054 grad.
1852 4976 1943 5051 ΞΘ,
1978 5004 2031 5040 ιι.
2066 4991 2164 5053 55;

604 5056 659 5127 et
704 5045 763 5127 s.
810 5047 1050 5127 Leander
1086 5045 1304 5127 iniihro
1362 5045 1455 5108 seu
1508 5045 1707 5125 Regula
1734 5056 1800 5127 de
1833 5045 2171 5111 Institutione

604 5124 888 5182 virginum,
919 5124 974 5193 in
1012 5136 1117 5193 qua
1150 5124 1430 5193 integrum
1479 5124 1605 5193 cap.
1634 5128 1691 5179 tl
1746 5125 1990 5178 inscribit
2022 5127 2171 5188 Quod

602 5190 947 5265 pecfattmtsit
973 5192 1156 5265 uirgini
1184 5190 1353 5248 ridere
1378 5190 1637 5265 (TomﬁlV
1656 5196 1917 5259 Analect.,
1949 5213 2001 5264 p.
2018 5196 2169 5265 462).

600 5257 709 5311 Sed
737 5266 792 5311 et
816 5260 940 5311 olim
973 5262 1022 5312 iu
1044 5257 1233 5317 ordine
1260 5257 1442 5318 nostro
1485 5283 1505 5315 ι
1527 5265 1831 5318 Circatores
1855 5257 1959 5319 hoc
1979 5257 2167 5319 obser-

603 5329 821 5393 vabant,
845 5331 887 5380 si
911 5329 1139 5399 aliquem
1173 5334 1455 5395 ridentem,
1475 5334 1556 5387 vel
1580 5335 1775 5402 aliquid
1806 5345 2171 5389 susurrantem

600 5412 1010 5475 conspexerant,
1031 5403 1207 5456 statim
1250 5405 1445 5458 tabulis
1478 5406 1783 5469 notabatur,
1817 5414 1872 5457 et
1900 5408 2173 5475 benignis-

600 5470 738 5523 sime
764 5470 1147 5542 Corripiebatur
1170 5484 1410 5542 tempore
1438 5485 1761 5541 opportuno,
1789 5493 1807 5525 ι
1850 5486 1907 5528 ιιι
1951 5476 2003 5530 in
2027 5470 2178 5531 tion-

598 5541 969 5594 suetudiuibus
997 5542 1054 5597 8.
1088 5541 1359 5598 Benedicti
1390 5544 1708 5598 Auiauensis
1739 5546 1956 5613 legitur.

675 5632 838 5706 Porro
889 5644 1038 5688 notat
1085 5634 1173 5688 hic
1226 5635 1552 5689 Trithemius
1589 5645 1816 5705 quatuor
1877 5637 2170 5706 prtesertim

606 5700 879 5775 hominum
914 5719 1107 5772 genera
1152 5706 1315 5758 risum
1360 5700 1661 5760 dedecere:
1697 5700 1932 5775 virgines
1956 5722 2173 5775 propter

604 5774 973 5829 verecutnli..m
1000 5790 1013 5837 ;
1044 5774 1291 5830 iiittlietes
1314 5787 1532 5846 propter
1548 5777 1909 5847 honestatem;
1932 5774 2172 5837 infirmos

2201 4535 2311 4611 ΒΡ

2264 723 2633 790 cassinensis,
2687 726 2926 780 nonnulli
2984 735 3109 779 sunt
3144 723 3259 795 qui
3310 736 3534 793 proi—ter
3573 723 3869 778 defectum

2265 801 2429 862 visus,
2486 805 2575 849 aut
2606 797 2765 850 aliam
2800 797 3161 851 infirmitatem
3205 811 3309 849 non
3363 805 3589 863 possunt
3640 795 3870 849 lem-re.

2268 866 2362 920 Vel
2408 866 2590 930 etiam,
2625 874 2682 919 tit
2721 870 2797 919 ait
2832 868 3181 929 Trithemius,
3238 870 3357 931 quia
3397 876 3641 933 tempore
3690 867 3759 918 S.
3800 865 3867 917 P.

2268 936 2537 991 Benedicti
2554 936 2713 1004 aliqui
2735 936 3153 990 admittebantur
3175 937 3238 990 ad
3266 937 3525 998 habitum,
3542 937 3860 989 litterarum

2266 1008 2477 1073 penitus
2520 1007 2707 1076 ignari,
2756 1008 2843 1076 qui
2874 1021 3062 1060 omnes
3096 1022 3161 1059 ne
3191 1022 3358 1061 sacra:
3384 1007 3634 1062 lectionis
3663 1006 3860 1059 fructu

2266 1082 2621 1149 privarentur,
2673 1092 2762 1149 eas
2814 1079 3004 1149 saltem
3054 1078 3175 1131 aliis
3235 1079 3538 1149 legentibus
3588 1076 3869 1149 iubentur

2266 1146 2471 1201 audire.
2505 1146 2606 1202 Vel
2625 1146 2784 1200 etiam
2812 1148 3043 1201 libenter
3074 1149 3280 1209 audire,
3308 1147 3533 1201 liberum
3569 1155 3627 1199 et
3655 1148 3867 1198 volun-

2264 1218 2457 1271 tarium
2486 1218 2661 1272 cordis
2688 1231 2962 1270 assensum
2995 1218 3079 1269 h’s
3099 1233 3218 1285 qua:
3250 1218 3499 1283 leguntur
3522 1217 3852 1279 praebendo,

2262 1301 2434 1357 eaque
2472 1302 2635 1357 opere
2666 1288 3039 1354 exsequendo:
3067 1290 3190 1354 quid
3242 1292 3384 1341 enim
3425 1291 3645 1355 prodest
3675 1290 3854 1339 multa

2264 1356 2463 1426 legere,
2480 1356 2748 1425 multaque
2768 1358 2994 1422 discere,
3012 1358 3111 1410 nisi
3138 1358 3299 1411 multa
3324 1359 3578 1411 faciamus
3593 1358 3618 1408 ἲ
3636 1357 3856 1410 Scienti

2264 1427 2482 1494 bonum,
2510 1438 2563 1482 et
2593 1442 2697 1481 non
2726 1427 2958 1494 facienti,
2995 1438 3267 1491 peccatum
3300 1437 3383 1481 est
3413 1426 3507 1480 illi.

2338 1498 2433 1552 Hic
2455 1508 2631 1552 autem
2666 1511 2769 1551 non
2801 1498 3067 1566 quaslibet
3096 1497 3151 1551 S.
3200 1498 3517 1551 Benedictus
3556 1496 3860 1550 monachis

2266 1567 2523 1622 lectiones
2548 1568 2825 1637 permittit,
2860 1567 2952 1621 sed
2968 1578 3189 1629 sanctas,
3211 1568 3311 1620 hoc
3335 1578 3418 1621 est
3447 1582 3656 1620 sacram
3688 1567 3859 1620 Scri-

2266 1648 2495 1710 pturam,
2520 1637 2793 1710 passiones
2818 1638 2914 1710 88.
2939 1648 3254 1710 martyrum,
3276 1641 3411 1690 vitas
3427 1646 3483 1690 et
3516 1638 3851 1710 collatione:

2264 1707 2754 1776 Patrum—scripta
2812 1708 2908 1761 SS.
2953 1708 3266 1770 doctorum,
3322 1724 3441 1775 qua:
3499 1707 3564 1758 ad
3625 1722 3851 1759 morum

2267 1777 2673 1833 mdilicationem
2728 1778 3052 1839 conducunt,
3091 1792 3316 1846 quorum
3375 1776 3613 1846 omnium
3679 1778 3854 1830 lectio

2273 1849 2548 1903 monachis
2575 1863 2796 1902 summae
2842 1859 2923 1901 est
2952 1845 3216 1911 utilitatis,
3258 1848 3489 1901 maxime
3525 1845 3850 1914 juvenibus,

2268 1920 2460 1986 quibus
2488 1934 2604 1973 eam
2633 1919 2973 1971 commendat
3016 1917 3333 1972 Guillelmus
3360 1918 3537 1986 abbas,
3578 1916 3639 1969 S.
3671 1919 3853 1969 Theo-

2268 1985 2433 2042 derici
2460 1991 2524 2042 ad
2556 1989 2746 2043 fratres
2768 1989 2833 2041 de
2852 1988 3025 2041 Monte
3059 1988 3149 2041 Dei
3175 1986 3416 2042 scribens
3447 1989 3498 2041 in
3527 1985 3643 2039 haec
3674 1988 3852 2041 verba

2269 2058 2370 2126 (De
2394 2058 2497 2112 Vit.
2527 2060 2667 2113 solit.
2691 2075 2803 2125 cap.
2828 2060 2913 2125 H)
2940 2073 2955 2111 :
2985 2058 3203 2111 «Tutius
3222 2066 3588 2127 proponuntur
3612 2058 3698 2126 leg
3740 2059 3846 2110 tida

2267 2140 2321 2181 et
2353 2129 2656 2183 meditandi
2685 2128 3055 2196 Redemptoris
3085 2132 3249 2182 nostri
3270 2129 3562 2187 exteriora,
3582 2136 3640 2179 et
3665 2137 3852 2179 osten.

2267 2200 2409 2253 ditur
2439 2201 2489 2254 in
2518 2200 2597 2253 eis
2636 2199 2940 2265 exemplum
2974 2199 3311 2259 humilitatis,
3355 2199 3667 2265 provocatio
3712 2199 3852 2251 cha-

2268 2270 2463 2336 ritatis,
2487 2278 2540 2324 et
2566 2269 2789 2323 affectus
2823 2272 3066 2333 pietatis;
3096 2276 3152 2322 et
3196 2269 3262 2322 de
3287 2270 3582 2335 Scripturis
3611 2270 3847 2330 Sanctis,

2270 2352 2317 2391 et
2344 2340 2441 2395 SS.
2463 2340 2772 2394 tractatibus
2786 2337 2999 2393 Patrum
3024 2340 3238 2391 moralia
3262 2354 3482 2407 qurque
3500 2346 3557 2391 et
3573 2337 3845 2405 planiora.

2268 2410 2613 2479 PrOpouenda
2645 2417 2769 2463 sunt
2813 2409 2860 2462 ei
2893 2418 3037 2477 gesta
3085 2416 3140 2461 et
3180 2410 3457 2479 passiones
3499 2417 3845 2479 sanctorum,

2266 2478 2495 2535 ubi'nec
2550 2479 2898 2533 laborandum
2947 2480 3016 2531 sit
3070 2480 3120 2531 in
3175 2478 3392 2545 planitie
3440 2478 3732 2538 historiali,
3793 2490 3849 2532 et

2265 2566 2479 2619 semper
2495 2549 2692 2620 aliquid
2721 2560 2988 2613 Occurrat,
3010 2550 3149 2613 quod
3175 2548 3357 2601 novitii
3381 2550 3617 2620 animum
3644 2558 3852 2603 exedet

2265 2622 2330 2674 ad
2384 2618 2619 2675 amorem
2670 2619 2764 2672 Dei
2819 2630 2872 2673 et
2916 2628 3281 2687 contemptum
3336 2619 3440 2671 sui.
3494 2618 3664 2671 Porro
3723 2620 3851 2673 alia:

2268 2691 2504 2745 historia:
2542 2690 2809 2745 delectant
2837 2689 3051 2759 quidem
3102 2688 3230 2741 dum
3288 2689 3555 2757 leguntur,
3605 2688 3704 2741 sed
3735 2704 3849 2742 non

2266 2762 2549 2826 aedificant,
2575 2765 2703 2830 quin
2724 2760 2898 2823 potius
2917 2769 3149 2813 mentem
3166 2759 3429 2824 inliciunt,
3450 2759 3579 2830 etin
3598 2766 3851 2825 tempore

2265 2834 2543 2899 orationis,
2572 2829 2651 2886 vel
2673 2831 2965 2900 spiritualis
2978 2830 3358 2895 meditationis,
3380 2829 3588 2900 inutilia
3610 2841 3850 2897 quaeque

2266 2903 2348 2956 vel
2384 2898 2545 2957 noxia
2574 2898 2772 2955 faciunt
2798 2902 3058 2955 scaturire
3079 2900 3146 2953 de
3167 2898 3448 2963 memoria,
3479 2907 3584 2953 etc.
3618 2916 3638 2949 ι

2343 2973 2496 3056 143
2546 2973 2734 3056 Pcw“
2770 2986 2903 3056 ρτεο
2946 2986 2976 3024 ³
3021 2971 3264 3056 milia:
3312 2968 3850 3056 Mf‘tlﬁﬂﬁﬂﬁ'???

2266 3039 2614 3113 librifprocul
2663 3039 2939 3112 poetarum
2989 3052 3081 3095 aut
3131 3039 3568 3113 philosophorum
3594 3039 3849 3104 fallaciae,

2268 3123 2325 3195 ut
2358 3110 2481 3195 pote
2516 3129 2636 3195 qua}
2664 3110 2925 3195 _meutem
2970 3126 3011 3193 a.
3045 3126 3168 3165 vera
3198 3110 3525 3195 beatitpdine
3567 3118 3848 3195 avertunt,

2195 3180 2239 3241 C
2272 3180 2373 3237 nisi
2402 3180 2548 3238 forte
2564 3184 2628 3237 ad
2641 3198 2827 3239 eorum
2850 3182 3076 3252 ineptias
3094 3180 3463 3243 confutandas,
3488 3192 3539 3252 et
3560 3181 3625 3233 ad
3648 3194 3852 3252 mys'e-

2276 3255 2354 3308 ria
2376 3264 2574 3308 nostra:
2605 3254 2726 3308 ﬁdei
2756 3251 3141 3323 confirmanda,
3163 3253 3315 3320 juxta
3345 3252 3487 3323 illud
3502 3251 3560 3305 8.
3595 3251 3853 3323 Augusti.
3898 3310 3909 3323 δ

2275 3329 2328 3377 ιιι
2362 3324 2497 3392 (Lib.
2532 3340 2567 3378 ll
2598 3326 2659 3377 de
2692 3323 2837 3378 Doct.
2860 3322 3006 3377 τιον..
3036 3338 3148 3393 mp.
3174 3323 3264 3390 40)
3299 3338 3312 3374 :
3347 3340 3363 3371 ι
3399 3320 3706 3393 Philosophi
3752 3335 3853 3373 an-

2274 3391 2380 3447 tem
2412 3396 2500 3463 qui
2532 3405 2818 3459 vocantur,
2860 3394 2905 3447 si
2935 3407 3039 3462 qua
3072 3391 3207 3445 ferte
3232 3406 3360 3463 vera
3400 3401 3455 3463 et
3489 3391 3610 3444 lidei
3644 3401 3852 3463 nostra

2272 3462 2616 3519 accommoda
2644 3466 2921 3529 dixerunt,
2952 3465 3183 3517 maxime
3215 3462 3468 3515 Platonici
3494 3502 3507 3524 ,
3533 3475 3639 3515 non
3666 3462 3849 3513 solum

2275 3536 2603 3590 formidanda
2636 3550 2741 3589 non
2771 3544 2895 3589 sunt
2915 3575 2931 3601 ,
2977 3534 3070 3588 sed
3095 3536 3162 3586 ab
3190 3533 3269 3587 eis
3294 3532 3455 3586 etiam
3487 3543 3737 3598 tanquam
3768 3533 3852 3583 in-

2267 3605 2425 3675 justis
2460 3605 2857 3676 possessitribus
2884 3605 2935 3657 in
2973 3618 3126 3658 nsum
3160 3611 3417 3676 nostrum
3436 3602 3846 3676 vindicanda};

2270 3673 2353 3729 cui
2384 3673 2615 3731 concinit
2657 3676 2843 3729 Petrus
2879 3676 3113 3728 Damiaui
3158 3674 3241 3727 his
3271 3675 3450 3727 verbis
3495 3675 3715 3741 (Upttac.
3748 3673 3845 3733 Si,

2272 3762 2318 3801 c.
2346 3746 2401 3817 9)
2428 3764 2441 3801 :
2489 3766 2508 3798 ι
2533 3747 2863 3799 Tliesaurum
2898 3745 3034 3799 tollit
3062 3744 3344 3815 Egyptiis,
3370 3743 3509 3817 unde
3537 3743 3643 3817 Deo
3668 3741 3853 3817 taber-

2272 3811 2517 3872 naculum
2550 3824 2846 3879 construat,
2886 3817 2973 3883 qui
3008 3811 3215 3882 poetas
3238 3824 3291 3868 et
3320 3811 3850 3883 philosophoslegit,

2271 3886 2461 3955 quibus
2484 3887 2548 3941 ad
2572 3881 2917 3957 penetrantia:
2937 3881 3186 3956 mysteria
3233 3885 3470 3957 ctelestis
3490 3881 3685 3949 eloquii
3715 3882 3854 3957 sub:

2272 3952 2415 4013 tilius
2437 3952 2797 4013 convalescat.
2825 3974 2843 4007 ι
2899 3952 3007 4010 Sed
3038 3956 3151 4009 hare
3170 3955 3407 4008 omnium
3438 3968 3541 4006 non
3568 3962 3716 4015 sunt,
3746 3952 3854 4006 sed

2270 4028 2547 4082 doctorum
2577 4029 2867 4091 duntaxat,
2917 4036 2974 4080 et
3018 4041 3203 4079 eorum
3252 4026 3464 4094 quidem
3524 4037 3625 4075 non
3677 4024 3853 4094 etiam

2270 4100 2530 4167 omnium,
2563 4098 2657 4151 sed
2689 4090 2884 4167 quibus
2912 4097 2963 4151 id
2990 4096 3059 4150 ab
3076 4090 3282 4167 abbate"
3297 4094 3620 4167 praecipitur.
3664 4090 3854 4167 Caete-

2271 4185 2385 4222 rum
2417 4163 2643 4238 simplici
2672 4163 2936 4222 monacho
2964 4168 3027 4220 iis
3060 4166 3247 4238 nantis
3284 4179 3510 4238 operam
3548 4163 3699 4238 danti
3729 4177 3853 4217 me-

2268 4239 2374 4293 rito
2399 4233 2708 4295 cum'Petro
2745 4238 3055 4292 Venerabili
3095 4237 3159 4289 ad
3204 4237 3415 4288 Petrum
3458 4233 3853 4287 Pictaviensenl

2270 4312 2540 4365 svribente
2598 4310 2748 4379 (Lib.
2770 4324 2810 4371 ι,
2841 4324 2922 4378 ep.
2948 4307 3251 4379 indicere
3278 4318 3593 4372 possemus:
3627 4319 3646 4351 ι
3708 4304 3853 4379 Quid

2271 4380 2411 4453 inani
2441 4373 2619 4435 studio
2664 4395 2785 4432 cum
2834 4373 3091 4453 comoedis
3147 4377 3363 4441 recitas,
3412 4388 3550 4453 cum_
3582 4373 3850 4453 tragoedis

2270 4451 2540 4517 deploras,
2573 4465 2691 4521 cum
2718 4447 3301 4521 (metricisiludis,_cum
3335 4442 3698 4521 poctis_fa_llis,
3722 4456 3853 4521 cum

2316 4512 2614 4584 h'ilosophis
2661 4517 2912 4574 falleris?
2956 4518 3094 4585 Quid
3148 4517 3258 4585 jam
3315 4529 3420 4567 non
3470 4512 3852 4585 philosophiae,

2280 4583 2392 4655 sed,
2423 4583 2561 4659 quod
2584 4604 2715 4659 pace
2745 4598 2829 4641 tua
2860 4583 3071 4659 dictum
3090 4583 3187 4652 sit,
3218 4593 3419 4639 tantam
3446 4583 3684 4659 stultitiae
3722 4598 3856 4659 ουρτ

2278 4652 2389 4714 ram
2416 4652 2714 4729 imperi-dis?
2759 4660 3031 4723 Stulthitc,
3056 4658 3273 4729 inquam
3294 4696 3309 4719 ,
3346 4668 3485 4729 _nam
3530 4660 3585 4729 et
3613 4652 3856 4729 hoc_veri

2279 4721 2577 4800 philosophi
2617 4730 2836 4800 dictum,
2862 4741 2981 4800 est:
3020 4721 3209 4780 Nonne
3256 4724 3473 4800 stultam
3528 4722 3653 4800 fecit
3710 4721 3857 4800 Deus

2278 4794 2590 4870 sapientiam
2620 4798 2844 4853 mundi?
2882 4797 3052 4870 Curre
3078 4811 3239 4870 ergo,
3274 4795 3346 4849 Illi
3374 4796 3481 4870 mi,
3512 4794 3578 4846 ad
3607 4798 3856 4870 proposi-

2277 4864 2383 4924 tuin
2418 4873 2511 4925 tibi
2542 4887 2571 4924 a
2620 4870 2825 4924 cmlesti
2865 4868 3118 4936 magistro
3146 4864 3308 4921 totius
3353 4864 3709 4936 philosophia:
3734 4864 3856 4917 uni-

2274 4957 2393 4995 cum
2444 4942 2696 5006 fructum,
2747 4939 2892 5009 regni
2923 4934 3179 4993 cinlorum
3229 4934 3645 5009 beatitudinem,
3692 4945 3854 5000 quam

2273 5011 2498 5080 adipisci
2530 5026 2633 5064 non
2665 5006 2885 5079 poteris,
2912 5009 3023 5080 nisi
3044 5022 3139 5077 per
3167 5022 3356 5080 veram
3376 5006 3598 5080 spiritus
3622 5017 3856 5080 pauper-

2274 5074 2438 5136 tatem
2474 5121 2488 5134 .
2523 5120 2537 5133 .
2572 5122 2585 5135 .
2614 5074 2733 5151 nam
2766 5084 2807 5132 si
2828 5074 3121 5135 secundum
3137 5076 3452 5144 Apostolum
3471 5074 3707 5151 volueris
3731 5087 3856 5151 esse

2274 5152 2511 5216 sapiens,
2545 5150 2737 5204 stultus
2773 5161 2889 5205 esto
2920 5160 2976 5203 ut
2998 5150 3071 5203 sis
3096 5150 3310 5215 sapiens
3332 5186 3347 5211 ,
3383 5160 3554 5212 neque
3586 5153 3646 5216 te_
3666 5144 3855 5216 logica:

2274 5213 2674 5301 salttum"),
2702 5213 3325 5301 .Phi'sicssariqsivw"!
3342 5256 3365 5301 ι
3393 5216 3483 5301 νει
3508 5213 3855 5301 divisui

2276 5285 2403 5344 libet
2423 5294 2559 5345 scire
2583 5285 2849 5359 glori-eris,
2874 5290 2974 5345 uisi
2990 5289 3259 5343 Christum
3275 5295 3331 5359 et
3352 5287 3491 5359 hunc
3511 5285 3852 5359 cruciiigttm‘.

2278 5359 2372 5414 Vel
2401 5375 2519 5414 cum
2555 5351 2846 5415 Ptischasio'
2868 5360 3122 5414 Ratbcrto
3151 5359 3217 5413 ad
3251 5357 3629 5411 Odilmannum
3654 5351 3855 5421 (Praef.

2282 5430 2369 5484 lib.
2394 5446 2472 5503 tt_t,
2500 5447 2650 5502 super
2682 5429 2871 5484 Thren.
2903 5429 3165 5503 Ieremia!)
3194 5447 3207 5481 :
3260 5446 3280 5478 ι
3314 5427 3430 5481 Non
3472 5424 3856 5503 nostri_0p_eris

2282 5510 2383 5574 est,
2419 5493 2580 5555 frater
2603 5511 2657 5555 et
2687 5516 2980 5574 consenex,
3009 5493 3169 5574 falsas
3203 5507 3480 5574 poetarum
3514 5493 3726 5574 fabulas
3742 5493 3855 5574 iam

2283 5571 2518 5635 volvere,
2543 5574 2623 5625 vel
2653 5571 2905 5635 milesias,
2939 5564 3399 5639 quoniam'nostra
3430 5565 3691 5619 institutio
3719 5564 3856 5639 alios

2284 5641 2515 5709 reposcit
2564 5655 2768 5705 mores;
2820 5634 2991 5709 neque
3040 5640 3477 5708 philosophorum
3528 5634 3856 5709 perscrutari

2285 5702 2612 5778 libros-quia
2635 5712 2685 5764 in
2717 5702 2884 5765 altero
2906 5702 3069 5765 'ludns
3095 5719 3148 5765 et
3170 5702 3453 5763 oblectatio
3473 5702 3575 5768 est,
3597 5705 3649 5758 iii
3679 5702 3857 5757 altero

2285 5796 2410 5838 vero
2436 5782 2722 5841 dililcultas
2745 5790 2801 5839 et
2830 5781 3117 5839 sudoribus
3144 5779 3411 5835 admixtus
3435 5780 3618 5839 labor;
3667 5788 3855 5831 verum
