4102 6360
253 331 351 382 3‘29

1322 324 1598 382 REGULA
1637 320 2129 381 COMMENTATA.
2174 324 2325 380 CAP.
2370 321 2455 376 IV.

3420 312 3524 377 ’ὁδῶ

251 439 416 508 magis
442 438 643 493 tlirenis
665 452 763 494 nos
783 437 965 503 decet,
988 446 1043 492 et
1064 438 1310 493 lamentis
1354 440 1719 495 indesinenter
1749 440 1831 492 in-
1857 439 1908 498 Α
2012 438 2187 493 Primo
2216 454 2342 507 ergo
2372 439 2437 493 ad
2480 437 2618 492 bene
2643 436 2902 492 orandum
2959 436 3257 508 requiritur
3308 435 3521 492 sincera

248 512 458 566 sistere.
490 528 508 562 ι
544 509 684 565 Sane
713 508 781 564 de
811 510 869 564 Β.
907 508 1135 564 Alcuino
1164 509 1401 567 referunt
1449 509 1538 579 (In
1560 513 1670 580 ejus
1709 509 1825 563 Vita

247 598 301 652 η.
337 580 448 652 l9),
498 582 641 652 quod
688 600 705 633 ι
757 581 961 652 legerat
1006 581 1218 649 juvenis
1276 582 1439 637 libros
1484 585 1825 651 antiquorum

248 650 711 721 pbiloSopliorum,
766 650 1079 717 Virgiliique
1110 652 1407 718 mendacia,
1459 668 1580 722 quae
1610 650 1831 707 nolebat

245 723 352 803 jam
367 738 465 803 nec
484 725 700 803 audire,
717 738 815 777 nec
840 721 1131 803 discipulos
1154 737 1281 778 suos
1307 721 1506 803 legere,
1532 724 1826 803 Str/licium,

247 793 516 866 inquiens,
542 794 700 848 divini
729 793 1087 866 poetwrobis,
1128 811 1223 848 nec
1246 797 1401 866 egetis
1432 796 1699 850 luxuriosa
1723 811 1833 866 acr-

248 867 414 919 monis
450 864 657 936 Virgilii
688 881 773 919 vos
828 863 990 936 pollui
1043 863 1373 935 facundiam
1428 883 1547 936 qu.e
1610 864 1832 920 totidem

248 936 426 1008 verbis
451 935 519 1008 de
549 938 605 991 8.
631 935 1059 1008 ῌθὶοιοίεοςίιιίι
1084 936 1262 1008 (Syrus
1292 941 1342 991 in
1379 935 1497 1008 ejus
1527 938 1642 991 Vita
1670 937 1764 991 lib.
1785 953 1833 1008 Vl,

248 1021 296 1062 c.
332 1006 419 1061 H.
468 1004 599 1071 Vide
630 1006 803 1061 Vitam
833 1007 890 1061 8.
922 1004 1147 1070 Odonis,
1188 1022 1315 1063 saec.
1358 1025 1390 1061 v
1410 1004 1661 1073 'Bened.,
1692 1016 1745 1061 ct
1773 1007 1831 1062 8.

250 1076 489 1146 Hugonis
513 1078 721 1133 abbatis
750 1074 998 1131 Cluniae.
1021 1120 1034 1143 ,
1066 1088 1286 1135 auctore
1309 1078 1616 1134 llildeberto
1640 1079 1837 1134 C(eno-

249 1160 428 1214 man.,
458 1165 513 1203 η.
551 1149 646 1208 18.
674 1148 815 1219 apud
863 1148 1182 1204 Bollandum
1208 1147 1279 1205 29
1307 1151 1513 1220 April.;
1556 1158 1612 1205 et
1642 1150 1835 1220 Begul.

248 1218 307 1275 S.
337 1218 464 1277 Isid.
490 1235 609 1277 cap.
638 1219 691 1274 9.
1632 1258 1635 1263 .

290 1258 307 1275 .
337 1235 464 1277 tsm.
490 1235 609 1286 cap.
638 1235 691 1274 tr.
1632 1258 1635 1263 .

325 1290 562 1345 Orationi
588 1289 878 1359 frequenter
901 1290 1213 1346 incumbere.
1248 1289 1262 1361 Ι
1315 1290 1582 1360 Exemplo
1608 1292 1667 1348 8.
1700 1292 1839 1346 Mar-

251 1361 370 1436 tini,
395 1362 463 1436 de
489 1362 855 1436 quoSeverus
899 1362 1159 1436 Sulpitius
1207 1362 1391 1436 scribit
1437 1362 1530 1432 (In
1557 1367 1668 1436 ejus
1710 1362 1840 1417 Viue

252 1432 343 1487 lib.
374 1434 442 1501 ι),
473 1434 614 1501 quod
650 1451 669 1484 ι
726 1449 996 1503 nunquam
1046 1433 1175 1485 hora
1225 1434 1332 1487 ulla
1383 1436 1463 1489 vel
1506 1432 1836 1489 momentum

252 1502 676 1585 praeteriit,_quo
709 1519 812 1585 non
840 1502 927 1558 aut
968 1504 1310 1585 orationibus
1342 1504 1714 1585 incumberet,
1744 1517 1838 1559 aut

249 1574 527 1630 insisteret
550 1575 805 1637 lectioni;
836 1590 1138 1645 quanquam
1170 1574 1330 1629 etiam
1365 1578 1506 1631 inter
1530 1578 1835 1643 legendum,

251 1654 345 1700 aut
366 1647 410 1698 si
437 1646 562 1714 quid
594 1645 741 1700 aliud
773 1646 912 1700 forte
944 1646 1164 1714 agebat,
1199 1661 1469 1715 nunquam
1510 1650 1745 1702 animum
1773 1648 1841 1702 ab

250 1717 497 1771 oratione
520 1716 766 1778 laxabat;
793 1718 1066 1782 nimirum,
1097 1724 1155 1770 ut
1190 1718 1566 1772 l’abriferrariis
1589 1734 1705 1773 mos
1734 1730 1838 1783 est,

251 1788 349 1856 qui
374 1789 511 1841 inter
554 1784 884 1856 operantium
920 1802 1017 1855 pro
1054 1787 1285 1853 quodam
1329 1788 1531 1843 laboris
1578 1789 1840 1845 levamine

253 1855 506 1913 incudem
533 1855 684 1913 suam
714 1860 932 1924 leriunt,
960 1859 1035 1913 ita
1063 1857 1323 1913 Martinus
1339 1860 1525 1922 etiam,
1547 1860 1676 1914 dum
1699 1860 1842 1915 aliud

249 1941 417 1998 agere
446 1930 743 1992 videretur,
768 1944 981 1996 semper
1013 1926 1171 1999 144
1200 1930 1408 1984 orabat.
1441 1950 1459 1981 ι
1502 1930 1568 1983 Ει
1594 1943 1762 1997 certe,
1796 1942 1853 1986 ut

248 2000 458 2069 Optime
483 2000 695 2053 diccbat
729 2000 983 2069 Evagrius
1018 1999 1189 2069 (Tom.
1226 2000 1291 2054 ΙΙΙ
1320 2000 1465 2054 Man.
1498 2000 1644 2055 Eccl.
1680 2002 1851 2057 Graec.

251 2086 309 2139 ρ.
336 2068 454 2142 95),
490 2089 509 2121 ι
538 2084 754 2142 semper
781 2068 996 2140 quidem
1027 2072 1263 2139 operari,
1314 2072 1558 2142 vigilare.
1605 2073 1851 2141 jejunare

249 2154 362 2195 uon
410 2139 512 2195 fuit
560 2141 714 2195 nobis
770 2139 1137 2211 praeceptum;
1189 2150 1243 2194 at
1293 2139 1408 2198 sine
1454 2139 1852 2201 intermissione

252 2224 412 2267 orare
438 2211 522 2266 lex
546 2212 744 2266 sanxit.
786 2231 804 2263 ι

325 2281 467 2347 Quia
481 2296 628 2358 vero
654 2284 845 2358 oratio
856 2283 1127 2358 proprium
1145 2292 1247 2358 est
1263 2286 1648 2358 monachorum
1679 2304 1847 2358 nego-

254 2352 431 2417 tium,
481 2351 623 2406 baud
667 2353 773 2407 erit
824 2352 1067 2409 fortassis
1109 2355 1188 2408 eis
1235 2355 1580 2421 injucundum
1611 2351 1851 2415 breviter

257 2421 347 2478 hic
371 2421 770 2488 demonstrare,
810 2425 949 2495 quid,
973 2424 1080 2489 sit,
1105 2441 1225 2493 qua:
1254 2430 1373 2493 ejus
1393 2429 1477 2483 vis
1508 2438 1563 2484 et
1586 2431 1847 2495 efficacia,

294 2509 380 2571 ua:
412 2495 727 2571 necessitas,
749 2510 871 2565 quae
891 2494 956 2551 ad
988 2510 1106 2551 eam
1131 2496 1512 2567 dispositiones
1532 2539 1547 2567 ,
1578 2515 1752 2571 quove
1782 2503 1851 2557 sit

311 2564 508 2621 ciettda
544 2568 725 2622 modo.

330 2638 472 2703 Quid
502 2636 568 2713 sit
588 2638 762 2713 oratio
774 2638 1010 2713 doc_et_S.
1036 2636 1367 2713 Augustinus
1392 2658 1486 2696 seu
1507 2644 1683 2713 quivis
1710 2645 1848 2700 alius

261 2706 470 2783 (Serm.
501 2708 571 2764 75
597 2709 649 2783 in
671 2708 893 2783 append.
918 2706 1238 2783 Serm.)'liis
1270 2713 1479 2767 verbis:
1514 2706 1539 2763 ἱ
1557 2714 1740 2769 Oratio
1766 2725 1851 2771 est

259 2780 511 2836 ascensio
529 2780 723 2835 animae
750 2781 819 2835 de
850 2781 1198 2836 terrestribus
1233 2783 1301 2837 ad
1335 2787 1599 2845 caelestia.
1623 2788 1848 2845 inquisi-

260 2851 1100 2925 tiosupernorum,_i.nvis_ibilium
1114 2853 1461 2909 desiderium.
1487 2875 1504 2906 ι
1536 2856 1671 2911 EtS.
1693 2851 1851 2911 Joan-

258 2922 361 2978 nes
408 2921 676 2995 Climacus
729 2921 917 2994 (Grati.
948 2923 1084 2995 28):
1147 2942 1164 2974 ‹
1214 2925 1428 2991 Oratio,
1470 2928 1515 2980 si
1542 2942 1661 2995 ejus
1691 2938 1847 2983 natu-

261 3006 379 3049 ram
403 3008 498 3048 seu
511 2994 819 3064 qualitatem
838 2994 1071 3062 spectes,
1085 3006 1166 3051 est
1191 2996 1471 3052 familiaris
1487 2994 1845 3063 conversatio,

262 3073 317 3120 et
346 3065 654 3134 conjunctio
684 3065 919 3119 hominis
950 3081 1072 3120 eum
1101 3067 1228 3122 Deo.
1262 3085 1281 3118 ι
1335 3068 1595 3125 Similiter
1622 3071 1847 3125 Guillel-

261 3136 480 3209 mus_S.
514 3135 833 3209 Theoderici
862 3134 989 3209 _(De
1046 3137 1149 3189 Vit.
1198 3136 1353 3209 Selit.
1387 3140 1551 3209 ali)
1599 3160 1612 3195 :
1662 3144 1846 3197 Oratio

261 3215 346 3262 est
394 3205 629 3262 hominis
672 3209 782 3263 Deo
812 3205 1138 3262 adhaerentis
1182 3208 1413 3274 affectio,
1470 3205 1847 3268 etfamiliaris

261 3277 508 3347 quaedam
530 3286 585 3332 et
610 3279 694 3347 pia
719 3276 1028 3346 collocutio,
1055 3289 1110 3335 et
1130 3281 1288 3334 statio
1313 3281 1625 3338 illuminataa
1652 3288 1847 3340 mentis

262 3346 331 3402 ad
357 3346 642 3404 fruendum
671 3350 905 3418 quandiu
958 3349 1102 3405 licet.
1139 3370 1159 3402 ι
1207 3350 1446 3419 Denique
1500 3367 1689 3409 auctor
1744 3367 1851 3411 tra-

263 3426 444 3492 ctatus
473 3419 551 3492 de»
572 3421 812 3492 Interiori
844 3420 1014 3474 Domo
1045 3421 1314 3492 (ϐαφεῖ)
1342 3424 1480 3492 apud
1528 3427 1583 3481 8.
1620 3428 1853 3482 Bernar-

262 3486 393 3543 dum
428 3505 443 3540 :
476 3505 495 3541 ι
517 3489 700 3544 Oratio
720 3499 803 3545 est
826 3492 1019 3547 mentis
1042 3486 1276 3558 devotio,
1294 3486 1360 3548 id
1376 3486 1472 3550 est
1497 3500 1779 3553 conversio
1798 3499 1851 3554 in

196 3617 201 3621 ,
264 3558 443 3631 Deum
466 3574 563 3631 per
594 3561 737 3629 pium
771 3571 826 3615 et
852 3563 1107 3619 humilem
1161 3564 1438 3620 allectum:
1499 3567 1752 3625 humilem
1785 3586 1851 3625 ex

265 3630 608 3707 conscientia
630 3632 971 3707 infirmitatis
993 3636 1267 3705 preprim;
1318 3637 1463 3707 pium
1501 3652 1567 3693 ex
1604 3640 1855 3697 conside-

266 3702 473 3757 ratione
501 3702 699 3759 divinae
726 3702 1046 3760 clementiie.
1084 3702 1103 3758 ὁ

333 3773 607 3829 Orationis
653 3772 955 3848 efficaciam
1004 3779 1306 3848 elegantius
1358 3779 1664 3836 describere
1711 3783 1853 3837 haud

266 3858 592 3969 ggssumus,
643 3856 804 3915 quam
844 3850 900 3902 8.
929 3845 1153 3904 Joannis
1194 3851 1412 3906 Clitnaci
1452 3854 1629 3907 verbis
1662 3853 1851 3924 (στοά.

339 3914 357 3969 l
387 3933 400 3968 :
436 3933 455 3967 ι
485 3916 689 3969 Oratio.
724 3916 915 3969 inquit.
969 3920 1013 3969 si
1041 3921 1145 3969 vim
1179 3931 1233 3969 et
1276 3924 1569 3969 efficaciam
1600 3926 1715 3969 ρίιις
1743 3941 1851 3969 ann.

337 3914 357 3984 )
387 3933 400 3968 :
436 3933 455 3967 ι
485 3914 915 3995 υηιίόιριηιυίι,
969 3920 1013 3973 si
1032 3921 1235 3995 vimct
1276 3924 1569 3977 efficaciam
1600 3914 1715 3992 ejus
1742 3941 1857 3995 spc—

267 3995 402 4053 ctes,
427 3994 511 4041 est
533 3987 717 4041 mundi
741 3993 1115 4056 conservatio,
1150 3993 1239 4047 Dei
1269 3987 1653 4060 reconciliatio,
1685 3987 1856 4051 mater

268 4066 631 4133 tacrymarum
650 4066 705 4113 et
747 4060 942 4133 iterum
974 4060 1103 4130 ﬁlia,
1152 4065 1460 4132 propitiatio
1493 4077 1853 4133 peccatorum,

268 4129 727 4199 propugnaculum
758 4132 1017 4185 adversus
1047 4129 1301 4199 impetum
1342 4129 1710 4197 afflictionum.
1744 4129 1857 4193 beli-

273 4193 759 4277 lorum'Oppressio
796 4211 849 4257 et
868 4193 1186 4277 eastinctio,
1229 4205 1466 4261 officium
1518 4193 1851 4277 angelorum,

272 4269 512 4347 omnium
538 4269 818 4347 spirituum
844 4271 1182 4347 alimentum,
1230 4278 1404 4331 futura
1449 4269 1671 4347 laetitia,
1718 4269 1858 4334 actio

272 4345 623 4417 sempiterna,
643 4345 896 4417 virtutum
923 4345 1211 4417 scaturigo,
1237 4350 1527 4414 gratiarum
1552 4345 1856 4405 divinarum

272 4408 631 4481 conciliatriit,
659 4408 929 4478 profectus
956 4408 1276 4481 spiritdalis,
1330 4422 1717 4475 nutrimentum
1745 4423 1860 4475 ani~

274 4492 397 4559 une,
431 4479 626 4558 mentis
684 4479 1003 4559 illustratio,
1037 4498 1244 4559 securis
1287 4486 1700 4558 desperationis,
1742 4492 1856 4559 spei

273 4547 941 4627 demonstratio,__tris_titia:
974 4547 1193 4624 solutio,
1217 4547 1416 4613 divitiae
1448 4547 1855 4627 monachorum,

275 4619 559 4701 thesaurus
613 4610 976 4701 so'litariorum
1000 4666 1015 4691 ,
1067 4610 1160 4683 irai
1180 4610 1857 4701 'di—minutio,‘
1887 4610 1944 4672 Ῑ)

273 4692 510 4762 religiosi
542 4694 833 4760 profectus,
861 4714 881 4747 ι
910 4706 1013 4752 etc.

342 4764 729 4847 Necessitatem
772 4765 1227 4847 ejus_pra:sertim
1258 4774 1322 4847 in
1366 4775 1630 4831 monacho
1680 4778 1863 4847 paucis

276 4834 607 4916 demonstrat
638 4834 875 4916 Joannes
889 4834 1218 4916 Trithemius
1248 4843 1501 4914 (Exercit.
1534 4834 1720 4916 Spir}.
1751 4866 1861 4903 mo-

272 4907 450 4972 nach.,
477 4922 621 4962 cons.
649 4907 731 4977 6),
762 4924 884 4963 cum
914 4911 1075 4966 dicit:
1106 4931 1125 4964 ι
1158 4907 1309 4970 Sicut
1339 4918 1493 4972 nobis
1523 4907 1861 4974 neceSsarius

273 4986 358 5033 est
405 4992 620 5061 semper
651 4978 846 5061 halitus
871 4980 938 5037 ad
970 4984 1130 5061 vitam
1157 4987 1364 5061 ca_rnis,_
1412 4989 1489 5043 sic
1520 4991 1743 5046 omnino
1770 5007 1863 5045 ne-

275 5056 509 5117 cessaria
542 5057 626 5104 est
658 5056 911 5106 continua
942 5056 1114 5110 oratio
1159 5058 1224 5111 ad
1255 5059 1537 5113 sanitatem
1572 5065 1790 5117 mentis.
1837 5082 1853 5114 ι

275 5116 415 5202 illnc
434 5118 673 5202 lganpes
697 5122 935 5202 Baptista
963 5124 1032 5179 de
1062 5127 1269 5202 Lezana
1295 5128 1399 5202 (De
1429 5130 1627 5202 Discip.
1646 5116 1785 5188 mon.
1812 5150 1860 5188 c.

418 5208 437 5241 ι
462 5190 723 5277 Facilius,
743 5189 942 5277 inquit,
985 5198 1262 5277 crederem
1302 5189 1720 5277 ltominein'sine
1749 5206 1867 5259 ani-

278 5274 391 5341 ma,
437 5278 598 5329 quant
632 5266 1266 5341 religionemperfectam
1300 5273 1417 5328 sine
1443 5275 1685 5329 oratione
1738 5292 1869 5331 con-

278 5337 520 5396 sistere;
568 5350 666 5412 nec
719 5337 898 5412 minus
955 5339 1247 5409 improprie
1297 5349 1527 5399 cadaver
1570 5349 1864 5412 hominem,

278 5415 452 5489 quatit
469 5404 769 5489 regularem
796 5409 916 5465 sine
937 5404 1179 5468 oratione
1220 5414 1523 5482 perfectum
1554 5404 1864 5489 religiosum

278 5474 550 5555 appellare
582 5475 727 5555 licet.
761 5492 783 5528 ι
846 5494 858 5507 ί

339 5543 437 5624 .Ad
464 5545 849 5627 dispositioncs
869 5550 1011 5615 quod
1038 5563 1274 5620 spectat,
1308 5559 1427 5612 aliae
1464 5569 1591 5615 sunt
1619 5570 1865 5627 remotaz,

280 5614 404 5697 alia:
437 5617 691 5697 proxima:
723 5629 990 5697 {remotae
1019 5614 1344 5697 suntcordis
1390 5614 1872 5697 mundities,isse1

283 5686 545 5763 cularium
576 5690 910 5763 negotiorum
936 5692 1078 5763 fuga,
1114 5695 1422 5763 passionum
1454 5707 1507 5753 et
1526 5686 1867 5755 alfectionum

282 5758 627 5842 mortificatio
651 5758 667 5826 ξ
692 5763 973 5842 ρεοιὶςῃεε,
992 5758 1167 5842 locus,
1194 5779 1424 5842 tempus,
1457 5773 1699 5837 attentio,
1736 5782 1867 5834 etc.,

283 5845 402 5899 quas
432 5833 616 5900 paucis
641 5848 702 5887 ex
732 5833 977 5891 Patribus
1006 5837 1281 5906 probanda
1305 5833 1457 5896 sunt.

572 5947 842 6009 I’ATROL.
874 5950 1141 6031 ωίνις

1876 1828 1923 1889 Β

1937 510 2114 564 cordis
2145 506 2381 574 put-itas;
2428 524 2548 564 nam
2574 509 2697 563 licet
2738 509 2912 563 oratio
2956 508 3028 561 sit
3053 507 3147 563 Dei
3194 506 3419 572 donum,
3467 520 3527 563 et

1943 599 1960 629 ε
1988 580 2152 635 divini
2204 582 2442 636 muneris
2481 582 2780 645 largitatem
2823 580 2923 634 sub
2961 579 3144 650 regula
3200 578 3529 633 concludere

1937 661 2180 706 nostrum
2208 668 2311 706 non
2349 652 2480 715 sit,»
2536 664 2594 705 ut
2650 653 2723 705 ait
2780 650 3054 706 Gilbertus
3109 650 3177 704 de
3220 650 3529 704 lloillandia

1939 722 2135 788 (Serm.
2166 723 2231 777 l7
2281 724 2336 776 in
2363 720 2573 793 Cum);
2615 740 2633 773 ‹
2669 724 2713 776 si
2742 722 2868 792 quid
2900 732 3077 776 tamen
3109 721 3176 776 ad
3216 720 3331 775 haec
3356 731 3533 787 potest

1938 793 2173 848 ltu‘mana
2202 794 2462 848 industria
2490 796 2792 862 cooperari,
2822 793 2951 848 illud
2974 794 3204 862 primum
3220 793 3527 847 observate:

1940 864 2235 931 Lavamini,
2265 864 2448 920 mundi
2473 875 2666 919 estote.
2709 884 2727 916 ι
2782 865 2844 919 Et
2878 880 3010 919 sane
3062 865 3107 918 si
3143 866 3317 919 oratio
3344 864 3413 919 sit
3452 863 3530 917 fa-

1940 935 2164 989 miliaris
2196 952 2317 990 cum
2368 936 2476 989 Deo
2506 935 2836 1004 conjunctio,
2870 952 2969 1003 qua
3000 936 3211 989 ratione
3239 950 3398 990 orare
3431 949 3529 1004 po-

1944 1007 2100 1072 terit,
2127 1008 2217 1075 qui
2245 1018 2467 1076 peccato
2496 1008 2564 1062 ab
2595 1020 2659 1060 eo
2682 1007 2963 1060 avertitur?
2997 1004 3159 1078 145
3190 1005 3360 1062 Recte
3385 1008 3533 1076 equi-

1940 1078 2062 1132 dem
2091 1079 2275 1132 Petrus
2301 1078 2539 1133 Damiani
2571 1077 2634 1130 ad
2660 1078 3025 1132 Alexandrum
3068 1077 3258 1146 papam
3287 1078 3532 1131 scribens

1944 1146 2446 1219 (Lib.‘t,ep.15):
2520 1167 2537 1196 ί
2570 1149 2627 1204 8ἰ
2675 1149 2901 1216 quilibet
2957 1150 3172 1217 ignotus
3225 1149 3535 1219 cubiculum
3584 1210 3587 1215 g

1942 1219 2085 1288 regis
2108 1218 2393 1288 irrumpat,
2455 1221 2612 1289 eique
2660 1232 2901 1289 praesens
2948 1228 3198 1288 tanquam
3252 1218 3533 1274 familiaris

1942 1292 2178 1357 assiStat,
2199 1292 2342 1362 regis
2375 1288 2551 1346 tamen
2582 1288 2818 1362 alloquio
2870 1305 2973 1343 non
3022 1290 3350 1362 perfruitur,
3404 1290 3532 1357 quia

1944 1362 2141 1415 cbarus
2167 1364 2214 1415 ei
2237 1361 2331 1432 per
2357 1361 2644 1417 anterioris
2668 1361 2869 1415 notitiae
2888 1362 3113 1430 gratiam
3142 1376 3247 1415 non
3267 1361 3529 1425 habetur;

1946 1431 2017 1485 ita
2044 1444 2211 1487 etnos
2242 1431 2505 1488 infelices
2557 1441 2611 1486 et
2636 1432 2849 1493 miseri,
2894 1433 3034 1500 quod
3081 1432 3295 1500 quidem
3327 1432 3396 1487 de
3427 1434 3532 1486 mei

1946 1504 2213 1559 similibus
2241 1506 2459 1573 loquor,
2492 1518 2635 1572 sa'pe
2660 1504 2758 1558 soli
2804 1504 2855 1557 in
2895 1512 3135 1571 angustae
3179 1504 3333 1557 cellae
3357 1518 3537 1557 remo»

1948 1574 2093 1629 tione
2117 1576 2485 1641 consistimus,
2541 1575 2652 1630 sois
2680 1573 2875 1629 divinae
2928 1573 3226 1644 majestatis
3255 1573 3535 1628 obtutibus

1949 1655 2239 1702 trementes
2263 1648 2559 1710 adstamus,
2592 1646 2826 1715 peccatis
2849 1653 3026 1699 tamen
3060 1644 3420 1711 obstantibus,
3452 1644 3541 1700 vel

1948 1716 2123 1771 intimi
2154 1717 2458 1785 splendoris
2490 1717 2811 1785 igniculum,
2840 1716 2927 1770 vel
2958 1716 3392 1783 compunctionis
3413 1731 3537 1785 gra-

1952 1788 2078 1840 tiam
2132 1803 2237 1842 non
2288 1803 2599 1852 meremur;
2652 1788 2731 1842 sic
2779 1790 2958 1857 itaque
3003 1788 3150 1842 velut
3200 1796 3325 1841 ante
3380 1787 3543 1858 Regis

1957 1858 2203 1913 videmur
2239 1868 2418 1914 astare
2447 1860 2787 1928 praesentiam
2819 1874 2836 1924 ;
2880 1859 2977 1914 sed
3020 1859 3142 1927 quia
3168 1873 3262 1926 per
3291 1858 3413 1911 vita:
3460 1873 3548 1913 re-

1954 1930 2272 1985 ctitudinem
2303 1930 2405 1984 sibi
2436 1933 2546 1985 noti
2580 1944 2685 1984 non
2717 1945 2935 1996 sumus,
2965 1929 3341 1985 collocutionis
3376 1930 3542 1984 inter-

1957 2016 2038 2054 nae
2062 2001 2404 2056 dulcedinem
2436 2017 2541 2055 non
2565 2009 2861 2070 gustamus.
2903 2020 2922 2052 ι

2028 2072 2299 2141 Secundo,
2333 2073 2400 2125 ad
2445 2072 2585 2129 bene
2613 2073 2872 2126 orandum
2919 2071 3157 2140 disponit
3200 2071 3539 2127 srecularium

1955 2142 2294 2210 negetiorum
2324 2143 2615 2207 abdicatio,
2646 2152 2705 2197 ut
2733 2143 3039 2197 scribamus
3085 2163 3104 2194 ι
3133 2143 3451 2211 sapientiam
3486 2144 3539 2197 in

1956 2222 2203 2284 tempore
2224 2215 2342 2277 otii,
2368 2229 2491 2269 nam
2518 2214 2607 2284 qui
2647 2215 2948 2268 minoratur
3006 2224 3128 2269 actu
3150 2256 3164 2277 ,
3212 2215 3547 2284 inquitprae-

1953 2282 2097 2338 fatus
2119 2282 2802 2355 Gilbertus(Loc'oritato),
2850 2285 3072 2352 recipiet
3117 2300 3258 2340 eam.
3287 2282 3328 2335 ’p
3383 2282 3538 2340 Unde

1953 2366 2007 2409 et
2040 2355 2229 2411 Petrus
2254 2356 2499 2411 Damiani
2533 2354 2696 2426 (Loco
2715 2373 2872 2424 supra
2892 2356 3070 2425 citato)
3097 2374 3109 2407 :
3149 2373 3166 2406 ι
3202 2356 3350 2410 Mens
3376 2364 3545 2411 terre-

1955 2428 2038 2499 nis
2070 2428 2419 2482 obtenebrata
2458 2427 2705 2497 negotiis,
2739 2427 2933 2481 frustra
2968 2426 3108 2499 sein
3140 2427 3547 2499 contemplatio-

1955 2498 2039 2551 nis
2064 2499 2279 2553 culmen
2311 2499 2565 2553 attollere
2616 2500 2821 2565 nititur,
2853 2502 2979 2552 dum
3011 2498 3281 2553 actionum
3327 2498 3548 2553 saecula-

1953 2569 2091 2623 rium
2125 2570 2319 2625 merito
2346 2570 2497 2639 quasi
2551 2572 2823 2637 congestis
2870 2569 3105 2638 lapidum
3140 2569 3425 2623 ruderilms
3451 2584 3547 2638 ag-

1952 2649 2240 2710 gravatur;
2278 2641 2417 2696 sicut
2468 2642 2610 2697 enim
2641 2644 2781 2696 aluta
2818 2640 3007 2705 calcei,
3052 2653 3337 2708 posiquam
3372 2656 3465 2707 per
3493 2642 3551 2694 li-

1953 2726 2103 2766 mosa
2130 2712 2223 2766 luti
2272 2713 2468 2768 fluenta
2510 2712 2808 2775 transierit,
2860 2727 2967 2766 non
3013 2713 3248 2765 admittit
3276 2711 3540 2779 arvinam,

1952 2784 2031 2852 sic
2054 2798 2205 2837 mens
2239 2784 2495 2852 humana,
2526 2784 2627 2837 nisi
2657 2784 2725 2837 ab
2758 2784 2983 2838 humore
3010 2782 3174 2837 fuerit
3208 2797 3350 2836 cura:
3372 2797 3544 2836 saecu-

1953 2851 2082 2909 laris
2112 2864 2292 2917 exuta,
2344 2870 2451 2909 non
2485 2851 2715 2925 percipit
2766 2867 3013 2922 supernae
3036 2854 3397 2925 pinguedinis
3427 2869 3549 2921 gra-

1953 2925 2117 2986 tiam,
2152 2946 2170 2976 ι
2222 2934 2359 2990 etc.;
2427 2922 2795 2981 et'Gilhertns
2835 2925 2903 2978 de
2950 2924 3246 2977 Hoillandia
3282 2922 3477 2993 (Serm.
3515 2926 3540 2977 1

1952 2995 2005 3048 in
2036 2996 2213 3062 Cant.)
2249 2996 2492 3051 scribens
2517 2997 2568 3049 in
2600 2997 2725 3050 illud
2746 2994 3112 3057 Canticorum,
3142 2995 3207 3047 In
3235 2994 3417 3047 lectulo
3435 3011 3544 3047 meo

1954 3082 2046 3149 per
2066 3076 2235 3149 noctes
2263 3069 2474 3149 quiasivi
2494 3083 2641 3149 quem
2658 3067 2830 3149 diligit
2849 3066 3022 3149 anima
3055 3081 3255 3149 meai;
3283 3066 3336 3118 lu
3370 3065 3543 3129 turba,

1954 3136 2148 3208 inquit,
2182 3140 2231 3192 in
2278 3136 2613 3207 'publico’vix
2665 3136 2899 3205 tangitur
2927 3136 3115 3201 Jesus;
3170 3136 3290 3191 ideo
3321 3150 3544 3205 spoiisa,

1877 3225 1922 3289 ρ
1954 3225 2074 3333 ﬂuit:
2105 3224 2210 3263 non
2231 3220 2433 3263 tantum
2454 3220 2692 3280 tangere,
2717 3209 2813 3263 sed
2844 3209 3136 3275 amplexari
3157 3218 3209 3261 et
3257 3218 3547 3262 attrectare

1992 3280 2246 3333 esiderat.
2272 3281 2517 3333 devitans
2540 3281 2832 3333 publicum.
2884 3279 3043 3333 eletzit
3087 3289 3352 3333 secretum
3379 3288 3436 3333 et
3473 3281 3547 3333 le-

1992 3280 2246 3347 esiderat,
2272 3281 2517 3336 devitans
2540 3279 2832 3350 publicum,
2884 3279 3043 3349 elegit
3087 3289 3352 3335 secretum
3379 3288 3436 3334 et
3473 3281 3547 3334 le-

1953 3350 2080 3405 ctuli
2110 3363 2165 3407 et
2193 3353 2383 3407 noetis.
2421 3373 2439 3403 ι
2782 3352 2788 3358 ’
3414 3376 3423 3385 -

2026 3422 2235 3485 Tertio,
2268 3425 2479 3478 sincera
2502 3438 2812 3492 passuonum
2845 3432 2899 3478 et
2944 3422 3125 3477 carnis
3180 3422 3575 3493 mortificatio,‘

1957 3502 2014 3548 ut
2038 3492 2286 3548 familiari
2329 3496 2427 3549 hac
2475 3494 2825 3551 similitudine
2852 3495 3187 3549 demonstrat
3224 3495 3414 3547 Pv-trus
3447 3494 3549 3546 Da-

1958 3567 2120 3620 tniani
2154 3565 2314 3636 (Loco
2334 3565 2447 3635 cit.)
2476 3583 2490 3622 :
2544 3585 2562 3618 ς
2594 3567 2747 3623 Sicca
2780 3567 2984 3620 chorda
3014 3565 3218 3619 clarum
3254 3565 3545 3619 harmoniae

1956 3639 2225 3702 sonitum,
2253 3638 2468 3692 humida
2497 3639 2675 3693 reddit
2704 3638 2977 3701 obtusum,
3006 3645 3318 3706 tympanum
3337 3650 3550 3707 quoque

1958 3711 2179 3762 surdum
2207 3719 2395 3774 sonat,
2420 3712 2463 3763 si
2486 3710 2711 3778 quilibet
2737 3724 2859 3763 eum
2892 3709 3083 3761 humor
3114 3709 3387 3762 humectat
3415 3722 3431 3761 :
3472 3707 3549 3760 sic

1961 3793 2183 3834 necesse
2207 3789 2308 3844 est,
2335 3792 2393 3833 ut
2424 3795 2579 3835 mens
2606 3782 2837 3834 humana
2866 3794 2895 3832 a
2929 3779 3109 3833 carnis
3157 3782 3429 3848 voluptate
3482 3779 3553 3832 sit

1958 3850 2128 3910 arida.
2188 3860 2453 3921 quatenus
2504 3852 2557 3905 in
2594 3851 2687 3905 Dei
2726 3850 3114 3919 omnipotentis
3171 3850 3390 3905 auribus
3430 3852 3547 3919 ejus

1959 3924 2130 3975 oratio
2159 3924 2228 3975 sit
2254 3937 2465 3991 arguta.
2506 3942 2524 3974 ι

2030 3992 2255 4058 Quarto,
2303 4005 2461 4063 aptus
2517 3995 2839 4063 qumrendus
2867 4002 2950 4047 est
2980 3993 3129 4063 locus
3167 3991 3231 4045 ad
3265 3992 3551 4056 orandum,

1960 4064 2210 4118 nitnirum
2236 4062 2497 4131 remotus,
2526 4062 2579 4118 et
2599 4065 2666 4119 ab
2690 4065 2835 4118 omni
2866 4062 3095 4117 tumultu
3125 4072 3393 4126 secretus;
3429 4078 3550 4117 nam

1960 4146 2017 4189 et
2038 4135 2286 4189 Christus
2300 4152 2459 4190 mare
2498 4135 2985 4191 volentetnintrare
3009 4134 3309 4188 cubiculum
3329 4136 3555 4188 ostium—

1961 4222 2066 4275 que
2086 4207 2334 4262 claudere
2356 4208 2527 4276 jubet.

2032 4278 2261 4343 Quinto,
2308 4297 2326 4330 ί
2359 4274 2472 4331 non
2504 4278 2664 4332 modo
2711 4279 2909 4341 locum,
2956 4275 3130 4345 inquit
3157 4275 3213 4330 S.
3248 4274 3555 4332 Bcrnardus
3642 4318 3645 4319 ν

1964 4346 2158 4415 (Serm.
2190 4349 2261 4404 86
2287 4351 2342 4404 in
2357 4349 2560 4420 Cant),
2593 4348 2685 4405 sed
2707 4359 2762 4404 et
2794 4358 3001 4420 tempus
3033 4348 3323 4402 observare
3345 4357 3559 4417 oportet

1963 4434 2107 4481 eum,
2141 4425 2229 4488 qui
2262 4422 2365 4476 sibi
2395 4417 2553 4476 orare
2579 4421 2826 4475 voluerit.
2862 4417 3098 4487 Tempus
3131 4420 3375 4475 feriatum
3409 4434 3557 4473 com-

1966 4491 2176 4548 modius
2206 4496 2533 4563 aptiusque;
2581 4495 2812 4547 maxime
2852 4502 3035 4563 autem
3068 4506 3188 4545 cum
3230 4492 3553 4561 profundum

1967 4562 2263 4619 nocturnus
2292 4562 2660 4635 seperindicit
2682 4562 2977 4635 silentium,
3002 4572 3127 4635 tunc
3154 4563 3308 4631 plane
3334 4563 3555 4635 libCI‘lOl‘

1972 4635 2076 4688 erit
2127 4634 2415 4705 puriorque
2467 4636 2685 4691 oratio:
2737 4634 3001 4703 Consurge
3043 4634 3105 4705 in
3152 4646 3317 4697 nocte,
3365 4634 3557 4701 inquit,

1971 4709 2024 4758 in
2054 4707 2307 4776 principio
2326 4702 2616 4778 vigiliarum
2643 4716 2849 4778 tuarum
2873 4745 2887 4768 ,
2913 4702 2970 4778 et
2993 4702 3199 4778 e/I'ttnde
3221 4707 3349 4759 sicut
3372 4721 3560 4774 aquam

1971 4793 2058 4829 cor
2080 4787 2222 4830 tuum
2253 4776 2719 4847 mtte‘cortspectum
2768 4776 2974 4829 Domini
3012 4777 3105 4831 Dei
3133 4778 3222 4829 tui.
3277 4779 3446 4847 Quam
3475 4790 3564 4828 se-

1973 4863 2097 4901 cura
2150 4849 2391 4902 ascendit
2438 4851 2506 4903 de
2553 4856 2710 4904 nocte
2758 4847 2965 4911 oratio,
3019 4850 3133 4898 solo
3179 4849 3381 4900 arbitro
3422 4846 3552 4911 Deo,

1974 4927 2267 4988 sanctoque
2301 4920 2516 4990 angelo,
2574 4920 2663 4986 qui
2695 4919 2836 4972 illam
2861 4932 3094 4986 superno
3139 4917 3291 4972 altari
3334 4919 3565 4987 suseipit

1975 4991 2403 5058 prtesentandam
2443 4994 2454 5044 !
2523 5005 2682 5061 quam
2728 4997 2875 5060 grata
2936 4999 2989 5041 ιιι
3038 4990 3208 5061 lucida
3256 4991 3561 5044 verecundo

1974 5062 2208 5116 colorata
2250 5063 2446 5116 rubore
2480 5063 2493 5116 !
2544 5060 2706 5131 quam
2737 5074 2925 5114 serena
2957 5073 3010 5113 et
3051 5060 3258 5128 placida
3290 5062 3437 5117 nullo
3479 5062 3564 5116 in-

1972 5133 2266 5187 terturbata
2295 5134 2553 5197 clamore,
2589 5134 2669 5187 vel
2704 5134 2966 5200 strepitu!
3001 5151 3018 5182 ›
3046 5142 3151 5185 etc.

2045 5203 2231 5268 Sexto,
2265 5219 2469 5259 summa
2502 5203 2792 5271 requiritur
2818 5204 3077 5265 attentio;
3136 5219 3280 5263 nam.
3315 5213 3374 5257 ut
3399 5203 3475 5257 ait
3501 5202 3560 5257 8.

1973 5275 2273 5345 Cyprianus
2304 5274 2405 5345 (De
2422 5276 2569 5330 Orat.
2596 5276 2829 5329 Dominic
2853 5276 2913 5342 λ),
2956 5293 2974 5325 i
3006 5291 3125 5345 qua:
3154 5285 3236 5329 est
3265 5275 3364 5329 ista
3395 5275 3568 5344 segni-

1977 5347 2047 5400 tia
2077 5348 2297 5401 alienari
2345 5357 2399 5401 et
2429 5349 2542 5417 rapi
2582 5347 2997 5416 cogitatiombns
3027 5347 3173 5410 inept
3197 5363 3222 5399 s
3252 5356 3305 5399 et
3329 5346 3565 5414 profanis

1977 5433 2099 5472 cum
2134 5419 2414 5472 Dominum
2441 5419 2752 5487 deprecaris
2776 5457 2788 5480 ,
2820 5418 2970 5486 quasi
2995 5420 3077 5485 (sit
3106 5417 3247 5471 altud
3276 5417 3417 5484 quod
3453 5431 3569 5470 ma-

1978 5490 2057 5560 gis
2082 5488 2281 5544 debeas
2311 5492 2550 5560 cogitare
2573 5530 2586 5549 ,
2639 5504 2799 5558 quam
2842 5488 2999 5559 1m
3022 5490 3161 5557 quod
3193 5502 3313 5539 cum
3346 5487 3461 5560 Deo
3489 5488 3568 5539 ln-

1977 5558 2202 5629 queris?
2236 5558 2509 5627 quomodo
2537 5572 2589 5615 te
2633 5561 2804 5615 audiri
2846 5558 3134 5627 postulas,
3185 5573 3308 5611 cum
3354 5566 3403 5611 te
3452 5558 3567 5626 ipse

1980 5647 2086 5685 non
2117 5632 2337 5687 audias?
2366 5631 2460 5686 Vis
2482 5646 2602 5686 esse
2622 5631 2787 5687 Deum
2819 5645 3111 5683 memorem
3145 5630 3218 5682 tui
3241 5644 3362 5681 cum
3390 5644 3565 5699 rogas,

1980 5703 2194 5772 quando
2225 5715 2276 5757 tu
2310 5705 2422 5771 ipse
2451 5718 2657 5757 memor
2683 5704 2756 5769 tui
2788 5716 2890 5756 non
2920 5700 3035 5753 sis?
3074 5700 3184 5754 Iloc
3204 5710 3285 5755 est
3320 5700 3388 5754 ab
3421 5701 3568 5756 Ιιυδιιτ

1984 5775 2034 5827 in
2070 5782 2236 5827 totum
2278 5791 2381 5828 non
2429 5790 2646 5836 cavere,
2704 5776 2803 5826 hoc
2830 5783 2934 5835 est,
2960 5773 3176 5841 quando
3223 5787 3344 5826 oras
3381 5774 3568 5840 Deum,

1984 5846 2317 5911 maiestatem
2354 5844 2445 5900 Dei
2476 5845 2796 5913 negligentia
2821 5844 3080 5898 orationis
3116 5845 3412 5900 offendere.
3458 5865 3474 5895 υ

3108 5955 3176 6016 11
