4102 6360
274 307 382 364 333

278 484 694 564 praescriptum;
727 483 924 564 quanto
952 483 1118 564 magis
1148 483 1236 555 qui
1265 487 1332 541 ad
1359 485 1570 564 pietstis
1592 483 1872 564 et__sanct_i-

279 555 482 618 inooias
511 555 867 632 disciplinam
916 555 1231 632 accedentes
1265 557 1432 614 semel
1479 557 1580 612 hoc
1611 555 1714 610 sibi
1744 557 1874 632 ipsis

279 629 689 706 persuaserunt,
719 633 859 702 quod
908 631 1061 706 apud'
1096 632 1253 685 istum
1297 639 1681 706 praeceptorem
1718 629 1875 706 talem

283 700 570 762 scientiam
596 700 875 774 acquirere
900 700 1133 768 valeant,
1153 717 1365 758 omnem
1395 700 1878 774 obtemperantiam

286 786 343 834 et
370 771 763 833 exactissimam
792 775 1149 831 obvdientiam
1180 772 1483 844 praepositis
1513 773 1623 827 suis
1652 771 1876 844 exhibe:

283 848 452 915 bunt,
496 857 551 904 et
596 865 700 902 non
751 849 966 914 exigent
1015 841 1403 918 prtece‘ptorum
1452 845 1751 909 rationem,
1786 841 1878 918 sed

284 913 660 991 Opus'illorum
692 913 990 990 perﬁcient,
1015 913 1119 973 nisi
1149 913 1286 991 forte
1311 926 1570 991 quantum
1601 931 1696 971 eos
1725 913 1881 984 quid-

286 989 414 1072 quid
446 992 535 1046 .ad
593 989 819 1072 salutem
874 991 1140 1072 conducat
1193 989 1476 1072 ignorant,
1533 989 1767 1072 honesta
1799 995 1879 1072 _et

288 1058 614 1172 dompeteoti
672 1064 969 1122 reverentia
1041 1058 1370 1132 interrogare
1429 1068 1482 1116 et
1533 1060 1724 1114 instrui
1783 1058 1882 1113 de-

288 1142 374 1172 pol
433 1155 450 1172 ι

288 1142 404 1190 cett
431 1155 450 1187 ι

365 1206 518 1273 Quod
544 1215 723 1262 autem
751 1207 811 1261 8.
845 1204 1166 1261 Benedictus
1196 1204 1269 1258 ait
1294 1203 1350 1258 in
1380 1201 1612 1258 omnibus
1653 1201 1879 1269 obedire,

292 1272 450 1334 caute
478 1288 558 1332 est
585 1277 1011 1348 intelligendum.
1037 1275 1167 1331 Nam
1203 1272 1599 1348 primo.quoad_
1633 1281 1880 1348 peccata,

296 1349 445 1404 nulla
475 1350 700 1405 debetur
733 1345 968 1419 prmlatis
997 1363 1059 1403 ea
1092 1345 1884 1419 praecipientibusobedientia,

296 1426 357 1475 ut
379 1419 578 1476 docent
603 1417 748 1476 inter
774 1421 909 1474 alios
939 1419 998 1476 S.
1032 1420 1260 1474 Basilius
1287 1419 1338 1473 in
1371 1417 1591 1485 Regulis
1623 1417 1771 1471 brev.
1806 1419 1885 1469 in-

299 1501 429 1546 terr.
480 1491 598 1560 114,
652 1492 710 1547 8.
759 1492 1063 1548 Bernardus
1117 1490 1292 1547 Serm.
1349 1491 1418 1560 41
1455 1490 1521 1543 de
1554 1487 1781 1560 diversis
1831 1496 1887 1558 et

298 1564 523 1630 cpistola
546 1564 600 1628 7,
626 1563 817 1619 Petrus
847 1563 1114 1619 Ble‘eusis
1143 1563 1298 1632 epist.
1331 1559 1453 1627 1'51,
1479 1570 1533 1615 et
1561 1559 1618 1615 8.
1645 1559 1883 1614 Theresa

300 1632 353 1688 in
379 1633 801 1690 Fundationibus
825 1650 1041 1690 suorum
1075 1633 1515 1689 monasteriorum
1540 1647 1658 1701 cap;
1687 1632 1774 1685 17.

371 1705 638 1772 Secundo,
686 1723 784 1761 nec
834 1717 1010 1776 potest
1056 1706 1219 1760 abbas
1268 1701 1882 1776 monacliis_quidqttam

299 1777 443 1848 quod
475 1792 579 1832 non
609 1778 677 1832 sit
705 1778 757 1832 in
789 1773 1012 1848 Regula,
1039 1787 1130 1830 aut
1155 1778 1344 1831 saltem
1375 1774 1668 1848 secundum
1700 1773 1879 1848 Regu-

303 1847 411 1918 lam
441 1849 730 1918 imperare.
761 1844 937 1904 nec'ei
966 1863 1032 1902 co
1073 1863 1198 1901 casu
1246 1856 1493 1918 tenentur
1541 1844 1732 1918 fratres
1760 1847 1890 1918 obe-

300 1915 438 1974 dire.
476 1915 549 1974 lta
578 1919 739 1974 doert
780 1919 967 1974 Petrus
1012 1918 1340 1974 Venerabilis
1369 1919 1433 1972 ad
1464 1917 1520 1971 8.
1554 1916 1887 1972 Bernardum

301 1989 550 2046 scribens
599 1990 652 2044 in
699 1989 816 2044 hate
856 1991 1017 2044 verba
1067 1988 1201 2058 (Lib.
1246 2006 1281 2054 ι,
1312 2007 1390 2057 ep.
1420 1989 1512 2048 28.
1543 1988 1634 2041 sub
1667 1988 1886 2055 ﬁnem):

308 2078 328 2111 ε
367 2061 516 2116 Sicut
547 2076 640 2116 eos
670 2063 783 2130 qui,
813 2060 1200 2115 oblectamenta
1235 2061 1414 2114 mundi
1458 2061 1740 2130 fugientes,
1772 2059 1890 2122 ejus

300 2146 497 2200 aspera
547 2132 617 2187 ob
668 2135 841 2201 majus
890 2132 1137 2187 meritum
1191 2132 1422 2186 discrete
1471 2131 1889 2200 amplectuntur,

301 2206 524 2258 omnino
573 2201 774 2259 scimus
818 2218 939 2260 esse
985 2201 1308 2268 laudandos;
1354 2204 1432 2258 sic
1463 2202 1580 2257 illos
1636 2203 1724 2271 qui
1755 2201 1891 2258 alios

305 2273 372 2328 ad
404 2274 453 2327 id
486 2275 626 2342 quod
661 2290 765 2329 non
811 2283 1229 2342 proposuerunt,
1261 2285 1316 2329 et
1343 2276 1483 2344 quod
1515 2289 1616 2326 non
1649 2273 1890 2341 expedit,

305 2345 574 2416 violenter
619 2361 810 2416 cogere
855 2347 1060 2407 volunt,
1090 2347 1320 2400 dicimus
1363 2362 1472 2400 non
1501 2360 1622 2401 esse
1671 2358 1892 2416 prorsus

303 2413 470 2544 ξω
515 2413 872 2472 audiendos.»
930 2419 992 2471 Et
1016 2417 1094 2499 ⁹8.
1134 2417 1436 2502 Bernartius
1477 2420 1530 2471 in
1567 2417 1793 2497 epistola
1825 2415 1891 2499 ad

351 2504 580 2544 unonetu
610 2489 857 2543 abbatem
885 2487 941 2544 S.
965 2489 1166 2544 Nicolat
1190 2489 1380 2544 (bmst.
1412 2489 1506 2544 841
1532 2505 1543 2542 :
1575 2506 1594 2540 ε
1626 2488 1891 2544 lnvuandt

351 2487 580 2544 imonetu
610 2489 857 2543 abbatem
885 2487 941 2545 S.
965 2489 1166 2544 Nicolai
1190 2489 1380 2559 (Epist.
1412 2489 1506 2557 84)
1532 2505 1543 2542 :
1575 2506 1594 2540 ε
1626 2487 1894 2546 lnvitandi

305 2568 432 2613 sunt
456 2559 521 2614 ad
548 2561 835 2615 arctiorem
867 2561 1048 2626 vitam,
1086 2577 1190 2616 non
1218 2560 1465 2631 cogendi,
1492 2561 1685 2630 quibus
1712 2560 1894 2629 utique

307 2631 477 2701 semel
520 2633 571 2686 in
616 2631 804 2686 ordine
851 2631 1188 2688 Cluniacensi
1232 2647 1466 2701 praeesse
1507 2633 1888 2688 tonsensisti.»

309 2700 590 2757 Rationem
640 2704 767 2758 alibi
820 2703 957 2758 hanc
1003 2704 1180 2759 reddit
1207 2700 1263 2759 S.
1292 2705 1482 2760 doctor
1520 2703 1622 2772 (De
1651 2702 1820 2759 Prtec.
1849 2712 1896 2758 et

307 2773 446 2844 disp.
473 2791 522 2828 c.
551 2773 607 2847 4)
636 2792 648 2827 :
680 2794 697 2825 ι
721 2773 839 2830 Non
869 2791 1052 2847 parum
1085 2776 1285 2847 prmlati
1317 2775 1682 2845 praescribitur
1704 2776 1895 2847 volun-

311 2847 427 2918 tati,
455 2846 597 2916 quod
626 2847 672 2901 is
696 2848 784 2916 qui
809 2846 1112 2915 profitetur,
1141 2848 1369 2915 spondet
1390 2847 1607 2918 quidem
1638 2846 1894 2902 obedien-

311 2916 465 2985 tiam,
497 2933 602 2974 non
633 2931 811 2972 tamen
863 2919 1250 2986 onmimodam,
1276 2920 1368 2974 sed
1413 2916 1772 2973 determinate
1814 2932 1900 2974 se-

309 2990 542 3042 cundum
573 2990 856 3058 Regulam,
884 3005 984 3046 nec
1028 2990 1186 3045 aliatn
1229 3006 1388 3060 quam
1419 2990 1480 3046 S.
1516 2989 1810 3056 Benedicti,
1841 2998 1901 3044 ut

308 3068 558 3127 operteat
583 3075 705 3116 eum
736 3061 826 3130 qui
858 3069 1054 3130 praeest
1095 3076 1202 3116 non
1247 3063 1394 3116 frena
1425 3076 1538 3117 sure
1577 3061 1760 3116 laxare
1797 3077 1896 3114 vo-

311 3132 503 3204 luntati
532 3147 693 3201 super
731 3132 997 3198 subditos,
1031 3134 1122 3188 sed
1155 3133 1429 3201 prtulisam
1471 3148 1535 3188 ex
1562 3132 1772 3204 (Regula
1797 3132 1898 3188 sibi

311 3202 458 3277 scire
485 3219 816 3277 mensuram,
841 3205 996 3277 et_sic
1019 3220 1112 3258 sua
1135 3206 1350 3260 demum
1381 3203 1606 3277 imperia
1631 3202 1896 3277 moderari
1927 3211 1976 3277 α

310 3272 456 3329 circa
484 3273 536 3330 id
566 3275 740 3330 solum
778 3275 922 3343 quod
968 3286 1173 3330 rectum
1210 3293 1330 3332 esse
1371 3276 1693 3342 constiterit,
1729 3291 1901 3344 neque

311 3346 596 3417 quodlibet
624 3361 851 3414 rectum,
883 3347 980 3402 sed
1029 3349 1130 3402 hoc
1174 3356 1378 3403 tantum
1420 3347 1561 3417 quod
1612 3348 1901 3416 praedictus

313 3416 478 3489 Pater
517 3417 766 3483 instituit,
791 3427 883 3472 aut
923 3429 1072 3474 certe
1114 3420 1254 3489 quod
1298 3421 1363 3474 sit
1416 3416 1711 3489 secundum
1759 3417 1902 3488 quod

313 3488 574 3553 instituit;
615 3489 696 3544 sic
733 3504 793 3544 se
841 3489 1036 3558 quippe
1081 3488 1240 3545 habet
1295 3491 1555 3556 professio
1581 3509 1594 3543 :
1620 3488 1898 3555 Promitto,

312 3573 425 3632 non
473 3559 724 3632 quiderm
752 3560 1030 3632 Regulam,
1083 3563 1175 3617 seti
1230 3563 1567 3616 obl-clientium
1620 3564 1905 3616 secundum

318 3630 572 3713 Regulam
689 3630 969 3697 Benedicti,
998 3650 1102 3689 non
1131 3634 1411 3688 secundum
1431 3632 1743 3688 voluntatem
1775 3649 1907 3703 pra:-

317 3711 490 3771 posttt',
517 3722 535 3754 ι
568 3711 675 3757 etc.

391 3774 593 3843 Tertio,
625 3775 766 3830 sicut
806 3776 939 3830 nihil
985 3777 1148 3842 ultra,
1181 3776 1251 3830 ita
1280 3776 1407 3831 nihil
1438 3785 1622 3831 contra
1654 3787 1743 3831 aut
1773 3779 1906 3829 citra

319 3843 580 3915 Regulam
607 3848 772 3901 abbas
797 3847 990 3916 jubere
1013 3860 1208 3916 potest,
1233 3865 1284 3902 γ.
1317 3864 1394 3918 g.,
1417 3864 1551 3902 sano
1582 3847 1909 3902 manducare

317 3931 534 3990 carnes,
564 3932 595 3973 a
622 3922 900 3975 nocturnis
942 3920 1131 3974 abesse
1179 3919 1396 3990 vigiliis,
1429 3929 1520 3974 aut
1561 3920 1761 3989 aliquid
1812 3923 1910 3973 hu-

315 3986 575 4058 iusmodi,
609 4004 706 4045 nec
737 3991 825 4045 tali
858 3991 1048 4045 fratres
1080 3986 1327 4046 teneiiiur
1356 3986 1729 4059 obtemperare
1759 4005 1911 4045 man-

319 4060 504 4132 dato:
553 4080 572 4112 ι
635 4063 773 4132 Ergo
823 4077 922 4117 nec
980 4061 1188 4131 prmlati
1238 4063 1445 4128 jttssio,
1498 4063 1670 4131 inquit
1713 4063 1907 4116 iterum

317 4131 382 4185 S.
415 4131 727 4189 Bernardus
751 4133 850 4205 (De
873 4134 1044 4188 Prisc.
1074 4134 1300 4204 ειτηερ..
1325 4151 1370 4189 c.
1405 4136 1483 4200 5),
1509 4135 1587 4189 vel
1623 4133 1910 4203 prohibitio

326 4212 436 4253 non
506 4214 789 4276 praetereat
867 4206 1125 4259 terminos
1191 4205 1569 4276 professionis;
1615 4219 1715 4260 nec
1774 4207 1910 4259 ultra

323 4273 542 4345 extendi
573 4286 765 4345 potest.
800 4291 900 4331 nec
927 4277 1171 4332 contrahi
1191 4273 1332 4332 'citra
1355 4296 1366 4329 :
1390 4277 1519 4330 nihil
1543 4291 1628 4331 me
1659 4277 1911 4345 praelatus

327 4342 613 4419 prohibeat
643 4343 831 4399 horttm
855 4361 972 4413 quae
1006 4347 1246 4413 promisi,
1271 4363 1370 4404 nec
1401 4349 1521 4416 plus
1543 4342 1725 4419 exigat
1751 4363 1909 4418 quam

327 4416 582 4483 promisi;
613 4427 734 4471 vota
777 4430 894 4471 mea
942 4431 1049 4470 non
1094 4429 1285 4486 augeat
1315 4422 1432 4475 sine
1459 4435 1576 4474 mea
1612 4416 1909 4484 voluntate,

328 4499 434 4561 nec
460 4487 665 4541 minuat
691 4491 807 4542 sine
852 4498 998 4542 certa
1050 4490 1425 4545 necessitate.»
1465 4491 1620 4546 Ratio
1664 4503 1745 4546 est
1790 4493 1911 4561 quia

333 4575 355 4608 ι
389 4559 593 4631 absque
623 4562 943 4614 necessitate
981 4563 1230 4615 remissio
1259 4568 1366 4617 voti
1412 4576 1518 4616 non
1552 4559 1908 4631 diSpensa‘tio,

328 4627 825 4702 sedpmvaricatio
850 4640 950 4697 est,
981 4650 1000 4684 ι
1029 4643 1078 4686 ut
1112 4635 1342 4702 loquitur
1369 4633 1507 4687 idem
1543 4637 1598 4690 8.
1629 4627 1835 4688 doctor.

404 4699 620 4776 Etiamsi
666 4703 792 4771 ipse,
822 4704 961 4772 quod
1005 4699 1347 4776 absitpallter
1374 4703 1546 4776 agat]
1591 4707 1918 4760 Oberlientes

330 4774 747 4854 §W310II.PCEPi_
763 4783 1069 4844 praecepto:
1100 4775 1266 4854 Servi,
1296 4778 1488 4854 subditi
1509 4774 1666 4854 estote
1693 4779 1746 4854 in
1778 4781 1914 4854 omni

329 4845 514 4898 timore
555 4845 795 4909 dontinis,
846 4861 947 4900 non
996 4857 1194 4900 tantum
1240 4851 1380 4901 bonis
1429 4858 1474 4902 et
1516 4850 1776 4914 modestis,
1829 4851 1920 4903 sed

330 4916 718 4989 etiamdiecolis
740 4933 758 4971 :
784 4920 834 4971 in
864 4917 949 4971 his
977 4922 1120 4973 enim
1149 4919 1238 4988 jus
1268 4930 1322 4974 et
1354 4929 1588 4989 potestas
1620 4921 1916 4989 imperandi

331 4987 552 5053 residet,
603 5005 632 5042 a
677 5002 782 5058 qua
831 4997 930 5043 nec
983 4987 1425 5045 tualis’morih'us
1478 4987 1766 5055 excidunt,
1819 5008 1917 5046 nec

331 5058 510 5124 minus
536 5074 695 5130 quam
725 5062 871 5128 boni",
897 5060 1092 5116 Christi
1125 5063 1178 5114 in
1210 5078 1308 5116 nos
1339 5068 1485 5118 vices
1514 5074 1707 5132 gerunt
1732 5081 1744 5116 :
1775 5064 1915 5117 unde

331 5134 577 5207 apposite
601 5132 670 5207 ad
693 5133 841 5207 (hunc
865 5134 1048 5207 locum
1077 5135 1266 5188 Petrus
1296 5134 1537 5189 Datniani
1573 5135 1790 5207 (ϐραδυ.
1826 5136 1913 5206 15,

331 5215 380 5277 ς.
402 5200 497 5273 20)
522 5221 535 5256 :
562 5221 580 5252 ς
609 5202 804 5271 Nolite,
829 5204 927 5269 ait,
945 5205 1012 5260 de
1035 5216 1336 5261 vestrorum
1364 5200 1602 5276 priorum
1631 5200 1914 5277 perperam

331 5270 485 5348 forte:
525 5270 816 5330 viventium
867 5278 1074 5348 meritis
1121 5270 1415 5347 disputare,
1446 5287 1499 5331 ιιι
1546 5270 1653 5333 non
1700 5270 1800 5348 qua
1834 5279 1916 5333 via

331 5344 668 5420 gradiuntur,
700 5349 794 5401 sed
839 5346 992 5417 cujus
1041 5350 1154 5402 vice
1205 5344 1496 5420 funguntur
1547 5344 1914 5419 attendentes,

331 5416 440 5470 illis
466 5417 518 5469 in
545 5417 758 5471 ειη-ἰδιο
789 5416 1060 5474 humiliter
1088 5416 1356 5475 obediteir

406 5486 660 5563 Memora:
679 5485 812 5542 illud
839 5490 1147 5563 dominicum
1172 5503 1480 5563 praeceptum
1501 5509 1520 5548 :
1550 5514 1568 5546 (
1599 5495 1724 5561 Qua:
1745 5495 1920 5548 dicunt

327 5560 514 5630 facite;
536 5575 648 5634 qua!
667 5559 1046 5634 auteiitfariunt
1059 5559 1231 5634 (facere
1252 5559 1426 5617 nolite.
1443 5584 1461 5615 ι
1484 5567 1599 5634 Quo
1616 5559 1917 5634 respexisse

329 5634 542 5686 videtur
590 5632 778 5705 Petrus
828 5632 1095 5686 Blesensis
1122 5672 1134 5695 ,
1169 5645 1288 5685 cum
1343 5638 1474 5687 dixit
1514 5631 1721 5704 (Epist.
1752 5635 1912 5705 151):

330 5721 350 5754 ο
389 5705 443 5759 Si
474 5714 652 5758 autem
696 5701 818 5758 vine
865 5705 1135 5771 nequioris
1183 5713 1265 5758 est
1311 5705 1497 5770 abbas,
1525 5701 1806 5760 ‘cimnen
1851 5701 1918 5762 ex

320 5777 585 5830 charitate
631 5777 851 5832 obedire
901 5786 1142 5844 oportet;
1177 5777 1434 5843 scriptum
1469 5787 1547 5832 est
1573 5779 1754 5832 cnim:
1791 5779 1919 5844 ριιω

319 5847 497 5900 dicunt
527 5849 700 5918 facite,
723 5863 836 5918 qua:
863 5857 1031 5902 autem
1063 5849 1258 5917 faciunt
1287 5848 1453 5917 furere
1486 5850 1660 5902 nolite.
1716 5870 1732 5900 ι

1353 289 1630 357 REGULA
1672 279 2163 355 constemus.
2206 269 2361 350 car.
2406 273 2492 349 tv.

276 436 386 478 non
435 417 593 498 aliter
645 423 958 487 exspectat,
1007 430 1164 498 quam
1208 417 1356 498 juxta
1395 414 1550 498 illius
1594 414 1870 498 deﬁnitum
1903 414 1956 474 Α

1920 1817 1968 1878 Β

3469 306 3574 363 554

2055 411 2174 487 Non
2200 410 2325 487 velle
2363 411 2466 487 dici
2494 418 2726 487 sanctum
2755 422 3023 487 antequam
3047 415 3135 481 sit,
3174 418 3262 471 sed
3291 419 3440 487 prius
3464 439 3574 480 esse

1984 481 2118 551 quod
2168 482 2331 535 eert’ns
2383 481 2630 555 dicatum]
2688 480 3035 559 Sanctitatem
3105 480 3390 559 appetere,
3431 494 3573 552 bona

1983 567 2147 620 Opera
2175 568 2436 608 exercere
2465 570 2651 610 omnes
2681 555 2939 612 debemus
2960 598 2972 620 ,
3002 572 3124 613 cum
3154 555 3205 614 id
3235 555 3573 624 ante'omnia

1987 625 2125 679 Deus
2170 625 2390 693 jusserit
2432 626 2668 704 :__San_rti
2714 637 2892 695 estote,
2937 631 3182 700 quoniam
3229 649 3321 704 ego
3365 653 3573 693 sanctus

1985 711 2131 762 sum;
2161 706 2212 750 at
2239 710 2368 751 vero
2396 698 2530 752 velle
2558 699 2662 754 dici
2706 698 2957 755 sanctum
2985 715 3091 758 non
3120 714 3201 758 est
3231 698 3570 765 Christiano-

1985 768 2347 849 rt_tm,-multt1
2386 769 2554 849 minus
2604 772 3011 849 monachorum,
3061 775 3155 849 sed
3204 791 3570 849 paganorum;

1987 839 2089 913 nisi
2139 838 2274 913 forte
2322 838 2570 913 fraterna:
2617 843 2894 898 charitatis
2942 838 3136 900 intuitu
3178 838 3244 901 ε’(
3274 838 3371 904 "est
3423 838 3572 910 enini

1986 910 2329 991 cum_utili‘ter
2353 912 2813 991 humanaslaudes
2843 915 3150 991 recipimus,
3169 919 3343 991 inquit
3361 920 3422 978 S.
3449 925 3576 978 Berc

1986 983 2188 1056 nardus
2221 983 2431 1056 (Scjrm.
2485 985 2554 1041 85
2601 988 2663 1040 de
2715 983 2969 1056 divers.),
3015 983 3264 1046 lratertue
3313 991 3576 1052 duntaxat

1987 1053 2265 1109 cbaritalis
2307 1055 2530 1135 intuitu,
2562 1066 2613 1111 et
2657 1057 2721 1135 ad
2775 1053 3022 1135 salutem
3049 1075 3260 1135 eorum
3290 1063 3384 1135 qui
3416 1067 3574 1122 nobis

1989 1136 2267 1207 propterea
2303 1127 2943 1207 faciliusarqttiesmtnt,»
2977 1131 3118 1207 sicut
3161 1127 3574 1207 fecit-Aposto-

1989 1198 2091 1274 lu},
2125 1198 2213 1267 qui
2255 1198 2741 1274 puerticatioues‘et
2770 1202 3124 1274 revelationes
3157 1205 3274 1274 ipse
3317 1198 3575 1274 praedica-

1991 1271 2066 1346 yit
2095 1289 2106 1324 :
2131 1279 2184 1324 at
2205 1286 2330 1323 vero
2349 1283 2496 1346 extra
2525 1267 2692 1346 1570
2719 1288 2917 1346 causa:
2935 1267 3258 1343 hujnsmodi,
3276 1267 3364 1346 qui
3391 1281 3576 1337 laudes

1991 1339 2250 1397 humanas
2271 1343 2474 1411 appetit
2495 1339 2682 1398 similis
2709 1354 2789 1400 est
2815 1343 2960 1417 nudo
2976 1339 3206 1415 cuidam,
3230 1339 3320 1417 qui
3344 1350 3576 1410 laceram

1989 1422 2042 1468 et
2072 1417 2304 1468 attritam
2331 1425 2532 1470 vestem
2559 1424 2651 1472 aut
2675 1417 2898 1485 quodvis
2919 1416 3062 1471 aliud
3095 1416 3307 1476 tandem
3336 1423 3577 1480 invenire

1990 1485 2155 1564 cupit,
2188 1500 2293 1564 quo
2337 1487 2632 1543 nuditatem
2679 1497 2733 1543 et
2766 1487 3114 1558 ignominiam
3158 1500 3426 1564 contegat,
3461 1495 3578 1552 iniit

1989 1558 2046 1611 8.
2080 1559 2393 1612 Dorotheus.

2063 1628 2212 1705 Quod
2236 1644 2364 1705 vero
2377 1629 2611 1705 additur,
2626 1631 2714 1686 sed
2737 1633 2874 1705 prius
2896 1648 3003 1686 esse
3017 1633 3156 1704 quod
3173 1637 3336 1690 verius
3351 1637 3572 1705 dicatur,

1992 1715 2096 1754 non
2127 1700 2205 1756 sic
2229 1702 2546 1770 capiendum
2575 1712 2678 1770 est,
2709 1703 2858 1773 quasi
2890 1713 3011 1773 post
3030 1700 3348 1772 acquisitam
3381 1700 3577 1764 sancti;

1995 1778 2160 1827 tatem
2210 1784 2464 1844 appetere
2508 1773 2689 1829 Iaudes
2742 1776 3002 1829 humanas
3033 1775 3234 1830 licitum
3265 1791 3442 1844 esset;
3479 1783 3575 1836 sed

1996 1859 2093 1916 nos
2122 1843 2288 1899 voluit
2317 1847 2463 1914 prius
2489 1860 2609 1901 esse
2632 1857 2867 1912 sanctos,
2903 1855 2960 1901 ut
2989 1847 3032 1902 si
3063 1848 3276 1916 quando
3304 1851 3387 1905 vel
3421 1851 3576 1907 inviti

1994 1915 2130 1971 tales
2173 1916 2543 1984 pratdicemur,
2578 1933 2765 1973 verum
2797 1927 2922 1974 tunc
2950 1915 3179 1973 dicatur.

2066 1985 2345 2062 Pra'ceptrt
2367 1987 2468 2062 D_ei_
2487 1989 2636 2062 factis
2674 1990 2903 2059 quotidie
2929 1989 3286 2062 adimplere]
3315 1992 3451 2060 Quid
3486 2009 3583 2062 per

1997 2059 2290 2132 praecepta
2317 2059 2412 2114 Dei
2460 2060 2551 2132 hic
2588 2061 2879 2132 debeamus
2926 2059 3224 2132 intelligere
3243 2059 3285 2126 .“
3305 2059 3583 2132 eleganter

1996 2133 2228 2201 explicat
2277 2131 2464 2186 Petrus
2513 2131 2846 2186 Venerabilis
2892 2132 2960 2186 ad
3010 2134 3068 2188 S.
3108 2131 3451 2190 Bernarduin
3501 2137 3583 2192 sic

1998 2205 2240 2260 scribens
2272 2201 2426 2272 (Lib.
2455 2219 2508 2269 ι,
2536 2203 2684 2274 epist.
2709 2202 2818 2273 28)
2846 2221 2861 2258 :
2896 2221 2913 2255 ι
2945 2203 3130 2259 Divina
3163 2202 3412 2262 mandata
3442 2207 3580 2262 dicio

1995 2290 2116 2332 mus
2145 2290 2252 2329 non
2283 2276 2457 2329 solum
2486 2289 2552 2330 ea
2584 2290 2701 2343 quae
2735 2290 2830 2343 per
2859 2276 3091 2344 seipsam
3135 2275 3190 2331 in
3233 2292 3398 2333 carne
3442 2280 3586 2334 Divi-

1997 2349 2136 2402 nitas
2165 2361 2431 2420 apparens
2457 2345 2769 2420 (hominibus
2803 2345 3056 2420 tradidit,
3097 2357 3188 2401 aut
3233 2363 3296 2404 ea
3335 2365 3452 2418 quae
3487 2366 3584 2420 per

1997 2418 2267 2489 apostolos
2297 2418 2469 2473 teneri
2497 2417 2808 2489 constituit,
2837 2421 2950 2472 sive
2982 2417 3069 2474 illa
3100 2435 3218 2488 qua:
3248 2417 3374 2476 ante
3402 2417 3586 2479 susce-

1998 2487 2142 2562 ptam
2171 2504 2388 2562 carnem
2421 2504 2513 2562 per
2547 2487 2875 2556 patriarchas
2913 2490 2994 2544 vel
3029 2487 3319 2562 prophetas
3361 2492 3582 2548 manda-

1998 2559 2108 2626 i'it;
2138 2561 2231 2634 sed
2260 2562 2418 2615 etiam
2449 2559 2537 2634 illa
2564 2577 2682 2630 quae
2711 2569 2829 2634 post
2853 2559 3248 2634 apostolos'viri
3274 2565 3584 2634 apostolici,

2000 2633 2293 2703 apostolica
2326 2633 2549 2703 vestigia
2591 2632 2800 2700 secuti,
2845 2633 3086 2688 unanimi
3133 2634 3422 2689 multorum
3455 2632 3588 2691 coni-

1999 2721 2160 2776 sensu
2191 2705 2391 2759 servari
2426 2711 2842 2776 praeceperunt:
2879 2704 3023 2776 idem,
3040 2704 3191 2776 enim
3221 2705 3432 2762 divinus
3463 2707 3591 2776 Spi-

2001 2775 2173 2838 ritus.
2221 2775 2310 2844 qui
2357 2775 2594 2845 priorum
2638 2775 2854 2829 Patrum
2899 2775 3151 2831 cordibus
3193 2792 3253 2831 se
3296 2775 3589 2834 infundam

2002 2853 2250 2902 humanae
2281 2845 2439 2901 saluti
2468 2848 2816 2917 congruentia
2837 2861 2944 2918 per
2966 2847 3239 2918 eosidedit
3283 2861 3549 2918 praacepta
3569 2890 3588 2914 ,

2005 2933 2099 2988 per
2125 2919 2224 2972 hos
2250 2933 2462 2988 quoque
2484 2959 2497 2980 ,
2527 2916 2619 2986 qui
2647 2916 2978 2973 recentiores
3002 2917 3271 2986 videntur,
3313 2916 3591 2976 hominum

2003 2990 2231 3046 salutem
2264 2989 2474 3059 operari
2505 2989 2743 3059 salubria
2769 2988 3004 3056 jubendo
3033 3003 3141 3043 non
3169 2990 3396 3044 destitit.
3424 3009 3442 3043 ι

2076 3057 2375 3116 Castitatem
2413 3057 2650 3132 amare]
2681 3059 2916 3132 Propter,
2948 3074 3215 3115 summam
3256 3061 3375 3131 ejus
3415 3062 3595 3118 excel-

2008 3133 2222 3189 lentiam
2245 3174 2261 3199 ,
2294 3147 2412 3201 quae
2438 3150 2457 3183 ι
2485 3131 2597 3186 Deo
2629 3130 2725 3186 nos
2755 3130 3046 3186 familiares
3072 3140 3158 3198 et,
3192 3130 3452 3202 quantum
3487 3133 3591 3188 htt-

2009 3221 2160 3259 mana
2194 3213 2381 3258 natura
2414 3204 2632 3274 patitur,
2661 3203 2867 3274 similes
2897 3202 3062 3257 eﬂicit
3083 3245 3096 3264 ,
3131 3223 3149 3255 ι
3179 3213 3236 3257 ut
3267 3203 3500 3274 loquitur
3530 3204 3593 3261 S.

2005 3276 2238 3345 Joannes
2256 3273 2730 3344 Climacttswrad.
2753 3272 2862 3344 15),
2879 3282 2969 3330 aut
2993 3274 3182 3329 saltem
3213 3272 3418 3344 angelis
3443 3277 3594 3345 ipsis,

2004 3337 2156 3417 juxta
2180 3347 2446 3414 vulgatam
2473 3337 2688 3401 Palmm
2713 3337 3036 3417 senieutiam
3055 3387 3069 3411 ,
3096 3347 3148 3400 in
3179 3337 3366 3416 primis
3387 3347 3445 3401 8.
3465 3337 3599 3402 iter;

2009 3416 2160 3474 nardi
2189 3417 2427 3481 abbatis,
2461 3417 2528 3470 ad
2563 3416 2847 3472 lienricum
2881 3416 3250 3473 Senonensem
3282 3419 3598 3487 episc0putn

2007 3491 2074 3545 de
2097 3491 2344 3544 castitate
2365 3489 2435 3544 ita
2461 3488 2747 3544 scribentis
2771 3488 2966 3558 (Epist.
2990 3487 3121 3558 42):
3152 3507 3168 3540 ι
3195 3488 3331 3555 Quid
3356 3493 3602 3546 castitate

2009 3563 2257 3618 decorins
2277 3603 2292 3626 ,
2323 3577 2442 3630 qua:
2472 3560 2726 3615 mundum
2758 3561 2826 3614 de
2855 3560 3132 3614 immundo
3161 3570 3483 3630 conceptum
3512 3574 3598 3618 se-

2012 3634 2191 3695 mine.
2223 3632 2290 3687 de
2336 3633 2490 3688 hoste
2535 3633 2924 3697 domesticum,
2968 3635 3217 3700 angelum
3260 3631 3492 3703 denique
3532 3631 3602 3688 de

2013 3706 2232 3759 homine
2264 3704 2432 3758 facit?
2464 3703 2723 3758 Dill‘erunt
2749 3703 2965 3774 quidem
2999 3705 3138 3758 inter
3164 3717 3225 3758 se
3258 3703 3418 3757 homo
3448 3703 3604 3774 pridi:

2011 3791 2105 3832 cus
2133 3785 2187 3830 et
2214 3777 2454 3848 angelus.
2487 3776 2580 3848 sed
2616 3773 2900 3841 lelimtate,
2931 3790 3037 3828 non
3072 3775 3306 3848 virtute;
3345 3775 3440 3830 sed
3471 3785 3530 3829 et-
3554 3773 3604 3830 si

2013 3848 2155 3902 illius
2182 3845 2401 3902 castitas
2434 3847 2660 3912 felicior,
2697 3847 2855 3914 hujus
2897 3857 3073 3901 tamen
3116 3845 3310 3903 fortior
3349 3860 3471 3901 esse
3511 3861 3605 3900 co-

2013 3920 2308 3991 gnoscitur.
2341 3939 2360 3971 ι
2390 3919 2532 3991 Idem
2574 3918 2837 3991 sentiebat
2879 3917 3070 3991 Petrus
3105 3916 3436 3972 Venerabilis
3457 3957 3473 3984 ,
3508 3915 3602 3988 qui

2014 3988 2066 4044 in
2095 3994 2320 4058 epistola
2353 3991 2419 4043 ad
2453 3989 2791 4060 Margaritam
2820 3997 2874 4060 et
2903 3988 3144 4060 Pontiam
3167 4029 3183 4053 ,
3215 3996 3404 4060 neptes
3434 4002 3559 4042 suas
3580 4031 3598 4056 ,

2015 4065 2092 4117 sic
2123 4063 2338 4116 disserit
2367 4060 2504 4132 (Lib.
2532 4059 2794 4132 νμερὶεῑ.
2817 4059 2912 4129 59)
2939 4076 2952 4113 :
2983 4079 3000 4110 ‹
3025 4059 3142 4132 Non
3175 4059 3458 4132 patientia,
3492 4072 3603 4114 non

2017 4134 2312 4200 humilitas,
2348 4130 2452 4185 non
2482 4130 2735 4192 Charitas.
2767 4147 2871 4184 non
2899 4131 3150 4198 quzelibet
3179 4131 3280 4185 alia
3313 4131 3486 4184 virtus
3511 4143 3603 4184 so-

2017 4221 2106 4259 ror
2136 4203 2330 4258 dicitur
2359 4203 2672 4273 angelorum
2693 4242 2709 4268 ,
2743 4203 2836 4256 sed
2872 4201 3186 4273 virginitas;
3219 4201 3345 4256 hinc
3379 4201 3442 4256 B.
3474 4200 3604 4257 [lie-

2017 4289 2313 4348 ronymus:
2362 4275 2497 4348 Bene
2535 4275 2604 4327 ad
2643 4275 2886 4348 virginem
2923 4274 3150 4348 angelus
3195 4273 3434 4348 mittitur,
3481 4273 3606 4348 quia

2017 4343 2212 4417 semper
2262 4347 2457 4418 angelis
2504 4355 2578 4400 est
2624 4343 2841 4417 cogitata
2889 4343 3204 4416 rirginitas;
3257 4343 3500 4418 profecto
3548 4344 3604 4399 in

2018 4415 2180 4474 carne
2221 4415 2416 4487 pra-iet-
2445 4424 2665 4474 carnem
2688 4415 2913 4483 ‘vivere,
2949 4415 3055 4471 non
3089 4426 3299 4472 terrena
3337 4415 3442 4471 vita
3483 4421 3604 4482 est,

2017 4492 2110 4548 sed
2136 4492 2407 4557 caelestis;
2434 4490 2576 4545 unde
2594 4489 2648 4544 in
2670 4504 2830 4544 carne
2855 4489 3148 4560 angelicam
3171 4488 3395 4560 gloriam
3417 4487 3607 4559 acqui-

2023 4578 2171 4626 rere,
2205 4564 2378 4631 majus
2403 4570 2487 4618 est
2528 4562 2776 4616 meritum
2817 4576 2974 4631 quam
3018 4559 3253 4625 habere;
3301 4573 3422 4615 esse
3464 4561 3611 4615 enim

1943 4609 1997 4674 Ῑ)
2024 4609 3611 4703 ἐιᾘέεὶιὶἱὲῖῒὲἷεὲῑῖ.ιίξ’.ἐξίῖέεῆ’ῧέτόἶίἕῴἧοᾶῗῦίτὶὗῖῑῐ

2023 4716 2125 4760 est.
2152 4725 2170 4758 ι
2202 4707 2262 4759 Ει
2286 4705 2418 4759 infra
2447 4718 2462 4758 :
2490 4724 2508 4756 ‹
2531 4704 2666 4772 Quid
2697 4703 2935 4775 pluribus
2961 4717 3226 4772 exsequar
3254 4703 3465 4758 laudem
3490 4717 3611 4758 cas-

2023 4779 2232 4832 titatis“!
2275 4776 2506 4831 Castitas
2548 4778 2709 4829 etiam
2751 4776 3000 4846 angelum
3043 4777 3167 4830 fecit
3193 4819 3206 4842 ,
3253 4782 3308 4830 et
3347 4775 3439 4844 qui
3488 4787 3611 4829 eam

2024 4849 2260 4903 servavit
2290 4849 2510 4919 angelus
2537 4857 2640 4919 est.
2664 4865 2686 4919 ε

2093 4915 2396 4974 Notandum
2422 4932 2551 4973 vero
2574 4918 2632 4972 8.
2659 4915 3003 4972 Benedictum
3032 4931 3140 4973 non
3166 4917 3388 4986 praecise
3410 4917 3612 4974 dixisse

2024 4992 2366 5063 virginitatem
2409 5005 2617 5053 amare,
2662 4992 2756 5063 sed
2799 4990 3127 5063 castitatem;
3158 5002 3279 5063 quia
3322 5003 3613 5059 paucorum

2024 5061 2114 5116 est
2135 5063 2224 5116 illa
2257 5061 2459 5126 virtus,
2491 5077 2649 5130 quam
2696 5061 2748 5114 in
2793 5061 2938 5114 omni
2981 5071 3086 5115 non
3129 5061 3292 5115 modo
3333 5065 3612 5131 corporis,

2026 5135 2120 5189 sed
2163 5135 2324 5188 etiam
2367 5133 2545 5188 cordis
2588 5131 2995 5200 incorruptione
3036 5141 3326 5201 reponunt.
3371 5133 3442 5186 Et
3482 5147 3614 5187 sane

2025 5206 2086 5262 8.
2140 5206 2355 5273 Basilii,
2404 5205 2556 5272 cujus
2597 5207 2898 5260 casdtatem
2944 5213 3223 5274 tantopere
3270 5203 3614 5274 commendat

2026 5279 2084 5331 8.
2123 5279 2414 5348 Gregorius
2453 5275 2823 5348 Nazianzenus
2863 5277 2914 5329 in
2958 5273 3110 5348 orat.
3138 5274 3348 5330 funebri
3391 5275 3457 5329 ad
3497 5273 3614 5348 ejus

2027 5345 2269 5414 laudem]
2303 5349 2500 5403 dictum
2532 5349 2734 5403 fertur:
2772 5345 2838 5400 Et
2868 5347 3132 5403 mulierem
3165 5349 3367 5418 ignoro,
3397 5355 3445 5400 et
3464 5345 3614 5418 uirga

2026 5438 2128 5474 non
2161 5438 2313 5486 sum;
2350 5431 2398 5475 et
2444 5422 2555 5489 ipse
2582 5421 2646 5474 ad
2687 5421 2965 5474 Chilonem
3008 5415 3325 5488 discipulum
3370 5415 3614 5473 scribens

2029 5497 2140 5546 ait:
2176 5495 2283 5546 «Et
2328 5494 2539 5561 quidem
2593 5493 2845 5559 llagitiuor
2893 5493 3054 5546 vitavi
3105 5489 3512 5561 fornicationis,
3561 5499 3614 5561 at

2031 5565 2306 5643 munditiae
2336 5557 2608 5643 virginalis
2639 5557 2824 5617 liorem
2861 5562 3014 5634 151
3044 5574 3236 5643 arcana
3268 5557 3446 5631 cordis
3475 5559 3613 5643 cogi-

2031 5639 2226 5691 tatione
2257 5637 2473 5692 tardari.
2490 5655 2508 5688 ι
2533 5638 2598 5690 At
2621 5650 2746 5689 vero
2772 5645 2952 5688 castus
2978 5647 3095 5686 esse
3120 5637 3282 5686 etiam
3313 5643 3431 5698 post
3458 5637 3612 5686 amis-

2030 5723 2142 5763 sam
2179 5708 2533 5775 virginitatem
2566 5707 2744 5760 nullus
2776 5721 2878 5758 non
2912 5714 3104 5772 potest.

2103 5774 2270 5834 Porro
2300 5781 2439 5850 quod
2487 5779 2737 5850 iubemur
2764 5791 2962 5850 ornare,
2996 5789 3209 5833 summo
3256 5774 3480 5850 proinde
3512 5787 3598 5850 stu

2029 5850 2117 5904 dio
2153 5845 2405 5917 jubemur
2441 5845 2743 5913 custodire;
2780 5849 2831 5902 itt
2877 5864 2982 5916 quo
3032 5849 3188 5921 plgne
3220 5845 3617 5915 redarguendo!
