4102 6360
591 379 693 429 555
1940 377 1992 427 S.
2045 372 2099 429 ι’.
2147 379 2163 430 l

2270 381 2507 443 :EDlC’l‘l
3317 340 3331 351 ‘
3776 376 3896 425 οἶν)

588 492 731 545 venit
762 501 907 541 error
935 488 1306 555 quorumdam.
1332 487 1441 555 qui,
1462 495 1515 539 nt
1534 486 1715 541 scribit
1739 486 2016 546 Bolierius.
2044 504 2163 541 cuni
2196 493 2241 549 Λ
2274 488 2493 551 tium-ni,
2516 496 2565 539 ut
2594 495 2711 555 pote
2742 500 2858 555 qua}
2887 486 2951 538 sit
2978 488 3299 539 frtimenttiin
3333 485 3651 545 electorum,
3676 487 3885 540 vilicm

588 560 769 613 nullihi
804 558 853 610 in
888 559 1086 625 llegiila
1118 559 1184 610 de
1210 561 1452 613 castitate
1494 558 1691 623 aliquid
1738 558 1937 625 legant,
1976 574 2164 611 lllOtt:t-
2275 560 2584 625 germinans
2607 558 2861 625 virgines.
2894 576 2908 605 ι
2932 557 3086 609 Sedat
3113 556 3409 613 eniiu.cuin
3437 560 3486 608 in
3512 555 3667 610 nobis
3688 569 3895 609 tiiaiiet

586 632 749 685 chum
796 629 1091 683 castitatem
1138 629 1273 681 haud
1319 644 1511 681 vovere
1555 629 1980 693 affirmaverunt,
2016 631 2164 696 quasi
2276 626 2546 691 Christus,
2577 628 2891 683 smvientem
2950 627 3311 680 membrorum
3363 626 3554 692 legem,
3605 628 3890 697 pietatem

590 717 718 755 vero
768 700 1058 753 monastica
1111 700 1371 769 professio
1411 700 1693 761 castitatis,
1736 708 1792 752 ut
1840 701 2163 769 paupertatis
2274 701 2612 763 corroborat,
2648 699 3076 767 perturbationes
3105 698 3267 751 animi
3296 699 3661 769 exstinguit,i
3694 700 3891 767 inquit

589 781 642 827 et
670 771 987 825 obeilientize
1022 782 1201 841 votum
1251 786 1355 824 non
1387 770 1703 823 includeret.
1742 770 1803 823 Et
1843 768 2021 824 nonne
2067 785 2165 824 nos
2272 770 2329 841 S.
2361 770 2588 841 Cyrillus
2637 769 2781 836 (Lib.
2831 784 2895 841 IV,
2932 770 2984 820 iu
3034 769 3219 835 Joau.,
3275 784 3389 836 rap.
3427 771 3548 841 t7).
3612 768 3778 841 [inde
3830 781 3891 821 et

591 844 815 911 puderet
841 842 892 895 in
918 841 1109 895 castris
1133 840 1332 894 Christi
1354 851 1624 893 morantes
1653 856 1757 894 non
1780 852 1923 894 caste
1944 842 2123 895 vivere
2146 844 2167 894 ἲ
2275 840 2332 896 S.
2351 838 2653 895 Bernardus
2680 856 2808 894 suos
2830 840 3109 909 alloquens
3131 841 3324 910 (Serm.
3357 841 3408 891 in
3428 839 3580 911 Ca?th
3605 838 3885 908 Domini),

586 929 710 968 cum
744 916 795 967 in
827 913 1057 979 antiquis
1087 912 1335 973 militum,
1364 912 1597 965 maxime
1628 914 2008 975 Romanorum,
2043 928 2165 965 cas-
2280 929 2297 959 ι
2320 912 2377 966 Si
2407 912 2548 981 quis.
2576 913 2672 975 ait,
2707 921 2940 965 vestrum
2990 927 3094 964 non
3141 922 3244 964 tam
3270 925 3411 977 saepe
3451 910 3610 965 modo
3638 911 3887 965 acerbos

592 988 691 1041 tris
734 985 950 1037 castitas
976 992 1302 1049 servaretur,
1346 990 1401 1035 ut
1430 982 1617 1035 scribit
1662 982 1963 1037 tlernardiis
1992 981 2169 1036 Cassi-
2275 986 2471 1035 sentiat
2507 982 2796 1037 iracundia:
2846 990 3045 1046 motus,
3076 982 3308 1047 invidias,
3345 983 3587 1042 luxtiria',
3633 993 3727 1035 aut
3766 998 3881 1034 cae-

590 1054 771 1109 nensis
800 1072 814 1106 :
846 1054 983 1107 unde
1026 1064 1077 1106 et
1118 1054 1273 1106 castri
1320 1067 1513 1107 nomen
1545 1061 1743 1120 ortuin,
1791 1054 1931 1123 quod
1974 1053 2169 1107 milites
2278 1062 2513 1106 teroruin
2550 1053 2895 1122 hujiismodi;
2931 1062 3050 1122 agat
3073 1055 3267 1120 gratias
3291 1054 3500 1119 corpori
3531 1063 3584 1106 et
3613 1055 3885 1123 sanguini

590 1128 643 1179 in
672 1141 737 1179 eo
764 1124 1017 1191 degentes
1048 1124 1268 1177 castrati
1304 1125 1634 1177 viderentur.
2278 1123 2513 1184 Domini,
2546 1124 2797 1193 quoniam
2830 1125 2996 1177 virtus
3032 1124 3348 1178 sacramenti
3375 1134 3630 1191 operatur
3660 1126 3712 1176 in
3742 1139 3878 1178 eo»

662 1196 741 1249 Ad
775 1193 1097 1247 servandum
1119 1205 1294 1248 autem
1323 1196 1615 1263 pretiosum
1640 1195 1901 1249 castitatis
1948 1194 2165 1248 tlicsaii-
2287 1193 2408 1247 Vide
2437 1194 2674 1247 Cassiani
2706 1194 2886 1247 collat.
2921 1194 3011 1258 22,
3046 1209 3164 1259 cap.
3191 1196 3247 1248 6.

2352 1264 2599 1330 Quintam
2632 1264 2908 1317 scrvnndte
2953 1264 3215 1319 castitatis
3259 1266 3517 1319 rationem
3549 1280 3651 1318 suo
3682 1280 3883 1319 exem-

2277 1334 2366 1403 plo
2397 1334 2587 1389 edocet
2633 1336 2927 1403 Sapientia,
2961 1352 3078 1387 cum
3112 1335 3243 1389 dixit
3276 1354 3286 1385 :
3330 1337 3552 1404 Cognati
3582 1338 3729 1405 quod
3774 1353 3882 1391 uult

2275 1408 2461 1473 possint
2496 1422 2604 1459 esse
2633 1408 2914 1467 continens,
2946 1406 3041 1457 nisi
3072 1406 3205 1459 Deus
3231 1408 3312 1459 det
3336 1424 3355 1462 :
3380 1410 3485 1459 adii
3511 1406 3805 1458 Dominum
3835 1420 3883 1460 ct

591 1281 708 1319 rum
739 1266 968 1334 plurima
996 1265 1300 1328 conferunt,
1332 1280 1449 1333 quae
1490 1265 1649 1319 iSllliC
1675 1267 1833 1319 etiam
1877 1281 2169 1333 congerere

590 1353 693 1390 non
723 1338 824 1390 erit
867 1336 1109 1389 fortassis
1142 1337 1346 1402 penitus
1390 1336 1639 1389 otiosum.
1673 1336 1725 1390 ln
1774 1337 1855 1389 his
1888 1345 2170 1389 recensent

590 1406 853 1475 imprimis
889 1406 1171 1475 jejunium,
1200 1407 1483 1460 otiositatis
1527 1408 1722 1470 fugam,
1758 1408 2166 1461 novissimorniii

589 1477 1035 1541 recordationem,
1088 1479 1418 1546 frequentem
1470 1478 1823 1531 Eucharistia'.
1870 1480 2168 1547 perceptio-

592 1563 732 1613 nem,
766 1550 1084 1611 omtionein,
1116 1548 1487 1613 humilitatem,
1528 1550 1618 1601 Dei
1666 1552 2028 1615 prmsentiam,
2080 1565 2170 1616 pa-

595 1619 863 1681 tientiam,
906 1630 959 1672 et
1005 1618 1341 1672 solitudinem
1398 1619 1679 1689 fugamque
1734 1620 2021 1673 mulierum
2056 1638 2066 1671 :
2102 1620 2170 1673 de

590 1690 781 1759 quibus
812 1705 977 1757 pauca
1004 1690 1247 1757 subjicio.

665 1761 846 1814 Primo
892 1775 1043 1827 ergo,
1073 1762 1161 1828 qui
1211 1760 1569 1827 incorruptam
1616 1777 1829 1814 servare
1870 1762 2165 1815 castitatem

594 1831 890 1893 desiderat,
914 1831 1116 1899 jejunio
1146 1841 1268 1883 ante
1295 1834 1471 1883 omnia
1502 1847 1693 1901 corpus
1720 1832 1957 1900 afﬂigere
1987 1833 2165 1897 debet,

595 1902 812 1968 vulgare
840 1912 922 1954 est
944 1903 1086 1954 enim
1116 1901 1495 1969 proverbium:
1532 1902 1657 1956 Siue
1684 1902 1863 1956 Cerere
1889 1915 1933 1955 et
1966 1902 2167 1955 Bacrho

596 1973 745 2043 friget
800 1970 1007 2043 Venus;
1032 1980 1086 2025 et
1118 1982 1368 2043 econtra.
1404 1972 1537 2025 Hinc
1566 1973 1621 2025 S.
1650 1974 1958 2028 Ambrosius
1991 1974 2129 2043 (Lib.
2156 1990 2169 2026 i

595 2039 896 2110 de’Paen.):
936 2061 954 2093 ι
980 2042 1185 2103 Libido,
1220 2044 1407 2111 inquit,
1439 2044 1616 2110 gravis
1650 2046 1782 2112 ignis
1817 2054 1917 2104 est.
1959 2039 2011 2098 et
2051 2046 2170 2098 ideo

592 2127 704 2165 non
739 2113 999 2184 debemus
1027 2114 1096 2166 illi
1129 2114 1389 2184 alimenta
1431 2115 1685 2181 ιιι-εειιετρ.
1730 2116 1973 2168 Luxuria:
2004 2118 2175 2184 pasci-

592 2192 686 2236 tur
727 2183 888 2236 libido
930 2183 1220 2248 CtthiViiS,
1250 2182 1477 2238 nutritur
1518 2185 1740 2249 delicns,
1776 2186 1899 2240 vino
1928 2182 2171 2239 accendi-

596 2264 704 2321 tur,
757 2256 1014 2309 ebrietate
1064 2254 1426 2307 ﬂaminatnr.i
1465 2255 1531 2309 Et
1579 2258 1635 2309 S.
1664 2256 1893 2309 Joannes
1945 2257 2166 2311 Cliniae.

598 2323 786 2392 (Grad.
823 2327 946 2393 M):
979 2326 1108 2391 «Qui
1134 2326 1305 2379 servit
1338 2329 1507 2379 ventri
1540 2342 1655 2388 suo,
1686 2337 1736 2380 et
1766 2328 1977 2381 interim
2010 2343 2171 2383 cona-

589 2404 682 2449 tur
715 2396 956 2467 spiritum
992 2396 1214 2450 luxuria:
1249 2398 1491 2457 vincere,
1525 2398 1742 2465 perinde
1778 2397 1903 2451 facit
1941 2409 2097 2467 atque
2126 2399 2171 2454 is

592 2467 684 2537 qui
736 2466 1043 2521 incendium
1096 2469 1211 2522 vult
1257 2469 1374 2521 oleo
1421 2483 1698 2535 superare.
1732 2488 1749 2519 i
1802 2466 2169 2537 Quapropter,

603 2552 623 2587 ι
652 2536 993 2591 Sanctissimi
1036 2539 1302 2607 principes
1341 2541 1727 2592 monachorum
1759 2536 2031 2608 cupientes
2060 2556 2172 2593 ain-

594 2615 786 2675 putare
817 2608 944 2663 libid
971 2610 1051 2663 nis
1091 2625 1297 2675 causas,
1335 2610 1529 2662 victum
1574 2609 1727 2662 nobis
1768 2626 1983 2677 parcum
2013 2621 2066 2665 et
2096 2620 2175 2664 te-

599 2692 757 2732 nuem
790 2682 1179 2735 constituerunt
1207 2682 1273 2734 ad
1304 2689 1503 2734 certam
1549 2696 1875 2746 mensuram,
1910 2698 2013 2749 quo
2054 2698 2174 2735 cor-

600 2763 699 2815 pus
729 2760 1058 2805 sustentetur
1086 2752 1152 2805 ad
1195 2752 1591 2817 neceSsitatem,
1624 2761 1677 2804 et
1709 2767 1813 2805 non
1846 2754 2175 2807 inciassetur

598 2820 664 2871 ad
687 2818 986 2892 libidinem,
1016 2841 1034 2873 ι
1080 2831 1136 2875 ιιι
1178 2823 1364 2876 scribit
1410 2822 1737 2877 Trithemius
1776 2824 1793 2892 (
1825 2822 2015 2878 llomil.
2042 2825 2172 2891 ‘21).

675 2888 871 2965 flejunii
898 2903 1079 2965 autem
1112 2895 1325 2947 nomine
1358 2902 1546 2965 cuncta
1577 2888 1947 2947 macerationis
1977 2888 2173 2965 genera

603 2960 761 3031 vulgo
780 2964 1310 3033 intelligunt,quibus
1336 2963 1417 3017 usi
1442 2979 1679 3032 persaepe
1712 2966 1958 3033 leguntur
1981 2960 2169 3033 sancti,

602 3039 659 3084 ut
677 3031 857 3105 foedos
883 3034 1123 3105 libidinis
1138 3031 1301 3087 aestus
1329 3031 1850 3105 oxstinguerennlia
1883 3031 2174 3091 monachus

580 3102 816 3175 quidam
846 3118 1035 3159 omnes
1063 3103 1129 3157 ad
1161 3106 1391 3159 lucerna:
1423 3102 1688 3160 ﬂammam
1729 3106 1828 3159 sibi
1868 3108 2062 3175 digitos
2096 3110 2173 3160 in-

593 3173 841 3229 cendisse
871 3176 1084 3237 dicitur,
1124 3190 1190 3228 ne
1230 3176 1464 3228 libidinis
1514 3177 1722 3229 ﬂamma
1766 3190 1859 3229 cor
1904 3173 2057 3230 suum
2086 3193 2172 3230 ar-

582 3243 723 3316 .dere
752 3245 1085 3313 permitteret
1112 3244 1292 3316 (Lib.v
1317 3246 1381 3298 de
1408 3244 1511 3298 Vit.
1530 3246 1675 3310 PaL,
1696 3247 1865 3299 libello
1894 3248 1947 3310 5,
1970 3265 2020 3300 ιι.
2053 3248 2164 3316 57).
2198 3245 2242 3307 C

598 3313 670 3367 Ita
702 3316 1102 3387 Sallenedictus
1131 3315 1227 3387 (S.
1250 3315 1407 3385 (ἔτερ.
1439 3317 1476 3369 ι.
1506 3332 1542 3369 ιι
1576 3316 1803 3384 Dialag.,
1830 3333 1875 3370 ι.
1899 3319 1956 3387 2)
1996 3313 2171 3372 carnis

596 3385 890 3441 tentatione
933 3387 1181 3446 afﬂictus.
1218 3386 1269 3440 in
1320 3388 1501 3455 spinas
1546 3396 1602 3441 et
1631 3403 1817 3455 vepres
1849 3385 2044 3455 corpus
2076 3405 2171 3443 nu-

593 3455 719 3528 dum
761 3457 1050 3525 provolvit.
1086 3457 1156 3528 lita
1186 3457 1245 3528 ὃ.
1280 3456 1582 3511 Bernartius
1614 3456 1711 3526 (lu
1760 3462 1870 3528 ejus
1910 3458 2017 3511 l’ita
2064 3463 2101 3514 l.
2132 3477 2167 3519 ι,

594 3526 774 3601 c._5),
821 3528 961 3601 quod
999 3526 1264 3601 curiosius
1314 3528 1563 3601 feminam
1608 3526 1939 3596 aspexisset,
1983 3542 2169 3601 stagno

592 3596 715 3669 gelu
740 3600 1035 3669 constriCto
1074 3597 1215 3652 collo
1252 3608 1405 3651 tenus
1446 3612 1505 3651 se
1534 3598 1818 3653 immersit.
1853 3602 1953 3653 Alii
1987 3596 2169 3669 ﬂagel-

592 3666 677 3729 lis,
712 3666 922 3735 ciliciis,
952 3670 1163 3737 vigiliis,
1187 3669 1521 3732 cliameunis,
1547 3669 1731 3723 ferreis
1758 3672 1964 3723 catenis
1994 3666 2167 3726 carnis

592 3737 914 3811 tentatiOnes
942 3740 1336 3811 impugnarunt,
1370 3748 1423 3793 et
1454 3740 1715 3811 vicerunt.
1756 3740 1881 3794 Vide
1913 3742 2165 3811 llegulani

593 3806 657 3859 Β.
686 3809 906 3879 _Aelredi
942 3812 1006 3862 ad
1040 3809 1304 3879 Virgines,
1332 3826 1450 3879 cap.
1494 3810 1563 3864 26
1594 3822 1645 3862 et
1671 3810 1757 3867 ‘27.

677 3877 941 3952 secundo.
957 3880 1091 3947 Quia
1116 3877 1220 3934 non
1246 3877 1422 3935 minus
1445 3882 1673 3935 castitati
1689 3897 1846 3951 quam
1863 3882 1959 3952 ipsi
1975 3882 2165 3937 animte

586 3948 806 4021 inimica
844 3961 924 4005 est
955 3952 1199 4005 0ti0sitas
1228 3970 1240 4005 :
1274 3971 1291 4003 ι
1323 3952 1421 4019 Qui
1455 3948 1759 4006 thesauruin
1810 3948 2057 4021 magnum
2111 3956 2163 4009 in

588 4019 784 4094 fragili
818 4036 1048 4094 (corpore
1100 4025 1357 4094 portatis,
1408 4024 1574 4092 inquit
1622 4019 1952 4079 Trithemiiis
2010 4023 2161 4094 (Ho-

588 4092 699 4145 ruit.
727 4092 789 4146 2t
816 4092 859 4159 ),
892 4096 1057 4146 onum
1093 4092 1276 4159 fugite,
1321 4108 1533 4159 semper
1579 4095 1775 4162 aliquid
1826 4095 1949 4149 boni
1984 4092 2161 4160 facite,

588 4172 649 4217 nt
690 4164 899 4232 quoties
938 4172 1169 4218 tentator
1214 4165 1454 4218 diabolus
1495 4168 1799 4229 accesserit,
1831 4167 2027 4221 utiliter
2069 4181 2163 4221 vos

586 4243 876 4301 occupatos
900 4235 1153 4289 inveniat.
1172 4234 1458 4289 Enimvero
1480 4238 1566 4303 qui
1598 4246 1801 4291 otiosus
1832 4248 1930 4299 est,
1959 4239 2164 4293 insidiis

586 4314 733 4370 patet
762 4308 1043 4369 tentantis;
1074 4306 1165 4372 qui
1208 4316 1383 4359 autem
1411 4318 1700 4374 occupatur
1723 4310 1775 4361 in
1806 4324 1968 4375 apere
1996 4308 2158 4375 bono,

587 4375 789 4428 aditum
818 4376 1013 4429 clausit
1057 4390 1268 4428 onmem
1319 4376 1547 4431 insidiis.
1581 4396 1597 4427 ›
1630 4377 1784 4433 Certe
1834 4389 2035 4433 terrere
2066 4396 2161 4433 nos

589 4444 748 4517 debet
776 4445 1129 4517 quodsrribit
1167 4443 1222 4499 S.
1257 4446 1490 4502 Joannes
1535 4448 1801 4503 Cliiuacus
1834 4448 2017 4507 (Grad.
2053 4449 2108 4517 2)
2146 4467 2157 4501 ;

594 4532 613 4565 ‹
642 4513 835 4589 Multos
859 4516 1087 4589 vidimus
1116 4516 1171 4589 in
1198 4519 1394 4572 saeculo
1427 4535 1533 4588 prie
1570 4519 1733 4585 curis,
1772 4520 1927 4589 152
1957 4513 2161 4574 sollici-

587 4584 880 4659 tiidinibus,
924 4588 1095 4659 nugis,
1130 4584 1448 4659 vigiliisque,
1492 4584 1733 4656 corporis
1773 4584 1857 4642 sui
1877 4584 2156 4643 Turiosam

587 4658 922 4731 tyrannidem
953 4657 1171 4731 fugisse,
1195 4657 1290 4729 qui
1318 4657 1592 4730 postquam
1624 4662 1690 4714 ad
1715 4659 1979 4727 religiosa:
2008 4662 2158 4731 quie-

584 4729 675 4800 tis_
708 4738 760 4783 et
802 4740 1025 4783 secreta:
1074 4730 1196 4783 vitae
1246 4729 1519 4786 silentium
1569 4746 1629 4784 se
1672 4729 2039 4797 contulerunt,
2068 4749 2160 4800 per

587 4796 934 4921 reﬁactarios
967 4802 1207 4870 corporis
1237 4812 1411 4856 motus
1434 4802 1629 4856 misere
1651 4812 1776 4855 sunt
1805 4796 2079 4872 inquinati
2105 4814 2161 4858 et

587 4884 653 4921 no
702 4879 794 4921 titt.
818 4888 837 4921 ι

580 4869 837 4937 poHuu.i

658 4940 861 4997 Tertio.
880 4943 957 4998 Ad
987 4943 1240 5000 tuendam
1265 4944 1689 5011 servandamque
1719 4944 2020 4999 castitatem
2047 4945 2162 5012 plu-

528 5058 538 5083 ,
581 5010 775 5083 riiiium
788 5014 927 5067 valet
943 5016 1370 5079 novissiinoruin,
1393 5010 1620 5069 maxime
1640 5013 1832 5067 inferni
1858 5010 2155 5070 meditatio:

540 5092 547 5139 ',
584 5082 635 5155 id
668 5083 806 5155 quod
854 5086 1070 5139 sordida
1100 5092 1417 5155 cogitatione
1447 5086 1754 5155 impngnato
1798 5086 1957 5139 alicui
2006 5086 2156 5141 fratri

581 5154 828 5223 familiari
894 5156 992 5210 hac
1050 5154 1399 5211 similitudine
1454 5158 1665 5210 edociiit
1725 5156 1936 5223 quidam
1992 5171 2153 5212 senex

577 5222 845 5298 (ωψσε
870 5224 976 5280 Vit.
1010 5225 1156 5292 Pat.,
1182 5226 1351 5281 libello
1369 5228 1419 5291 5,
1443 5244 1493 5278 η.
1520 5227 1609 5295 50)
1634 5244 1645 5279 :
1678 5245 1695 5278 (
1732 5222 1921 5282 Mulier
1942 5231 2156 5298 quando

580 5296 1184 5368 vnltablactarefilium
1234 5313 1412 5364 suum,
1446 5298 1643 5367 aliquid
1696 5313 1935 5352 amarum
1960 5296 2153 5368 Super-

579 5366 729 5434 ungit
772 5369 1023 5422 uberibus
1061 5371 1172 5422 suis
1197 5411 1211 5433 ,
1237 5378 1290 5423 et
1328 5383 1450 5422 cum
1484 5366 1689 5423 venerit
1713 5368 1888 5423 infans
1920 5386 1983 5423 ex
2024 5366 2154 5424 con-

481 5452 491 5459 ‘
579 5438 863 5494 suetudine
908 5438 991 5492 lae
1043 5454 1271 5509 sngcre,
1325 5438 1563 5494 sentiens
1612 5441 2018 5495 amaiitudinein
2063 5456 2149 5494 rc-

580 5509 711 5577 tiigit
743 5511 943 5582 :rmitte
970 5525 1098 5579 ergo
1128 5520 1182 5564 et
1215 5523 1267 5564 tu
1298 5511 1708 5566 amaritudinem
1750 5514 1803 5566 in
1828 5514 2151 5582 cogitatione

584 5590 689 5632 tua.
716 5599 734 5631 ι
763 5581 969 5635 l’etenii
1006 5595 1130 5634 vero
1153 5584 1298 5635 fratri
1346 5596 1501 5650 quam
1544 5581 1953 5637 amaritudinem
1985 5598 2151 5650 pone-

579 5660 702 5715 ret,
764 5652 1037 5721 l‘eSptttldil
1085 5652 1455 5721 cogitationem
1516 5655 1699 5708 mortis
1754 5665 1809 5709 et
1858 5664 2149 5706 tormento-

578 5737 697 5774 ruin
724 5739 840 5789 quae
866 5726 917 5775 in
948 5722 1125 5775 futuro
1158 5726 1354 5778 sacculo
1386 5726 1751 5792 peccatoribus
1783 5732 2147 5779 reservantur.

649 5794 875 5856 Quarto.
906 5793 1045 5847 Inter
1073 5795 1175 5850 alia
1204 5798 1480 5851 servanda:
1510 5797 1771 5851 castitatis
1804 5795 1996 5858 media,
2026 5809 2148 5847 sua-

579 5860 705 5914 dent
753 5862 1082 5931 frequentem
1132 5878 1481 5926 sacrosanctae
1529 5868 1871 5923 t-Iucliaristiar
1928 5880 2144 5935 percep-

2189 4629 2238 4690 υ

2275 1477 2574 1543 deprecatus
2588 1494 2698 1529 sum
2713 1477 2871 1545 (Sap.
2890 1476 3298 1542 vni).Quotiens
3320 1494 3446 1546 ergo
3464 1489 3667 1530 motuin
3686 1478 3882 1532 carnis

2276 1546 2634 1601 inordinatum
2662 1548 2916 1611 senseris,
2946 1550 3194 1615 quotiens
3224 1548 3429 1603 hostem
3456 1548 3649 1601 adesse
3676 1549 3876 1602 invisi-

2278 1617 2440 1671 bileni
2483 1619 2547 1671 ad
2592 1618 2889 1673 nocendum
2924 1618 3249 1685 perceperis,
3285 1633 3404 1672 mox
3437 1619 3499 1671 ad
3531 1620 3877 1687 pendentem

2276 1688 2329 1741 in
2361 1703 2521 1743 cruce
2568 1689 2760 1743 Filium
2814 1689 2905 1743 Dei
2937 1689 3227 1757 eonfugito.
3264 1689 3514 1742 llortatnr
3545 1690 3711 1742 etiam
3749 1692 3879 1743 Ael-

2276 1758 2436 1830 redus
2488 1759 2577 1830 (In
2609 1760 2794 1829 Regul.
2826 1775 2871 1811 c.
2906 1758 2997 1827 25)
3027 1804 3039 1825 ,
3073 1770 3130 1813 ιιι
3152 1762 3215 1812 ad
3249 1759 3305 1813 Β.
3338 1759 3604 1828 Virginem
3644 1761 3876 1815 Mariam

2280 1829 2614 1897 pmissiinum
2641 1845 2998 1884 recurrainus.

2203 1873 2248 1934 Β
2349 1902 2512 1934 αηνιη
2587 1902 2896 1934 Pueris-nn.“
2972 1919 2989 1934 ι

2348 1902 2531 1955 Sexto.
2587 1902 2917 1956 Castitatem.
2972 1901 3269 1955 «Seniorcs
3326 1902 3475 1955 aiunt
3528 1902 3875 1971 apprehendi

2276 1987 2381 2025 non
2414 1988 2588 2040 posse.
2618 1974 2715 2025 nisi
2743 1976 2887 2038 prius
2912 1975 2962 2024 in
2986 1976 3147 2025 corde
3174 1972 3485 2025 humilitatis
3512 1972 3874 2028 fundamenta

2277 2042 2471 2097 fuerint
2526 2044 2852 2109 collocata,»
2909 2044 3079 2111 inquit
3137 2043 3427 2097 Cassianus
3471 2042 3621 2113 (Lib.
3661 2060 3712 2095 vi
3776 2043 3873 2095 lu-

2273 2115 2374 2166 slit.
2410 2131 2452 2166 c.
2488 2114 2594 2183 fil).
2634 2114 2696 2167 Et
2721 2118 2776 2167 ὃ.
2810 2114 3099 2181 Gregorius
3129 2114 3263 2181 (Lib.
3292 2130 3339 2165 vi
3378 2114 3567 2165 Μεθ’ηῆ
3604 2132 3629 2165 (⁵
3674 2136 3722 2174 r.
3774 2117 3869 2175 ‘23;

2277 2201 2295 2234 ι
2324 2186 2519 2237 nul‘am
2544 2185 2675 2238 dicit
2696 2198 2816 2238 esse
2839 2186 3162 2248 castitatem,
3189 2200 3346 2251 quam
3376 2202 3479 2236 non
3511 2187 3873 2238 commendat

2274 2254 2548 2308 humilitas
2598 2256 2809 2311 mentis.
2843 2274 2862 2306 ι
2896 2256 2988 2307 Cni
3040 2256 3273 2308 concinit
3326 2255 3450 2308 illud
3500 2256 3557 2307 S.
3600 2256 3871 2310 Bernardi

2276 2324 2413 2391 (Lib.
2430 2329 2492 2378 de
2514 2330 2697 2379 Amore
2722 2325 2835 2388 Dei,
2864 2343 2913 2377 ιι.
2935 2326 3161 2383 30,1rmi.
3189 2326 3279 2394 Ill)
3307 2345 3318 2377 :
3342 2344 3359 2375 ι
3380 2328 3610 2379 Castitas
3631 2329 3871 2395 supeer

2277 2412 2381 2450 non
2413 2399 2628 2449 castitas
2657 2408 2760 2461 est,
2794 2396 2886 2450 sed
2911 2408 3153 2449 ornatum
3186 2397 3378 2450 diaboli
3425 2396 3817 2465 prostibulum.
3850 2417 3867 2448 ι

2346 2470 2605 2536 Septimo.
2638 2468 2896 2521 Perfecta:
2937 2470 3193 2521 castitatis
3241 2479 3435 2520 statum
3483 2482 3749 2535 perpetuo
3784 2478 3864 2522 te-

2278 2553 2407 2593 nere
2430 2540 2723 2607 poterimus
2746 2554 2808 2592 ex
2822 2540 3079 2591 Cassiano
3102 2538 3239 2609 (Lib.
3261 2555 3309 2591 v1
3336 2537 3491 2604 lnst.,
3523 2555 3569 2590 ε.
3598 2536 3730 2607 2!):
3765 2560 3783 2589 ι
3815 2541 3874 2594 Si

2279 2609 2443 2663 Deum
2476 2626 2577 2663 non
2604 2610 2776 2663 solum
2805 2618 3133 2663 seeieturnm
3165 2620 3472 2662 nostrorum
3507 2619 3748 2671 actuum,
3777 2626 3871 2663 ve-

2277 2694 2394 2733 ruiii
2438 2682 2595 2733 ctiain
2628 2682 3007 2747 cogitationum
3036 2691 3347 2733 cunctarum
3378 2680 3626 2733 diurnum
3663 2682 3871 2747 pariter

2278 2762 2702 2820 nocturnumque
2734 2753 3089 2817 iiispei-toreni
3121 2766 3240 2805 esse
3265 2761 3318 2803 et
3358 2752 3633 2805 ciuiscinm
3660 2754 3868 2818 cogite-

2278 2837 2416 2887 mus,
2450 2837 2512 2875 ac
2544 2838 2639 2891 pro
2686 2823 2934 2877 omnibus
2962 2837 3081 2886 qua:
3114 2824 3163 2875 in
3195 2832 3379 2876 nostro
3426 2823 3592 2875 corde
3640 2837 3870 2876 versan-

2279 2902 2385 2957 tur,
2417 2894 2552 2946 sicut
2582 2908 2675 2960 pro
2702 2892 2853 2947 factis
2882 2902 2936 2946 et
2958 2895 3207 2961 operibus
3240 2892 3440 2947 nostris
3468 2892 3737 2947 rationein
3765 2910 3867 2947 nos

2277 2967 2325 3018 ei
2352 2963 2657 3019 reddituros
2678 2979 2798 3019 esse
2824 2965 3125 3019 credamus.
3155 2984 3172 3015 ι

2349 3035 2568 3089 Octavo.
2605 3038 2915 3100 «Quantum
2966 3036 3083 3101 quis
3130 3037 3181 3089 in
3225 3036 3441 3089 lenitate
3492 3049 3553 3088 ac
3604 3036 3862 3104 patientia

2279 3106 2475 3165 cordis,
2513 3117 2712 3160 tantum
2746 3108 2797 3160 iii
2831 3108 3074 3172 corporis
3119 3107 3346 3174 puritate
3376 3108 3650 3175 proficiet;
3689 3122 3861 3174 quan-

2280 3187 2439 3246 toque
2474 3178 2680 3247 longius
2712 3178 2999 3231 iracundia:
3033 3178 3324 3243 prouulerit
3356 3178 3683 3245 passionem.
3715 3186 3865 3231 tanto

2218 3245 2242 3302 Ι
2274 3245 2586 3302 castitatem
2604 3250 2844 3301 tenacius
2866 3248 3124 3302 obtinebit
3158 3266 3168 3299 :
3205 3264 3308 3302 non
3353 3250 3498 3302 enini
3531 3259 3699 3301 aestus
3730 3265 3858 3302 cor-

2278 3320 2422 3385 poris
2451 3320 2761 3383 declinabit,
2787 3320 2884 3373 nisi
2917 3320 3004 3386 qui
3032 3320 3193 3373 animi
3220 3330 3394 3373 motus
3423 3328 3548 3372 ante
3576 3334 3862 3387 compres-

2275 3390 2429 3453 serit,
2459 3392 2599 3458 quod
2634 3390 2969 3457 apertissime
2999 3391 3291 3446 Salvatoris
3319 3393 3485 3444 nostri
3518 3404 3613 3441 ore
3644 3390 3862 3444 laudata

2276 3460 2549 3513 beatitudo
2597 3462 2832 3515 declarat
2864 3479 2875 3511 :
2910 3459 3056 3513 Beati
3089 3465 3256 3523 mites,
3286 3460 3530 3530 quoniam
3567 3459 3725 3530 153
3756 3463 3860 3529 ipsi

2276 3532 2603 3599 possidebunt
2654 3542 2857 3585 terram.
2888 3530 3003 3585 Non
3057 3547 3183 3601 ergo
3209 3532 3364 3587 aliter
3390 3542 3625 3583 nostram
3680 3534 3861 3597 possi-

2273 3601 2519 3655 debimus
2550 3612 2769 3665 terram,
2804 3602 2853 3655 id
2885 3614 2963 3656 est
3008 3618 3112 3657 non
3145 3603 3275 3656 alias
3317 3603 3503 3656 ditioiii
3538 3612 3737 3654 nostra
3764 3619 3860 3656 re-

2275 3672 2427 3725 bellis
2452 3672 2609 3741 hujus
2636 3674 2875 3741 corporis
2904 3684 3042 3728 terra
3070 3674 3348 3739 subdetur,
3366 3672 3464 3726 nisi
3498 3687 3649 3725 mens
3672 3682 3861 3726 nostra

2274 3742 2424 3810 prius
2470 3744 2631 3796 fuerit
2660 3744 2931 3813 patentius
2980 3745 3193 3798 levitate
3238 3746 3477 3805 fundata,
3510 3758 3608 3796 nec
3660 3746 3864 3810 poterit

2270 3814 2530 3867 adversus
2558 3829 2773 3868 carnem
2806 3830 2955 3867 suam
3002 3815 3234 3867 tibid.iiis
3283 3814 3420 3867 bella
3467 3829 3856 3881 comprimere,

2270 3884 2370 3935 nisi
2391 3886 2536 3951 prius
2553 3887 2716 3939 armis
2746 3886 3169 3939 mansuetudinis
3200 3890 3511 3938 instruatur.
3542 3903 3558 3933 ι

2343 3954 2579 4023 Denique
2609 3958 2826 4010 casntas
2865 3972 3053 4009 amans
3096 3966 3177 4010 est
3208 3956 3543 4018 solitudinis,
3578 3970 3678 4009 nec
3734 3956 3858 4009 effi-

2269 4027 2449 4097 cacius
2502 4036 2592 4079 aut
2639 4028 2809 4097 magis
2859 4041 3095 4095 praesens
3142 4028 3398 4081 adversus
3435 4040 3624 4079 omnes
3654 4028 3856 4097 (carnis

2272 4096 2650 4163 impressiones
2699 4096 2991 4151 remedium
3042 4098 3609 4151 existimaverunt
3644 4096 3851 4160 Patres,

2268 4183 2428 4236 quam
2460 4169 2578 4236 fuga
2613 4169 2919 4234 mulierum,
2946 4177 3002 4221 ut
3034 4167 3242 4223 |i05tcm
3274 4170 3422 4233 quasi
3458 4168 3709 4233 fugiendo
3734 4170 3853 4221 vino

2267 4254 2480 4304 camus;
2515 4250 2679 4293 tutam
2712 4240 3009 4293 castitatem
3059 4255 3163 4293 non
3193 4239 3475 4293 credentes
3525 4240 3679 4291 hoste
3710 4249 3851 4300 prie-

2268 4319 2442 4363 sente.
2482 4311 2555 4363 lta
2590 4310 2647 4365 S.
2676 4310 2942 4364 CaeSarius
2970 4310 3170 4379 (Serm.
3199 4310 3307 4364 295
3329 4311 3382 4361 in
3415 4305 3637 4372 appcud.
3675 4304 3848 4379 Serui.

2269 4379 2330 4433 S.
2362 4382 2607 4449 August.)
2644 4398 2657 4431 :
2687 4380 2884 4434 Contra
2918 4375 3151 4434 libidinis
3176 4384 3425 4444 impetum
3463 4375 3853 4449 rapprehende

2270 4446 2481 4517 fugam,
2506 4456 2548 4503 si
2582 4451 2661 4505 vis
2689 4450 2935 4505 obtinere
2960 4451 3237 4503 victoriam
3262 4466 3277 4513 ;
3306 4462 3403 4503 nec
3443 4446 3538 4499 tibi
3587 4460 3849 4502 verecun-

2268 4519 2391 4573 duin
2421 4522 2489 4576 sit
2529 4521 2733 4592 fugere,
2767 4523 2811 4575 si
2846 4521 3107 4575 castitatis
3137 4522 3368 4592 palmam
3395 4518 3674 4592 desideras
3695 4520 3854 4592 obti-

2270 4606 2417 4646 nere.
2452 4588 2621 4659 Undc',
2669 4592 2860 4646 fratres
2903 4592 3228 4656 chariSsimi,
3276 4590 3346 4643 ab
3373 4590 3623 4643 omnibus
3666 4588 3855 4641 (ﬁbris-

2269 4662 2443 4730 tianis,
2490 4664 2755 4732 praecipue
2804 4674 2978 4718 tamen
3030 4664 3262 4726 clericis,
3296 4660 3410 4715 sive
3450 4659 3727 4715 monachis
3768 4660 3853 4732 in-

2268 4732 2427 4804 digna
2468 4731 2522 4788 et
2571 4735 2852 4789 inhonesta
2907 4734 3241 4789 familiaritas
3268 4732 3535 4804 fugienda
3578 4740 3678 4796 est,
3723 4731 3849 4804 quia

2266 4802 2384 4858 sine
2443 4805 2547 4859 ulla
2590 4804 2921 4859 dubitatione
2974 4806 3064 4875 qui
3111 4803 3529 4875 familiaritatem
3582 4816 3688 4855 non
3738 4802 3852 4875 vu_lt

2267 4876 2437 4930 vitare
2493 4888 2819 4945 suspectam,
2882 4870 3003 4931 cito'
3041 4876 3293 4930 dilabitur
3347 4872 3726 4945 ingruinagm.»
3781 4870 3852 4926 Et

2269 4948 2427 5012 paulo
2456 4956 2571 5013 post
2590 4942 2611 5003 ἐ
2648 4964 2666 4998 ι
2694 4946 2844 5013 Quod
2886 4957 3061 5001 autem
3094 4946 3367 5000 libidinem
3400 4942 3705 5011 fugiendam
3726 4958 3851 4999 esse

2271 5019 2626 5087 suggeriinns,
2656 5018 2930 5086 apostolus
2961 5018 3155 5071 Paulus
3174 5015 3452 5071 evidenter
3479 5015 3735 5087 ostendit,
3760 5014 3855 5082 qui

2269 5085 2388 5141 cuin
2421 5089 2668 5143 omnibus
2695 5085 2850 5141 vitiis
2884 5088 3255 5157 przcdicaverit
3300 5085 3679 5157 resistendum,
3722 5086 3852 5157 dunt

2265 5170 2448 5212 contra
2492 5159 2767 5213 libidinem
2801 5154 3125 5228 loqueretur,
3157 5174 3261 5212 non
3294 5156 3431 5211 dixit
3459 5156 3715 5228 resistite,
3755 5154 3850 5210 sed

2263 5230 2424 5297 fugite
2448 5227 2880 5293 fornicationem,
2907 5246 2972 5285 ac
2997 5232 3074 5285 sic
3101 5238 3287 5284 contra
3313 5229 3526 5298 reliqua
3557 5227 3709 5291 vitia,
3745 5228 3852 5282 Deo

2264 5302 2577 5368 auxiliante,
2608 5302 2865 5355 debemus
2894 5303 2944 5355 in
2987 5300 3238 5370 prmsenti
3262 5297 3539 5362 resistere,
3576 5297 3850 5370 libidinem

2262 5385 2389 5425 vero
2422 5367 2672 5439 fugiendo
2717 5367 3000 5439 superare,
3026 5372 3150 5427 licet
3192 5371 3319 5424 alibi
3360 5373 3413 5425 in
3443 5367 3738 5439 Scripturis
3767 5369 3854 5419 di-

2264 5443 2397 5494 vinis
2429 5438 2654 5510 legimus
2682 5460 2695 5496 :
2728 5438 2852 5496 Nati
2879 5488 2892 5508 ,
2926 5444 3116 5513 inquit,
3151 5443 3205 5495 in
3226 5442 3411 5510 faciem
3437 5438 3652 5513 uirginis
3675 5438 3856 5513 inten-

2259 5514 2400 5583 dere.
2442 5507 2504 5565 ui
2547 5522 2594 5566 le
2645 5507 2957 5568 scandalizet
3002 5507 3174 5568 imitus
3223 5507 3352 5583 ejus.
3378 5529 3411 5583 ι
3454 5507 3607 5583 Ideni
3657 5507 3853 5563 docent

2257 5582 2315 5655 S.
2348 5582 2707 5655 Hieronymus
2751 5586 2993 5639 scribens
3041 5581 3301 5655 adversus
3356 5581 3707 5655 Vigilantiam
3752 5584 3852 5655 sub

2260 5654 2443 5719 finem,
2487 5653 2871 5709 et'Cassianus
2905 5656 2998 5706 lib.
3043 5668 3093 5707 Vl
3147 5653 3569 5715 lnstitutionum,
3625 5667 3746 5719 cap.
3781 5653 3849 5711 5;

2257 5727 2449 5789 quibus
2480 5727 2713 5780 concinit
2755 5724 2879 5783 illud
2913 5722 3141 5779 Gotfridi
3186 5724 3395 5778 abbatis
3426 5720 3848 5778 Vindociuensis

2258 5794 2393 5860 (Lib.
2430 5813 2501 5858 iv,
2533 5813 2609 5864 ep.
2643 5796 2732 5856 Η)
2764 5812 2776 5848 :
2812 5815 2828 5846 ‹
2855 5795 2951 5849 Ubi
2984 5795 3287 5850 inordinate
3307 5793 3588 5849 saecularis
3612 5796 3849 5848 estassi-

2257 5866 2446 5929 duitas,
2497 5867 2584 5920 diu
2636 5867 2821 5922 deesse
2861 5882 2966 5921 non
3008 5866 3243 5923 creditur
3293 5864 3513 5936 grandis
3566 5864 3843 5933 iniquitas,
