4102 6360
297 374 398 425 5'37

3043 270 3075 293 θ
3128 258 3387 275 τίη-ιι·ο’

1355 360 1632 415 REGULA
1666 357 1906 413 'COMME

2011 357 2160 411 ΑΤΑ.
2204 358 2356 411 CAI‘.
2404 355 2488 408 iV.
3464 348 3566 403 358

295 488 529 544 maxime
556 485 607 538 in
636 484 751 544 loco
796 482 845 535 in
873 495 978 550 quo
1010 492 1169 534 sexus
1198 480 1454 533 femineus
1482 475 1723 529 habitare
1753 489 1874 543 per-
1905 477 1954 536 Α
1983 472 2173 550 [eaad
2205 470 2508 550 Castorium
2551 470 3282 550 Δι’ῂιιίηειιεθι-ιιςρίδρρρυω
3323 467 3567 550 scribens

299 558 552 621 mittitur,
570 569 664 624 per
685 567 842 621 quem
865 554 1030 624 etiam,
1055 552 1318 624 religiosae
1341 562 1585 624 personae
1610 556 1875 615 suspecta:

304 619 586 683 habentur.
612 644 631 676 ι
664 619 732 678 At
772 619 1172 679 constantiores
1204 622 1365 675 etiam
1410 619 1619 671 animos
1669 627 1877 671 terrere

303 698 502 754 debent
530 697 644 750 haec
670 694 729 750 8.
756 694 1009 749 Bernardi
1056 694 1217 748 verba
1248 691 1444 762 (Serm.
1471 690 1538 744 65
1568 689 1620 741 iu
1652 686 1829 762 Cant.)
1862 704 1873 737 :

306 789 324 821 ι
354 771 489 824 Cum
547 767 741 822 femina
790 779 1003 833 semper
1030 778 1171 829 esse,
1202 758 1265 817 et'
1289 776 1393 815 non
1422 773 1749 833 cognoscere
1798 758 1876 833 fe-

304 840 530 905 minam,
564 852 743 892 nonne
770 836 889 905 plus
912 831 1015 890 est
1040 849 1199 903 quam
1228 841 1496 905 mortuum
1526 831 1873 905 suscitare?)

305 911 414 965 Nec
466 899 552 963 me
594 899 785 962 minus
823 899 1205 973 tnovent,'qna:
1256 902 1543 973 nonnullus
1592 916 1655 954 ex
1690 899 1880 968 priscis

306 980 583 1035 monachis
614 979 826 1033 dicebat
864 971 1053 1045 (Joan.
1092 971 1329 1028 Moschus
1373 973 1429 1025 in
1480 971 1644 1024 Prato
1688 973 1879 1045 spirit.,

306 1069 355 1107 c.
382 1052 483 1105 2'27
502 1052 519 1120 )
538 1067 551 1101 :
572 1068 591 1101 ι
624 1048 819 1111 Filioli,
846 1044 923 1101 sal
948 1063 1014 1120 ex
1043 1062 1177 1115 aqua
1207 1053 1311 1120 est,
1344 1045 1470 1120 etsi
1496 1044 1885 1120 appmpinqua-

307 1124 443 1177 verit
465 1113 636 1190 aquae,
655 1120 905 1190 coiitinuo
933 1113 1155 1190 solvitur
1196 1126 1249 1169 et
1270 1115 1480 1190 deficit;
1512 1124 1565 1190 et
1595 1113 1884 1165 monachus

306 1182 552 1245 sintilite'r
576 1182 639 1244 ei
664 1189 890 1244 muliere
912 1200 989 1243 est
1016 1205 1030 1253 ;
1056 1188 1234 1253 itaque
1263 1186 1307 1238 si
1338 1182 1736 1251 appropinquat
1767 1197 1883 1235 mu-

308 1263 454 1325 lieri,
485 1264 711 1316 solvitur
734 1270 788 1314 et
812 1262 944 1326 ipse,
970 1270 1126 1325 atque
1156 1257 1209 1310 in
1242 1257 1291 1309 id
1321 1255 1609 1326 desinit,ut
1637 1254 1746 1322 jam
1774 1268 1888 1326 mo-

308 1323 517 1387 nachus
562 1347 669 1385 non
716 1332 806 1384 sit.
833 1323 852 1381 ἰ
880 1330 973 1383 ‘Et
1021 1323 1211 1383 Petrus
1256 1325 1492 1379 Damiani
1536 1324 1761 1394 (Opusc.
1794 1323 1882 1389 52,

312 1420 430 1474 cap.
458 1402 530 1470 5)
566 1421 578 1455 :
616 1403 712 1474 «ιη
762 1400 991 1474 quodam
1035 1408 1217 1474 monte
1246 1396 1485 1451 Orientis
1532 1396 1735 1463 lapides
1764 1402 1887 1474 sunt

312 1464 547 1541 igniferi,
571 1472 665 1541 qui
694 1464 963 1525 masculus
988 1480 1042 1524 et
1072 1471 1264 1522 femina
1296 1475 1692 1541 nuncupantur,
1725 1472 1779 1518 et
1804 1464 1887 1517 di-

308 1538 509 1598 c'uutur
531 1538 791 1614 py'roboli,
811 1541 899 1610 qui
921 1541 1334 1614 nimiruaucum
1365 1553 1402 1614 a_
1421 1538 1737 1614 se_inviceni
1767 1551 1890 1614 prn-

313 1617 401 1669 cul
434 1608 580 1678 sunt,
604 1629 709 1666 non
737 1608 1118 1666 accenduntur.
1146 1609 1201 1664 Si
1230 1623 1355 1663 vero
1378 1608 1574 1662 femina
1605 1608 1891 1676 appropin-

313 1695 509 1754 quatur
538 1685 793 1741 masculo.
843 1684 1084 1751 protinus
1110 1696 1178 1736 ex
1203 1682 1283 1733 eis
1311 1680 1449 1754 ignis
1472 1677 1766 1754 egreditur,
1818 1678 1888 1730 ita

314 1750 377 1809 tit
404 1757 580 1809 omnia
609 1770 727 1824 quze
756 1750 898 1807 eirea
930 1762 1165 1807 montem
1196 1760 1321 1824 sunt
1366 1750 1594 1824 flammis
1622 1762 1887 1824 vaporan-

315 1826 461 1913 9P"?
489 1820 1891 1913 erant?5-.a9jrsefiﬁs-'éRiS‘iPBi69539312
1924 1853 1972 1913 Β

315 1906 375 1950 ιιι
399 1898 447 1950 si
484 1897 728 1949 consumi
758 1893 998 1948 libidinis
1026 1891 1273 1946 incendio
1319 1892 1587 1954 nolumus,
1621 1890 1894 1944 muliebris

315 1976 568 2034 aspectus
601 1967 783 2019 faciem
812 1965 1166 2026 declinemus,
1207 1976 1277 2016 ne
1304 1966 1371 2014 de
1398 1973 1685 2034 conspecta
1719 1959 1892 2034 forma

317 2032 535 2095 flamma
554 2036 815 2104 prosiliat,
845 2052 965 2103 qua:
992 2034 1044 2088 in
1075 2034 1231 2088 nobis
1254 2046 1359 2087 non
1388 2032 1611 2096 montis,
1644 2032 1738 2085 sed
1754 2046 1896 2086 men-

321 2110 391 2160 tis
420 2105 616 2161 fruteta
652 2106 931 2176 pervadat.
954 2124 974 2157 ι

393 2177 565 2231 Nemo
589 2173 716 2246 ergo
740 2176 862 2246 jure
896 2177 1122 2230 miretur
1151 2182 1354 2246 tantam
1396 2174 1448 2227 in
1488 2173 1684 2242 priscis
1712 2186 1897 2246 mona-

320 2247 439 2303 chis
478 2244 706 2301 feminas
744 2244 940 2301 vitandi
981 2244 1394 2301 sollicitudinem
1426 2285 1440 2304 ,
1483 2254 1541 2297 ut
1579 2258 1684 2297 non
1724 2245 1894 2297 solum

320 2321 399 2372 eis
429 2318 733 2373 monasterii
774 2318 877 2383 sui,
910 2318 1004 2371 sed
1046 2330 1145 2371 nec
1174 2314 1396 2369 oratorii
1427 2315 1725 2382 ingressum
1775 2329 1899 2383 per-

322 2388 619 2453 mitterent,
664 2392 770 2443 imo
799 2404 897 2442 nec
926 2389 1007 2442 sui
1046 2396 1391 2456 conspectum
1431 2394 1521 2438 aut
1550 2399 1896 2454 congressum

324 2460 487 2513 facile
526 2461 903 2514 concederent.

322 2571 331 2579 .
403 2530 560 2601 154
586 2530 745 2585 Certe
774 2530 1100 2599 prohibitum
1122 2528 1251 2583 olim
1279 2528 1335 2581 iu
1360 2528 1595 2583 virorum
1624 2538 1897 2583 monaste-

325 2602 402 2654 ria
437 2604 646 2655 teniinis
677 2601 873 2655 aditum
905 2606 1100 2670 passim
1142 2606 1407 2654 testantur
1439 2601 1688 2670 antiquae,
1711 2614 1898 2653 mona-

323 2674 547 2725 chorum
579 2676 772 2742 rcgula:
802 2689 815 2723 :
847 2669 1045 2741 Regula
1077 2672 1228 2725 tertia
1256 2670 1350 2724 SS.
1384 2670 1599 2725 Patrum
1624 2669 1787 2740 (Cap.
1820 2670 1898 2741 4),

334 2742 787 2797 «familiaritatem
818 2758 1055 2795 omnium
1096 2742 1398 2805 mulierum,
1428 2742 1617 2809 inquit,
1660 2750 1766 2794 tam
1800 2756 1903 2810 pa-

326 2825 538 2867 rentum
570 2829 725 2882 quam
756 2824 1131 2868 extranearum
1164 2827 1260 2882 pro
1288 2812 1632 2867 custodienda
1666 2814 1790 2876 vita,
1817 2813 1901 2866 vel

326 2884 581 2937 cavendis
611 2886 813 2953 laqueis
843 2883 1039 2937 diaboli
1071 2886 1137 2937 ab
1166 2883 1412 2937 omnibus
1439 2884 1799 2948 monasteriis,
1820 2884 1904 2936 vel

328 2954 556 3009 culturis
603 2955 1016 3019 monachorum;
1058 2969 1150 3008 seu
1199 2955 1677 3021 frequentationem
1720 2968 1906 3005 mona-

329 3028 552 3079 chorum
571 3040 600 3077 a
626 3025 965 3079 monasteriis
986 3026 1305 3094 puellarum,
1334 3028 1473 3078 sicut
1494 3025 1670 3094 regula
1695 3025 1903 3087 edocet,

328 3095 615 3165 prohibere
651 3111 963 3159 censemus;
996 3111 1166 3163 neque
1213 3094 1316 3147 ulla
1361 3096 1552 3149 mulier
1602 3096 1652 3148 in
1683 3096 1905 3150 interius

331 3167 524 3219 atrium
548 3168 859 3222 monasterii
891 3166 1096 3236 ingredi
1127 3166 1337 3219 audeat.
1364 3166 1514 3232 Quod
1546 3167 1587 3219 si
1620 3168 1903 3220 cum‘cnn-

333 3238 455 3290 silio
482 3241 565 3290 vel
592 3239 863 3291 voluntate
890 3238 1098 3290 abbatis
1128 3241 1530 3304 monasterium,
1566 3237 1651 3289 vel
1682 3237 1905 3291 cellulas
1934 3236 1978 3299 C
2012 3240 2096 3292 his
2125 3239 2303 3291 verbis
2327 3236 2416 3307 (In
2445 3250 2563 3291 stat.
2599 3254 2644 3290 c.
2670 3237 2761 3307 ‘2!)

332 3310 717 3363 monachorum
754 3307 997 3377 quaedam
1045 3308 1203 3361 fuerit
1240 3307 1504 3373 ingressa,
1550 3309 1745 3362 merito
1791 3309 1905 3376 ipse

336 3379 502 3432 abbas
540 3387 596 3433 et
633 3394 825 3432 nomen
865 3378 1076 3432 abbatis
1115 3378 1370 3447 deponat,
1412 3390 1465 3433 et
1504 3380 1806 3433 inferiorem
1849 3394 1909 3435 se

335 3450 589 3502 onmibus
630 3450 954 3519 presbyteris
995 3457 1377 3517 recognoscat;
1407 3451 1527 3518 quia
1570 3448 1689 3502 talis
1720 3460 1908 3504 sancto

336 3534 486 3588 gregi
526 3521 762 3587 prwpnni
799 3520 975 3581 debet,
1015 3521 1102 3589 qui
1142 3535 1236 3574 eos
1276 3519 1644 3575 immaculatos
1684 3522 1794 3575 Deo
1833 3523 1911 3574 of-

337 3591 482 3643 ferre
511 3600 778 3659 procuret,
811 3605 913 3643 non
947 3605 1039 3659 per
1067 3591 1329 3653 quaslibet
1370 3591 1757 3645 familiaritates
1797 3592 1911 3644 dia-

340 3662 466 3714 bolo
506 3661 713 3715 sociare
752 3661 987 3716 festinet.
1014 3680 1032 3711 ι
1066 3661 1124 3715 8.
1152 3662 1378 3715 Basilius
1417 3661 1629 3732 (Serm.
1660 3663 1685 3715 1
1721 3663 1781 3715 de
1820 3660 1914 3715 In-

343 3732 450 3783 stit.
484 3733 749 3800 mouach.)
779 3750 791 3783 :
827 3751 844 3781 ι
883 3731 1127 3785 Mulieres
1151 3748 1179 3785 a
1203 3731 1648 3787 monasteriorum
1673 3734 1913 3801 ingressu

339 3815 562 3869 prorsus
592 3810 893 3857 arceantur.
918 3822 936 3853 ι
968 3802 1025 3856 8.
1050 3802 1383 3857 Cresariusiu
1412 3804 1610 3873 Regula
1641 3804 1705 3857 ad
1736 3805 1917 3857 Mona-

341 3873 476 3925 chos
505 3887 625 3939 cap.
652 3877 708 3927 1t
744 3889 760 3927 :
790 3892 807 3924 ι
831 3875 1075 3927 Mulieres
1106 3874 1159 3927 in
1184 3876 1510 3927 monasterio
1538 3890 1805 3943 nunquam
1837 3876 1917 3929 in-

343 3943 669 4011 grediautur.
704 3964 730 3995 r
766 3945 967 4013 Regula
1004 3946 1061 3997 8.
1088 3944 1323 3999 Ferreoli
1356 3944 1516 4013 (Cap.
1559 3943 1671 4014 ηιμ
1720 3944 1916 4000 (Nulla

344 4015 557 4081 penitus
597 4016 787 4069 mulier
824 4020 888 4067 ad
929 4019 1334 4077 monaSteriuiu,
1365 4017 1574 4069 etiamsi
1616 4030 1710 4084 pro
1748 4017 1914 4070 dilec-

350 4084 494 4137 tione
515 4095 768 4152 expetere
790 4086 1053 4148 videatur,
1080 4089 1320 4139 accedat.
1336 4086 1593 4141 Similiter
1621 4101 1737 4139 eam
1759 4088 1917 4141 etiam

349 4154 613 4226 religiosis
657 4158 867 4209 feminis
905 4156 989 4208 vel
1032 4158 1243 4223 puellis,
1285 4171 1351 4210 ne
1389 4173 1491 4226 qua
1533 4157 1671 4209 forte
1711 4160 1920 4211 occasio

352 4222 526 4277 minus
563 4226 982 4294 inlelligentibus
1024 4222 1370 4295 relinquatur,
1407 4222 1702 4281 accedendi
1755 4228 1919 4281 licen-

353 4297 493 4347 tiam.
521 4307 857 4364 amputamus
886 4314 903 4349 :
927 4296 1047 4365 quia
1078 4306 1394 4365 nonpotest
1421 4296 1675 4353 habitatio
1714 4301 1765 4352 in
1808 4298 1924 4353 lon-

352 4378 477 4431 gum
505 4380 625 4419 esse
663 4380 872 4426 secura,
902 4368 1119 4420 inimico
1152 4368 1391 4436 proximo
1417 4380 1470 4422 et
1494 4370 1644 4423 hoste
1672 4370 1864 4424 vicino.
1900 4390 1917 4422 ι

357 4437 595 4511 Denique
634 4437 830 4505 Regula
859 4437 1206 4511 Tarnatensis
1236 4440 1543 4511 monasterii
1576 4439 1741 4509 (Cap.
1770 4441 1872 4511 20)
1907 4458 1920 4493 :

360 4524 380 4555 ι
403 4506 638 4561 Feminm
662 4520 896 4561 vestrum
920 4523 1025 4561 non
1055 4510 1393 4575 frequentant
1424 4506 1806 4577 habitaculum,
1831 4506 1923 4565 sed

355 4591 478 4629 cum
510 4593 606 4645 pro
634 4578 918 4633 devotione
946 4594 1063 4646 sua,
1095 4581 1175 4633 vel
1211 4593 1305 4647 pro
1330 4594 1511 4634 amore
1538 4583 1809 4650 religionis
1831 4598 1924 4636 ve-

356 4656 485 4700 stra:
514 4652 829 4717 expetierint
850 4651 1253 4712 monasterium,
1272 4664 1375 4704 non
1399 4651 1477 4704 eis
1495 4654 1817 4706 concedatur
1843 4654 1925 4707 in-

356 4721 583 4772 teriores
613 4723 917 4774 monasterii
943 4722 1133 4789 januas
1162 4721 1415 4786 introire;
1446 4723 1539 4776 sed
1572 4725 1623 4775 in
1664 4725 1920 4788 oratorio,

354 4798 450 4859 aut
480 4790 531 4842 in
557 4793 799 4857 hoSpitali
823 4791 985 4843 domo
1012 4793 1263 4845 reddatur
1288 4792 1394 4846 illis
1419 4795 1588 4848 honor
1608 4804 1663 4847 et
1691 4797 1876 4859 gratia.
1900 4812 1919 4846 ι

358 4858 782 4932 llancveternm
824 4863 1208 4916 monachorum
1240 4862 1574 4932 disciplinam
1607 4864 1925 4918 confirmant

356 4931 642 5004 concilium
671 4932 1024 4987 Turonenset
1056 4932 1214 5004 (Cap.
1250 4934 1352 5004 l7)
1383 4931 1468 4987 his
1508 4936 1689 4987 verbis
1718 4951 1731 4987 :
1772 4954 1789 4985 ι
1813 4936 1926 4989 Μυ-

357 5000 459 5076 liet
498 5001 635 5056 intra
667 5013 814 5073 septa
855 5000 1171 5076 monasterii
1202 5000 1508 5059 nullatenus
1548 5006 1766 5060 introire
1804 5022 1926 5076 per-

358 5075 631 5138 mittatur;
656 5076 701 5127 si
723 5076 887 5128 abbas
908 5074 961 5127 in
993 5074 1089 5129 hac
1116 5086 1264 5143 parte
1290 5084 1381 5128 aut
1411 5077 1724 5145 praepositus
1753 5074 1923 5145 negli-

358 5155 493 5216 gens
522 5147 829 5212 apparuerit
858 5147 943 5213 qui
973 5160 1090 5198 eam
1120 5145 1341 5208 viderit,
1367 5155 1423 5199 et
1462 5162 1565 5201 non
1594 5150 1769 5201 statim
1814 5148 1925 5216 eje-

357 5214 517 5277 cerit,
547 5223 1058 5270 excommuntcetur.
1088 5236 1107 5266 ι
1134 5216 1431 5271 Concilium
1462 5214 1925 5271 Antissiodorense

357 5281 529 5346 (Can.
560 5285 701 5355 26):
741 5304 759 5337 ι
789 5286 846 5341 Si
876 5285 993 5354 quis
1020 5287 1184 5355 abbas
1212 5288 1488 5341 mulierem
1518 5290 1568 5341 in
1601 5290 1925 5343 monasterio

357 5367 457 5406 suo
480 5354 681 5424 ingredi
702 5356 1025 5429 permiserit,
1049 5372 1135 5409 aut
1155 5354 1472 5413 festivitates
1494 5359 1699 5429 aliquas
1718 5361 1785 5414 ibi
1802 5375 1924 5428 spe-

358 5433 509 5480 ctare
532 5427 878 5496 praeceperit,
905 5426 1073 5480 tribus
1096 5428 1372 5481 mensibus
1399 5431 1449 5482 in
1478 5426 1923 5486 alio'monaste'rio

357 5496 686 5565 recludatur,
720 5512 857 5566 pane
881 5505 935 5566 et
962 5510 1101 5565 aqua
1142 5508 1444 5553 contentus.
1474 5519 1492 5551 ο
1536 5500 1793 5555 Similiter
1822 5501 1927 5554 lio-

357 5580 575 5620 mauum
631 5565 732 5623 sub
768 5569 826 5625 S.
867 5565 1124 5640 Gregorio
1161 5569 1354 5638 (Apud
1394 5568 1585 5623 Barou.
1628 5588 1750 5623 anu.
1792 5572 1928 5640 60f)

357 5648 513 5692 cavet
542 5657 561 5689 ι
589 5654 655 5693 ue
685 5640 736 5693 iu
775 5653 1051 5693 servorum
1086 5638 1179 5692 Dei
1203 5640 1499 5693 recessibus
1530 5651 1583 5693 et
1621 5657 1803 5694 eorum
1844 5638 1928 5693 re-

357 5713 651 5778 ceptaculis
691 5712 775 5765 illa
806 5709 1077 5781 p0pularis
1113 5720 1406 5764 conventus
1446 5713 1746 5779 prmbeatur
1772 5726 1928 5764 occa-

357 5781 463 5845 sio,
495 5782 576 5835 vel
605 5780 888 5836 mulierum
916 5782 1009 5835 flat
1046 5795 1215 5835 novus
1254 5780 1525 5846 introitus,
1551 5785 1688 5851 quod
1710 5783 1929 5836 omnino

360 5868 469 5907 non
497 5854 711 5923 expedit
736 5852 1015 5907 animabus
1040 5867 1246 5909 eorum.
1280 5870 1297 5904 ι
1326 5852 1466 5907 Idem
1492 5853 1639 5921 jubet
1666 5854 1723 5907 8.
1757 5852 1928 5922 potiti-

2024 542 2133 595 Lib.
2180 559 2227 596 tv
2270 544 2421 613 ἤρθη
2447 562 2561 612 cap.
2590 543 2720 613 43);
2761 553 2815 597 et
2852 542 2915 595 ad
2950 538 3278 596 Valentinum
3319 538 3563 613 abbatem

2020 614 2155 667 Ibid.
2185 614 2273 666 lib.
2305 608 2382 677 ιιῐ,
2410 608 2532 685 ηιμ.
2563 608 2697 684 to)’,
2730 614 2819 684 qni
2850 614 3155 685 feminasgin
3196 627 3295 685 suo
3333 608 3565 685 admise-

1984 680 2069 740 rat
2108 680 2488 739 monasterioz'
2518 680 2813 753 illujus'te
2853 683 3103 753 praecepti
3143 684 3302 749 serie,
3354 680 3557 749 inquit,

1985 771 2411 819 commonemus,
2444 768 2500 809 ut
2528 772 2699 825 neque
2725 756 2976 811 mulieres
3021 757 3072 809 in
3116 754 3443 825 monasterio
3472 760 3564 807 tuo

1984 828 2243 896 deinceps
2308 828 2543 897 qualibet
2582 822 2864 881 occasione
2905 827 3183 895 permittas
3222 822 3516 879 ascendere
3544 864 3560 886 ,

1987 914 2160 966 neque
2199 898 2489 952 monachos
2530 907 2648 952 tuos
2686 909 3010 952 commatres
3039 899 3139 951 sibi
3179 899 3390 958 facere;
3442 908 3564 947 nam

1986 972 2030 1025 si
2059 972 2159 1023 hoc
2198 969 2375 1023 denuo
2403 968 2467 1021 ad
2505 984 2661 1022 aures
2692 978 2903 1022 nostras
2934 968 3257 1037 pervenerit,
3293 967 3370 1020 sic
3402 975 3453 1020 te
3482 979 3567 1037 se-

1988 1041 2289 1096 verissimae
2334 1040 2549 1094 noveris
2589 1040 2774 1093 ultioni
2826 1035 3185 1103 siibtietidum,
3220 1048 3277 1091 ut
3314 1035 3566 1089 emenda-

1990 1113 2147 1166 tionis
2179 1123 2281 1164 tum.
2310 1112 2587 1180 qua‘litate,
2612 1109 2793 1165 creteri
2832 1111 2947 1164 sine
2974 1110 3136 1164 dubio
3164 1109 3561 1180 corrigantur.)

1988 1183 2045 1237 In
2079 1184 2297 1251 antiqua
2327 1177 2502 1235 etiam
2532 1182 2760 1235 formula
2790 1182 3055 1235 condendi
3087 1180 3350 1251 privi'egii
3377 1177 3566 1251 statui-

1989 1263 2075 1306 tur
2116 1247 2336 1320 (Eastat
2377 1254 2509 1308 Suec.
2553 1267 2604 1305 tv
2660 1252 2887 1316 Bened.,
2932 1264 3064 1319 part.
3087 1247 3157 1316 ἰ,
3226 1247 3348 1320 pag.
3376 1247 3566 1320 77M),

1989 1333 2049 1378 ut
2081 1344 2097 1375 ι
2119 1318 2402 1378 mulierum
2438 1338 2685 1379 accessus
2716 1323 2854 1377 intra
2888 1318 3069 1390 pertas
3097 1318 3406 1375 monasterii
3441 1320 3557 1372 nul.

1992 1397 2202 1449 latenus
2234 1396 2344 1448 fiat.
2378 1414 2396 1447 ι
2425 1395 2519 1449 llis
2547 1396 2797 1448 omnibus
2826 1394 3089 1448 accedunt
3119 1392 3301 1446 civiles
3336 1392 3570 1457 impera-

1991 1474 2165 1521 torum
2198 1468 2376 1534 leges,
2423 1464 2705 1520 Justiniani
2748 1467 2955 1519 novella
2992 1466 3133 1519 l'53:
3168 1482 3186 1514 ι
3218 1465 3330 1517 Non
3381 1462 3570 1529 ingre-

1991 1537 2207 1591 dientur
2238 1533 2458 1591 omnino
2506 1551 2677 1605 neque
2725 1536 2915 1590 mulier
2954 1537 3008 1589 in
3057 1534 3382 1589 monasterio
3426 1533 3569 1605 viro-

1991 1624 2131 1668 rum,
2166 1623 2338 1678 neque
2381 1611 2459 1663 vir
2489 1608 2541 1662 in
2575 1608 2859 1671 muliebre,
2891 1608 2975 1660 vel
3021 1606 3243 1661 obtentu
3292 1604 3567 1658 memoria!

1999 1679 2152 1751 155
2178 1679 2413 1735 defuncti
2452 1680 2564 1733 illic
2594 1679 2876 1751 reconditi,
2908 1678 2992 1731 vel
3021 1678 3091 1730 ob
3118 1678 3275 1730 aliam
3319 1688 3566 1735 causam;

1994 1750 2049 1805 ει
2079 1750 2311 1805 maxime
2342 1751 2389 1806 si
2427 1752 2547 1821 quis
2591 1750 2806 1804 fratrem
2858 1750 3011 1812 forte,
3043 1758 3434 1821 autsororem,
3482 1755 3571 1821 aut

1997 1825 2299 1891 quempiam
2341 1838 2405 1877 ex
2447 1816 2653 1890 genere
2703 1821 3006 1887 conjunctis
3047 1834 3104 1873 se
3154 1819 3204 1872 in
3237 1816 3601 1891 monasterio.

1999 1889 2198 1948 habere
2244 1893 2416 1959 dicat;
2465 1889 2749 1946 monachis
2798 1893 2995 1945 etenim
3042 1889 3388 1959 cognatio_in
3433 1894 3572 1938 terra

1999 1979 2105 2017 non
2157 1976 2269 2033 est,
2326 1957 2551 2030 utpote
2596 1964 2683 2030 qui
2726 1963 3002 2016 cmlestem
3044 1957 3203 2033 vitam
3250 1957 3568 2033 affectent.»

1998 2036 2169 2102 Quam
2204 2030 2372 2104 legem
2401 2035 2560 2087 etiam
2590 2034 2653 2087 ad
2683 2034 2966 2088 defunctos
2987 2032 3249 2097 extendit,
3277 2030 3573 2104 decernens

2006 2098 2122 2160 (ne
2148 2098 2320 2159 virum
2366 2105 2730 2160 recnnduntor
2760 2106 2812 2158 in
2846 2105 3182 2158 muliebrium
3224 2098 3575 2155 monasterio-

2001 2192 2118 2231 rum
2167 2178 2447 2244 sepulcris,
2482 2191 2652 2244 neque
2677 2178 2931 2230 mulieres
2962 2175 3013 2228 in
3046 2174 3277 2226 virorum
3310 2179 3579 2224 monaste-

2003 2250 2097 2301 riis
2124 2262 2215 2302 seu
2250 2247 2527 2300 asceteriis
2552 2247 2908 2300 defodiuutor.
2948 2265 2965 2297 ι

2076 2320 2221 2372 Dicta
2280 2318 2534 2371 hactenus
2588 2318 2870 2371 confirmat
2923 2319 3136 2385 antiqua
3196 2313 3578 2369 monachorum

2004 2392 2209 2460 praxis,
2236 2404 2369 2459 quos
2393 2402 2659 2454 nunquam
2694 2389 2744 2441 in
2778 2389 3101 2443 monasterio
3144 2387 3383 2460 feminas
3415 2385 3579 2437 intro-

2002 2455 2219 2515 duxisse
2250 2455 2491 2526 constat,
2524 2467 2582 2511 ut
2623 2460 2839 2515 infinitis
2865 2474 3029 2527 pmpe
3069 2457 3329 2525 exemplis
3354 2455 3580 2508 demou-

2003 2531 2160 2585 strari
2206 2540 2383 2600 posset
2425 2548 2434 2581 :
2489 2531 2595 2583 into
2644 2529 2881 2583 nonnulli
2922 2545 2988 2583 eo
3030 2528 3299 2598 progressi
3326 2533 3480 2586 sunt,
3526 2534 3581 2574 ut

2006 2618 2105 2656 nec
2134 2603 2380 2656 animalia
2406 2615 2567 2655 sexus
2596 2601 2857 2665 feminini,
2892 2611 3013 2667 puta
3042 2614 3257 2663 vaccis,
3288 2610 3497 2665 capras,
3530 2607 3587 2648 et

2007 2677 2111 2727 alia
2133 2671 2434 2742 lmjusmodi
2458 2672 2647 2727 nutriri
2673 2674 2722 2725 in
2748 2671 3086 2725 monasteriis
3108 2672 3217 2723 suis
3245 2677 3581 2742 paterentur;

2009 2746 2184 2812 qualis
2207 2741 2309 2797 fuit
2337 2745 2392 2796 8.
2422 2744 2572 2796 Plato
2607 2743 2963 2797 Sacundionis
2994 2742 3299 2795 monasterii
3330 2741 3581 2812 ltegume-

2009 2810 2129 2879 nus,
2168 2824 2300 2868 teste
2331 2814 2614 2868 Theodoro
2642 2814 2847 2868 Studila
2878 2812 2927 2865 in
2959 2813 3076 2881 ejus
3107 2812 3219 2865 Vita
3249 2828 3301 2863 ιι.
3331 2810 3427 2872 2‘5;
3458 2824 3587 2881 qua-

2009 2886 2076 2939 iis
2102 2894 2154 2939 et
2196 2885 2307 2951 ipse
2339 2882 2651 2938 Theodorus
2680 2884 2918 2943 Studita,
2954 2878 3012 2935 ut
3044 2883 3225 2936 videre
3265 2890 3357 2951 est
3380 2882 3429 2932 in
3468 2878 3586 2944 ejus

2009 2950 2376 3017 Testamento,
2401 2954 2543 3023 quod
2577 2954 2741 3008 refert
2771 2954 3029 3007 Baronius
3058 2952 3123 3006 ad
3155 2968 3280 3005 ann.
3305 2950 3428 3004 8‘26.

2083 3026 2333 3079 liamdem
2357 3020 2692 3094 disciplinam
2716 3026 2856 3078 ultro
2877 3024 3106 3091 amplexi
3128 3032 3251 3076 sunt
3272 3020 3589 3094 posteriores

2010 3098 2395 3152 monachorum
2432 3090 2648 3151 ordines
2688 3096 2912 3163 aliaeque
2945 3090 3203 3162 religiosae
3225 3090 3590 3163 congregatio-

2012 3184 2127 3222 nes.
2164 3168 2309 3221 llauc
2339 3169 2452 3220 suis
2488 3164 2657 3236 Guign
2687 3160 3078 3221 Cartliusiensis
3110 3166 3254 3234 prior
3294 3160 3591 3236 praescribit

2801 3254 2812 3290 :
2848 3255 2865 3287 ι
2901 3233 3148 3290 Mulieres
3170 3276 3184 3299 ,
3227 3234 3481 3289 terminos
3512 3233 3594 3286 in-

2013 3319 2156 3365 trare
2203 3302 2416 3363 nostros
2464 3302 2794 3377 nequaquam
2825 3309 3073 3370 sinimus,
3101 3302 3595 3377 scientesnec_Sa-

2016 3382 2271 3448 pientem,
2307 3395 2404 3433 nec
2430 3373 2772 3447 Prophetam.
2794 3394 2893 3433 nec
2913 3378 3178 3445 Judicem,
3210 3391 3308 3431 nec
3330 3373 3591 3448 hospitem

2015 3446 2132 3515 Dei,
2166 3465 2265 3505 nec
2296 3451 2467 3517 ﬁlios,
2515 3446 2615 3504 nec
2661 3451 2832 3519 ipsum
2877 3451 2968 3505 Dei
3022 3450 3307 3503 formatum
3352 3446 3595 3519 manibus

2013 3523 2400 3594 protoplastum
2435 3516 2985 3594 potuisse'blanditias
3014 3520 3243 3594 evadere
3278 3526 3335 3573 et
3380 3516 3596 3594 fraudes

2015 3588 2396 3648 mulierum...
2430 3592 2539 3646 Nec
2573 3606 2727 3659 posse
2769 3594 3035 3645 hominem
3067 3601 3157 3643 aut
3186 3591 3361 3659 ignem
3392 3588 3445 3642 in
3476 3588 3598 3641 sinu

2016 3666 2347 3720 abscondere
2395 3673 2455 3717 ut
2500 3666 2819 3717 vestimenta
2866 3663 3005 3717 illius
3061 3677 3165 3715 non
3212 3660 3455 3725 ardeant,
3506 3667 3599 3712 aut

2016 3737 2294 3790 ambulare
2340 3750 2500 3803 super
2545 3748 2740 3803 prunas
2793 3734 2986 3803 plantis
3039 3732 3277 3803 illaasis,
3307 3742 3398 3784 aut
3428 3733 3597 3803 picem

2017 3818 2271 3875 tangere,
2318 3800 2419 3859 nec
2455 3800 2744 3871 inquinari.
2786 3800 2805 3857 ἱ
2858 3806 2922 3857 Et
2962 3819 3093 3857 nova
3136 3800 3598 3875 Carthusiensium

2017 3872 2223 3931 Statuta
2272 3877 2539 3947 (Secunda
2585 3885 2745 3947 para,
2798 3892 2842 3929 ι’.
2896 3876 2950 3936 6,
2988 3890 3043 3929 η.
3091 3874 3181 3947 ﬂ)
3210 3892 3246 3947 _:
3295 3892 3313 3923 ‹
3342 3872 3600 3925 Omnibus

2019 3943 2509 4017 personis'ordinis
2542 3943 2877 4009 inhibemns,
2918 3960 2984 3999 ne
3027 3944 3160 4017 infra
3192 3943 3472 4017 domorum
3502 3956 3599 4017 po-

2020 4012 2251 4072 straruiu
2284 4019 2591 4081 clausurus,
2620 4017 2701 4069 vel
2732 4017 3096 4071 clausurarqu
3132 4016 3471 4067 limitationes
3496 4012 3599 4064 fos-

2022 4089 2154 4143 salis
2191 4088 2274 4141 vel
2320 4088 2489 4157 signis
2544 4087 2945 4155 quibuscunque
2996 4086 3299 4153 designatas
3353 4082 3601 4135 mulieres

2023 4158 2226 4227 ingredi
2259 4163 2595 4226 permittant;
2637 4158 2728 4211 sed
2775 4157 2948 4225 potius
2977 4170 3231 4225 quantum
3266 4162 3528 4227 poterunt_
3544 4165 3601 4205 se

2023 4224 2317 4298 opponant,
2347 4240 2402 4283 et
2449 4228 2756 4290 defendant,
2782 4224 3038 4297 quantum
3080 4227 3132 4279 in
3159 4227 3237 4280 eis
3266 4236 3349 4298 est
3369 4266 3383 4290 ,
3416 4238 3483 4298 ne
3517 4224 3601 4298 in-

2026 4294 2195 4361 trent;
2224 4300 2313 4370 qui
2344 4315 2472 4353 vero
2501 4294 2824 4370 culpabiles,
2854 4298 2935 4352 vel
2959 4298 3285 4370 negligentes
3314 4295 3511 4370 fuerint
3550 4294 3602 4348 in

2028 4368 2339 4439 prmtnissis,
2369 4372 2412 4424 si
2443 4371 2647 4439 priores
2678 4368 2907 4434 fuerint,
2939 4369 3046 4422 sint
3094 4378 3247 4423 extra
3289 4368 3445 4439 sedes
3480 4379 3603 4419 suas

2028 4438 2225 4507 ubique
2254 4444 2303 4494 in
2331 4438 2596 4495 conventu
2629 4454 2794 4509 usque
2824 4441 2889 4493 ad
2920 4454 3152 4509 sequens
3189 4438 3476 4507 capitulum
3514 4452 3602 4505 ge-

2029 4515 2229 4570 nerale,
2265 4514 2314 4565 in
2351 4528 2455 4579 quo
2499 4512 2659 4566 etiam
2688 4514 2917 4565 clament
2947 4515 3130 4577 culpas
3166 4523 3321 4573 suas;
3353 4509 3441 4562 alii
3475 4521 3605 4562 vero

1949 4606 2005 4667 Β
2027 4585 2094 4637 de
2120 4583 2307 4667 ordine
2339 4583 2601 4667 usquead
2632 4583 2770 4667 idem
2798 4585 3084 4667 capitulum
3115 4581 3225 4667 sint
3239 4581 3300 4667 Ain
3329 4579 3605 4667 disciplina

2026 4656 2285 4721 generali,
2318 4663 2374 4707 et
2400 4650 2751 4720 obedientias,
2785 4653 2830 4705 si
2861 4653 3077 4713 habent,
3107 4653 3371 4708 amittant.
3405 4668 3425 4702 ι
3464 4650 3605 4703 Idem

2027 4735 2288 4778 renovant
2318 4727 2376 4789 (tt
2418 4736 2577 4792 parl.,
2604 4740 2648 4776 ε.
2692 4724 2783 4788 ‘20,
2832 4740 2884 4776 η.
2916 4724 2979 4791 5)
3009 4724 3060 4776 in
3110 4728 3243 4775 nava
3293 4722 3605 4775 collectione

2028 4803 2345 4848 statutorum
2374 4794 2593 4847 Parisiis
2624 4795 2881 4863 impressa
2920 4810 3058 4847 anno
3093 4795 3263 4859 158i,
3296 4793 3604 4863 prohibt-nt-

2029 4880 2133 4933 que
2201 4868 2520 4917 auctoritate
2570 4861 2898 4917 sutmnortim
2944 4866 3248 4931 pontificum
3298 4862 3422 4917 Julii
3466 4861 3506 4915 ll
3554 4870 3606 4916 et

2030 4936 2108 4988 l’ii
2163 4935 2223 4999 V,
2264 4953 2281 4984 σ
2320 4936 2421 4988 sub
2462 4935 2633 5003 poenis
2680 4937 2990 5003 privatiouis
3046 4936 3342 4991 officiorum
3372 4950 3491 5003 quae
3552 4935 3604 4986 in

2029 5005 2316 5074 praesentia
2346 5006 2614 5069 obtinent,
2646 5013 2701 5059 et
2746 5006 3093 5059 inhabilitatis
3138 5008 3193 5058 in
3234 5014 3508 5075 posterum
3536 5004 3605 5058 ad

2030 5076 2120 5129 illa
2149 5087 2201 5130 et
2222 5077 2289 5128 ad
2324 5077 2423 5129 alia
2452 5079 2653 5136 omnia.
2686 5088 2738 5129 et
2784 5078 3149 5145 suSpensionis
3194 5092 3223 5129 a
3268 5076 3464 5130 divinis
3490 5076 3607 5144 ipso

2027 5147 2167 5200 facto
2209 5148 2325 5200 sine
2367 5146 2466 5200 alia
2513 5146 2874 5201 declaratione
2924 5147 3277 5202 incnrrendis.
3314 5166 3331 5197 ι
3362 5147 3471 5201 Nec
3509 5147 3606 5198 mi-

2030 5233 2129 5271 nus
2170 5219 2341 5270 severi
2386 5217 2633 5272 videntur
2668 5216 3083 5284 Cistercienees,
3118 5234 3239 5273 cum
3280 5220 3331 5271 in
3373 5218 3607 5286 antiquis

2027 5288 2426 5342 definitionibus
2474 5288 2591 5342 haec
2632 5289 2870 5343 scribunt
2906 5287 3065 5358 (οῖσι.
3091 5290 3144 5353 5,
3176 5306 3291 5355 cap.
3324 5288 3379 5356 5)
3418 5303 3433 5339 :
3468 5305 3487 5336 ι
3523 5287 3607 5339 lu-

2027 5372 2243 5427 gressus
2271 5359 2554 5413 mulierum
2585 5359 2719 5413 intra
2748 5370 2897 5429 septa
2927 5362 3257 5413 abbatiarum
3295 5368 3603 5429 nostrarum

2029 5432 2247 5483 omnino
2272 5430 2627 5495 interdicitur,
2657 5431 2754 5483 nisi
2781 5428 2941 5501 super
2972 5432 3071 5485 hoc
3094 5429 3293 5501 domini
3318 5441 3469 5496 papae
3494 5428 3605 5496 pri-

2033 5501 2279 5571 vilegium
2313 5502 2593 5555 habuerint
2624 5500 2873 5569 speciale,
2897 5512 3127 5571 excepto
3156 5500 3461 5571 quod,cum
3492 5513 3606 5552 ma-

2029 5572 2117 5637 jor
2140 5570 2362 5626 ecclesia
2396 5573 2601 5627 noviter
2630 5572 2935 5637 dedicatur,
2966 5570 3059 5640 per
3082 5585 3271 5625 novem
3300 5570 3415 5622 dies
3442 5582 3605 5623 causa

2033 5642 2330 5695 devotionis
2363 5643 2643 5697 ecclesiam
2670 5642 2888 5697 visitare
2914 5651 3187 5711 poterunt;
3213 5640 3305 5694 sed
3334 5655 3601 5710 nunquam

2034 5721 2155 5764 tunc
2184 5715 2264 5765 vel
2296 5714 2421 5766 alias
2453 5715 2731 5768 occasione
2759 5716 2932 5782 aliqua
2964 5715 3097 5765 intra
3126 5721 3273 5779 septa
3298 5713 3603 5767 moiiasterii

2037 5794 2347 5850 pernoctare
2388 5785 2591 5838 :sicubi
2646 5794 2829 5837 contra
2864 5793 3242 5852 praesumptum
3276 5782 3459 5849 fuerit,
3487 5783 3601 5837 dis-

2041 5853 2416 5921 cooperiantur
2443 5853 2652 5918 altaria,
2678 5864 2731 5907 et
2761 5854 3005 5908 divinum
3037 5853 3270 5909 officiunt
3303 5857 3519 5909 minime
3546 5856 3597 5905 in
