4102 6360
597 344 700 401 ἴῦθ

1937 344 1993 397 S.
2035 343 2096 398 Ρ.
2125 341 2497 402 θΕΝΕυιΩΤΙ

3771 358 3881 412 540

593 471 820 524 ecclesia
873 471 1211 532 celebretur,
1259 465 1492 531 quandin
1540 463 1750 537 ibidem
1780 462 1970 517 fuerint
2025 461 2590 536 lﬁeﬁministerii,
2623 475 2678 520 et
2721 465 2855 520 tales
2892 479 3074 521 secum
3124 467 3241 537 ipse
3285 469 3524 536 pontifex
3565 471 3878 530 introducas

598 539 850 596 mulieres
885 561 897 593 :
932 541 1132 594 faciens
1155 547 1331 592 autem
1351 580 1364 601 ,
1398 550 1480 588 vei
1511 533 1872 595 consentiens.
1903 543 1957 588 et
1989 533 2180 598 procul

596 626 719 665 rans
766 629 859 681 per
911 613 1115 666 litteras
1163 605 1633 686 apostolieasuvel
1675 619 1890 674 quoquo
1923 605 2103 668 modo,
2132 605 2180 678 si

596 676 970 746 alibas'fiicrit,
996 682 1139 736 omni
1171 681 1297 734 feria
1325 687 1470 732 sexta
1499 676 1564 730 sit
1595 676 1648 730 in
1679 691 1812 742 pane
1841 687 1890 729 et
1918 690 2051 744 aqua
2084 676 2177 730 us-

596 767 700 821 qne
729 754 794 805 ad
834 769 1062 822 sequens
1089 751 1375 822 capitulum
1405 747 1691 822 generale,
1726 746 1922 801 ibidem
1947 748 2178 822 _vetiiam

595 816 879 892 petiturus,
913 816 968 878 et
993 816 1552 894 gravn'erpuniendus
1584 834 1600 894 ;_
1643 818 1848 894 simvero
1874 817 2053 894 _prior.
2089 816 2178 871 vel

594 887 978 961 subpriorivel
996 887 1312 948 lellerarius
1343 889 1530 955 fuerit,
1554 889 1622 942 ab
1651 887 1824 942 oftlcio
1853 889 2175 956 deponatur,

596 973 651 1016 et
685 966 854 1020 tribus
883 967 1065 1019 diebus
1097 979 1201 1018 uno
1240 977 1423 1016 eorum
1453 961 1504 1014 in
1544 975 1676 1025 pane
1705 967 1758 1012 et
1795 973 1927 1028 aqua
1961 967 2178 1027 peragat

597 1035 769 1088 levem
799 1040 1006 1106 culpam
1039 1052 1054 1100 ;
1111 1035 1200 1088 alii
1230 1047 1355 1086 vero
1408 1029 1672 1106 monachil
1696 1039 1751 1084 et
1785 1030 2030 1106 conversi
2065 1043 2179 1098 pte-

599 1120 719 1159 nam
749 1100 975 1160 similem
1020 1106 1339 1167 sortiantur,
1381 1112 1434 1154 et
1474 1101 1641 1154 ultimi
1678 1100 1914 1154 omnium
1946 1101 2053 1155 sint
2083 1116 2177 1169 per

596 1192 817 1230 annum.
848 1197 868 1230 ι
900 1178 1065 1245 llujus
1103 1175 1307 1230 decreti
1337 1173 1539 1241 praxim
1564 1169 1770 1241 (Exstat
1799 1170 2179 1245 i'i_i_Numaitiro

596 1246 805 1312 Cister.,
839 1268 890 1317 ιι.
924 1243 1052 1318 500)
1079 1248 1265 1318 saltem
1303 1244 1476 1318 aliqua
1517 1258 1579 1296 ex
1615 1253 1762 1318 parte
1794 1243 1973 1318 videre
1995 1254 2083 1318 est
2124 1243 2178 1318 in

595 1312 1087 1389 capitulo'generali
1127 1314 1503 1389 Cisterciensis
1533 1313 1735 1389 ordinis
1766 1314 1890 1389 anni
1917 1312 2055 1368 1205
2075 1353 2089 1377 ,
2121 1313 2178 1389 in

593 1382 698 1454 quo
728 1382 1186 1443 liatc'recitantur
1233 1405 1243 1439 :
1304 1403 1321 1434 ι
1355 1384 1531 1438 Abhas
1572 1384 1990 1454 deiPontiniaco
2016 1424 2030 1447 ,
2085 1382 2176 1451 qui

595 1453 780 1512 contra
832 1460 1056 1513 formam
1100 1457 1306 1512 ordinis
1344 1459 1579 1522 reginam
1632 1453 1869 1508 Francuc
1909 1470 2027 1508 cum
2057 1455 2176 1509 aliis

593 1530 832 1598 ejusdem
870 1546 1035 1583 sexus
1063 1545 1168 1583 n0n
1207 1527 1387 1594 paucis
1413 1528 1464 1579 in
1495 1540 1649 1579 suum
1680 1526 2065 1598 monasterium
2097 1527 2177 1598 ing

596 1595 826 1654 trodtttt-it
878 1601 943 1654 ad
993 1601 1314 1654 audiendum
1368 1611 1669 1651 sermonem
1722 1598 1774 1650 iri
1822 1596 2076 1665 capitulo,
2107 1595 2174 1652 ad

597 1672 989 1736 processiunem
1019 1672 1072 1724 in
1101 1672 1366 1733 claustro,
1407 1667 1474 1722 ad
1504 1667 1870 1729 reﬁciendum,
1899 1678 1952 1721 et
1983 1683 2175 1735 perno-

593 1742 840 1794 ctatidinn
873 1744 1077 1795 duabus
1102 1743 1345 1795 noctibus
1377 1741 1426 1792 in
1451 1737 1808 1802 inﬁrtnitorio,
1839 1749 2048 1805 sumpta
2079 1754 2173 1794 oc-

594 1812 809 1864 casione
840 1812 979 1880 quod
1008 1828 1070 1864 ex
1105 1815 1370 1880 rescripto
1414 1810 1613 1863 domini
1660 1825 1837 1878 papae,
1867 1819 1919 1862 et
1945 1825 2003 1864 ei
2055 1826 2176 1878 per-

597 1882 848 1934 llllSSltlllt‘.
903 1883 1102 1937 domini
1154 1881 1393 1936 Cistercii
1448 1881 1620 1934 eidem
1674 1880 1906 1934 dominre
1958 1881 2170 1947 patebat

594 1952 770 2005 aditus
805 1952 945 2006 illius
976 1954 1303 2014 tnunastciii,
1327 1967 1444 2002 cum
1487 1965 1552 2003 eo
1580 1964 1745 2018 usque
1775 1939 2168 2017 procedendum

595 2036 688 2071 iir-r
717 2022 964 2078 dominus
994 2039 1146 2093 papa,
1179 2039 1278 2078 nec
1307 2021 1471 2074 abbas
1511 2021 1757 2075 tlistercii
1806 2021 2124 2076 indulserint
2151 2063 2167 2090 ,

591 2093 683 2144 sed
714 2110 811 2146 nec
854 2096 1012 2147 etiam
1044 2094 1240 2163 aliquid
1272 2095 1372 2146 tale
1402 2093 1785 2159 cogitaverim;
1813 2102 1878 2163 _et
1907 2093 2028 2157 quia
2062 2103 2167 2148 tam

591 2179 809 2218 enorme
830 2165 1023 2219 factum
1048 2160 1298 2220 sustinuit
1323 2167 1373 2216 in
1399 2168 1558 2216 totius
1577 2163 1780 2217 ordinis
1797 2160 2169 2220 Cislerciensis

593 2235 870 2300 injuriutn;
903 2236 1026 2289 licet
1058 2237 1262 2302 abSque
1291 2236 1434 2289 omni
1475 2235 1852 2288 t'elraclali0tie
1881 2235 2168 2300 depositio-

589 2320 709 2358 iiem
745 2317 1039 2361 mereretur
1079 2309 1128 2361 in
1174 2305 1414 2370 instanti,
1452 2314 1628 2358 tamen
1674 2303 1740 2358 ad
1773 2306 2075 2359 inStantiam
2115 2315 2169 2361 et

591 2379 896 2440 petitionem
935 2377 1134 2432 domini
1182 2376 1498 2441 Bernensis,
1543 2377 1627 2429 cui
1662 2389 1853 2445 negare
1877 2376 2166 2445 quidquam

590 2461 688 2499 nec
716 2448 977 2511 \olunius.
1010 2463 1105 2503 nec
1133 2449 1410 2512 debemus,
1432 2456 1485 2500 et
1509 2447 1734 2500 aliorum
1763 2447 1924 2502 etiam
1955 2448 2166 2515 cpisco-

590 2533 798 2584 poium,
833 2519 882 2574 ei
926 2522 1158 2586 paicitur
1202 2522 1251 2571 iii
1300 2519 1569 2586 praestanti.
1601 2515 1800 2570 Verum
1847 2534 1912 2571 ne
1951 2520 2167 2573 omnino

592 2591 849 2655 impunita
891 2599 1164 2644 retiianeat
1193 2599 1339 2642 tanta
1372 2588 1746 2656 praesumptio,
1779 2599 1925 2642 extra
1951 2590 2166 2646 stallum

587 2657 794 2713 abbatis
823 2672 1033 2714 maneat
1064 2677 1228 2729 usque
1256 2663 1321 2714 ad
1349 2659 1572 2720 Pascha,
1601 2673 1698 2714 nec
1720 2660 1954 2716 celebret
1976 2659 2075 2714 nisi
2099 2662 2168 2720 de

591 2732 907 2784 iii-cessitate
931 2734 1011 2785 sui
1045 2732 1202 2786 ofﬁcii
1225 2775 1238 2792 ,
1272 2741 1326 2786 et
1352 2747 1441 2784 sex
1466 2729 1652 2784 diebus
1679 2729 1748 2784 sit
1775 2730 1826 2784 in
1856 2730 1958 2786 levi
1988 2734 2162 2800 culpa,

589 2801 755 2856 tribus
784 2801 984 2856 scilicet
1013 2802 1202 2857 diebus
1235 2803 1284 2855 in
1319 2800 1597 2865 (listercio,
1626 2812 1679 2855 et
1729 2801 1898 2856 tribus
1945 2803 1995 2856 in
2030 2802 2168 2858 Pon-

586 2871 804 2941 tiniaco,
830 2887 934 2926 uno
964 2888 1150 2927 eiruiu
1194 2876 1243 2926 in
1279 2888 1411 2940 pane
1458 2881 1514 2927 et
1550 2886 1685 2941 aqua
1711 2871 1834 2926 hinc
1861 2882 1916 2927 et
1956 2873 2101 2928 inde.
2140 2895 2159 2927 ι

582 2939 931 3000 Cassinettses
967 2942 1192 3013 (Cassio.
1231 2939 1509 3014 Declarat'n
1541 2939 1665 3013 Reg.
1698 2943 1759 2997 S.
1799 2941 1891 3011 B.,
1923 2961 2038 3013 cap.
2071 2943 2164 3014 55)

581 3022 740 3066 etiam
783 3015 882 3068 sub
919 3031 1070 3082 poena
1120 3013 1688 3070 esciaiiiti'iuiiicationis
1742 3018 1856 3082 ipso
1903 3015 2041 3070 facto
2077 3013 2163 3070 in-

583 3085 865 3139 currendte
895 3085 1210 3154 prohibent,
1242 3084 1362 3139 duci
1407 3095 1494 3140 aut
1537 3086 1698 3151 recipi
1732 3084 1869 3139 intra
1898 3097 2048 3150 septa
2079 3102 2165 3142 re-

581 3154 668 3222 gul
706 3156 782 3208 ria
816 3157 1124 3226 monasterii
1157 3159 1430 3226 muleres,
1459 3157 1569 3226 sive
1597 3157 1778 3226 laicas,
1807 3155 1924 3209 sive
1951 3157 2156 3226 religio-

579 3239 669 3276 sas
691 3241 712 3301 ;_
735 3225 1004 3301 (Scelestini
1030 3225 1119 3299 (In
1146 3224 1321 3280 Const.
1350 3241 1397 3279 c.
1415 3226 1513 3301 Δ11,
1541 3224 1654 3301 δῇ)
1683 3224 1782 3301 sub
1809 3241 1962 3301 pinna
1991 3224 2162 3296 priva-
2189 3238 2235 3301 ε

585 3297 742 3349 tonis
765 3296 1089 3363 officiorum,
1117 3309 1385 3365 perpetuae
1414 3297 1754 3351 inliabilitatis
1771 3296 1836 3349 ad
1859 3297 1947 3351 illa
1979 3309 2032 3352 et
2058 3302 2160 3356 alia

579 3365 635 3422 in
668 3381 939 3439 postciuin
981 3367 1291 3430 obtinenda,
1337 3378 1390 3422 et
1428 3367 1549 3439 aliis
1582 3369 1750 3436 pinnis
1791 3367 1844 3422 iti
1887 3370 2160 3426 canonicis

578 3437 944 3494 sanctionibus
978 3449 1030 3492 t'l
1073 3439 1224 3497 llum.
1259 3439 1443 3507 pontif.
1485 3438 1644 3494 bullis
1683 3439 1968 3502 expressis.
2007 3440 2163 3495 Deni-

579 3521 683 3574 que
701 3507 1122 3579 Constitutiones
1145 3510 1569 3579 congregationis
1583 3512 1776 3564 montis
1792 3511 1978 3565 Uliveti
1995 3527 2160 3579 pauca

580 3579 708 3652 haec
743 3581 936 3652 llailun'.
978 3578 1152 3648 (Part.
1185 3578 1332 3652 inc.
1365 3581 1454 3652 55)
1488 3598 1558 3652 :yt
1597 3580 1843 3636 Mulieres
1891 3578 2158 3652 nunquam

580 3648 940 3723 (.itiviolabiter
969 3662 1178 3723 servata
1228 3650 1368 3723 bulla
1409 3651 1488 3706 Pii
1521 3650 1557 3710 γ
1588 3666 1748 3721 Super
1787 3652 1888 3708 hoc
1913 3648 2078 3723 edita)
2106 3655 2158 3710 in

579 3721 963 3777 monasterium
994 3721 1059 3775 ab
1088 3721 1276 3776 abbate
1302 3721 1666 3776 admittantur.
1699 3742 1719 3774 ι

654 3789 822 3848 Porro
844 3807 960 3860 quae
985 3792 1238 3848 hactenus
1259 3808 1288 3846 a
1309 3793 1460 3848 nobis
1482 3793 1618 3848 dicta
1639 3803 1762 3848 sunt
1789 3795 1854 3848 de
1879 3794 2158 3850 mulierum

581 3861 636 3918 in
677 3864 1001 3918 monasteria
1045 3865 1279 3918 virorum
1325 3864 1567 3930 ingressu
1618 3866 1916 3932 prohibito,
1949 3864 2090 3920 idem
2120 3881 2152 3922 e

577 3947 847 4004 converso
871 3935 1219 3990 asscrendum
1248 3934 1315 3989 de
1343 3935 1472 3989 viris
1501 3936 1552 3988 iii
1585 3935 1825 3990 coeuobia
1854 3938 2116 4004 virginum
2141 3955 2155 3991 :

574 4002 681 4060 illis
709 4006 960 4060 nimirum
1012 4005 1348 4060 interdictum
1400 4006 1564 4059 fuisse
1607 4021 1819 4060 onmem
1848 4002 2072 4072 adiium,
2104 4017 2159 4062 ut

572 4083 722 4142 patet
777 4091 843 4130 ex
890 4091 1049 4144 supra
1099 4077 1253 4130 citata
1309 4077 1593 4132 Justiniani
1641 4075 1850 4130 novella
1899 4078 2042 4142 155,
2093 4095 2156 4134 ex

572 4147 630 4198 δ.
666 4146 867 4202 Isidoro
895 4147 946 4200 in
979 4148 1070 4200 lib.
1111 4163 1146 4200 ιι
1175 4148 1242 4200 de
1276 4147 1420 4201 Eccl.
1461 4147 1648 4202 ciliciis
1677 4162 1797 4217 cap.
1833 4148 1920 4209 15,
1945 4163 2009 4202 ex
2041 4149 2157 4205 Vita

573 4217 632 4271 ὃ.
651 4217 842 4290 ίιιρικυ
873 4217 1151 4290 υιιρε-ίηὶη
1173 4233 1277 4286 quo
1308 4218 1535 4290 refertur
1561 4218 1668 4272 duo
1697 4220 1747 4272 in
1783 4217 1987 4288 Anglia:
2017 4219 2155 4290 loco,

572 4289 663 4353 qui
705 4287 900 4342 dicitur
945 4286 1282 4348 Winbruuno
1310 4329 1324 4353 ,
1372 4288 1535 4344 fuisse
1586 4290 1828 4344 ctenobia
1853 4286 1890 4352 ,⁷
1923 4286 2157 4346 virorum

574 4372 759 4422 unum,
802 4358 1121 4413 feminarum
1170 4359 1419 4424 alterum,
1457 4378 1473 4409 ι
1509 4373 1731 4428 quorum
1765 4359 1832 4413 ab
1861 4360 2011 4414 initio
2039 4364 2157 4414 iun-

571 4428 802 4488 dationis
825 4443 934 4484 suae
967 4438 1249 4496 utrumque
1279 4444 1342 4502 ea
1381 4431 1500 4502 lege
1531 4431 1825 4498 disciplinae
1851 4430 2153 4502 ordinatum

572 4508 678 4565 est,
709 4509 765 4552 ut
796 4509 1040 4572 neutrum
1083 4515 1268 4572 eorum
1315 4501 1495 4569 dispar
1541 4516 1698 4554 sexus
1733 4501 2148 4572 ingrederetur;

568 4583 841 4638 nunquam
888 4570 1029 4625 enim
1088 4571 1321 4624 virorum
1383 4573 1848 4640 congregationem
1911 4570 2149 4639 femina,

570 4649 664 4695 aut
697 4642 956 4709 virginum
989 4641 1341 4696 contubernia
1370 4641 1644 4711 quisquam
1685 4642 1916 4696 virorum
1951 4643 2151 4700 intrare

569 4711 1000 4783 permittebatur,
1033 4713 1270 4776 exceptis
1301 4713 1638 4766 solummodo
1669 4713 2027 4783 presbyteris,
2059 4715 2148 4782 qui

567 4779 624 4836 in
653 4784 912 4836 ecclesias
945 4798 1126 4838 earum
1165 4783 1231 4837 ad
1267 4783 1472 4851 agenda
1515 4779 1798 4838 missarum
1831 4779 2007 4838 ofﬁcia
2035 4779 2148 4837 tan-

569 4861 682 4905 tum
725 4851 929 4922 ingredi
965 4854 1252 4918 solebant,
1283 4864 1336 4914 et
1374 4863 1737 4908 consummata
1772 4856 2015 4908 oratione
2037 4865 2147 4908 sta—

569 4923 667 4995 tim
691 4924 757 4977 ad
789 4939 884 4978 sua
921 4925 1072 4995 157
1105 4925 1296 4978 redire.
1333 4941 1352 4984 ι
1382 4925 1448 4980 Et
1469 4939 1586 4991 cap.
1619 4925 1675 4990 2,
1707 4926 1764 4981 ὃ.
1795 4925 1968 4989 Tetta,
2000 4923 2144 4992 ejus-

568 4992 692 5050 dem
746 4992 1054 5050 inoiias—te'ii'i
1100 4995 1404 5060 abbatissa,
1463 4995 1653 5054 dicitur
1703 5009 1863 5056 tnon
1943 5005 2145 5049 tantum

565 5063 720 5120 laicis
755 5077 843 5120 aut
870 5068 1080 5122 clericis
1099 5107 1114 5133 ,
1147 5082 1328 5121 verum
1356 5067 1512 5120 etiam
1541 5066 1910 5134 ipsisquoque
1938 5066 2146 5134 episco-

566 5136 654 5205 pis
682 5136 733 5190 in
762 5139 1228 5206 congregationem
1264 5151 1448 5206 earum
1484 5154 1502 5190 ι
1538 5152 1761 5204 negasse
1807 5138 2145 5206 ingressum,

565 5219 792 5276 excepto
839 5205 1088 5263 nimirum
1131 5207 1317 5262 altaris
1365 5205 1561 5261 officio.
1605 5207 1745 5264 Idem
1775 5209 1954 5262 videre
1981 5219 2062 5262 est
2093 5209 2144 5264 in

565 5279 849 5348 privilegio
877 5279 1095 5333 Joannis
1121 5294 1270 5348 papae
1296 5277 1384 5342 ιν,
1411 5292 1512 5347 pro
1540 5279 2029 5338 sanctimonialibus
2057 5295 2148 5334 cu-

562 5350 774 5417 jusdam
808 5350 1038 5422 cmunbii
1068 5352 1124 5404 Β.
1157 5349 1338 5422 Maria:
1367 5353 1417 5403 in
1445 5348 1637 5416 Gallia,
1669 5351 1722 5406 in
1747 5366 1853 5422 quo
1884 5352 2021 5406 inter
2047 5353 2147 5404 alia

564 5434 808 5492 summus
853 5420 1085 5490 pontifex
1131 5421 1260 5485 vult,
1305 5431 1360 5478 ut
1406 5439 1425 5474 ι
1453 5420 1948 5492 εριςεορυε,’‹ιιιθιιι
1979 5432 2151 5477 mater

564 5490 824 5558 spiritu-is
843 5531 857 5556 ,
885 5503 1138 5560 paterque
1175 5493 1507 5553 monasterii.
1534 5494 1617 5549 vel
1641 5490 1834 5549 cuncta
1860 5509 2151 5563 congrega-

565 5563 642 5622 tio
689 5564 934 5624 voluerit,
982 5563 1049 5618 ad
1096 5563 1412 5620 celebranda
1461 5566 1744 5620 missarum
1792 5566 2051 5621 solemnia
2100 5565 2152 5618 in

569 5635 982 5702 congregatione
1010 5635 1292 5694 abbatissa
1321 5637 1406 5692 vel
1435 5635 1592 5692 etiam
1625 5637 1948 5706 reliquarum
1975 5635 2152 5703 junio-

567 5719 711 5768 rum,
741 5708 987 5765 sacratidi
1022 5707 1180 5764 etiam
1213 5707 1414 5766 tabulas
1442 5707 1648 5772 altaris,
1678 5709 1728 5760 ili
1756 5707 1950 5774 quibus
1977 5709 2152 5760 missa:

568 5774 798 5830 debeant
825 5777 1116 5844 celebrari,
1153 5779 1342 5834 habeat
1373 5779 1667 5833 facundiam
1691 5779 1723 5813 "
1746 5779 1798 5832 in
1825 5777 2012 5831 eodem
2039 5791 2149 5844 mq-

570 5849 804 5902 tiasteriu
834 5850 1189 5919 ingrediendi,
1220 5850 1287 5906 ad
1313 5850 1547 5906 officiunt
1571 5850 1778 5904 scilicet
1805 5846 2151 5904 saccrdmalis

2180 4608 2233 4670 D

2285 537 2605 610 qua'esvita
2631 538 2913 610 et__religio
2949 547 3137 610 sancta
3163 541 3500 610 commendat
3535 558 3551 600 :
3580 557 3690 610 quo
3713 559 3879 608 pera-

2286 614 2373 657 cto
2400 604 2602 682 officio,
2646 607 2776 682 nihil
2808 604 3169 682 contingens,
3211 609 3450 682 nihilque
3493 604 3745 668 ambiens
3779 630 3877 682 per

2286 677 2731 754 concupiscentia:
2753 678 3048 743 stimulum,
3066 681 3156 754 vel
3184 677 3387 749 rapina}
3415 684 3693 750 pravitatis
3717 677 3874 754 Euge-

2284 746 2393 809 nia,
2440 747 2533 821 sed
2579 751 2744 816 gratis
2792 765 2886 818 per
2932 753 3108 806 omnia
3157 746 3357 821 agens,
3388 746 3453 808 aid
3495 755 3711 818 propria
3747 746 3873 811 ιιῖοι

2284 816 2493 890 regredi
2525 833 2629 872 non
2663 816 2919 876 moretur.
2961 841 2981 874 ι
3021 822 3118 878 Ubi
3159 816 3301 890 quod
3348 821 3423 878 ait
3455 839 3470 878 :
3497 816 3668 878 Tales
3695 843 3873 880 secum

2282 887 2391 962 ipse
2411 890 2640 962 pontifrx
2659 893 2970 956 introducat,
2987 901 3119 960 etc.,
3139 887 3544 962 intelligendum
3569 895 3787 950 videtur
3809 898 3876 952 de

2283 958 2409 1033 aliis
2455 959 2988 1033 altarisrministris,
3053 958 3126 1033 uti
3165 958 3467 1030 colligimus
3521 981 3586 1021 ex
3647 965 3876 1033 llegulis

2284 1025 2345 1103 _S.
2371 1031 2588 1103 Caesarii
2612 1032 2677 1103 ad
2705 1025 3046 1101 virgines,c.
3081 1032 3171 1100 as,
3209 1045 3264 1089 et
3293 1025 3360 1090 ‘S.
3393 1034 3584 1090 Donati
3616 1025 3748 1103 cap:
3774 1039 3875 1101 55,

2284 1097 2338 1152 in
2385 1099 2576 1181 quibus
2618 1099 2734 1156 hinc
2774 1097 2892 1181 lego
2934 1120 3018 1181 :_t
3047 1097 3506 1181 Nullus‘yirorum
3558 1110 3608 1162 in
3658 1097 3874 1181 secreta

2285 1181 2432 1245 parte
2463 1175 2517 1245 in
2544 1175 2867 1229 monasterio
2897 1176 3023 1230 etin
3063 1175 3313 1230 oratoriis
3344 1177 3594 1240 introeat,
3620 1180 3873 1245 exceptis

2282 1241 2570 1310 episc0pis,
2606 1245 2879 1316 provisere
2905 1256 2958 1299 et
2988 1247 3334 1316 presbytero,
3366 1247 3614 1310 diacono,
3647 1241 3874 1305 subi—lia-

2283 1324 2420 1386 cono
2457 1323 2510 1367 et
2550 1328 2658 1367 uno
2689 1315 2772 1370 vel
2800 1315 3006 1371 duobus
3047 1315 3367 1376 lectoribus.
3401 1332 3537 1386 quos
3564 1329 3620 1375 et
3651 1329 3793 1374 tetas
3823 1329 3873 1374 et

2282 1383 2386 1457 vita
2411 1385 2770 1450 commendet,
2791 1387 2879 1455 qui
2899 1388 3184 1457 aliquoties
3203 1388 3396 1442 missas
3415 1383 3593 1442 facere
3607 1391 3872 1445 debeant.

2281 1450 2414 1525 (_Ium
2446 1468 2572 1509 vero
2596 1467 2686 1509 aut
2712 1450 2845 1511 tecta
2876 1450 3222 1514 restitui-anda
3264 1468 3416 1522 sunt,
3445 1467 3531 1516 aut
3571 1461 3712 1514 ostia
3734 1501 3751 1525 ,
3788 1463 3872 1518 vel

2282 1520 2541 1599 fenestra;
2575 1536 2701 1582 sunt
2744 1530 3159 1599 componendae,
3190 1539 3295 1597 aut
3326 1520 3526 1599 aliquid
3555 1520 3871 1599 hujusmodi

2280 1595 2656 1668 reparandum,
2688 1598 2920 1654 artifices
2941 1609 3142 1654 tantum
3167 1595 3221 1655 et
3249 1595 3502 1665 servi,'ad
3532 1595 3871 1668 operantium

2280 1665 2477 1734 aliquid
2503 1707 2519 1732 ,
2560 1669 2604 1722 si
2640 1674 2946 1742 necessitas
2975 1674 3250 1742 exegerit,
3294 1686 3415 1726 cum
3465 1665 3749 1739 provisere
3785 1674 3872 1742 in;

2281 1743 2527 1815 troeant;
2555 1737 2654 1815 sed
2685 1741 2913 1815 nec_ipsi
2941 1742 3059 1815 siue
3077 1737 3294 1815 licentia
3325 1750 3419 1796 aut
3446 1737 3715 1810 permissu
3743 1737 3870 1815 ma;-

2283 1807 2397 1858 tris.
2427 1826 2458 1883 _i
2491 1807 2652 1864 Addit
2688 1809 2746 1883 S.
2779 1807 3046 1869 Caesarius
3075 1807 3194 1883 cap.
3227 1814 3333 1868 δότ
3367 1829 3386 1866 i
3414 1807 3673 1870 Matrona
3699 1814 3866 1872 etiam

2204 1853 2252 1914 Β
2279 1853 2732 1966 sensistis
2778 1853 3398 1966 reversurus
3414 1853 3866 1966 Samia-“e23;

2277 1947 2371 2024 _viri
2411 1949 2587 2005 adhuc
2611 1952 2668 2024 in
2695 1947 2900 2024 rlia'bitu
2948 1947 3088 2012 laico
3133 1947 3376 2010 similiter
3413 1956 3639 2011 introire

2273 2015 2521 2094 beantur.
2551 2040 2570 2074 ι
2605 2021 2742 2089 Quid
2785 2025 2927 2094 quod
2958 2039 3057 2080 nec
3087 2026 3323 2080 medicus
3373 2026 3637 2094 virginum
3670 2015 3865 2082 mona-

2274 2090 2435 2144 steria
2466 2093 2692 2166 _iiigredi
2740 2090 3017 2162 permittat
3065 2096 3122 2151 S.
3178 2090 3479 2165 Gregorius
3507 2097 3687 2166 papa?
3737 2095 3869 2153 Vide

2273 2173 2425 2216 conc.
2454 2162 2851 2236 _htatisconeiise
2875 2182 2913 2229 i,
2945 2181 3064 2236 cap.
3091 2168 3146 2228 2,
3181 2162 3548 2236 Foroiuliense
3573 2162 3704 2222 ann.
3732 2168 3862 2234 791,

2272 2233 2534 2362 ἕξειὲυιίξ,
2571 2244 2636 2362 ἓι
2677 2237 2964 2292 novissime
3012 2233 3406 2301 Tridentiiiu'm,
3453 2251 3592 2292 sess.
3621 2237 3739 2304 25,
3797 2233 3865 2294 de

2322 2317 2463 2366 egut.
2491 2319 2541 2360 C.
2571 2317 2629 2362 5ο

2344 2373 2473 2448 Qua:
2490 2388 2694 2448 autem;
2711 2392 2774 2431 ex
2799 2377 3018 2447 Begulis
3040 2379 3098 2434 Β.
3127 2379 3346 2434 Ctesarii
3366 2389 3420 2432 et
3441 2379 3609 2434 sancti
3641 2379 3861 2448 Donati,

2273 2456 2335 2496 ex
2368 2446 2642 2519 privilegio
2673 2446 2898 2502 Joannis
2923 2465 3070 2519 papa:
3102 2449 3193 2512 IV,
3235 2459 3289 2504 et
3325 2465 3392 2504 ex
3425 2448 3538 2504 Vita
3571 2451 3630 2504 S.
3675 2446 3863 2506 Liobzn

2273 2515 2434 2568 modo
2458 2518 2776 2590 protulimus
2794 2559 2808 2583 ,
2836 2533 2897 2575 ea
2924 2515 3043 2575 non
3074 2520 3248 2576 Solum
3281 2523 3504 2588 probant
3531 2521 3861 2590 denegarum

2272 2599 2494 2659 prorsus
2516 2588 2566 2641 iii
2589 2592 2848 2644 asceteria
2870 2591 3130 2659 virginum
3145 2591 3282 2644 'viris
3310 2590 3530 2651 aditum,
3553 2599 3645 2643 sed
3671 2588 3860 2655 etiam,

2271 2656 2412 2722 quod
2457 2659 2628 2726 majus
2674 2669 2776 2726 est,
2823 2661 2874 2716 in
2925 2656 3107 2717 earum
3155 2662 3385 2718 oiatoria
3432 2675 3524 2716 seu
3573 2664 3726 2716 ecete
3757 2666 3859 2726 ias,

2271 2729 2412 2791 quod
2459 2732 2806 2786 confirmatur
2851 2747 2914 2788 ex
2960 2730 3188 2787 concilio
3220 2733 3517 2798 Epaonensi
3544 2746 3689 2790 anno
3729 2732 3860 2798 517,

2270 2810 2389 2872 cup.
2415 2799 2505 2864 58,
2536 2801 2833 2857 Arelatensi
2875 2818 3017 2860 anno
3043 2802 3166 2867 815,
3209 2818 3329 2872 cap.
3360 2803 3419 2863 7.
3444 2800 3751 2858 Turnnensi
3781 2820 3860 2870 iit,

2269 2868 2456 2923 eodem
2480 2886 2643 2942 anno,
2673 2888 2790 2942 cap.
2821 2873 2910 2928 29.
2943 2875 3086 2930 ldem
3129 2874 3244 2928 vice
3277 2868 3435 2928 'versa
3464 2875 3531 2927 de
3562 2868 3860 2928 monacho;

2269 2951 2392 3014 rum
2416 2940 2660 3014 ecclesiis
2685 2940 3030 3000 asserendum
3059 2954 3172 3009 est,
3202 2946 3252 2999 in
3281 2959 3412 3014 quas
3433 2943 3609 2998 nullus
3633 2948 3862 3000 omnino

2271 3011 2577 3089 mulieribus
2627 3016 3062 3089 qiiibuscunqiie,
3097 3015 3268 3089 etiam
3299 3011 3604 3089 religiosis,
3639 3016 3859 3089 patebat

2271 3086 2570 3155 ingressus,
2597 3093 2655 3138 ut
2681 3087 2949 3155 colligitur
2977 3099 3085 3140 tum
3125 3102 3190 3141 ex
3240 3086 3436 3154 Ilegula
3480 3086 3536 3141 ὃ.
3577 3086 3857 3140 Aureliani

2269 3151 2335 3203 ad
2367 3153 2678 3226 monachos,
2705 3151 2831 3226 cap:
2869 3155 2958 3221 15,
2991 3172 3107 3225 qua:
3131 3151 3353 3212 femina}
3390 3157 3504 3211 sive
3533 3159 3857 3225 ρους-ιιιευὶ-

2268 3236 2415 3287 neas,
2445 3225 2558 3278 sive
2588 3225 2885 3296 nOtas,’aut
2919 3228 3052 3282 alias
3093 3227 3160 3282 ad
3193 3227 3484 3284 Orationem
3514 3228 3717 3296 ingredi
3750 3245 3854 3282 non

2268 3298 2562 3366 permittit,
2591 3295 2700 3349 inio
2728 3312 2828 3351 nec
2853 3298 2978 3352 viris
3007 3298 3184 3360 laicis;
3233 3313 3298 3352 ex
3342 3311 3460 3366 cap.
3492 3295 3590 3362 ιις
3619 3313 3689 3352 ex
3723 3313 3853 3354 cun-

2264 3364 2389 3418 cilio
2417 3366 2868 3422 Antissiodurensi
2897 3383 3016 3424 can.
3040 3369 3109 3422 2i}
3133 3409 3149 3432 ,
3175 3370 3314 3437 quod
3341 3364 3492 3423 cavet
3513 3385 3579 3422 iie
3605 3369 3776 3430 abbas
3804 3372 3853 3426 in

2262 3438 2591 3510 mgnas-crio
2617 3439 2895 3510 mulierem
2924 3441 3191 3503 admittat,
3218 3449 3308 3494 aut
3334 3440 3626 3510 festivitates
3648 3438 3853 3507 aliqua:

2262 3504 2332 3578 ibi
2369 3517 2599 3578 spectare
2646 3523 2694 3576 pi
2710 3504 2948 3578 accipiat:
2991 3525 3058 3564 ex
3087 3504 3628 3576 concilin'ﬂomano,
3665 3514 3718 3563 in
3739 3504 3852 3578 quo

2261 3573 2318 3629 S.
2355 3573 3206 3649 Gregorius'papa'protiiliet,ne
3245 3582 3528 3651 episcopus
3577 3573 3779 3643 missas
3799 3587 3848 3638 in

2263 3651 2510 3718 cmnohio
2541 3653 2922 3706 monachorum
2955 3651 3225 3718 celebret,
3259 3669 3324 3706 ne
3352 3651 3487 3708 lat-te
3519 3651 3628 3708 tiri
3665 3666 3850 3707 serio-

2263 3731 2378 3791 rum
2413 3717 2503 3773 llei
2532 3735 2570 3775 ri
2593 3719 2832 3776 cessibus
2863 3733 2918 3778 et
2950 3737 3134 3776 eorum
3158 3717 3508 3791 receptaculis
3537 3723 3648 3777 ulla
3677 3736 3847 3791 popu-

2265 3785 2392 3841 laris
2431 3791 2587 3861 158
2614 3793 2912 3860 praebeatur
2933 3793 3146 3848 occasio
3179 3785 3480 3848 conventus
3500 3832 3514 3856 ,
3543 3794 3626 3850 vel
3657 3785 3850 3848 mulie-

2262 3873 2379 3932 rimi
2411 3862 2501 3914 fiat
2543 3877 2700 3915 novus
2747 3862 3025 3930 introitus,
3061 3865 3201 3932 quod
3231 3865 3446 3918 omnino
3491 3878 3592 3918 nec
3628 3867 3853 3931 expedit

2259 3930 2541 4004 animabus
2581 3947 2798 3998 eorum;
2836 3954 2856 3986 ι
2907 3951 2974 3990 ex
3015 3930 3177 4004 supra
3221 3937 3383 3990 citata
3429 3930 3718 3993 .liisuniani
3759 3952 3850 4000 nq-

2261 4002 2416 4066 vella,
2463 4017 2580 4075 qua;
2627 4005 2907 4071 nequidem
2939 4005 3005 4060 ad
3051 4002 3426 4060 celebrandum
3458 4009 3710 4070 tertium,
3751 4021 3846 4075 no-

2261 4085 2408 4136 num,
2435 4073 2918 4142 quadragesimum,
2937 4086 2989 4130 et
3018 4091 3251 4135 annuum
3279 4075 3647 4132 defunctorum
3675 4073 3845 4138 diem.

2259 4142 2325 4200 ad
2350 4147 2672 4216 monasteria
2706 4148 2938 4202 virorum
2973 4146 3187 4202 feminis
3223 4147 3484 4216 permittit
3512 4150 3844 4214 ingressum;

2261 4227 2326 4265 ex
2355 4213 2614 4286 Ggegorio
2635 4215 2952 4286 Turonensi,
2974 4213 3240 4273 referente
3262 4220 3318 4272 ὃ.
3346 4213 3645 4277 Romanum
3673 4217 3840 4270 abha-

2263 4292 2365 4336 tem
2396 4284 2890 4355 Condatiscensem,
2935 4284 2991 4342 ut
3037 4289 3348 4346 mulieribus
3384 4289 3449 4341 ad
3481 4301 3635 4340 suum
3662 4288 3844 4354 sepul~

2259 4367 2432 4418 crum,
2459 4357 2598 4423 quod
2631 4356 2740 4410 Deo
2769 4359 3038 4413 revelante
3060 4369 3278 4413 noverat
3304 4357 3574 4415 miraculis
3595 4371 3843 4416 corusca-

2263 4432 2468 4492 turutn,
2511 4437 2715 4494 patet-ct
2761 4443 3041 4494 accessus,
3093 4429 3322 4484 voluisse
3375 4440 3525 4482 extra
3573 4430 3840 4496 propriam

2259 4495 2538 4549 ecclesiam
2576 4499 2848 4564 sepultura
2898 4499 3104 4563 donari,
3156 4517 3174 4550 ι
3202 4498 3318 4553 Non
3362 4509 3533 4564 putest
3573 4495 3714 4561 fieri,
3763 4499 3843 4552 iu-

2259 4564 2469 4632 quieiis,
2501 4576 2561 4622 ut
2601 4583 2698 4637 ego
2737 4569 2790 4624 iii
2825 4569 3156 4630 monasterio
3185 4570 3486 4638 sepulcrum
3519 4567 3779 4631 habeam,
3813 4586 3841 4619 a

2257 4650 2362 4703 quo
2403 4638 2682 4694 mulierum
2729 4651 2941 4696 arcetur
2987 4653 3256 4695 accessus.
3295 4659 3314 4690 ι
3369 4641 3541 4707 Atque
3598 4640 3684 4696 liic
3748 4640 3842 4698 fuit

2255 4709 2553 4762 communis
2574 4725 2622 4764 01
2637 4711 2777 4764 diuis
2800 4711 3124 4766 Benedictini
3150 4726 3293 4769 usus.
3313 4711 3686 4780 generalisque
3706 4725 3842 4777 pene

2255 4781 2491 4832 omnium
2517 4783 2960 4836 monasteriorum
2984 4791 3285 4838 uestrorum
3303 4782 3668 4841 cnnsuetudu:
3695 4787 3840 4849 qnn-t

2251 4862 2321 4902 ne
2350 4851 2466 4917 quis
2487 4865 2517 4903 a
2542 4852 2695 4905 nobis
2724 4856 2890 4920 gratis
2913 4854 3196 4907 coniictutn
3222 4866 3344 4906 ese
3370 4851 3662 4912 existimet,
3687 4854 3840 4920 quasi

2253 4920 2577 5004 singularem
2599 4924 2974 5001 quorumdam,
2997 4936 3048 4979 et
3069 4923 3280 5004 quidem
3306 4937 3594 5004 paucorum
3647 4936 3839 5004 euene-

2255 4988 2462 5066 bioruni
2489 4988 2718 5059 praxim,
2753 5009 2853 5066 pro
2875 4988 3110 5064 generali
3141 4988 3530 5066 consuetudine
3558 4993 3842 5066 traducere

2257 5063 2545 5128 vellemus,
2579 5080 2687 5118 rem
2720 5065 2765 5118 si
2796 5063 2899 5119 non
2933 5066 3000 5121 de
3034 5067 3313 5130 omnibus,
3345 5063 3627 5130 siiltemﬁe
3652 5065 3842 5131 pliL‘ti-

2256 5132 2375 5200 puis
2421 5145 2477 5188 et
2525 5133 2908 5204 insignioribus
2955 5137 3293 5192 monasteriis
3329 5135 3643 5194 certissimis
3686 5139 3839 5196 testi-

2255 5204 2448 5260 inoniis
2486 5205 2857 5264 demonstrare
2902 5224 3006 5266 non
3047 5207 3148 5264 erit
3191 5207 3433 5266 fortassis
3463 5209 3753 5275 ingratum.
3787 5216 3840 5259 cl

2256 5276 2454 5330 utinam
2477 5277 2763 5344 aliquando
2793 5279 2957 5332 utile!
3244 5306 3246 5309 -

2325 5346 2496 5416 Atque
2538 5356 2596 5403 ut
2635 5363 2668 5402 a
2711 5350 3044 5403 monasteriis
3072 5348 3140 5402 ab
3186 5349 3300 5417 ipso
3346 5346 3404 5404 S.
3451 5347 3511 5402 P.
3546 5346 3840 5402 Benedicto

2254 5419 2578 5488 constructis
2600 5420 2876 5474 exordium
2903 5420 3181 5484 ducamus,
3205 5420 3448 5488 quamvis
3469 5433 3573 5478 non
3600 5419 3838 5486 legamus

2257 5489 2316 5562 Si.
2349 5487 2559 5562 Patrem
2589 5491 2840 5546 mulieres
2868 5491 2938 5545 ab
2976 5487 3233 5562 ingressu
3261 5487 3610 5562 eet-lesiarum
3651 5490 3838 5562 egetu-

2258 5559 2414 5622 sisse,
2447 5560 2799 5616 nihilominus
2844 5559 3186 5630 tamencum
3229 5574 3402 5629 neque
3445 5561 3497 5618 in
3540 5561 3662 5630 eius
3692 5559 3836 5625 Vita,

2257 5645 2429 5701 neque
2455 5632 2509 5686 in
2533 5631 2648 5702 ejus
2680 5633 2881 5702 Regula
2911 5629 3052 5689 hunc
3079 5633 3181 5687 illis
3210 5631 3518 5700 permisisse
3541 5629 3836 5696 scribatur,

2256 5717 2361 5757 non
2391 5704 2523 5760 levis
2557 5704 2862 5771 conjectura
2892 5715 3004 5770 est,
3052 5703 3166 5771 eius
3213 5703 3472 5772 ecclesias
3522 5703 3838 5761 mulieribus

2258 5775 2467 5841 penitus
2497 5777 2794 5830 inaccessas
2826 5776 3028 5830 fuisse:
3055 5776 3246 5831 saltem
3281 5775 3332 5829 id
3369 5773 3469 5831 sibi
3500 5772 3838 5840 persuasisse

2259 5845 2504 5903 videntur
2529 5847 2657 5903 olim
2685 5844 3089 5912 Cistercieuses,
3119 5844 3512 5914 cum'exeniplo
3534 5843 3594 5902 Si.
3623 5843 3835 5912 legisla-

578 5946 597 5967 ³
635 5966 649 5980 ⁸
669 5963 746 6011 Sic
773 5977 858 6025 pro
880 5967 1086 6030 copiam,
1106 5965 1395 6030 ﬁtcultatcm,
1422 5967 1515 6017 nisi
1550 5943 1688 6016 malis
1719 5977 1946 6015 accusare
1973 5961 2316 6026 typograplios.
2339 5960 2474 6015 EDI'I'.

2229 6086 2257 6112 ἱ
