4074 6356
547 369 649 421 345

1900 372 1953 425 8.
1986 374 2056 427 Ῥ.
2104 371 2456 429 ΒΕΝΕΙΗΟΊΊ

3723 374 3842 429 3H

544 500 711 559 quam?
739 488 958 554 patebit.
991 508 1007 538 ι
1046 487 1195 553 Quod
1227 488 1294 559 de
1322 486 1545 542 ecclesia
1573 484 1985 559 intelligendum
2009 499 2129 540 esse
2162 487 2209 546 Α
2236 484 2521 559 audebam
2550 487 2657 542 Nec
2672 490 2926 559 deinceps
2948 490 2997 546 id
3019 491 3340 559 permissum
3362 492 3529 547 estad
3554 491 3836 547 saeculum

547 557 885 612 manifesmm
918 567 999 612 est
1027 574 1094 612 ex
1131 559 1225 613 lib.
1258 558 1462 621 Μῆτις..
1496 573 1547 611 ιι.
1585 557 1676 612 12.

617 628 672 682 ln
704 629 1087 684 Landeveneco
1117 634 1278 684 etiam
1311 630 1635 684 monasterio
1668 628 1809 682 idem
1855 627 2021 697 viguit
2052 629 2127 682 fe-

543 700 707 757 minis
737 700 1103 765 interdictum,
1135 702 1286 771 ιθ]
1320 709 1549 755 testante
1575 700 1632 756 8.
1670 699 1989 754 Winwaloei
2019 702 2125 753 vita

551 774 710 827 tertia
764 771 902 839 apud
936 770 1281 835 Bollanduut,
1310 772 1361 825 iu
1386 770 1540 840 cujus
1572 789 1627 825 ιι.
1660 772 1691 824 ιι
1726 771 1840 825 lucc
1883 773 2129 839 leguntur

546 841 717 910 (Ball.
751 843 784 895 5
816 842 1003 911 .llart.)
1038 862 1049 896 :
1089 862 1107 893 ι
1145 842 1310 913 Hujus
1343 842 1443 896 loci
1481 844 1582 897 hoc
1614 842 1951 910 privilegium
1992 841 2127 907 fuit,

550 923 608 967 nt
637 930 700 969 ex
747 930 852 983 quo
902 924 1077 969 tentus
1120 924 1204 970 est
1246 915 1472 982 primum
1504 930 1532 967 a
1579 914 1778 968 sanctis
1812 913 1906 966 Dei
1956 914 2069 983 lege
2099 929 2128 965 a

548 984 609 1039 8.
646 986 973 1054 Gniugaloco
998 988 1225 1045 sancita,
1257 985 1522 1039 femineus
1550 985 1697 1037 illum
1747 999 2017 1053 nunquam
2046 994 2130 1039 te-

552 1066 784 1109 meraret
813 1057 1081 1110 introitus.
1113 1076 1131 1109 ι
1166 1057 1308 1111 Idem
1332 1059 1399 1110 de
1425 1057 1612 1110 Ileensi
1644 1056 1895 1111 cmnohio
1920 1065 2133 1110 constat

552 1142 619 1182 ex
654 1127 987 1181 Ermcntario
1019 1128 1071 1181 in
1108 1129 1327 1183 historia
1363 1128 1728 1181 translatioois
1774 1128 1830 1181 S.
1867 1126 2127 1192 Filiberti,

550 1198 616 1250 ad
663 1198 969 1265 przcdicmm
1004 1203 1389 1253 monasterium
1422 1202 1563 1253 circa
1596 1198 1828 1253 medium
1872 1198 2130 1253 saeculum

550 1284 750 1324 n0num
802 1269 953 1325 facta:
982 1270 1146 1336 (Sac.
1176 1286 1225 1323 tv
1257 1269 1474 1324 Beued..
1508 1280 1642 1337 part.
1676 1275 1737 1334 tl,
1770 1271 1821 1322 in
1854 1283 1953 1338 qua
1984 1288 2001 1319 ι
2035 1270 2130 1323 du-

549 1341 751 1395 bitatur
780 1350 956 1395 utrum
991 1340 1254 1395 femineus
1285 1357 1447 1396 sexus
1477 1357 1597 1395 cum
1647 1340 1857 1394 cmteris
1888 1341 2133 1395 fidelibus

547 1411 759 1465 admitti
802 1412 1035 1475 debeat,
1084 1428 1255 1468 necne
1279 1452 1292 1473 ,
1331 1423 1388 1466 ut
1420 1423 1541 1480 pote
1580 1412 1734 1480 cujus
1776 1410 2134 1480 frequentatio

553 1493 838 1551 postquam
866 1484 1115 1538 monachi
1150 1484 1216 1536 ibi
1251 1484 1495 1537 habitare
1521 1493 1819 1547 cmperant,
1847 1483 1987 1537 nulla
2018 1499 2134 1536 om-

549 1553 683 1607 nino
709 1556 1024 1610 exstitisset.
1059 1554 1482 1621 Decerniturque
1512 1556 1708 1607 saniori
1751 1553 1977 1607 consilio
2005 1570 2135 1622 qua-

549 1633 710 1679 tenus
758 1640 1010 1681 accessus
1056 1627 1136 1680 eis
1182 1626 1483 1679 communis
1539 1626 1801 1678 tribuatur
1852 1638 2020 1693 usque
2067 1626 2132 1681 ad

552 1696 916 1817 (istdileti-inegm
946 1702 1102 1751 unius
1130 1698 1276 1762 anni,
1313 1716 1330 1747 ι
1365 1697 1535 1765 inquit
1562 1694 1926 1749 Erineutarius
1955 1712 2009 1750 n.
2043 1697 2129 1751 5t).

606 1784 623 1817 Ι
664 1786 689 1817 e
720 1784 770 1817 ll.
813 1784 828 1817 Δ
882 1808 894 1817 .

606 1768 689 1821 ide
720 1784 770 1822 n.
806 1768 894 1822 72.

626 1838 742 1894 lim
766 1854 902 1909 vero
931 1843 976 1896 si
1008 1839 1231 1909 gradum
1263 1838 1519 1892 faciamus
1556 1838 1620 1892 ad
1652 1846 1829 1893 nostra
1863 1836 2129 1892 Normau-

553 1910 657 1963 nire
680 1920 731 1965 et
764 1908 1027 1966 Picardize
1051 1910 1398 1977 monasteria,
1425 1911 1564 1964 idem
1589 1910 1885 1963 institutum
1911 1912 1961 1963 in
1991 1926 2128 1977 prae-

552 1981 727 2047 cipuis
759 1994 1028 2048 receptum
1084 1983 1248 2036 fuisse
1300 1996 1403 2035 non
1450 1983 1623 2034 minus
1652 1980 1913 2034 constabit
1940 2022 1953 2042 ,
1988 1991 2043 2033 ut
2073 1982 2125 2036 in

554 2048 954 2106 Fontanellensi
979 2054 1035 2108 S.
1052 2052 1449 2118 Wandregisili,
1471 2054 1518 2105 in
1545 2050 1892 2105 Madriacensi
1914 2052 1970 2105 8.
2002 2051 2129 2106 Leu-

558 2120 718 2181 l'rctli.
751 2122 801 2175 in
844 2122 1171 2178 Flaiiat-ensi
1202 2126 1258 2177 8.
1291 2122 1589 2177 Gercmari.
1625 2121 1698 2175 De
1731 2121 2129 2175 Funtanellcnsi

562 2198 660 2245 etsi
693 2210 795 2246 non
830 2195 897 2246 ita
944 2197 1148 2247 elucrat
1174 2234 1189 2257 ,
1222 2204 1397 2246 tamen
1444 2210 1549 2246 non
1589 2194 1815 2245 obscure
1862 2193 2131 2260 colligitur

557 2276 620 2316 cx
657 2264 745 2315 lib.
774 2264 887 2317 Μὴν.
916 2266 969 2318 8.
997 2264 1378 2333 Wandregisili
1400 2278 1517 2329 cap.
1550 2280 1599 2324 ι.
1634 2263 1688 2315 in
1720 2278 1823 2333 quo
1847 2264 2037 2316 mulier
2066 2280 2129 2319 ex

560 2349 696 2399 pago
718 2335 986 2388 (Laletcnsi
1011 2338 1079 2388 ob
1104 2337 1355 2389 violatum
1386 2336 1501 2388 festi
1535 2335 1641 2387 dici
1665 2334 1722 2385 8.
1752 2332 2129 2403 Wandregisili

560 2406 871 2470 religioni-ni
900 2408 1154 2459 divinitus
1181 2408 1386 2470 punita,
1418 2424 1435 2456 ι
1467 2406 1711 2473 poposcit
1737 2418 1796 2457 se
1817 2404 1983 2458 flebili
2012 2419 2131 2460 cum

558 2489 690 2527 voce
718 2477 781 2527 ad
815 2478 871 2527 8.
908 2478 1085 2529 Maria:
1115 2477 1411 2539 basilicam,
1439 2492 1560 2543 qua:
1587 2477 1759 2529 vicina
1786 2487 1905 2529 erat
1936 2473 2135 2529 Fonta-

560 2549 715 2598 nclltc
745 2549 1010 2609 coenobio,
1047 2548 1271 2616 ejusque
1300 2547 1517 2600 ditionis
1556 2546 1805 2613 perduci,
1851 2566 1868 2597 ι
1903 2561 2134 2615 cumque

560 2616 617 2669 8.
650 2618 976 2671 confessoris
1008 2620 1292 2672 ecclesiam
1338 2619 1639 2686 aspexisset
1667 2630 1852 2671 sanata
1883 2629 1987 2672 cst.
2035 2618 2131 2672 Ut-

560 2686 687 2752 quid
734 2692 876 2743 enim
926 2690 981 2743 8.
1020 2689 1391 2758 ννιιιιᾱιθεὶςιιι
1445 2688 1798 2756 patrocinium
1847 2700 2129 2757 rogatum,

560 2770 665 2809 non
699 2760 814 2825 ejus
848 2760 897 2812 in
926 2764 1230 2820 ecclesiam,
1281 2759 1375 2812 sed
1407 2760 1457 2813 iu
1500 2760 1558 2812 Β.
1606 2760 1787 2813 Marias
1819 2759 2047 2812 vicinam
2075 2774 2135 2815 se

561 2827 681 2881 duci
716 2832 905 2895 poscit,
936 2834 1035 2885 nisi
1067 2831 1189 2896 quia
1215 2830 1425 2883 feminis
1446 2839 1563 2883 erat
1589 2830 1901 2885 inaccessa?
1926 2829 1999 2884 De
2026 2832 2137 2885 Ma-

566 2896 830 2953 driaconsi
864 2918 947 2954 res
979 2905 1108 2955 citra
1132 2901 1553 2955 controversiam
1583 2917 1704 2957 esse
1732 2902 1890 2955 debet
1920 2916 1985 2955 ex
2013 2902 2131 2959 Mir.

562 2968 901 3043 SaLeufredi
929 2987 1047 3039 cap.
1092 2974 1125 3026 4
1157 2972 1314 3043 (ch.
1351 2988 1440 3035 nt,
1490 2985 1623 3041 part.
1657 2988 1803 3043 i,p.
1847 2971 1997 3042 595),
2046 2975 2132 3028 ubi

571 3058 589 3087 ι
631 3040 825 3095 flemina
853 3057 992 3097 cmca
1036 3040 1183 3109 juxta
1238 3040 1617 3098 monasterium
1668 3040 1964 3097 adveniens
2013 3060 2133 3097 cum

567 3114 905 3179 cognovisset
938 3116 1137 3168 nullum
1169 3116 1369 3169 aditum
1401 3116 1611 3169 feminis
1643 3115 1769 3168 illuc
1800 3114 2133 3180 ingrediendi

565 3194 749 3249 patere
776 3230 788 3249 ,
838 3186 986 3240 misit
1029 3187 1304 3241 candelam
1346 3186 1411 3239 ad
1445 3188 1756 3240 memoriam
1790 3186 1885 3238 viri
1916 3185 2007 3237 Dei
2041 3201 2135 3251 per

2166 1876 2213 1936 B

2238 570 2409 625 usque
2459 558 2727 613 decimum
2781 558 3053 628 quartum.
3114 560 3352 630 Denique
3405 564 3471 616 de
3526 562 3839 618 Laubiensi

2238 637 2463 683 testatur
2493 629 2780 685 Folcuinus
2811 633 2863 685 in
2898 632 3034 685 libro
3060 633 3128 688 de
3171 629 3351 687 Gestis
3379 632 3634 688 abbatum
3683 632 3840 689 Lau-

2239 698 2535 775 biensium,
2571 717 2690 775 cap.
2725 702 2997 775 4(Spicil.
3030 714 3151 757 tam.
3196 702 3319 775 Vl),
3364 706 3415 757 in
3460 706 3834 775 principalem

2234 769 2293 842 8.
2313 770 2451 824 Petri
2477 772 2748 826 basilicam
2774 774 3016 828 illicitum
3044 776 3227 838 fuisse,
3254 769 3353 828 ni~i
3381 769 3532 829 certo
3551 769 3837 842 tempore,

2236 840 2451 916 feminis
2482 859 2791 916 accessum.
2837 844 2886 899 id
2928 845 3068 914 quod
3117 845 3357 899 Folcuini
3409 856 3654 916 tempore
3672 840 3700 912 ⁷,
3736 840 3841 915 qui

2236 912 2371 987 obiit
2394 930 2535 967 anno
2561 915 2687 977 990,
2713 918 2889 971 adhuc
2939 912 3065 970 usus
3111 916 3386 971 obtinebat
3424 932 3438 969 :
3484 912 3841 987 quapropter

2236 983 2614 1058 S._Ursmarus
2639 987 2797 1041 aliam
2824 988 2875 1041 in
2908 989 3106 1041 montis
3128 983 3701 1058 verticem,ad—quam
3734 1002 3841 1058 po-

2238 1054 2391 1122 pulus
2422 1057 2694 1112 confluere
2722 1069 2920 1125 posset,
2953 1059 3277 1113 Construxit.

2312 1126 2639 1201 Eamdemjn
2662 1129 2849 1201 innglia
2884 1130 3115 1199 viguisse
3141 1130 3610 1201 consuetudinem,
3627 1142 3839 1201 agente

2238 1198 2537 1265 prmsertim
2567 1198 2622 1253 S.
2648 1198 2962 1265 Cuthberto,
2987 1202 3203 1269 egregio
3230 1200 3471 1271 Turgotti
3504 1198 3840 1257 testimonio

2236 1272 2614 1335 comprobatur
2634 1274 2686 1323 in
2706 1272 2841 1325 libro
2858 1287 2893 1325 ιι
2914 1272 3160 1327 Historia:
3179 1271 3576 1337 Dunelmensis,
3591 1288 3721 1337 cap.
3742 1276 3835 1337 l7,

2236 1338 2287 1391 in
2319 1353 2424 1407 quo
2468 1342 2546 1394 sic
2598 1342 2871 1409 loquitur:
2910 1361 2929 1393 ι
2969 1344 3022 1397 In
3054 1342 3254 1396 nullatn
3288 1356 3425 1410 pene
3467 1344 3839 1400 ecclesiarum

2236 1424 2371 1484 quas
2392 1411 2668 1465 confessor
2694 1414 2877 1468 beatus
2903 1413 2986 1484 (S.
3010 1412 3356 1483 Cuthbertus)
3386 1415 3504 1468 sive
3533 1424 3684 1479 ante,
3712 1416 3839 1472 sive

2239 1478 2289 1554 in
2316 1489 2553 1550 tempore
2576 1484 2731 1549 f'ugze,
2752 1485 2831 1538 vel
2860 1478 2997 1552 post,
3012 1492 3093 1539 sui
3115 1484 3251 1554 sacri
3266 1478 3510 1551 corporis
3532 1488 3840 1554 praesentia

2238 1549 2548 1625 illustravit,
2576 1555 2679 1608 ulla
2724 1549 2891 1625 usque
2922 1557 3081 1610 hodie
3108 1553 3323 1610 feminis
3346 1549 3468 1610 esse
3496 1549 3721 1610 constat
3754 1562 3840 1611 in-

2239 1624 2413 1676 trandi
2449 1623 2678 1679 licentia.
2708 1645 2726 1677 ι
2756 1623 2956 1681 Deinde
2981 1640 3196 1680 causam
3225 1626 3433 1689 reddit;
3462 1635 3573 1681 tum
3600 1626 3832 1681 subdit:

2244 1712 2261 1743 ι
2298 1694 2559 1751 Omnibus
2615 1712 2741 1765 ergo
2770 1707 2824 1750 et
2852 1697 2982 1751 viris
3024 1706 3078 1751 et
3108 1696 3320 1751 feminis
3358 1697 3836 1753 consentientibus

2238 1779 2411 1837 omne
2435 1768 2548 1820 suis
2576 1778 2630 1821 et
2660 1768 2712 1820 in
2746 1771 2992 1833 praesenti
3038 1778 3091 1822 et
3118 1777 3236 1832 post
3266 1767 3456 1821 futuris
3487 1769 3835 1837 temporibus

2241 1835 2497 1891 muliebre
2521 1839 2787 1892 interdixit
2811 1840 3161 1900 consortium,
3182 1851 3469 1905 earumque
3486 1841 3556 1891 ab
3574 1835 3835 1894 ecclesia

2240 1920 2348 1959 sua:
2372 1908 2613 1973 ingressu
2634 1910 2845 1975 penitus
2865 1910 3065 1963 amovit
3087 1904 3555 1965 introitum.Unde
3576 1914 3634 1963 in
3655 1910 3835 1963 insula

2239 1977 2381 2029 sedis
2410 1979 2729 2048 episcopalis
2753 1980 2870 2047 ejus
2902 1980 3035 2033 facta
3066 1979 3415 2040 ecclesia.....
3442 1980 3605 2048 jussit
3646 1990 3706 2033 ut
3738 1981 3836 2033 illo

2239 2049 2429 2102 missas
2451 2059 2505 2101 et
2529 2052 2747 2104 vcrlmm
2769 2049 2861 2105 Dei
2886 2053 3149 2104 auditura:
3172 2051 3423 2105 mulieres
3443 2051 3833 2114 convenirent,

2238 2134 2303 2171 ne
2337 2121 2554 2186 propius
2584 2120 2851 2186 ecclesiae,
2879 2122 2930 2175 in
2952 2137 3053 2190 qua
3086 2121 3201 2187 ipse
3223 2135 3345 2177 cum
3377 2124 3659 2175 monachis
3689 2136 3832 2174 con-

2238 2191 2572 2254 versabatur,
2601 2207 2831 2261 unquam
2852 2193 3191 2247 accederent.
3216 2194 3346 2257 Quae
3366 2193 3703 2246 consuetudo
3737 2209 3838 2245 us-

2238 2275 2340 2327 que
2382 2261 2539 2313 hodic
2585 2262 2873 2331 diligenter
2903 2264 3242 2327 observatur,
3279 2265 3329 2316 in
3363 2270 3594 2325 tantum,
3631 2276 3692 2316 ut
3722 2264 3833 2317 nisi

2240 2342 2411 2382 metus
2438 2331 2645 2386 hostilis
2662 2338 2743 2387 vel
2771 2334 3137 2389 concrematio
3167 2334 3268 2388 loci
3291 2333 3599 2399 compellat,
3638 2348 3744 2388 nec
3773 2336 3828 2388 in

2239 2403 2546 2455 cremeteria
2568 2404 2783 2472 quidem
2810 2406 3045 2472 ipsarum
3076 2406 3447 2463 ecclesiarum.
3472 2405 3560 2458 ubi
3588 2403 3659 2457 ad
3691 2416 3835 2460 tem-

2242 2486 2338 2541 pus
2378 2486 2573 2544 corpus
2613 2475 2729 2539 ejus
2755 2476 3124 2544 requieverat,
3159 2475 3473 2530 mulieribus
3498 2475 3731 2529 introire
3767 2478 3835 2529 li-

2240 2551 2377 2597 ceat.
2411 2562 2426 2591 ι
2459 2543 2581 2597 Haec
2607 2543 2892 2612 Turgottus
2914 2546 3015 2600 sub
3039 2547 3197 2600 linem
3225 2546 3408 2600 saeculi
3444 2561 3497 2599 ιι
3526 2545 3831 2599 scribebat.

2241 2614 2343 2667 Sed
2369 2615 2625 2685 pragclara
2648 2627 2772 2669 sunt
2793 2632 2854 2671 ea
2884 2632 3003 2685 qua:
3024 2616 3091 2671 de
3113 2616 3465 2671 Thorneiensi
3487 2619 3832 2673 monasterio

2242 2685 2407 2758 refert
2435 2683 2751 2741 Guillelmus
2796 2683 3285 2742 Malmesburiensis
3318 2686 3457 2758 (Lib.
3488 2703 3540 2740 tv
3571 2691 3634 2739 de
3665 2685 3827 2743 Poni.

2240 2755 2418 2823 Angl.,
2441 2762 2532 2808 sub
2563 2758 2715 2825 ﬁu.):
2745 2776 2762 2809 ι
2794 2758 2866 2811 lbi
2888 2758 3121 2812 solitudo
3143 2755 3411 2826 ingens‘ad
3437 2758 3677 2826 quietem
3701 2760 3831 2813 data

2241 2826 2538 2895 monachis,
2566 2837 2623 2881 ut
2651 2842 2716 2881 eo
2741 2831 2980 2883 tenacius
3004 2830 3244 2882 hasreaut
3267 2829 3504 2895 superis,
3528 2844 3635 2897 quo
3658 2834 3828 2884 casti-

2240 2897 2412 2965 gatius
2437 2899 2695 2953 mortales
2725 2900 3127 2967 conspicantur.
3151 2898 3371 2953 Femina
3402 2903 3445 2953 si
3478 2900 3550 2952 ibi
3581 2900 3828 2963 videtur,

2242 2978 2469 3041 monstro
2486 2968 2742 3041 habetur;
2766 2972 3001 3024 maribus
3021 2970 3425 3025 advenientibus
3444 2971 3595 3039 quasi
3611 2974 3833 3041 angelis

2244 3038 2530 3107 plauditur.
2554 3039 2819 3096 Caeterum
2848 3042 2921 3095 ibi
2955 3042 3129 3095 nullus
3160 3041 3259 3095 nisi
3289 3050 3669 3095 momentanee
3694 3038 3834 3096 con-

2244 3120 2505 3164 νετειιιυῑ.
2538 3129 2555 3162 ι

2315 3181 2483 3245 Quam
2503 3181 2554 3252 in
2579 3182 2764 3252 Anglia
2788 3182 3037 3239 hauserat
3056 3183 3391 3252 disciplinam
3413 3183 3470 3238 8.
3488 3183 3826 3246 Bonifacius,

568 3244 851 3319 quemdam
898 3258 1188 3311 hominem.
1222 3277 1239 3308 ι
1278 3257 1341 3310 Et
1372 3257 1425 3309 in
1456 3259 1570 3323 ejus
1600 3257 1704 3309 vita
1736 3271 1788 3312 ιι.
1833 3256 1900 3313 6.
1938 3256 1989 3308 in
2023 3244 2138 3309 loco
2168 3244 2214 3307 C
2248 3244 2385 3303 hanc
2413 3252 2429 3305 i
2454 3274 2464 3301 ι
2494 3244 2836 3307 Germaniam
2868 3254 3137 3321 profectus
3168 3244 3207 3319 ,’
3228 3256 3280 3308 in
3327 3256 3674 3309 monaSIeriis
3704 3272 3732 3308 a
3766 3244 3829 3311 se

569 3328 927 3390 possessionis
975 3343 1086 3380 sua:
1128 3329 1418 3380 oratorium
1466 3328 1641 3380 adhuc
1688 3327 1856 3380 laicus
1888 3326 2139 3379 statuisse

572 3396 784 3460 dicizur,
814 3416 831 3447 t
871 3400 957 3450 ubi
997 3398 1171 3451 nullus
1216 3397 1464 3451 introitus
1504 3413 1602 3451 nec
1632 3411 1880 3449 accessus
1929 3396 2140 3450 feminis

570 3465 816 3521 dabatur.
856 3488 873 3519 ι
908 3470 1165 3524 Similiter
1195 3470 1260 3521 tle
1290 3468 1637 3527 Flaviacensi.
1667 3469 1719 3521 in
1750 3482 1857 3535 quo
1885 3467 1943 3520 8.
1977 3465 2140 3521 Gere-

571 3553 755 3589 marus
808 3542 1092 3593 ct'ciesiam
1144 3555 1209 3591 cx
1259 3538 1411 3606 jussu
1446 3540 1619 3605 angeli
1670 3539 2007 3605 construxit,
2044 3539 2141 3593 hac

578 3612 908 3675 conditione,
937 3623 986 3661 ιιι
1030 3629 1045 3659 ι
1085 3611 1397 3662 mulieribus
1428 3612 1604 3661 nullus
1649 3624 1883 3676 unquatn
1927 3613 1992 3661 ad
2022 3624 2140 3663 eam

573 3692 827 3731 accessus
856 3680 1073 3749 patebit,
1108 3701 1125 3730 ι
1160 3680 1329 3746 inquit
1357 3678 1487 3732 Vitze
1511 3682 1761 3747 scriptor,
1786 3696 1837 3732 ιι.
1867 3680 1952 3731 ει.
1983 3680 2142 3732 Simi-

571 3752 675 3801 lem
710 3751 1042 3816 tlisciplinam
1069 3753 1119 3804 iu
1162 3765 1259 3804 suo
1288 3751 1617 3803 monasterio
1649 3749 1940 3802 instituisse
1972 3750 2142 3803 Eliza-

572 3820 704 3873 rhar
728 3822 973 3875 abbatem
1006 3822 1382 3876 Centulensem
1410 3829 1596 3873 auctor
1637 3828 1720 3873 est
1760 3834 2059 3890 auouymus
2090 3820 2140 3874 in

572 3890 671 3943 lib.
704 3907 716 3943 l
750 3893 867 3946 Mir.
899 3894 955 3946 8.
992 3892 1248 3955 Richarii,
1291 3909 1345 3947 ιι.
1378 3890 1432 3957 ιι,
1466 3900 1522 3944 et
1553 3890 1819 3943 lluriulfus
1853 3892 1903 3942 in
1935 3890 2141 3944 Chron.

574 3961 784 4015 Centnl.
819 3965 912 4018 lib.
946 3979 1023 4028 ιιι,
1056 3979 1173 4032 cap.
1205 3964 1261 4016 lt.

644 4034 749 4088 Sed
772 4034 883 4103 jim
917 4046 1124 4104 tempus
1148 4045 1230 4089 est
1260 4044 1316 4088 ut
1346 4034 1397 4089 in
1424 4032 1659 4103 Belgium
1687 4041 2143 4104 pertranseamns.

570 4104 647 4157 lbi
675 4109 845 4176 insign
869 4121 962 4160 ora
985 4103 1122 4160 haud
1141 4106 1358 4159 dubium
1378 4104 1931 4176 mouasteriaﬁcenseri
1950 4103 2147 4157 dt-bent

575 4174 885 4231 Elnonense
917 4181 975 4232 8.
1004 4178 1250 4245 Amandi,
1273 4177 1576 4232 Sithivense
1600 4176 1657 4230 S.
1693 4174 1911 4237 Bertiui,
1937 4182 1991 4227 et
2011 4176 2139 4227 Lau-

573 4249 779 4312 bieuse,
797 4250 846 4302 iu
862 4250 1055 4317 quibus
1075 4244 1321 4303 omnibus
1338 4249 1465 4301 olim
1487 4246 1731 4319 ecclesiae
1748 4244 1964 4319 feminis
1979 4246 2143 4319 haud:

574 4334 840 4387 quaquam
881 4316 1140 4389 patebant
1171 4320 1400 4390 (Spicil.
1432 4328 1558 4373 tam.
1594 4316 1708 4384 IV).
1755 4317 1827 4390 De
1856 4316 2142 4390 Elgnouensi

577 4387 905 4443 luculentum
956 4387 1218 4443 habemus
1249 4390 1611 4443 testimonium
1663 4392 1713 4441 in
1758 4387 2147 4455 Supplementa

579 4458 795 4513 Milonis
831 4463 900 4514 de
928 4474 1034 4514 vita
1084 4462 1141 4516 8.
1186 4460 1414 4514 Amandi
1440 4475 1560 4528 cap.
1594 4460 1648 4523 6,
1680 4457 1769 4510 ubi
1799 4459 1855 4512 8.
1904 4458 2146 4528 praesulis

580 4544 778 4599 corpus
806 4533 1119 4585 translatum
1163 4532 1356 4584 dicitur
1382 4546 1446 4585 ex
1471 4527 1525 4584 8.
1560 4528 1700 4582 Petri
1729 4528 1945 4581 basilica
1980 4527 2141 4596 (Sate.

581 4613 621 4653 ιι
648 4600 863 4673 lienem,
914 4620 964 4671 p.
996 4602 1155 4673 7‘26);
1185 4620 1203 4653 ι
1235 4616 1351 4668 quae
1377 4601 1626 4669 quoniam
1652 4612 1749 4667 pro
1773 4600 1851 4651 sui
1886 4601 2145 4673 parvitate

583 4672 714 4725 tanti
739 4670 979 4741 praesulis
1001 4670 1205 4727 tumulo
1222 4673 1330 4725 visa
1356 4673 1452 4726 fuit
1474 4674 1785 4741 incongrua,
1805 4679 1965 4738 atque
1984 4670 2142 4741 etiam

582 4740 982 4820 secundosexui
1014 4755 1228 4814 promer
1251 4745 1637 4820 monachorum
1662 4740 1962 4794 habitacula
1996 4740 2145 4820 inac-

581 4828 732 4869 cessa
759 4857 774 4881 ,
808 4815 1071 4891 frequenti
1116 4817 1482 4891 religiosorum
1514 4816 1749 4867 virorum
1776 4820 2041 4891 conventu
2074 4815 2149 4891 vi-

582 4900 704 4956 sum
733 4897 815 4941 est
841 4882 999 4941 aliam
1033 4887 1392 4956 magnitudine
1422 4882 2149 4956 priestantemdeberetedi-

582 4955 753 5022 ficari,
777 4974 896 5028 quae
916 4974 980 5013 ex
1004 4951 1229 5026 utroque
1250 4972 1380 5032 sexu
1404 4951 1434 5009 a
1454 4955 1740 5009 couflueuti
1771 4954 1860 5007 illo
1878 4951 2151 5032 sufficeret

587 5027 910 5083 multitudini
943 5030 1206 5097 pepulari,
1242 5027 1491 5081 nimirum
1516 5037 1667 5080 extra
1692 5027 2018 5097 monasterii
2030 5040 2149 5097 ain-

584 5099 777 5153 bitutn.
808 5120 827 5152 ι
861 5093 1254 5156 υσειιιηυωωι
1284 5097 1631 5151 nihilominus
1657 5104 1867 5149 constat
1891 5110 1952 5146 es
1988 5093 2081 5146 lib.
2118 5109 2151 5146 tt

587 5170 831 5224 Miracul.
859 5173 919 5226 8.
950 5171 1172 5235 Bertini,
1204 5186 1319 5237 cap.
1356 5168 1441 5231 η,
1470 5183 1498 5219 a
1528 5176 1771 5233 tempore
1802 5167 1956 5235 162
1978 5164 2033 5216 8.
2056 5164 2157 5237 Ab-

586 5241 726 5295 batis
753 5257 921 5311 usque
952 5242 1033 5311 ad
1058 5234 1389 5295 annum—938
1415 5238 1657 5311 (Sicani
1682 5234 2060 5311 Beneif.,:part.
2091 5234 2152 5301 i),

587 5326 696 5385 quo
716 5308 904 5385 Adala,
920 5308 1188 5385 Flandritn
1213 5308 1512 5375 comitis'sa,
1541 5328 1559 5359 ι
1582 5324 1700 5385 cuin
1725 5308 2020 5385 saepissime
2043 5319 2157 5385 ma-

588 5378 709 5455 gnis
736 5383 1136 5439 infirmitatibus
1157 5394 1300 5438 esset
1326 5390 1632 5455 aggravata,
1657 5378 1965 5455 desiderare
1986 5378 2156 5455 ‘cmpit

588 5446 649 5509 ἶιι.
676 5456 729 5509 in
762 5458 863 5510 hoc
910 5457 1234 5509 monasterio
1262 5456 1311 5509 ei
1356 5446 1622 5508 licentiam
1676 5449 1920 5502 monachi
1966 5446 2157 5501 darent

588 5526 814 5593 intrare,
841 5537 897 5583 ut
916 5542 1096 5582 coram
1124 5526 1276 5579 altari
1318 5524 1375 5581 S.
1406 5524 1612 5600 Bertiui
1639 5535 1743 5600 pro
1756 5519 1931 5600 salute
1958 5518 2153 5585 depre-

588 5606 774 5653 catura
817 5601 1001 5672 liceret
1030 5613 1088 5652 se
1104 5608 1482 5672 prosternere.
1510 5613 1542 5672 ,ι
1578 5596 1689 5672 Qua
1734 5594 1945 5672 licentia
1978 5606 2005 5640 a
2038 5602 2154 5672 nio-A-

592 5672 779 5723 nachis
795 5671 1030 5735 obtenta,
1055 5688 1073 5722 ι
1099 5661 1227 5723 feria
1250 5668 1481 5723 secunda
1509 5662 1727 5742 Pascha:
1744 5661 2153 5742 introduxerunt

595 5753 713 5794 eam
738 5744 973 5811 episcopi
998 5743 1050 5794 in
1078 5743 1266 5795 eodem
1298 5738 1623 5811 monasterio
1653 5750 1757 5788 non
1776 5738 1893 5784 sine
1921 5741 2152 5783 tremore

594 5813 848 5877 matlmo,
872 5808 1120 5881 quoiiunn
1154 5816 1254 5864 hoc
1285 5811 1370 5863 illa
1396 5810 1562 5881 prima
1593 5808 1767 5859 facere
1801 5815 2156 5881 prassumpse:

595 5894 677 5939 rat
702 5923 717 5951 ,
751 5872 903 5952 quod
939 5892 1090 5934 antea
1123 5872 1424 5948 reginarum
1458 5878 1599 5949 nulla
1643 5875 2023 5943 concupiscere
2071 5872 2153 5925 vel

2243 3324 2569 3375 constructis
2600 3324 2796 3378 ibidem
2821 3325 3037 3392 refudit,
3065 3326 3412 3380 ecclesiarum
3437 3326 3584 3380 aditu
3609 3326 3832 3379 feminis

2245 3406 2466 3461 pronus
2489 3394 2796 3461 interdicto,
2825 3396 3057 3451 maxime
3075 3411 3203 3451 vero
3224 3398 3275 3450 in
3302 3397 3553 3450 Fuldensi
3578 3397 3829 3451 omnium

2245 3463 2601 3534 nobilissimo,
2632 3466 2786 3534 cujus
2819 3466 3039 3521 basilica
3068 3467 3159 3520 uni
3184 3468 3242 3522 8.
3270 3466 3453 3521 Lioba:
3473 3468 3541 3521 ob
3572 3482 3832 3521 reveren-

2246 3538 2373 3587 tiam
2405 3533 2463 3588 S.
2498 3533 2746 3605 martyris
2773 3536 3028 3604 patebat,
3057 3546 3114 3591 ut
3143 3547 3370 3591 testatur
3418 3538 3681 3592 Itudolfus
3710 3554 3832 3591 mo-

2245 3607 2451 3658 nachus
2483 3608 2534 3659 in
2572 3606 2684 3659 Vita
2716 3607 2771 3661 S.
2805 3608 2986 3660 Liobte
3019 3622 3139 3674 etp.
3168 3609 3240 3662 9.2
3269 3609 3445 3677 (Sirc.
3503 3624 3556 3662 ιιι
3601 3608 3829 3671 Benest,

2246 3688 2381 3741 part.
2416 3692 2473 3741 ll,
2502 3694 2618 3747 pug.
2647 3678 2799 3747 256),
2842 3678 2923 3731 his
2966 3678 3146 3733 verbis
3182 3696 3196 3733 :
3230 3699 3248 3731 ι
3284 3680 3549 3734 Interdum
3578 3680 3743 3732 etiam
3774 3692 3833 3733 et

2246 3748 2312 3799 ad
2341 3751 2719 3801 inonuSterium
2748 3749 3094 3803 l-‘ttldensium
3118 3754 3500 3804 monachorum
3522 3764 3687 3803 causa
3714 3764 3836 3802 ora-

2248 3817 2408 3870 tionis
2440 3819 2625 3889 venire
2651 3820 2877 3885 solebat,
2909 3820 3050 3887 quod
3075 3834 3174 3874 nec
3197 3823 3366 3889 prius,
3396 3835 3494 3874 nec
3517 3831 3703 3886 postea
3728 3821 3830 3875 ulli

2247 3902 2482 3957 unquam
2508 3887 2821 3942 feminarum
2852 3891 3074 3944 cont-edi
3107 3887 3298 3960 potuit,
3329 3892 3452 3959 quia
3485 3892 3606 3944 loco
3634 3891 3734 3951 illi,
3756 3908 3829 3946 ex

2246 3974 2355 4026 quo
2388 3976 2417 4012 a
2449 3960 2723 4013 monachis
2754 3960 2980 4014 habitari
3029 3973 3239 4029 emptus
3263 3973 3345 4016 est
3371 4006 3384 4023 .
3438 3966 3701 4015 femineus
3732 3978 3831 4016 ue-

2248 4030 2473 4097 gabatur
2522 4031 2835 4099 ingressus:
2870 4040 3077 4085 tantum
3123 4046 3302 4086 autem
3352 4033 3507 4103 163
3551 4032 3679 4103 huic
3728 4035 3831 4087 soli

2247 4115 2542 4155 concessus
2556 4112 2658 4173 est,
2684 4111 2900 4170 propter
2930 4104 3029 4156 hoc
3044 4104 3185 4169 quod
3210 4103 3266 4159 8.
3289 4102 3493 4173 martyr
3518 4102 3832 4156 Bonifacius

2250 4186 2369 4225 eam
2394 4172 2693 4226 senioribus
2713 4188 2899 4227 eorum
2917 4176 3330 4238 commendavit,
3351 4172 3650 4243 corpusque
3680 4173 3834 4227 illius

2252 4242 2322 4295 ibi
2367 4243 2731 4311 sepeliendum
2784 4246 3040 4298 decrevit.
3093 4263 3112 4297 ι
3162 4242 3465 4312 Sribitqun
3525 4246 3833 4298 llrouvems

2251 4312 2390 4381 (Lib.
2419 4329 2433 4366 ι
2467 4313 2638 4382 Auliq.
2676 4312 2861 4379 Fufd.,
2895 4332 2941 4367 c.
2965 4314 3019 4385 8)
3046 4316 3145 4369 ltoc
3167 4326 3326 4385 caput
3347 4331 3374 4369 a
3400 4315 3696 4383 majoribus
3722 4325 3831 4369 tam

2254 4394 2439 4454 sancte
2472 4384 2673 4437 cultum
2720 4386 2904 4450 fuisse,
2943 4405 2960 4435 ι
3000 4384 3057 4440 ιιι
3085 4386 3373 4454 privilegiis
3401 4404 3428 4438 a
3461 4388 3665 4439 Marino
3694 4402 3830 4454 papa

2252 4453 2454 4507 saeculo
2481 4469 2531 4506 is
2559 4456 2737 4508 abbati
2765 4453 3106 4517 Hadamaro,
3149 4467 3204 4511 et
3234 4474 3261 4509 a
3288 4458 3549 4512 Silvestre
3579 4453 3774 4510 surculi
3799 4473 3829 4509 χ

2255 4534 2414 4577 :rtale
2448 4523 2829 4588 Erkcmbaldo,
2857 4539 2912 4579 et
2939 4542 2967 4578 a
3009 4528 3217 4581 Joanne
3248 4529 3521 4582 Bicliardn
3550 4528 3785 4581 subinde
3813 4572 3829 4595 ,

2178 4617 2229 4677 Ι)
2254 4595 2478 4676 aliisque
2507 4597 2575 4676 ab
2603 4598 2720 4649 aliis
2750 4597 3088 4677 pontificibus
3112 4609 3302 4677 postea
3332 4600 3630 4677 concessis,
3656 4608 3713 4677 et
3738 4614 3826 4651 no-

2256 4666 2497 4719 minatim
2541 4668 2799 4721 insertum
2829 4669 2897 4721 sit
2921 4708 2936 4730 ,
2970 4677 3025 4723 et
3050 4670 3298 4737 religiose
3322 4685 3351 4721 a
3387 4669 3615 4735 pomeris
3643 4669 3823 4723 obser-

2258 4749 2456 4789 vatum.
2510 4757 2527 4787 ι
2583 4738 2635 4789 ltl
2678 4742 2818 4806 quod
2872 4740 3060 4806 probat
3110 4752 3218 4793 tum
3269 4741 3336 4793 de
3390 4739 3631 4793 Lotharii
3692 4742 3832 4807 regis

2259 4824 2444 4871 uxore,
2471 4810 2556 4862 cui
2588 4808 2674 4861 die
2698 4817 2756 4866 8.
2784 4809 3125 4863 Pentecostes
3152 4812 3323 4864 sacris
3348 4813 3614 4864 interesse
3644 4811 3696 4863 iu
3724 4812 3831 4877 pri-

2258 4878 2430 4932 mario
2476 4881 2787 4933 monasterii
2823 4884 3021 4949 templo
3059 4896 3163 4933 non
3197 4880 3389 4941 licuit;
3424 4891 3533 4934 tum
3563 4883 3731 4935 etiam
3764 4882 3832 4935 de

2258 4952 2484 5019 conjuge
2516 4949 2784 5021 Frederici
2818 4951 3176 5021 imperatoris.
3213 4970 3230 5001 ι
3263 4953 3371 5013 cui.
3397 4954 3521 5021 quia
3558 4953 3742 5020 regina
3776 4954 3831 5006 in

2258 5031 2513 5073 Ctllllllalu
2546 5020 2662 5086 ejus
2689 5030 2807 5076 erat
2828 5063 2844 5087 ,
2875 5025 3059 5075 urbem
3112 5020 3334 5075 Fuhlam
3369 5020 3573 5076 intrare
3604 5037 3715 5076 non
3762 5024 3832 5075 li-

2261 5092 2388 5143 cuit.
2414 5109 2432 5141 ι
2466 5090 2627 5144 Addit
2647 5092 2950 5146 Brouverus
2976 5092 3211 5145 emollita
3239 5094 3407 5146 se~nel
3435 5094 3521 5145 i.la
3544 5094 3830 5158 disciplina

2266 5175 2359 5229 per
2402 5161 2727 5215 Bonifacium
2772 5178 2959 5229 papam
3001 5161 3089 5221 IX.
3126 5174 3312 5230 rogatu
3341 5163 3565 5218 Joannis
3592 5164 3829 5219 Merlavii

2263 5232 2492 5295 abbatis,
2529 5251 2546 5281 ι
2578 5246 2720 5285 anno
2752 5232 2890 5288 1598
2920 5237 3175 5301 templum
3206 5234 3473 5289 Fuldeuse
3499 5234 3729 5289 fulmine
3765 5236 3830 5289 de

2262 5306 2399 5354 creto
2428 5312 2624 5374 tactum
2653 5344 2667 5365 ,
2701 5304 2730 5355 7
2770 5306 2857 5359 tlie
2894 5305 3037 5358 Junii
3076 5304 3435 5374 conflagrasse
3458 5347 3474 5369 ,
3512 5305 3563 5359 id
3593 5306 3739 5374 quod
3779 5306 3831 5359 in

2267 5388 2477 5439 ptenam
2510 5373 2719 5428 violatae
2747 5375 3046 5443 disciplina:
3066 5373 3333 5429 accidisse
3361 5376 3562 5444 posteri
3585 5375 3827 5429 credide-

2264 5453 2406 5497 runt.
2445 5464 2462 5494 ι
2501 5444 2623 5497 llaec
2651 5454 2825 5499 tatncn
2864 5446 3055 5499 summi
3098 5444 3363 5513 pontificis
3400 5447 3681 5501 concessio
3722 5462 3828 5500 non

2263 5515 2364 5567 nisi
2390 5514 2583 5569 fesmm
2602 5516 2659 5569 8.
2677 5517 2931 5570 Bonifacii
2956 5520 3191 5585 aliosque
3213 5518 3330 5571 dies
3353 5520 3518 5571 festos
3543 5519 3829 5571 nonnullos

2260 5585 2595 5653 respiciebat,
2620 5589 2818 5655 aliaqui
2851 5587 3010 5642 etiam
3033 5588 3309 5641 'l‘rithemii
3335 5598 3574 5655 tempore
3600 5590 3828 5643 necdum

2260 5658 2474 5713 feminis
2507 5658 2719 5726 patebat
2749 5675 2801 5712 ιιι
2832 5661 3063 5714 ecclesia
3092 5656 3345 5714 Fuldensi
3374 5661 3576 5726 aditus,
3605 5660 3682 5713 uti
3712 5660 3824 5727 ipse

2256 5738 2481 5783 testatur
2506 5747 2556 5783 tn
2594 5730 2707 5784 Vita
2736 5728 2959 5784 Rabani.

2332 5800 2478 5873 Hanc
2500 5802 2641 5854 circa
2671 5803 2867 5870 templa
2898 5802 3279 5857 monachorum
3308 5803 3618 5873 religionem
3648 5804 3819 5858 omni-

2259 5869 2357 5923 bus
2385 5872 2436 5925 in
2470 5872 2616 5937 locis,
2651 5882 2707 5925 ut
2747 5869 2946 5940 potuit,
2978 5878 3035 5928 8.
3065 5872 3364 5929 Bonifacius
3406 5869 3649 5931 induxit:
3682 5876 3820 5929 unde
