4074 6356
1104 275 1157 287 π...

267 376 379 428 5ήῦ

1353 372 1624 428 REGULA
1666 371 2157 429 COMMEN'I‘ATA.
2202 375 2352 431 CAP.
2400 375 2488 431 lV.
3459 379 3550 431 τι(

267 499 553 563 rogatus}
584 487 645 542 Β.
675 485 869 543 Altone
898 486 1189 563 ecclesiam
1209 486 1297 563 sui
1329 485 1641 563 monasterii
1672 498 1866 563 conse-
1897 489 1951 548 Α
1979 484 2101 563 tiam
2135 486 2603 563 co‘loqnendi;_it:t
2636 496 2811 563 tamen
2841 497 2896 542 ut
2917 488 3085 563 abbas
3107 504 3328 563 causam
3353 492 3421 547 de
3448 508 3554 563 qua
3579 548 3583 553 ,

270 554 429 616 crare
469 556 627 630 (Sate.
653 572 739 630 ιιι,
783 568 917 630 part.
944 572 1012 622 ιι,
1052 576 1105 628 ρ.
1132 556 1295 625 218),
1342 574 1360 607 ι
1397 570 1517 610 cum
1566 554 1865 630 illo_advco
1900 592 1903 595 γ

275 633 431 688 niens
456 627 595 685 more
615 629 767 684 solito
793 628 958 684 vellet
997 627 1067 682 ita
1110 642 1455 687 consecrare,
1488 636 1546 679 ut
1574 627 1715 680 nulla
1746 641 1866 679 mu-

278 703 381 759 lier
417 701 641 759 deberet
669 700 801 754 illud
840 700 1063 764 intrare,
1097 700 1385 769 posmlavit
1422 697 1483 750 B.
1519 699 1640 751 Alto
1669 714 1738 753 ne
1771 697 1865 751 tali

276 782 437 844 paeto
481 787 637 828 suum
679 773 972 844 oratorium
1022 780 1385 844 consecraret.
1432 770 1574 844 Dixit
1627 769 1862 844 maxime

277 841 416 915 opus
441 844 570 899 viris
596 842 793 915 stt-pius
828 841 895 915 ad
925 856 1086 909 opera
1118 842 1264 896 varia
1296 841 1482 910 procul
1515 841 1771 915 egressis,
1803 849 1863 893 ut

279 912 476 972 uxores
500 912 687 970 eorum
718 912 863 968 domi
892 923 1230 968 remanentes
1257 922 1411 966 orent
1438 928 1533 979 pro
1556 925 1616 965 se
1645 913 1865 979 suisque

279 986 442 1051 viris;
484 986 571 1041 cui
617 984 857 1055 petitioni
892 985 1256 1048 consentiens,
1290 998 1415 1037 mox
1448 982 1518 1055 ξε.
1553 982 1863 1055 llouifacius

278 1058 565 1115 ecclesiam
612 1052 824 1127 quidem
868 1055 1389 1127 consecrando_ta_m
1441 1052 1653 1107 feminis
1698 1069 1862 1121 quam

280 1130 416 1184 viris
466 1128 588 1183 fecit
625 1124 747 1184 esse
786 1125 1275 1191 communem;sed
1326 1124 1528 1179 fontem
1574 1127 1899 1191 quemdam,

279 1202 335 1255 in
365 1199 556 1256 eodem
586 1200 704 1255 loco
727 1197 877 1269 juxta
906 1198 1189 1253 ecclesiam
1232 1197 1460 1269 positum
1490 1210 1554 1251 ea
1588 1195 1867 1269 benedixit

280 1270 492 1327 ratione
518 1280 577 1326 ut
606 1267 817 1327 mulieri
848 1269 978 1324 nulli
1021 1269 1209 1324 liceret
1248 1267 1315 1322 ad
1357 1282 1480 1323 eum
1521 1268 1779 1323 accedere
1810 1276 1867 1321 et

280 1342 520 1398 haurire.
550 1360 573 1394 ι

358 1414 451 1468 His
492 1413 742 1470 omnibus
779 1413 887 1468 duo
932 1412 1238 1480 superaddo
1283 1413 1556 1480 exempla,
1589 1423 1751 1463 unum
1794 1409 1867 1463 de

282 1482 593 1540 Stabulensi
636 1485 962 1541 monasterio
1000 1498 1069 1539 ex
1116 1485 1206 1540 lib.
1240 1485 1359 1539 Mir.
1389 1484 1449 1539 S.
1478 1480 1718 1537 Remacli
1747 1482 1864 1548 epi-

280 1557 431 1625 scopi
470 1554 847 1625 Trajectensis,
873 1570 995 1623 cap.
1015 1554 1109 1620 20,
1140 1557 1193 1610 in
1220 1572 1345 1624 quo-
1368 1554 1563 1608 mulier
1587 1560 1862 1605 contracta

282 1626 352 1680 ad
401 1630 572 1682 sancti
615 1627 872 1696 reliquias
911 1626 1138 1682 adducta
1186 1627 1380 1682 dicitur
1425 1625 1594 1694 (διες.
1620 1638 1688 1687 ιι,
1738 1638 1859 1691 pag.

283 1697 436 1765 50f),
467 1712 586 1768 quae
621 1715 642 1751 ι
670 1700 790 1768 quia
822 1712 928 1752 non
958 1696 1119 1755 facile
1154 1698 1292 1767 apud
1326 1712 1423 1751 nos
1466 1696 1565 1749 nisi
1592 1702 1752 1768 certa
1794 1708 1861 1746 ex

282 1782 441 1822 causa
474 1764 1079 1832 feminaz'adtnittuntnr,
1109 1764 1234 1824 ante
1265 1768 1405 1823 fores
1432 1764 1663 1822 cmuohii
1694 1764 1860 1829 depo-

282 1839 447 1908 nitur,
480 1857 500 1891 ι
536 1840 709 1907 inquit
751 1853 1054 1909 anniiymus
1094 1841 1342 1906 scriptor.
1375 1838 1618 1909 Alterum
1647 1835 1715 1888 de
1745 1837 1859 1909 An-

278 1906 555 1979 daginensi
582 1906 833 1965 ctenobio
853 1906 1059 1964 eruitur
1078 1926 1144 1965 ex
1172 1912 1263 1964 ιιι».
1285 1910 1470 1965 Mirac.
1488 1908 1547 1961 S.
1571 1906 1826 1979 anhrrti
1842 1945 1859 1969 ,

278 1978 401 2046 cap.
429 1979 493 2044 6,
542 1982 631 2034 ubi
682 1980 799 2036 haec
846 1983 962 2049 lego
1013 1980 1180 2048 (διεδ.
1209 1997 1281 2045 iv,
1320 1990 1455 2048 part.
1488 1994 1537 2043 ι,
1584 1995 1636 2047 p.
1678 1978 1808 2049 2978)
1843 1993 1858 2029 :

284 2067 306 2101 ι
338 2050 489 2105 Tunc
516 2052 772 2120 temporis
795 2048 1214 2106 subvenerabili
1239 2051 1471 2107 Sevoldo
1496 2059 1638 2103 tanta
1665 2050 1713 2120 in
1744 2048 1863 2120 loco

277 2130 400 2192 erat
428 2118 699 2192 religionis
725 2122 1057 2187 reverentia,
1093 2132 1148 2175 ut
1177 2124 1476 2192 quibusque
1515 2118 1862 2192 saecularibus

280 2191 711 2247 difficilis’esset
758 2193 832 2247 ibi
880 2191 1235 2246 conveniendi
1282 2193 1530 2256 licentia,
1581 2191 1866 2255 nullusque

278 2260 616 2331 ingrediendi
651 2263 826 2317 aditus
860 2264 1250 2318 concederetur
1281 2264 1512 2327 feminis,
1545 2261 1645 2314 nisi
1673 2262 1723 2313 in
1765 2274 1859 2313 au-

279 2332 428 2387 nuali
456 2332 597 2389 festo
622 2335 791 2403 ipsius
817 2333 1102 2402 pontificis.
1140 2355 1158 2385 ι
1193 2334 1453 2388 Sevoldus
1496 2331 1883 2403 μοι-νομικὴ·-

279 2405 506 2474 ginense
531 2398 912 2460 monasterium
943 2405 1084 2459 rexit
1111 2405 1267 2459 annis
1291 2405 1357 2459 19
1380 2406 1444 2457 ab
1474 2398 1563 2457 an.
1586 2398 1716 2459 856.

356 2474 434 2529 Ex
460 2475 618 2531 dictis
650 2477 907 2530 hactenus
951 2476 1080 2529 satis
1110 2476 1534 2530 demonstratum
1569 2483 1716 2543 puto,
1750 2488 1856 2527 non

279 2545 606 2615 singularem
650 2546 1032 2615 quorumdam,
1076 2547 1168 2601 sed
1215 2548 1517 2615 generalem
1567 2560 1701 2612 pene
1740 2560 1860 2615 om-

282 2619 432 2671 nium
465 2620 912 2672 monasteriorum
943 2617 1103 2670 fuisse
1134 2617 1578 2671 consuetudinem
1630 2615 1859 2670 feminas

281 2703 313 2742 a
345 2688 560 2756 templis
598 2689 982 2743 monachorum
1028 2690 1274 2752 arcendi;
1308 2704 1463 2756 quam
1508 2693 1558 2739 in
1603 2687 1719 2756 ipso
1762 2702 1856 2741 na-

279 2761 482 2815 scentis
502 2759 705 2813 ordiuis
735 2762 815 2813 sui
843 2758 1065 2813 exordio
1090 2760 1430 2825 arripuerunt
1450 2757 1861 2813 Carthnsienses

279 2829 771 2897 Cistercensesque
811 2830 1091 2893 monachi,
1134 2835 1469 2898 retinentque
1514 2829 1673 2882 etiam
1719 2842 1860 2882 nunc

279 2915 486 2955 summa
512 2916 633 2956 cum
662 2901 818 2955 laude
835 2900 1027 2967 ubique
1042 2899 1470 2963 Carthtisienses,
1494 2898 1650 2969 164.
1667 2900 1717 2951 in
1741 2901 1861 2967 ipso

279 2986 412 3026 vero
453 2971 795 3026 Cistercicosi
846 2972 1123 3037 coenobio,
1172 2972 1395 3040 aliisque
1447 2970 1667 3023 forsitan
1719 2986 1859 3022 non-

280 3043 445 3097 nullis
466 3042 883 3107 Cistercienses;
915 3058 1037 3096 nam
1074 3046 1268 3107 passim
1309 3055 1451 3095 nunc
1475 3056 1658 3094 eorum
1687 3040 1860 3095 tccle-

281 3114 381 3168 sia:
411 3124 594 3182 patent
623 3113 858 3179 feminis,
891 3126 1022 3182 quas
1068 3117 1120 3166 in
1164 3112 1557 3183 Pantiniacensi
1597 3113 1727 3183 solis
1754 3115 1859 3164 An-

280 3184 507 3254 glicanis
568 3186 883 3238 mulieribus
939 3185 1010 3238 ob
1072 3184 1425 3241 reverentiam
1486 3182 1542 3236 S.
1595 3182 1857 3236 lidmundi

282 3253 413 3309 Olim
456 3257 800 3325 aperiebant,
844 3264 978 3310 teste
1020 3254 1271 3309 blattbzeo
1319 3253 1521 3308 Parisio
1554 3255 1619 3306 ad
1665 3268 1860 3307 annum
1894 3256 1939 3319 C
1970 3268 2007 3307 ιι
2043 3254 2264 3319 lienem,

359 3396 799 3453 Camaldulenses
840 3411 943 3452 non
990 3396 1151 3451 modo
1180 3396 1463 3452 ecclesiam
1503 3394 1758 3450 claudunt
1788 3396 1865 3452 fe-

284 3468 470 3532 minis,
499 3471 592 3522 sed
625 3484 724 3522 nec
752 3482 1026 3523 accessum
1065 3468 1281 3535 quidem
1308 3469 1374 3521 ad
1416 3467 1634 3531 silvam,
1666 3468 1719 3520 in
1758 3484 1861 3537 qua

282 3540 390 3592 sita
440 3548 591 3607 erat,
644 3538 971 3608 permittunt.
1026 3557 1043 3589 ι
1091 3542 1144 3592 lu
1195 3539 1420 3594 circuitu
1474 3550 1653 3592 autem
1705 3539 1864 3593 dicta:

281 3611 452 3682 eremi
478 3608 968 3679 (Camaldulensis),
995 3611 1165 3682 inquit
1190 3612 1552 3682 Hieronymus
1571 3614 1864 3664 monachus

281 3680 525 3735 Camald.
568 3683 622 3735 in
664 3696 826 3735 serm.
857 3684 924 3735 de
969 3684 1026 3738 S.
1060 3681 1359 3735 Romualdo
1390 3680 1445 3735 it.
1488 3680 1586 3745 65,
1618 3689 1703 3734 est
1750 3682 1863 3749 pul-

284 3751 555 3805 cherrima
583 3754 716 3807 silva
756 3752 1016 3822 lignorum
1046 3752 1285 3807 abietum
1322 3769 1414 3819 per
1443 3754 1672 3819 spatium
1706 3757 1863 3806 unius

288 3824 536 3877 milliaris
575 3824 770 3885 Italici,
795 3839 954 3892 quam
987 3824 1172 3878 silvam
1204 3825 1435 3877 abietum
1477 3822 1621 3876 nulla
1670 3824 1863 3878 mulier

285 3901 465 3966 potest
492 3895 694 3966 ingredi
715 3896 814 3948 sub
843 3910 998 3964 poena
1025 3894 1591 3966 excommunicationis
1620 3893 1739 3947 lata:
1768 3910 1863 3964 per

286 3963 566 4019 dominum
590 3980 776 4035 papam
806 3963 1105 4021 sententia}.
1137 3985 1154 4016 ι
1174 3995 1185 4005 -

362 4037 429 4087 At
459 4051 564 4091 non
613 4036 773 4090 modo
819 4038 1127 4092 monasterii
1178 4044 1268 4089 aut
1312 4035 1531 4090 oratorii
1584 4036 1860 4091 introitum

285 4106 500 4160 feminis
528 4108 657 4161 olim
696 4110 1029 4177 denegarunt
1074 4117 1284 4161 veteres
1320 4108 1597 4171 monachi;
1626 4109 1719 4162 sed
1764 4123 1863 4163 nec

286 4189 382 4230 eas
424 4178 584 4232 etiam
628 4179 693 4231 ad
726 4180 1051 4248 colloquium
1097 4179 1452 4231 admittendas
1492 4192 1609 4232 esse
1637 4193 1863 4233 censue-

284 4256 414 4318 runt
440 4264 454 4299 :
484 4251 624 4303 unde
663 4258 879 4318 rogatus
921 4249 1205 4317 aliquando
1237 4252 1290 4301 S.
1323 4249 1639 4305 Pachontius
1668 4264 1695 4301 a
1727 4266 1858 4317 quo-

284 4316 439 4386 dam,
468 4329 523 4371 ut
568 4316 1170 4388 liliam'energum’euam
1205 4318 1488 4381 liberaret,
1522 4316 1862 4388 respondisre

286 4388 572 4462 fertur,(lu
603 4394 715 4462 ejus
749 4390 865 4443 Vita
906 4407 1020 4459 cap.
1049 4392 1141 4459 56)
1172 4407 1184 4442 :
1226 4409 1242 4441 ι
1279 4390 1392 4443 Non
1420 4399 1504 4444 est
1547 4393 1698 4444 nobis
1728 4406 1861 4446 con-

282 4460 511 4514 suetudo
539 4460 659 4515 cum
692 4461 1008 4515 mulieribus
1060 4462 1223 4527 loqui.
1260 4480 1275 4510 ι
1311 4462 1375 4515 Et
1418 4463 1474 4514 S.
1500 4463 1761 4516 Carilefus
1792 4465 1859 4517 ad

285 4532 480 4602 missos
509 4533 576 4586 ab
604 4532 913 4601 Ultrogotba
958 4534 1138 4601 regina
1170 4534 1287 4597 ejus
1316 4542 1606 4602 conspectu
1638 4535 1736 4587 frui
1766 4535 1861 4589 de-

284 4601 555 4674 siderante
600 4622 610 4654 :
666 4622 685 4655 ι
718 4604 934 4659 Certum
987 4601 1461 4674 babeat,quandiu
1518 4606 1568 4656 in
1629 4620 1855 4674 corpore

284 4670 470 4744 fuero,
491 4674 675 4728 faciem
722 4680 806 4728 tn‘e
838 4675 1080 4729 mulieris
1122 4670 1453 4744 nequaquam
1487 4670 1850 4742 visurunt'Un

281 4746 394 4813 ejus
432 4743 547 4797 Vita
588 4746 755 4811 ".28,
780 4761 899 4800 stac.
926 4749 995 4815 ι).
1030 4766 1047 4797 i
1087 4747 1149 4799 Et
1187 4743 1323 4815 apud
1354 4745 1665 4803 Cassianum
1709 4746 1845 4814 (Lib.

286 4829 355 4878 ιι,
392 4830 439 4866 c.
468 4816 593 4883 l7):
630 4834 647 4864 ι
670 4816 810 4869 Haec
839 4826 919 4870 est
952 4819 1240 4886 antiquitus
1271 4817 1485 4871 Patrum
1538 4833 1853 4886 permanens

284 4899 428 4938 nunc
472 4893 640 4955 usQue
667 4890 1022 4942 sententia...
1047 4890 1380 4943 Untniinodis
1422 4892 1738 4943 monachum
1773 4892 1853 4943 fu-

282 4969 410 5030 gere
439 4956 636 5012 debere
658 4959 930 5024 mulieres,
961 4970 1014 5013 et
1043 4961 1347 5028 episcopus,
1375 4970 1479 5014 etc.
1510 4980 1529 5011 ι
1564 4960 1854 5030 Episcopus

282 5026 497 5093 quidem
556 5040 773 5097 propter
830 5026 1090 5084 manuum
1141 5026 1573 5098 impositiouem;
1631 5026 1857 5086 feminas

284 5108 502 5166 propter
531 5100 845 5165 periculum.
874 5101 980 5155 Sed
1007 5118 1125 5170 quia
1158 5117 1537 5170 nonnunquam
1569 5104 1707 5158 aliud
1738 5117 1859 5156 sua-

282 5170 375 5221 det
404 5172 724 5235 necessitas,
753 5183 880 5225 tunc
904 5174 1118 5241 quidem
1152 5188 1258 5226 non
1288 5175 1390 5227 nisi
1423 5175 1675 5238 breviter,
1703 5176 1861 5240 idque

284 5254 409 5311 raro
430 5254 550 5294 cum
573 5242 652 5294 eis
675 5242 814 5311 loqui
840 5244 1099 5309 permittit
1117 5244 1175 5298 S.
1199 5245 1423 5299 Basilius
1451 5246 1501 5298 in
1524 5248 1858 5299 constitutio-

284 5310 443 5384 nibus
469 5310 780 5384 monasticis
808 5328 925 5381 cap.
960 5314 1022 5381 4,
1050 5325 1104 5369 et
1134 5317 1349 5384 quidem
1385 5325 1655 5384 piatiseutc‘
1674 5318 1854 5381 socio;

287 5398 305 5430 ι
321 5380 503 5457 solum
522 5382 663 5437 enim
680 5385 748 5457 ad
768 5380 935 5457 solam
958 5380 1171 5439 accede}
1185 5401 1236 5449 e,
1262 5380 1450 5455 inquit,
1476 5390 1617 5441 nulla
1650 5380 1862 5457 religio-

281 5452 368 5505 nis
407 5454 543 5529 ratio
574 5454 829 5529 permittit
859 5473 871 5506 :
916 5457 1106 5529 melius
1133 5466 1214 5509 est
1243 5452 1385 5510 enim
1414 5473 1532 5513 esse
1561 5460 1668 5511 duo
1697 5452 1856 5529 quam

283 5537 451 5599 unus;
490 5526 647 5599 simul
674 5528 817 5599 enim
858 5537 912 5580 et
941 5527 1145 5599 fidelius
1184 5538 1240 5581 et
1272 5530 1436 5599 tutius
1463 5544 1546 5582 res
1575 5526 1797 5599 geritur.
1832 5550 1849 5582 ι

281 5592 427 5670 idem
470 5596 719 5670 decernit
748 5597 949 5666 Regula
992 5597 1049 5651 ὃ.
1078 5597 1315 5653 Ferreoli
1349 5598 1502 5670 (Cap.
1529 5592 1698 5668 -’i)vbis
1737 5616 1857 5655 ver-

282 5664 368 5717 bis
394 5680 409 5716 :
442 5684 463 5739 ς
493 5668 800 5731 Querulibet
835 5664 1059 5723 fratrum
1091 5670 1311 5739 evidens
1339 5664 1496 5723 causa
1528 5664 1853 5739 colloquium

281 5750 405 5809 eum
434 5736 644 5792 feminis
672 5742 936 5794 duntaxat
982 5738 1222 5795 honestis
1270 5739 1466 5795 habere
1507 5736 1850 5809 tonipulerit,

282 5807 486 5863 sciente
516 5811 597 5864 vel
629 5816 969 5877 permittente
990 5812 1205 5873 abbate,
1237 5823 1291 5866 et
1326 5811 1576 5867 adhibitis
1607 5807 1851 5878 testibus,

277 5879 327 5933 id
367 5889 449 5933 est
475 5880 671 5950 junctis
710 5883 917 5937 duobus
946 5899 1011 5937 ex
1061 5882 1336 5949 fratribus,
1381 5883 1639 5953 accipiant
1690 5883 1855 5941 licen-

1890 1877 1942 1936 B

1886 4645 1937 4706 D

1980 556 2267 610 collocatio
2297 557 2565 613 exstiterit
2607 574 2709 613 non
2754 560 2979 627 ignoret.
3013 579 3030 611 ι
3067 559 3209 616 Idem
3255 562 3416 619 etiam
3458 556 3555 619 sub

1976 629 2305 703 gravissimis
2337 630 2506 703 pugnis
2552 631 2607 684 S.
2633 629 2994 703 Columbanus
3043 629 3133 703 (In
3161 630 3464 699 Paenitent.,
3498 652 3555 690 η.

1977 698 2108 772 51);
2148 718 2164 745 ‹
2191 698 2301 772 Qui
2333 701 2494 772 solus
2535 717 2653 753 tum
2693 702 2811 772 sola
2864 698 3091 768 femina,
3144 704 3260 760 sine
3309 706 3556 772 personis

1976 770 2136 842 certis
2183 770 2512 842 familiariter
2561 771 2813 842 loquitur,
2856 783 3066 828 maneat
3109 776 3225 830 sine
3270 770 3422 839 cibo,
3468 777 3556 832 vel

1976 840 2405 916 duobugdiebus
2433 842 2485 895 in
2514 840 2649 916 pane
2668 854 2725 916 et
2750 860 2910 911 aqua,
2937 846 3017 898 vel
3045 845 3293 901 ducentis
3322 848 3510 916 plagis.
3533 865 3554 900 ι

1977 911 2132 989 Et_S.
2166 912 2490 989 Fructuosus
2524 914 2622 983 (In
2658 914 2783 985 Reg.
2810 924 3027 989 manust.
3060 933 3246 971 comm.
3273 911 3389 984 cap.
3411 911 3512 989 '15)
3540 936 3555 973 :

1982 1001 2000 1054 ι
2029 983 2180 1048 Quod
2206 986 2249 1037 si
2278 983 2344 1036 de
2373 999 2533 1049 supra
2567 983 2755 1038 laxatis
2785 987 3045 1054 quiSpiain
3086 989 3234 1042 solos
3278 983 3400 1042 cum
3437 983 3554 1044 sola

1977 1053 2215 1108 fabulare
2272 1055 2723 1121 deprehenditur,
2782 1053 2991 1112 centum
3047 1058 3236 1113 ictibus
3292 1070 3557 1116 extensus

1977 1124 2187 1193 publice
2231 1126 2578 1198 verberetur;
2612 1137 2666 1183 et
2706 1128 2796 1196 qui
2847 1128 2971 1181 talia
3022 1129 3198 1183 facere
3244 1133 3552 1198 praisnmit,

1974 1210 2095 1250 cum
2127 1196 2374 1250 cautione
2405 1198 2777 1252 admoneatur.
2805 1198 2955 1263 Quod
2989 1200 3034 1252 si
3062 1196 3280 1255 abusive
3308 1198 3577 1257 habuerit

1975 1268 2359 1321 monachorum
2405 1280 2702 1337 praecepta,
2745 1280 2800 1322 et
2850 1270 2984 1322 hanc
3035 1274 3272 1325 secundo
3312 1275 3555 1339 gemina-

1975 1340 2112 1392 verit
2138 1339 2375 1407 culpam,
2404 1343 2717 1393 verberatus
2748 1341 2924 1393 denuo
2951 1344 3154 1396 carceri
3187 1345 3544 1409 mancipatur,

1975 1422 2065 1461 aut
2095 1410 2139 1462 si
2174 1410 2438 1479 paenitere
2482 1410 2742 1471 noluerit,
2778 1411 2918 1464 foras
2961 1413 3289 1480 projiciatnr.
3325 1434 3342 1464 ι
3381 1413 3547 1468 Eunt.

1972 1480 2095 1533 dem
2129 1495 2334 1534 morem
2362 1482 2522 1535 etiam
2550 1480 2788 1551 viguisse
2818 1481 2955 1549 apud
2989 1494 3199 1537 nostros
3230 1484 3551 1539 Cluniacen-

1969 1565 2059 1605 ses
2083 1552 2346 1621 colligitur
2372 1567 2439 1608 ex
2467 1552 2675 1607 Joanne
2702 1553 2962 1609 monacho
2994 1552 3049 1606 in
3076 1555 3168 1608 lib.
3195 1571 3211 1608 ι
3240 1556 3307 1609 de
3338 1554 3455 1610 Vita
3488 1554 3548 1611 S.

1969 1620 2165 1684 Odou.,
2192 1620 2246 1675 li.
2274 1624 2362 1677 56.

2044 1692 2283 1762 Denique
2331 1695 2412 1749 his
2454 1694 2704 1750 omnibus
2746 1695 3048 1751 addendum
3091 1706 3173 1750 est
3220 1697 3358 1762 quod
3409 1697 3551 1753 inter

1969 1763 2184 1837 Patrum
2211 1766 2675 1837 Apopltthegniata
2708 1767 2936 1835 legimus
2968 1767 3141 1837 (Tom.
3170 1766 3197 1820 1
3228 1763 3373 1821 Μυη.
3401 1768 3546 1823 Eccl:

1971 1833 2162 1899 Grata,
2194 1853 2248 1903 ρ.
2272 1835 2401 1904 5f?)
2431 1853 2444 1889 :
2482 1833 2656 1891 (Haec
2688 1839 2736 1890 in
2767 1833 2909 1892 Sceti
2941 1833 3545 1906 consuetudoinvalneﬁ-

1970 1917 2083 1978 rat,
2116 1917 2172 1978 ut
2213 1908 2259 1959 si
2288 1909 2606 1963 accessisset
2646 1910 2836 1963 mulier
2879 1910 2943 1962 ad
2994 1910 3317 1978 loquendum
3368 1911 3549 1975 fratri‘,

1969 1976 2051 2052 vel
2083 1976 2235 2031 alteri
2267 1980 2589 2052 necessario
2616 1993 2715 2033 suo
2749 1979 2947 2052 procul
2986 1976 3213 2035 invicem
3259 1982 3413 2052 165
3460 1996 3545 2036 se-

1964 2046 2154 2101 dentes
2198 2048 2655 2118 colloquerentur.
2692 2068 2710 2100 i
2748 2050 2880 2104 Vide
2908 2066 3026 2119 quae
3066 2067 3225 2118 supra
3260 2046 3549 2106 retulimus

1965 2132 2047 2191 ea,
2074 2120 2731 2191 mss.7(.‘onsuetndinibus
2755 2120 2811 2191 Si.
2841 2123 3061 2191 Bcnigni
3115 2122 3449 2177 Diviouensis
3486 2126 3550 2177 de

1964 2189 2624 2263 ofliciogeleemosynarii,
2659 2206 2713 2263 p.
2745 2190 2880 2263 124,
2911 2189 3046 2246 etin
3080 2193 3172 2246 lib.
3209 2208 3240 2245 v
3265 2193 3331 2248 de
3363 2195 3545 2263 Antiq.

1965 2260 2352 2315 monachorum
2388 2260 2620 2325 ltitibus,
2653 2262 2720 2316 de
2751 2262 3003 2317 fratribus
3034 2263 3086 2317 io
3125 2265 3267 2317 viam
3302 2260 3547 2330 directis,

1962 2346 2085 2400 qua:
2111 2333 2292 2386 omnia
2322 2332 2601 2387 declarant
2628 2348 2785 2402 quam
2829 2334 3115 2388 horrerent
3154 2334 3340 2389 Patres
3372 2338 3542 2391 nostri

1966 2416 2406 2473 quarumcunqne
2437 2403 2756 2457 feminarum
2798 2406 2877 2459 vel
2910 2405 3233 2459 levissimam
3262 2420 3549 2461 conversa-

1964 2475 2199 2547 tionem,
2232 2486 2286 2527 et
2330 2484 2586 2547 quantum
2617 2490 2716 2529 nos
2745 2476 2824 2547 ab
2852 2490 3035 2529 earnm
3079 2477 3367 2547 colloquio,
3402 2478 3545 2547 quod

1964 2543 2179 2618 quidem
2214 2545 2469 2618 prodesse
2487 2546 2664 2618 nihil,
2706 2545 2901 2601 obesse
2940 2543 3434 2618 plurimum'potest
3480 2550 3545 2600 ti-
3636 2600 3637 2603 η

1964 2630 2113 2671 mere
2141 2616 2454 2671 debeamus.
2484 2617 2547 2671 Et
2569 2617 2769 2671 utinam
2800 2632 2952 2685 aeque
2979 2616 3365 2673 abhorreamus
3394 2632 3457 2672 ac
3486 2618 3544 2675 S.

1963 2686 2198 2760 {cannea
2225 2687 2389 2760 abbas
2419 2687 2747 2760 Gorzietisis,
2779 2690 2868 2757 qui
2900 2690 3077 2742 adhuc
3106 2690 3271 2743 laicus
3309 2688 3399 2760 (In
3428 2691 3542 2760 ejus

1977 2755 2091 2809 Vita
2131 2774 2185 2809 η.
2217 2757 2310 2822 16,
2344 2774 2464 2813 scrc.
2489 2776 2518 2811 v
2552 2756 2773 2825 Beued.)
2801 2755 2825 2809 ἰ
2857 2769 3059 2812 tantum
3089 2755 3357 2830 pudicitia:
3380 2755 3547 2814 virtus

1965 2840 2199 2881 mentem
2230 2844 2348 2895 ejus
2394 2838 2557 2882 totam
2612 2839 2959 2898 pervaserat,
2992 2844 3046 2882 ut
3095 2847 3225 2898 quo.
3251 2833 3387 2886 forte
3427 2835 3545 2885 loco

1965 2898 2245 2952 mulierum
2284 2900 2489 2954 sedisse
2527 2909 2911 2967 conspexerat,
2946 2902 3091 2955 nullo
3121 2914 3296 2970 pacto,
3330 2903 3419 2955 illa
3453 2917 3536 2956 re-

1964 2970 2218 3034 cedente,
2251 2970 2439 3024 eodem
2472 2972 2584 3039 ipse
2615 2975 2696 3025 vel
2731 2970 3104 3037 fatigabundus
3150 2974 3483 3027 succederet.
3517 2991 3537 3024 ι

1963 3041 2071 3112 Sed
2096 3042 2160 3094 de
2186 3040 2268 3094 his
2295 3042 2514 3109 satisusi
2546 3051 2721 3097 tamen
2754 3044 2854 3096 hac
2877 3042 2944 3096 de
2972 3057 3029 3096 re
3058 3042 3191 3096 satis
3214 3043 3317 3097 dici
3353 3053 3544 3112 potest.

1974 3110 2102 3163 Vide
2134 3113 2191 3166 S.
2225 3112 2387 3165 Basil.
2420 3114 2675 3180 Regulam
2719 3128 2784 3168 ex
2816 3116 3062 3167 versione
3093 3113 3292 3167 Ruffini
3325 3110 3549 3167 interro-

1966 3192 2074 3247 gat.
2104 3182 2204 3236 197
2229 3194 2281 3236 et
2307 3184 2437 3248 I98;
2472 3182 2641 3241 Vitam
2670 3184 2728 3241 S.
2754 3183 2965 3238 Paterni
2990 3184 3228 3251 episcopi
3258 3200 3311 3238 ιι.
3336 3186 3391 3249 9,
3419 3198 3544 3238 saec.

2326 3269 2443 3323 pag.
2470 3254 2636 3320 1102;
2676 3264 2731 3309 et
2772 3255 2830 3311 S.
2859 3256 3094 3324 Hugonis
3134 3256 3371 3325 episc0pi
3414 3253 3548 3313 Gra-

1972 3325 2273 3396 tianopolit.
2301 3342 2353 3378 n.
2382 3325 2469 3388 15,
2492 3328 2631 3396 apud
2663 3326 2795 3382 Boil.
2821 3340 2837 3379 ι
2865 3326 3030 3394 April.

2044 3394 2266 3449 Nullum
2296 3396 2480 3469 odire.J
2505 3394 2668 3452 Recte
2698 3399 2839 3452 enim
2869 3398 2925 3469 S.
2955 3397 3176 3469 Basilius
3206 3396 3402 3464 (Serm.
3424 3397 3461 3449 2
3488 3398 3548 3450 ιιι

1969 3466 2147 3522 Instit.
2189 3471 2393 3537 mam):
2430 3466 2536 3523 (Si
2571 3469 2733 3534 Deus,
2769 3477 2827 3523 ut
2867 3468 2993 3522 dicit
3030 3468 3287 3533 Joannes,
3318 3470 3549 3521 charitas

1968 3549 2072 3603 est,
2102 3553 2319 3593 necesse
2341 3550 2422 3593 est
2445 3539 2668 3594 omnino
2686 3541 2953 3593 diabolum
2977 3554 3099 3595 esse
3119 3539 3323 3595 odium.
3349 3540 3547 3606 Quem.

1966 3610 2254 3664 admodum
2307 3610 2489 3678 igitur,
2539 3611 2629 3679 qui
2680 3610 2995 3664 cltaritatem
3047 3612 3241 3675 habet,
3289 3612 3332 3663 is
3379 3611 3544 3664 Deum

1970 3681 2162 3744 habet;
2194 3683 2272 3735 sic
2316 3692 2367 3734 et
2400 3684 2489 3749 qui
2522 3682 2702 3735 odium
2737 3682 2928 3744 habet,
2959 3680 3227 3739 diabolum
3256 3681 3308 3735 in
3339 3694 3397 3736 se
3430 3680 3547 3748 ipso

1969 3754 2156 3805 nutrit.
2192 3770 2209 3802 ι
2245 3753 2422 3817 Quare
2451 3754 2516 3805 de
2549 3753 2823 3807 monachis
2865 3754 3177 3807 monasterii
3210 3754 3548 3807 Alexandria:

1968 3832 2152 3877 narrat
2195 3822 2427 3878 Joannes
2469 3824 2740 3878 Clitnacns
2784 3820 2970 3893 (Grad.
3000 3823 3080 3891 4),
3118 3843 3136 3876 ι
3170 3824 3310 3892 quod
3352 3823 3395 3876 si
3427 3821 3546 3893 quis

1966 3909 2033 3947 ex
2064 3895 2274 3948 illorutn
2319 3894 2672 3948 contubernio
2712 3894 2939 3947 aliorum
2988 3908 3115 3949 osor
3157 3894 3546 3963 deprehende—

1965 3973 2137 4031 retur,
2173 3968 2311 4018 hunc
2342 3973 2521 4033 pastor
2552 3968 2602 4018 in
2633 3966 2933 4031 seiunctum
2967 3968 3033 4017 ab
3063 3966 3181 4019 aliis
3206 3965 3541 4030 coenobium,

1968 4045 2219 4103 tanquam
2250 4051 2397 4090 reum
2429 4036 2480 4088 iu
2511 4036 2764 4090 exsilium
2792 4036 3141 4095 amandahat;
3166 4050 3393 4104 cumque
3422 4049 3544 4088 con-

1965 4109 2196 4162 viciatus
2240 4118 2385 4175 e~set
2434 4106 2721 4176 aliquando
2765 4106 2979 4174 quidam
3032 4108 3192 4161 frater
3238 4105 3424 4167 alteri,
3475 4120 3537 4159 ex

1966 4180 2164 4244 templo
2194 4178 2607 4231 conviciatorem
2638 4177 2759 4244 ejici
2794 4177 3076 4246 praecepit,
3109 4180 3293 4232 dicens
3322 4190 3425 4227 non
3448 4176 3543 4246 de-

1966 4248 2099 4304 beie
2122 4247 2258 4302 duos
2287 4248 2559 4302 daemones
2602 4261 2723 4302 esse
2770 4244 2820 4299 in
2853 4244 3120 4312 coenobio,
3170 4261 3332 4301 unum
3363 4244 3543 4300 visibi-

1966 4320 2104 4385 lem,
2128 4330 2181 4372 et
2208 4320 2437 4373 alterum
2466 4320 2809 4373 iuvisibilem.
2843 4338 2860 4369 ι

2034 4390 2216 4443 Zetum
2245 4407 2345 4443 non
2378 4391 2578 4454 habere,
2622 4390 2865 4442 invidiam
2895 4404 2993 4442 non
3039 4385 3313 4459 πετραῖα]
3357 4388 3543 4444 Zelunt

1963 4462 2167 4516 scilicet
2196 4461 2570 4516 amaritudinis
2620 4462 2848 4528 malum,
2883 4461 2973 4529 qui
3018 4472 3231 4529 separat
3275 4476 3303 4513 a
3348 4461 3457 4514 Deo
3486 4469 3542 4514 et

1964 4534 2108 4587 ducit
2149 4534 2213 4587 ad
2258 4534 2555 4598 infernum,
2596 4533 2663 4587 de
2706 4547 2812 4601 quo
2858 4547 2977 4600 cap.
3014 4531 3101 4585 72.
3149 4533 3212 4583 lit
3253 4531 3544 4601 invidiam,

1966 4620 2057 4670 per
2102 4620 2259 4675 quam
2309 4619 2455 4658 mors
2502 4600 2812 4658 intravit’in
2860 4602 3043 4675 orbem
3095 4610 3376 4675 terrarum.
3423 4600 3541 4657 Vid.

1960 4672 2266 4797 6835.460“.
2311 4677 2404 4737 18,
2457 4690 2575 4744 cap.
2621 4675 2720 4739 l7;
2773 4683 2828 4729 et
2861 4674 3115 4742 Regulam
3166 4672 3225 4729 S.
3272 4674 3537 4740 Ferreoli,

1960 4762 2070 4797 can.
2108 4785 2119 4797 .
2145 4786 2159 4797 .

1954 4762 2070 4818 cap.
2105 4762 2159 4800 ιι.

2018 4814 2415 4872 ‘Cmitmtionem
2447 4834 2546 4871 non
2576 4815 2796 4889 (ιηιανε.]
2831 4834 2849 4866 ι
2880 4816 3184 4879 Contentio,
3216 4830 3279 4869 ex
3310 4814 3367 4869 S.
3394 4815 3541 4889 Basi-

1962 4891 2039 4944 lio
2066 4889 2274 4959 (Regni.
2305 4889 2439 4943 brev.
2469 4892 2647 4944 interr.
2680 4887 2792 4957 oo),
2822 4898 2931 4959 est,
2967 4889 3394 4959 quandocunque
3421 4887 3540 4956 quis

1964 4976 2030 5014 ne
2075 4958 2245 5015 altet'o
2290 4960 2511 5014 inferior
2556 4959 2818 5022 videatur,
2841 4958 3017 5012 fact-re
3037 4958 3236 5027 aliquid
3282 4959 3482 5011 studet.
3518 4974 3540 5010 ι

1964 5033 2113 5086 Hanc
2154 5034 2291 5085 idem
2343 5034 2400 5083 S.
2441 5031 2627 5085 doctor
2653 5040 2902 5099 tauquam
2926 5030 3304 5083 meditationem
3334 5038 3379 5083 et
3408 5028 3539 5081 viam

1964 5105 2031 5156 ad
2059 5104 2408 5167 rebellionem,
2439 5118 2469 5156 a
2512 5101 2851 5155 monaueriis
2880 5100 3152 5159 amandari
3196 5100 3370 5167 iubet;
3403 5100 3541 5155 unde

1964 5186 2015 5228 et
2049 5176 2099 5226 in
2130 5189 2301 5243 [)(BllfS
2328 5190 2448 5238 qua:
2478 5175 2577 5229 sub
2610 5170 2741 5243 ejus
2757 5172 2974 5231 nomine
3010 5181 3223 5227 exstant
3262 5172 3400 5226 inter
3427 5170 3540 5241 ejus

1964 5240 2210 5313 operati.
2237 5243 2300 5297 21
2338 5246 2532 5315 (Serm.
2560 5240 2686 5315 2d:
2714 5240 2889 5296 quit.
2914 5246 3105 5315 _mou.),
3138 5244 3239 5297 ista
3270 5240 3495 5296 habetur
3524 5256 3539 5293 :

1970 5333 1988 5366 ι
2020 5318 2075 5370 Si
2106 5315 2226 5384 quis
2250 5315 2317 5370 de
2350 5313 2643 5384 Scripturis
2686 5313 3025 5384 contentiose
3065 5314 3330 5384 disputat,
3359 5322 3539 5384 careat

1964 5382 2354 5442 benedtmioue.
2387 5404 2407 5438 ι
2442 5382 2508 5439 Et
2535 5387 2585 5439 in
2615 5385 2815 5452 Regula
2847 5387 2901 5439 S.
2938 5382 3207 5438 Pachomii
3238 5382 3381 5451 (Art.
3414 5382 3534 5452 118)

1965 5457 2120 5527 lego:
2156 5477 2171 5507 ι
2205 5458 2262 5513 Si
2314 5462 2559 5513 inventus
2601 5451 2757 5510 fuerit
2803 5468 2942 5510 unus
2969 5469 3001 5509 e
3044 5454 3298 5510 fratribus
3342 5451 3535 5527 aliquid

1965 5521 2059 5603 per
2099 5531 2515 5603 contentionem
2544 5542 2728 5603 agens,
2764 5528 2848 5581 vel
2894 5527 3271 5581 contradicens
3320 5521 3532 5603 majoris

1964 5596 2212 5665 imperio,
2247 5596 2607 5668 increpabitur
2631 5600 2780 5667 juxta
2811 5611 3114 5653 mensuram
3137 5596 3483 5668 pe_ccati__sui.
3514 5610 3532 5645 ι

1964 5672 2093 5737 Qua:
2128 5673 2345 5725 totidem
2380 5665 2553 5724 verbis
2578 5665 2789 5724 existant
2815 5670 2868 5723 in
2898 5668 3097 5736 Regula
3127 5665 3386 5737 Orientali
3416 5678 3530 5737 cap.

1964 5735 2030 5795 14
2062 5741 2233 5810 (Tom.
2264 5741 2288 5793 Ι
2323 5741 2371 5794 Μ
2384 5759 2467 5793 on.
2497 5738 2640 5794 Eccl.
2664 5739 2858 5803 Grata,
2889 5735 3008 5810 pag".
3036 5736 3348 5810 56l)._Q_uid
3376 5735 3531 5810 ergo!

1969 5830 1988 5863 ι
2018 5807 2076 5866 Si
2104 5816 2222 5880 quis
2250 5816 2457 5867 locutus
2489 5810 2646 5866 fuerit
2673 5814 2741 5865 de
2774 5807 3014 5880 qualibet
3041 5824 3127 5871 re,
3155 5808 3334 5880 aiebat
3372 5807 3530 5880 abbas

1964 5877 2188 5948 Matoes,
2213 5899 2278 5939 ne
2306 5884 2601 5939 contendas
2626 5896 2748 5939 cum
2773 5877 2840 5937 eo
2858 5897 2873 5910 θ
2903 5879 2999 5938 sed
3027 5880 3070 5935 si
3104 5886 3247 5933 recte
3286 5877 3532 5944 disserit,
