  <div class='ocr_page' id='page_1' title='image "/cluster/home/n/w/nwhite01/storage/ocr_20150623/66/hvd.32044015469323/183.png"; bbox 0 0 4074 6356; ppageno 0'>
   <div class='ocr_carea' id='block_1_1' title="bbox 574 353 2154 412">
    <p class='ocr_par' dir='ltr' id='par_1_1' title="bbox 574 353 2154 412">
     <span class='ocr_line' id='line_1_1' title="bbox 574 353 2154 412; baseline 0 -1"><span class='ocrx_word' id='word_1_1' title='bbox 574 357 670 412; x_wconf 66' lang='grc'><strong>581</strong></span> <span class='ocrx_word' id='word_1_2' title='bbox 1923 354 1982 408; x_wconf 72' lang='grc'><strong>5.</strong></span> <span class='ocrx_word' id='word_1_3' title='bbox 2025 353 2082 408; x_wconf 85' lang='grc' dir='ltr'>Ρ.</span> <span class='ocrx_word' id='word_1_4' title='bbox 2130 355 2154 411; x_wconf 75' lang='grc' dir='ltr'><strong>Ε</strong></span> 
     </span>
    </p>
   </div>
   <div class='ocr_carea' id='block_1_2' title="bbox 2265 353 3906 412">
    <p class='ocr_par' dir='ltr' id='par_1_2' title="bbox 2265 353 3906 410">
     <span class='ocr_line' id='line_1_2' title="bbox 2265 353 3906 410; baseline -0.001 -2"><span class='ocrx_word' id='word_1_5' title='bbox 2265 354 2484 410; x_wconf 82' lang='lat' dir='ltr'><strong>EDICTI</strong></span> <span class='ocrx_word' id='word_1_6' title='bbox 3783 353 3906 406; x_wconf 65' lang='grc' dir='ltr'><strong>τιδέ</strong></span> 
     </span>
    </p>
   </div>
   <div class='ocr_carea' id='block_1_3' title="bbox 572 465 3900 537">
    <p class='ocr_par' dir='ltr' id='par_1_3' title="bbox 572 465 3900 537">
     <span class='ocr_line' id='line_1_3' title="bbox 572 465 3900 537; baseline -0.002 -12"><span class='ocrx_word' id='word_1_7' title='bbox 572 485 696 532; x_wconf 82' lang='lat' dir='ltr'><strong>esse</strong></span> <span class='ocrx_word' id='word_1_8' title='bbox 726 477 954 537; x_wconf 75' lang='lat' dir='ltr'><strong>nequeat</strong></span> <span class='ocrx_word' id='word_1_9' title='bbox 986 486 996 520; x_wconf 94' lang='lat'>:</span> <span class='ocrx_word' id='word_1_10' title='bbox 1029 482 1147 520; x_wconf 87' lang='lat' dir='ltr'><strong>nam</strong></span> <span class='ocrx_word' id='word_1_11' title='bbox 1182 467 1269 522; x_wconf 86' lang='lat' dir='ltr'><strong>tibi</strong></span> <span class='ocrx_word' id='word_1_12' title='bbox 1289 465 1592 522; x_wconf 88' lang='lat' dir='ltr'><strong>obedientia</strong></span> <span class='ocrx_word' id='word_1_13' title='bbox 1619 475 1732 532; x_wconf 68' lang='lat' dir='ltr'><strong>est,</strong></span> <span class='ocrx_word' id='word_1_14' title='bbox 1764 466 1834 520; x_wconf 99' lang='lat' dir='ltr'><strong>ibi</strong></span> <span class='ocrx_word' id='word_1_15' title='bbox 1865 475 1947 519; x_wconf 88' lang='lat' dir='ltr'><strong>est</strong></span> <span class='ocrx_word' id='word_1_16' title='bbox 1975 466 2147 537; x_wconf 82' lang='lat' dir='ltr'><strong>littmi-</strong></span> <span class='ocrx_word' id='word_1_17' title='bbox 2177 469 2230 528; x_wconf 78' lang='grc' dir='ltr'>Α</span> <span class='ocrx_word' id='word_1_18' title='bbox 2329 466 2402 520; x_wconf 77' lang='lat' dir='ltr'><strong>Ac</strong></span> <span class='ocrx_word' id='word_1_19' title='bbox 2439 469 2482 520; x_wconf 90' lang='lat' dir='ltr'><strong>si</strong></span> <span class='ocrx_word' id='word_1_20' title='bbox 2519 467 2766 537; x_wconf 79' lang='lat' dir='ltr'><strong>divinitus</strong></span> <span class='ocrx_word' id='word_1_21' title='bbox 2817 465 3115 537; x_wconf 54' lang='lat' dir='ltr'><strong>imperetur,</strong></span> <span class='ocrx_word' id='word_1_22' title='bbox 3139 479 3354 537; x_wconf 51' lang='lat' dir='ltr'><strong>inomni.</strong></span> <span class='ocrx_word' id='word_1_23' title='bbox 3381 465 3488 534; x_wconf 80' lang='lat' dir='ltr'><strong>pati</strong></span> <span class='ocrx_word' id='word_1_24' title='bbox 3537 476 3800 518; x_wconf 70' lang='lat' dir='ltr'><strong>nesciunt</strong></span> <span class='ocrx_word' id='word_1_25' title='bbox 3840 471 3900 520; x_wconf 79' lang='lat' dir='ltr'><strong>in</strong></span> 
     </span>
    </p>
   </div>
   <div class='ocr_carea' id='block_1_4' title="bbox 572 533 3899 608">
    <p class='ocr_par' dir='ltr' id='par_1_4' title="bbox 572 533 3899 608">
     <span class='ocr_line' id='line_1_4' title="bbox 572 533 3899 608; baseline -0.002 -13"><span class='ocrx_word' id='word_1_26' title='bbox 572 541 697 595; x_wconf 86' lang='lat' dir='ltr'><strong>litas</strong></span> <span class='ocrx_word' id='word_1_27' title='bbox 737 533 1075 596; x_wconf 53' lang='lat' dir='ltr'><strong>et&#39;charitas.</strong></span> <span class='ocrx_word' id='word_1_28' title='bbox 1111 558 1128 586; x_wconf 73' lang='grc' dir='ltr'><strong>ι</strong></span> <span class='ocrx_word' id='word_1_29' title='bbox 1164 537 1229 591; x_wconf 85' lang='grc' dir='ltr'>Ει.</span> <span class='ocrx_word' id='word_1_30' title='bbox 1278 537 1375 591; x_wconf 91' lang='lat' dir='ltr'><strong>hoc</strong></span> <span class='ocrx_word' id='word_1_31' title='bbox 1416 551 1575 608; x_wconf 88' lang='lat' dir='ltr'><strong>sensu</strong></span> <span class='ocrx_word' id='word_1_32' title='bbox 1620 539 1812 608; x_wconf 80' lang='lat' dir='ltr'><strong>primus</strong></span> <span class='ocrx_word' id='word_1_33' title='bbox 1845 536 2151 590; x_wconf 82' lang='lat' dir='ltr'><strong>humilitatis</strong></span> <span class='ocrx_word' id='word_1_34' title='bbox 2193 583 2204 591; x_wconf 82' lang='lat'><strong>.</strong></span> <span class='ocrx_word' id='word_1_35' title='bbox 2258 537 2545 608; x_wconf 77' lang='lat' dir='ltr'><strong>faciendo.]</strong></span> <span class='ocrx_word' id='word_1_36' title='bbox 2577 536 2657 594; x_wconf 80' lang='lat' dir='ltr'><strong>Ad</strong></span> <span class='ocrx_word' id='word_1_37' title='bbox 2686 537 2855 591; x_wconf 88' lang='lat' dir='ltr'><strong>instar</strong></span> <span class='ocrx_word' id='word_1_38' title='bbox 2889 533 3262 608; x_wconf 60' lang='lat' dir='ltr'><strong>Egyptiorum</strong></span> <span class='ocrx_word' id='word_1_39' title='bbox 3304 533 3899 608; x_wconf 70' lang='lat' dir='ltr'><strong>Tabennensiquue</strong></span> 
     </span>
    </p>
   </div>
   <div class='ocr_carea' id='block_1_5' title="bbox 572 603 3892 678">
    <p class='ocr_par' dir='ltr' id='par_1_5' title="bbox 572 603 3892 678">
     <span class='ocr_line' id='line_1_5' title="bbox 572 603 3892 678; baseline -0.001 -14"><span class='ocrx_word' id='word_1_40' title='bbox 572 614 758 678; x_wconf 83' lang='lat' dir='ltr'><strong>gradus</strong></span> <span class='ocrx_word' id='word_1_41' title='bbox 782 609 920 663; x_wconf 87' lang='lat' dir='ltr'><strong>idem</strong></span> <span class='ocrx_word' id='word_1_42' title='bbox 945 618 1101 664; x_wconf 86' lang='lat' dir='ltr'><strong>sonat</strong></span> <span class='ocrx_word' id='word_1_43' title='bbox 1120 619 1277 677; x_wconf 91' lang='lat' dir='ltr'><strong>atque</strong></span> <span class='ocrx_word' id='word_1_44' title='bbox 1298 624 1424 661; x_wconf 83' lang='lat' dir='ltr'><strong>unus</strong></span> <span class='ocrx_word' id='word_1_45' title='bbox 1446 603 1747 662; x_wconf 71' lang='lat' dir='ltr'><strong>obedie&#39;ntite</strong></span> <span class='ocrx_word' id='word_1_46' title='bbox 1767 609 1996 678; x_wconf 78' lang='lat' dir='ltr'><strong>gradus;</strong></span> <span class='ocrx_word' id='word_1_47' title='bbox 2027 622 2148 676; x_wconf 72' lang='lat' dir='ltr'><strong>qua:</strong></span> <span class='ocrx_word' id='word_1_48' title='bbox 2259 603 2670 673; x_wconf 80' lang='lat' dir='ltr'><strong>monachorum,</strong></span> <span class='ocrx_word' id='word_1_49' title='bbox 2725 609 2793 662; x_wconf 93' lang='lat' dir='ltr'><strong>de</strong></span> <span class='ocrx_word' id='word_1_50' title='bbox 2818 603 3012 677; x_wconf 77' lang='lat' dir='ltr'><strong>quibus</strong></span> <span class='ocrx_word' id='word_1_51' title='bbox 3047 604 3333 678; x_wconf 81' lang='lat' dir='ltr'><strong>Cassianus</strong></span> <span class='ocrx_word' id='word_1_52' title='bbox 3366 605 3504 671; x_wconf 83' lang='lat' dir='ltr'><strong>(Lib.</strong></span> <span class='ocrx_word' id='word_1_53' title='bbox 3550 623 3605 662; x_wconf 84' lang='lat' dir='ltr'><strong>tv</strong></span> <span class='ocrx_word' id='word_1_54' title='bbox 3647 603 3892 672; x_wconf 54' lang='lat' dir='ltr'><strong>Iunia,</strong></span> 
     </span>
    </p>
   </div>
   <div class='ocr_carea' id='block_1_6' title="bbox 571 677 3892 751">
    <p class='ocr_par' dir='ltr' id='par_1_6' title="bbox 571 677 3892 751">
     <span class='ocr_line' id='line_1_6' title="bbox 571 677 3892 751; baseline -0.001 -14"><span class='ocrx_word' id='word_1_55' title='bbox 571 677 838 748; x_wconf 77' lang='lat' dir='ltr'><strong>espositio</strong></span> <span class='ocrx_word' id='word_1_56' title='bbox 866 681 1077 734; x_wconf 90' lang='lat' dir='ltr'><strong>videtur</strong></span> <span class='ocrx_word' id='word_1_57' title='bbox 1103 679 1475 751; x_wconf 86' lang='lat' dir='ltr'><strong>antiquissima</strong></span> <span class='ocrx_word' id='word_1_58' title='bbox 1503 721 1516 744; x_wconf 96' lang='lat'><strong>,</strong></span> <span class='ocrx_word' id='word_1_59' title='bbox 1556 688 1786 734; x_wconf 88' lang='lat' dir='ltr'><strong>testante</strong></span> <span class='ocrx_word' id='word_1_60' title='bbox 1807 677 2148 751; x_wconf 83' lang='lat' dir='ltr'><strong>Hildemaro,</strong></span> <span class='ocrx_word' id='word_1_61' title='bbox 2257 696 2304 733; x_wconf 90' lang='lat' dir='ltr'><strong>c.</strong></span> <span class='ocrx_word' id='word_1_62' title='bbox 2342 681 2430 751; x_wconf 81' lang='grc'><strong>10)</strong></span> <span class='ocrx_word' id='word_1_63' title='bbox 2462 699 2474 735; x_wconf 87' lang='lat'>:</span> <span class='ocrx_word' id='word_1_64' title='bbox 2511 699 2528 731; x_wconf 86' lang='grc' dir='ltr'><strong>ι</strong></span> <span class='ocrx_word' id='word_1_65' title='bbox 2569 679 2659 734; x_wconf 85' lang='lat' dir='ltr'><strong>Sic</strong></span> <span class='ocrx_word' id='word_1_66' title='bbox 2688 681 2936 734; x_wconf 86' lang='lat' dir='ltr'><strong>universa</strong></span> <span class='ocrx_word' id='word_1_67' title='bbox 2960 677 3241 751; x_wconf 58' lang='lat' dir='ltr'><strong>complere</strong></span> <span class='ocrx_word' id='word_1_68' title='bbox 3269 691 3606 751; x_wconf 67' lang='lat' dir='ltr'><strong>quaecunque</strong></span> <span class='ocrx_word' id='word_1_69' title='bbox 3651 679 3892 734; x_wconf 78' lang='lat' dir='ltr'><strong>fuerint</strong></span> 
     </span>
    </p>
   </div>
   <div class='ocr_carea' id='block_1_7' title="bbox 574 747 3886 821">
    <p class='ocr_par' dir='ltr' id='par_1_7' title="bbox 574 747 3886 821">
     <span class='ocr_line' id='line_1_7' title="bbox 574 747 3886 821; baseline -0 -16"><span class='ocrx_word' id='word_1_70' title='bbox 574 747 797 821; x_wconf 84' lang='lat' dir='ltr'><strong>primunt</strong></span> <span class='ocrx_word' id='word_1_71' title='bbox 832 752 915 806; x_wconf 92' lang='lat' dir='ltr'><strong>hic</strong></span> <span class='ocrx_word' id='word_1_72' title='bbox 951 767 1047 821; x_wconf 90' lang='lat' dir='ltr'><strong>pro</strong></span> <span class='ocrx_word' id='word_1_73' title='bbox 1075 754 1204 814; x_wconf 85' lang='lat' dir='ltr'><strong>so’o,</strong></span> <span class='ocrx_word' id='word_1_74' title='bbox 1234 749 1525 804; x_wconf 85' lang='lat' dir='ltr'><strong>secundum</strong></span> <span class='ocrx_word' id='word_1_75' title='bbox 1551 750 1907 821; x_wconf 88' lang='lat' dir='ltr'><strong>quorumdam</strong></span> <span class='ocrx_word' id='word_1_76' title='bbox 1938 759 2154 805; x_wconf 84' lang='lat' dir='ltr'><strong>senten-</strong></span> <span class='ocrx_word' id='word_1_77' title='bbox 2258 752 2326 804; x_wconf 90' lang='lat' dir='ltr'><strong>ab</strong></span> <span class='ocrx_word' id='word_1_78' title='bbox 2355 747 2421 805; x_wconf 84' lang='lat' dir='ltr'><strong>eo</strong></span> <span class='ocrx_word' id='word_1_79' title='bbox 2447 759 2733 820; x_wconf 72' lang='lat' dir='ltr'><strong>praicepta,</strong></span> <span class='ocrx_word' id='word_1_80' title='bbox 2759 761 3009 821; x_wconf 83' lang='lat' dir='ltr'><strong>tanquam</strong></span> <span class='ocrx_word' id='word_1_81' title='bbox 3038 749 3083 802; x_wconf 89' lang='lat' dir='ltr'><strong><em>si</em></strong></span> <span class='ocrx_word' id='word_1_82' title='bbox 3111 763 3141 801; x_wconf 86' lang='lat' dir='ltr'><strong>a</strong></span> <span class='ocrx_word' id='word_1_83' title='bbox 3172 747 3284 802; x_wconf 90' lang='lat' dir='ltr'><strong>Deo</strong></span> <span class='ocrx_word' id='word_1_84' title='bbox 3308 751 3415 802; x_wconf 88' lang='lat' dir='ltr'><strong>sint</strong></span> <span class='ocrx_word' id='word_1_85' title='bbox 3435 750 3656 804; x_wconf 73' lang='lat' dir='ltr'><strong>ctelitus</strong></span> <span class='ocrx_word' id='word_1_86' title='bbox 3689 751 3886 814; x_wconf 83' lang='lat' dir='ltr'><strong>edita,</strong></span> 
     </span>
    </p>
   </div>
   <div class='ocr_carea' id='block_1_8' title="bbox 573 819 3884 888">
    <p class='ocr_par' dir='ltr' id='par_1_8' title="bbox 573 819 3884 888">
     <span class='ocr_line' id='line_1_8' title="bbox 573 819 3884 888; baseline -0.002 -11"><span class='ocrx_word' id='word_1_87' title='bbox 573 819 722 886; x_wconf 81' lang='lat' dir='ltr'><strong>tiam,</strong></span> <span class='ocrx_word' id='word_1_88' title='bbox 749 823 936 888; x_wconf 83' lang='lat' dir='ltr'><strong>accipi.</strong></span> <span class='ocrx_word' id='word_1_89' title='bbox 955 819 1032 876; x_wconf 81' lang='lat' dir='ltr'><strong>Et</strong></span> <span class='ocrx_word' id='word_1_90' title='bbox 1060 837 1187 875; x_wconf 90' lang='lat' dir='ltr'><strong>sane</strong></span> <span class='ocrx_word' id='word_1_91' title='bbox 1216 821 1507 876; x_wconf 88' lang='lat' dir='ltr'><strong>secundum</strong></span> <span class='ocrx_word' id='word_1_92' title='bbox 1527 819 1810 876; x_wconf 85' lang='lat' dir='ltr'><strong>tertiumve</strong></span> <span class='ocrx_word' id='word_1_93' title='bbox 1834 821 2153 876; x_wconf 72' lang='lat' dir='ltr'><strong>obedientite</strong></span> <span class='ocrx_word' id='word_1_94' title='bbox 2258 821 2374 876; x_wconf 88' lang='lat' dir='ltr'><strong>sine</strong></span> <span class='ocrx_word' id='word_1_95' title='bbox 2399 823 2501 876; x_wconf 91' lang='lat' dir='ltr'><strong>ulla</strong></span> <span class='ocrx_word' id='word_1_96' title='bbox 2523 819 2854 876; x_wconf 84' lang='lat' dir='ltr'><strong>discussione</strong></span> <span class='ocrx_word' id='word_1_97' title='bbox 2879 819 3150 885; x_wconf 75' lang='lat' dir='ltr'><strong>festinant,</strong></span> <span class='ocrx_word' id='word_1_98' title='bbox 3181 828 3239 872; x_wconf 89' lang='lat' dir='ltr'><strong>ut</strong></span> <span class='ocrx_word' id='word_1_99' title='bbox 3266 835 3654 887; x_wconf 83' lang='lat' dir='ltr'><strong>nonnunquam</strong></span> <span class='ocrx_word' id='word_1_100' title='bbox 3693 824 3884 874; x_wconf 78' lang='lat' dir='ltr'><strong>etiam</strong></span> 
     </span>
    </p>
   </div>
   <div class='ocr_carea' id='block_1_9' title="bbox 618 891 3886 964">
    <p class='ocr_par' dir='ltr' id='par_1_9' title="bbox 618 891 3886 964">
     <span class='ocr_line' id='line_1_9' title="bbox 618 891 3886 964; baseline -0.001 -18"><span class='ocrx_word' id='word_1_101' title='bbox 618 895 802 949; x_wconf 90' lang='lat' dir='ltr'><strong>radum</strong></span> <span class='ocrx_word' id='word_1_102' title='bbox 835 893 1083 959; x_wconf 84' lang='lat' dir='ltr'><strong>deinceps</strong></span> <span class='ocrx_word' id='word_1_103' title='bbox 1119 892 1179 964; x_wconf 10' lang='lat' dir='ltr'><strong>Si.</strong></span> <span class='ocrx_word' id='word_1_104' title='bbox 1213 891 1370 964; x_wconf 81' lang='lat' dir='ltr'><strong>Pater</strong></span> <span class='ocrx_word' id='word_1_105' title='bbox 1405 906 1510 964; x_wconf 87' lang='lat' dir='ltr'><strong>non</strong></span> <span class='ocrx_word' id='word_1_106' title='bbox 1543 895 1810 964; x_wconf 77' lang='lat' dir='ltr'><strong>assignat;</strong></span> <span class='ocrx_word' id='word_1_107' title='bbox 1843 891 1946 964; x_wconf 12' lang='lat' dir='ltr'><strong>sed;</strong></span> <span class='ocrx_word' id='word_1_108' title='bbox 1980 907 2153 964; x_wconf 89' lang='lat' dir='ltr'><strong>neque</strong></span> <span class='ocrx_word' id='word_1_109' title='bbox 2258 891 2614 964; x_wconf 80' lang='lat' dir='ltr'><strong>impossibilia</strong></span> <span class='ocrx_word' id='word_1_110' title='bbox 2660 892 2876 947; x_wconf 84' lang='lat' dir='ltr'><strong>sibimet</strong></span> <span class='ocrx_word' id='word_1_111' title='bbox 2921 891 3179 959; x_wconf 87' lang='lat' dir='ltr'><strong>imperata</strong></span> <span class='ocrx_word' id='word_1_112' title='bbox 3211 905 3278 964; x_wconf 83' lang='lat' dir='ltr'><strong>ea</strong></span> <span class='ocrx_word' id='word_1_113' title='bbox 3304 891 3406 945; x_wconf 86' lang='lat' dir='ltr'><strong>fide</strong></span> <span class='ocrx_word' id='word_1_114' title='bbox 3442 905 3506 964; x_wconf 81' lang='lat' dir='ltr'><strong>ac</strong></span> <span class='ocrx_word' id='word_1_115' title='bbox 3554 891 3886 964; x_wconf 62' lang='lat' dir='ltr'><strong>devotione</strong></span> 
     </span>
    </p>
   </div>
   <div class='ocr_carea' id='block_1_10' title="bbox 577 908 3880 1036">
    <p class='ocr_par' dir='ltr' id='par_1_10' title="bbox 577 908 3880 1036">
     <span class='ocr_line' id='line_1_10' title="bbox 618 908 3880 964; baseline -0.001 -18"><span class='ocrx_word' id='word_1_116' title='bbox 618 908 802 949; x_wconf 86' lang='lat' dir='ltr'><strong>raaum</strong></span> <span class='ocrx_word' id='word_1_117' title='bbox 835 908 1083 959; x_wconf 89' lang='lat' dir='ltr'><strong>aemceps</strong></span> <span class='ocrx_word' id='word_1_118' title='bbox 1119 908 1179 946; x_wconf 71' lang='grc' dir='ltr'><strong>δ.</strong></span> <span class='ocrx_word' id='word_1_119' title='bbox 1213 908 1370 945; x_wconf 77' lang='lat' dir='ltr'><strong>rater</strong></span> <span class='ocrx_word' id='word_1_120' title='bbox 1405 908 1510 948; x_wconf 90' lang='lat' dir='ltr'><strong>non</strong></span> <span class='ocrx_word' id='word_1_121' title='bbox 1543 908 1810 964; x_wconf 81' lang='lat' dir='ltr'><strong>assignat;</strong></span> <span class='ocrx_word' id='word_1_122' title='bbox 1843 908 1934 946; x_wconf 88' lang='lat' dir='ltr'><strong>sea</strong></span> <span class='ocrx_word' id='word_1_123' title='bbox 1980 908 2153 961; x_wconf 91' lang='lat' dir='ltr'><strong>neque</strong></span> <span class='ocrx_word' id='word_1_124' title='bbox 2258 908 2614 960; x_wconf 88' lang='lat' dir='ltr'><strong>tmposstmtta</strong></span> <span class='ocrx_word' id='word_1_125' title='bbox 2660 908 2876 947; x_wconf 88' lang='lat' dir='ltr'><strong>stmmet</strong></span> <span class='ocrx_word' id='word_1_126' title='bbox 2921 908 3179 959; x_wconf 85' lang='lat' dir='ltr'><strong>imperata</strong></span> <span class='ocrx_word' id='word_1_127' title='bbox 3211 908 3273 943; x_wconf 89' lang='lat' dir='ltr'><strong>ea</strong></span> <span class='ocrx_word' id='word_1_128' title='bbox 3304 908 3406 945; x_wconf 88' lang='lat' dir='ltr'><strong>ttae</strong></span> <span class='ocrx_word' id='word_1_129' title='bbox 3442 908 3506 944; x_wconf 87' lang='lat' dir='ltr'><strong>ac</strong></span> <span class='ocrx_word' id='word_1_130' title='bbox 3554 908 3880 945; x_wconf 75' lang='lat' dir='ltr'><strong>uevouone</strong></span> 
     </span>
     <span class='ocr_line' id='line_1_11' title="bbox 577 908 3880 1036; baseline -0.002 -17"><span class='ocrx_word' id='word_1_131' title='bbox 577 908 676 1019; x_wconf 61' lang='grc' dir='ltr'><strong>ξε.</strong></span> <span class='ocrx_word' id='word_1_132' title='bbox 710 964 895 1018; x_wconf 81' lang='lat' dir='ltr'><strong>Patres</strong></span> <span class='ocrx_word' id='word_1_133' title='bbox 930 965 1080 1036; x_wconf 75' lang='lat'><strong>171</strong></span> <span class='ocrx_word' id='word_1_134' title='bbox 1120 963 1277 1030; x_wconf 89' lang='lat' dir='ltr'><strong>aliam</strong></span> <span class='ocrx_word' id='word_1_135' title='bbox 1309 963 1587 1018; x_wconf 84' lang='lat' dir='ltr'><strong>admisisse</strong></span> <span class='ocrx_word' id='word_1_136' title='bbox 1625 963 1870 1036; x_wconf 79' lang='lat' dir='ltr'><strong>videntur</strong></span> <span class='ocrx_word' id='word_1_137' title='bbox 1899 962 2154 1036; x_wconf 89' lang='lat' dir='ltr'><strong>obedien-</strong></span> <span class='ocrx_word' id='word_1_138' title='bbox 2257 963 2586 1033; x_wconf 86' lang='lat' dir='ltr'><strong>suscipiant,</strong></span> <span class='ocrx_word' id='word_1_139' title='bbox 2629 975 2685 1036; x_wconf 72' lang='lat' dir='ltr'><strong>tit</strong></span> <span class='ocrx_word' id='word_1_140' title='bbox 2734 972 2841 1018; x_wconf 86' lang='lat' dir='ltr'><strong>Ima</strong></span> <span class='ocrx_word' id='word_1_141' title='bbox 2889 963 3116 1024; x_wconf 88' lang='lat' dir='ltr'><strong>virtute.</strong></span> <span class='ocrx_word' id='word_1_142' title='bbox 3147 971 3201 1016; x_wconf 88' lang='lat' dir='ltr'><strong>et</strong></span> <span class='ocrx_word' id='word_1_143' title='bbox 3237 961 3354 1015; x_wconf 84' lang='lat' dir='ltr'><strong>sine</strong></span> <span class='ocrx_word' id='word_1_144' title='bbox 3390 961 3496 1036; x_wconf 83' lang='lat' dir='ltr'><strong>ulla</strong></span> <span class='ocrx_word' id='word_1_145' title='bbox 3525 961 3728 1015; x_wconf 76' lang='lat' dir='ltr'><strong>tardis</strong></span> <span class='ocrx_word' id='word_1_146' title='bbox 3759 961 3880 1036; x_wconf 57' lang='lat' dir='ltr'><strong>hie—</strong></span> 
     </span>
    </p>
   </div>
   <div class='ocr_carea' id='block_1_11' title="bbox 575 1031 3878 1104">
    <p class='ocr_par' dir='ltr' id='par_1_11' title="bbox 575 1031 3878 1104">
     <span class='ocr_line' id='line_1_12' title="bbox 575 1031 3878 1104; baseline -0.001 -16"><span class='ocrx_word' id='word_1_147' title='bbox 575 1035 735 1100; x_wconf 88' lang='lat' dir='ltr'><strong>tiam,</strong></span> <span class='ocrx_word' id='word_1_148' title='bbox 767 1031 1100 1104; x_wconf 62' lang='lat' dir='ltr'><strong>praeteFéaTn</strong></span> <span class='ocrx_word' id='word_1_149' title='bbox 1125 1049 1243 1100; x_wconf 68' lang='lat' dir='ltr'><strong>quae</strong></span> <span class='ocrx_word' id='word_1_150' title='bbox 1275 1049 1438 1090; x_wconf 73' lang='lat' dir='ltr'><strong>morte</strong></span> <span class='ocrx_word' id='word_1_151' title='bbox 1478 1042 1623 1088; x_wconf 61' lang='lat' dir='ltr'><strong>esset</strong></span> <span class='ocrx_word' id='word_1_152' title='bbox 1662 1034 1973 1102; x_wconf 86' lang='lat' dir='ltr'><strong>impatiens;</strong></span> <span class='ocrx_word' id='word_1_153' title='bbox 2012 1034 2152 1088; x_wconf 82' lang='lat' dir='ltr'><strong>unde</strong></span> <span class='ocrx_word' id='word_1_154' title='bbox 2256 1031 2509 1089; x_wconf 82' lang='lat' dir='ltr'><strong>sitatione</strong></span> <span class='ocrx_word' id='word_1_155' title='bbox 2535 1034 2792 1102; x_wconf 86' lang='lat' dir='ltr'><strong>perlicere</strong></span> <span class='ocrx_word' id='word_1_156' title='bbox 2812 1034 3690 1104; x_wconf 76' lang='lat' dir='ltr'><strong>ea,autconsummarenitantur.</strong></span> <span class='ocrx_word' id='word_1_157' title='bbox 3732 1052 3754 1082; x_wconf 78' lang='grc' dir='ltr'><strong>ι</strong></span> <span class='ocrx_word' id='word_1_158' title='bbox 3789 1031 3878 1086; x_wconf 81' lang='lat' dir='ltr'><strong>Ex</strong></span> 
     </span>
    </p>
   </div>
   <div class='ocr_carea' id='block_1_12' title="bbox 575 1102 3882 1174">
    <p class='ocr_par' dir='ltr' id='par_1_12' title="bbox 575 1102 3882 1174">
     <span class='ocr_line' id='line_1_13' title="bbox 575 1102 3882 1174; baseline -0.001 -15"><span class='ocrx_word' id='word_1_159' title='bbox 575 1115 630 1159; x_wconf 90' lang='lat' dir='ltr'><strong>et</strong></span> <span class='ocrx_word' id='word_1_160' title='bbox 687 1102 802 1160; x_wconf 87' lang='lat' dir='ltr'><strong>eam</strong></span> <span class='ocrx_word' id='word_1_161' title='bbox 865 1103 1185 1174; x_wconf 76' lang='lat' dir='ltr'><strong>definierunt</strong></span> <span class='ocrx_word' id='word_1_162' title='bbox 1243 1105 1625 1170; x_wconf 78' lang='lat' dir='ltr'><strong>persuasionem</strong></span> <span class='ocrx_word' id='word_1_163' title='bbox 1683 1105 1791 1157; x_wconf 83' lang='lat' dir='ltr'><strong>sine</strong></span> <span class='ocrx_word' id='word_1_164' title='bbox 1841 1104 2153 1158; x_wconf 75' lang='lat' dir='ltr'><strong>discussione</strong></span> <span class='ocrx_word' id='word_1_165' title='bbox 2261 1104 2461 1174; x_wconf 75' lang='lat' dir='ltr'><strong>[tegula</strong></span> <span class='ocrx_word' id='word_1_166' title='bbox 2491 1107 2654 1160; x_wconf 88' lang='lat' dir='ltr'><strong>etiam</strong></span> <span class='ocrx_word' id='word_1_167' title='bbox 2688 1104 2782 1159; x_wconf 72' lang='lat' dir='ltr'><strong>SS.</strong></span> <span class='ocrx_word' id='word_1_168' title='bbox 2814 1102 3144 1170; x_wconf 79' lang='lat' dir='ltr'><strong>Serapioois,</strong></span> <span class='ocrx_word' id='word_1_169' title='bbox 3175 1102 3407 1166; x_wconf 80' lang='lat' dir='ltr'><strong>Macarii,</strong></span> <span class='ocrx_word' id='word_1_170' title='bbox 3449 1102 3784 1174; x_wconf 80' lang='lat' dir='ltr'><strong>Paphnutii,</strong></span> <span class='ocrx_word' id='word_1_171' title='bbox 3819 1114 3882 1157; x_wconf 75' lang='lat' dir='ltr'><strong>es</strong></span> 
     </span>
    </p>
   </div>
   <div class='ocr_carea' id='block_1_13' title="bbox 580 1173 2150 1246">
    <p class='ocr_par' dir='ltr' id='par_1_13' title="bbox 580 1173 2150 1246">
     <span class='ocr_line' id='line_1_14' title="bbox 580 1173 2150 1246; baseline 0 -17"><span class='ocrx_word' id='word_1_172' title='bbox 580 1174 667 1246; x_wconf 88' lang='lat' dir='ltr'><strong>(S.</strong></span> <span class='ocrx_word' id='word_1_173' title='bbox 699 1176 956 1239; x_wconf 58' lang='lat' dir='ltr'><strong>Antiocln,</strong></span> <span class='ocrx_word' id='word_1_174' title='bbox 994 1173 1172 1228; x_wconf 74' lang='lat' dir='ltr'><strong>Itbmi’l.</strong></span> <span class='ocrx_word' id='word_1_175' title='bbox 1198 1174 1312 1245; x_wconf 81' lang='lat'><strong>59),</strong></span> <span class='ocrx_word' id='word_1_176' title='bbox 1343 1190 1599 1244; x_wconf 90' lang='lat' dir='ltr'><strong>reumque</strong></span> <span class='ocrx_word' id='word_1_177' title='bbox 1629 1174 2003 1229; x_wconf 74' lang='lat' dir='ltr'><strong>inobedientite</strong></span> <span class='ocrx_word' id='word_1_178' title='bbox 2033 1190 2150 1229; x_wconf 79' lang='lat' dir='ltr'><strong>cen-</strong></span> 
     </span>
    </p>
   </div>
   <div class='ocr_carea' id='block_1_14' title="bbox 573 1246 2150 1314">
    <p class='ocr_par' dir='ltr' id='par_1_14' title="bbox 573 1246 2150 1314">
     <span class='ocr_line' id='line_1_15' title="bbox 573 1246 2150 1314; baseline -0.001 -14"><span class='ocrx_word' id='word_1_179' title='bbox 573 1256 792 1300; x_wconf 87' lang='lat' dir='ltr'><strong>suerunt</strong></span> <span class='ocrx_word' id='word_1_180' title='bbox 819 1262 939 1300; x_wconf 89' lang='lat' dir='ltr'><strong>eum</strong></span> <span class='ocrx_word' id='word_1_181' title='bbox 969 1246 1058 1314; x_wconf 82' lang='grc' dir='ltr'>ιιιιί</span> <span class='ocrx_word' id='word_1_182' title='bbox 1088 1247 1170 1300; x_wconf 85' lang='lat' dir='ltr'><strong>vel</strong></span> <span class='ocrx_word' id='word_1_183' title='bbox 1203 1247 1473 1302; x_wconf 77' lang='lat' dir='ltr'><strong>minimam</strong></span> <span class='ocrx_word' id='word_1_184' title='bbox 1515 1247 1564 1298; x_wconf 78' lang='grc' dir='ltr'><strong>ιιι</strong></span> <span class='ocrx_word' id='word_1_185' title='bbox 1605 1246 1954 1313; x_wconf 50' lang='lat' dir='ltr'><strong>exsequendo</strong></span> <span class='ocrx_word' id='word_1_186' title='bbox 1999 1259 2150 1298; x_wconf 85' lang='lat' dir='ltr'><strong>man-</strong></span> 
     </span>
    </p>
   </div>
   <div class='ocr_carea' id='block_1_15' title="bbox 573 1315 2156 1384">
    <p class='ocr_par' dir='ltr' id='par_1_15' title="bbox 573 1315 2156 1384">
     <span class='ocr_line' id='line_1_16' title="bbox 573 1315 2156 1384; baseline -0.001 -14"><span class='ocrx_word' id='word_1_187' title='bbox 573 1317 702 1371; x_wconf 86' lang='lat' dir='ltr'><strong>dato</strong></span> <span class='ocrx_word' id='word_1_188' title='bbox 741 1332 944 1370; x_wconf 88' lang='lat' dir='ltr'><strong>moram</strong></span> <span class='ocrx_word' id='word_1_189' title='bbox 979 1318 1178 1372; x_wconf 79' lang='lat' dir='ltr'><strong>laceret</strong></span> <span class='ocrx_word' id='word_1_190' title='bbox 1211 1333 1222 1368; x_wconf 90' lang='lat'>:</span> <span class='ocrx_word' id='word_1_191' title='bbox 1257 1334 1274 1367; x_wconf 83' lang='grc' dir='ltr'><strong>ι</strong></span> <span class='ocrx_word' id='word_1_192' title='bbox 1311 1317 1368 1369; x_wconf 77' lang='lat' dir='ltr'><strong>Si</strong></span> <span class='ocrx_word' id='word_1_193' title='bbox 1396 1317 1513 1379; x_wconf 90' lang='lat' dir='ltr'><strong>quis</strong></span> <span class='ocrx_word' id='word_1_194' title='bbox 1538 1358 1552 1382; x_wconf 96' lang='lat'><strong>,</strong></span> <span class='ocrx_word' id='word_1_195' title='bbox 1583 1315 1754 1384; x_wconf 84' lang='lat' dir='ltr'><strong>inquit</strong></span> <span class='ocrx_word' id='word_1_196' title='bbox 1786 1318 1843 1372; x_wconf 89' lang='lat' dir='ltr'><strong>S.</strong></span> <span class='ocrx_word' id='word_1_197' title='bbox 1873 1315 2156 1370; x_wconf 83' lang='lat' dir='ltr'><strong>Columba-</strong></span> 
     </span>
    </p>
   </div>
   <div class='ocr_carea' id='block_1_16' title="bbox 573 1387 2154 1458">
    <p class='ocr_par' dir='ltr' id='par_1_16' title="bbox 573 1387 2154 1458">
     <span class='ocr_line' id='line_1_17' title="bbox 573 1387 2154 1458; baseline 0 -18"><span class='ocrx_word' id='word_1_198' title='bbox 573 1402 672 1440; x_wconf 88' lang='lat' dir='ltr'><strong>nus</strong></span> <span class='ocrx_word' id='word_1_199' title='bbox 692 1387 903 1458; x_wconf 75' lang='lat' dir='ltr'><strong>(liegul.</strong></span> <span class='ocrx_word' id='word_1_200' title='bbox 927 1403 976 1441; x_wconf 90' lang='lat' dir='ltr'><strong>c.</strong></span> <span class='ocrx_word' id='word_1_201' title='bbox 1003 1387 1318 1458; x_wconf 76' lang='lat' dir='ltr'><strong>2),verbum</strong></span> <span class='ocrx_word' id='word_1_202' title='bbox 1337 1387 1754 1458; x_wconf 83' lang='lat' dir='ltr'><strong>audiensstatim</strong></span> <span class='ocrx_word' id='word_1_203' title='bbox 1781 1401 2154 1458; x_wconf 84' lang='lat' dir='ltr'><strong>nonsurrexe-</strong></span> 
     </span>
    </p>
   </div>
   <div class='ocr_carea' id='block_1_17' title="bbox 571 1457 2153 1525">
    <p class='ocr_par' dir='ltr' id='par_1_17' title="bbox 571 1457 2153 1525">
     <span class='ocr_line' id='line_1_18' title="bbox 571 1457 2153 1525; baseline -0.001 -14"><span class='ocrx_word' id='word_1_204' title='bbox 571 1458 664 1524; x_wconf 87' lang='lat' dir='ltr'><strong>rit,</strong></span> <span class='ocrx_word' id='word_1_205' title='bbox 686 1457 1327 1525; x_wconf 78' lang='lat' dir='ltr'><strong>ittobediensjudicandus</strong></span> <span class='ocrx_word' id='word_1_206' title='bbox 1348 1467 1450 1512; x_wconf 89' lang='lat' dir='ltr'><strong>est.</strong></span> <span class='ocrx_word' id='word_1_207' title='bbox 1485 1477 1502 1508; x_wconf 80' lang='grc' dir='ltr'><strong>ι</strong></span> <span class='ocrx_word' id='word_1_208' title='bbox 1526 1457 1716 1514; x_wconf 89' lang='lat' dir='ltr'><strong>Simile</strong></span> <span class='ocrx_word' id='word_1_209' title='bbox 1744 1457 1938 1525; x_wconf 90' lang='lat' dir='ltr'><strong>aliquid</strong></span> <span class='ocrx_word' id='word_1_210' title='bbox 1959 1458 2153 1525; x_wconf 78' lang='lat' dir='ltr'><strong>legitur</strong></span> 
     </span>
    </p>
   </div>
   <div class='ocr_carea' id='block_1_18' title="bbox 574 1527 2148 1604">
    <p class='ocr_par' dir='ltr' id='par_1_18' title="bbox 574 1527 2148 1604">
     <span class='ocr_line' id='line_1_19' title="bbox 574 1527 2148 1604; baseline 0.001 -23"><span class='ocrx_word' id='word_1_211' title='bbox 574 1528 874 1604; x_wconf 75' lang='lat' dir='ltr'><strong>initegula</strong></span> <span class='ocrx_word' id='word_1_212' title='bbox 905 1528 1194 1597; x_wconf 83' lang='lat' dir='ltr'><strong>Cujusdam</strong></span> <span class='ocrx_word' id='word_1_213' title='bbox 1235 1529 1301 1582; x_wconf 89' lang='lat' dir='ltr'><strong>ad</strong></span> <span class='ocrx_word' id='word_1_214' title='bbox 1344 1528 1636 1604; x_wconf 82' lang='lat' dir='ltr'><strong>monachos</strong></span> <span class='ocrx_word' id='word_1_215' title='bbox 1677 1527 1834 1604; x_wconf 43' lang='lat' dir='ltr'><strong>(Cap,</strong></span> <span class='ocrx_word' id='word_1_216' title='bbox 1866 1527 2000 1604; x_wconf 66' lang='lat'><strong>‘29):</strong></span> <span class='ocrx_word' id='word_1_217' title='bbox 2040 1527 2148 1604; x_wconf 40' lang='lat' dir='ltr'><strong>{Si</strong></span> 
     </span>
    </p>
   </div>
   <div class='ocr_carea' id='block_1_19' title="bbox 571 1598 2148 1668">
    <p class='ocr_par' dir='ltr' id='par_1_19' title="bbox 571 1598 2148 1668">
     <span class='ocr_line' id='line_1_20' title="bbox 571 1598 2148 1668; baseline -0.001 -15"><span class='ocrx_word' id='word_1_218' title='bbox 571 1600 693 1666; x_wconf 84' lang='lat' dir='ltr'><strong>quis</strong></span> <span class='ocrx_word' id='word_1_219' title='bbox 718 1598 783 1654; x_wconf 81' lang='lat' dir='ltr'><strong>ad</strong></span> <span class='ocrx_word' id='word_1_220' title='bbox 818 1613 1000 1653; x_wconf 91' lang='lat' dir='ltr'><strong>vocem</strong></span> <span class='ocrx_word' id='word_1_221' title='bbox 1043 1600 1400 1668; x_wconf 84' lang='lat' dir='ltr'><strong>eompulsoris</strong></span> <span class='ocrx_word' id='word_1_222' title='bbox 1438 1601 1554 1652; x_wconf 87' lang='lat' dir='ltr'><strong>sive</strong></span> <span class='ocrx_word' id='word_1_223' title='bbox 1591 1598 1867 1652; x_wconf 78' lang='lat' dir='ltr'><strong>invitantis</strong></span> <span class='ocrx_word' id='word_1_224' title='bbox 1897 1601 1961 1652; x_wconf 91' lang='lat' dir='ltr'><strong>ad</strong></span> <span class='ocrx_word' id='word_1_225' title='bbox 2005 1598 2148 1652; x_wconf 91' lang='lat' dir='ltr'><strong>aliud</strong></span> 
     </span>
    </p>
   </div>
   <div class='ocr_carea' id='block_1_20' title="bbox 574 1669 2150 1740">
    <p class='ocr_par' dir='ltr' id='par_1_20' title="bbox 574 1669 2150 1740">
     <span class='ocr_line' id='line_1_21' title="bbox 574 1669 2150 1740; baseline -0.001 -17"><span class='ocrx_word' id='word_1_226' title='bbox 574 1671 952 1740; x_wconf 85' lang='lat' dir='ltr'><strong>quodcunque,</strong></span> <span class='ocrx_word' id='word_1_227' title='bbox 987 1685 1092 1723; x_wconf 88' lang='lat' dir='ltr'><strong>non</strong></span> <span class='ocrx_word' id='word_1_228' title='bbox 1123 1670 1303 1723; x_wconf 83' lang='lat' dir='ltr'><strong>statim</strong></span> <span class='ocrx_word' id='word_1_229' title='bbox 1329 1671 1641 1734; x_wconf 81' lang='lat' dir='ltr'><strong>surrexerit,</strong></span> <span class='ocrx_word' id='word_1_230' title='bbox 1667 1669 1750 1723; x_wconf 90' lang='lat' dir='ltr'><strong>hic</strong></span> <span class='ocrx_word' id='word_1_231' title='bbox 1775 1670 2150 1724; x_wconf 71' lang='lat' dir='ltr'><strong>inobedientia:</strong></span> 
     </span>
    </p>
   </div>
   <div class='ocr_carea' id='block_1_21' title="bbox 573 1741 2146 1809">
    <p class='ocr_par' dir='ltr' id='par_1_21' title="bbox 573 1741 2146 1809">
     <span class='ocr_line' id='line_1_22' title="bbox 573 1741 2146 1809; baseline 0 -15"><span class='ocrx_word' id='word_1_232' title='bbox 573 1755 701 1795; x_wconf 88' lang='lat' dir='ltr'><strong>reus</strong></span> <span class='ocrx_word' id='word_1_233' title='bbox 733 1752 814 1795; x_wconf 83' lang='lat' dir='ltr'><strong>est</strong></span> <span class='ocrx_word' id='word_1_234' title='bbox 848 1759 860 1792; x_wconf 91' lang='lat'>:</span> <span class='ocrx_word' id='word_1_235' title='bbox 896 1750 1041 1809; x_wconf 89' lang='lat' dir='ltr'><strong>petat</strong></span> <span class='ocrx_word' id='word_1_236' title='bbox 1075 1741 1316 1802; x_wconf 84' lang='lat' dir='ltr'><strong>veniant.</strong></span> <span class='ocrx_word' id='word_1_237' title='bbox 1352 1752 1404 1794; x_wconf 91' lang='lat' dir='ltr'><strong>et</strong></span> <span class='ocrx_word' id='word_1_238' title='bbox 1446 1742 1640 1795; x_wconf 88' lang='lat' dir='ltr'><strong>iterare</strong></span> <span class='ocrx_word' id='word_1_239' title='bbox 1681 1755 1783 1792; x_wconf 90' lang='lat' dir='ltr'><strong>nou</strong></span> <span class='ocrx_word' id='word_1_240' title='bbox 1827 1751 2146 1807; x_wconf 65' lang='lat' dir='ltr'><strong>prazsomat,</strong></span> 
     </span>
    </p>
   </div>
   <div class='ocr_carea' id='block_1_22' title="bbox 576 1811 2147 1881">
    <p class='ocr_par' dir='ltr' id='par_1_22' title="bbox 576 1811 2147 1881">
     <span class='ocr_line' id='line_1_23' title="bbox 576 1811 2147 1881; baseline 0.002 -19"><span class='ocrx_word' id='word_1_241' title='bbox 576 1813 826 1874; x_wconf 90' lang='lat' dir='ltr'><strong>quoniam</strong></span> <span class='ocrx_word' id='word_1_242' title='bbox 857 1821 1067 1879; x_wconf 85' lang='lat' dir='ltr'><strong>oportet</strong></span> <span class='ocrx_word' id='word_1_243' title='bbox 1106 1826 1539 1880; x_wconf 89' lang='lat' dir='ltr'><strong>unumquemque</strong></span> <span class='ocrx_word' id='word_1_244' title='bbox 1568 1811 1632 1864; x_wconf 91' lang='lat' dir='ltr'><strong>ad</strong></span> <span class='ocrx_word' id='word_1_245' title='bbox 1667 1814 1933 1881; x_wconf 84' lang='lat' dir='ltr'><strong>propriam</strong></span> <span class='ocrx_word' id='word_1_246' title='bbox 1964 1825 2147 1866; x_wconf 88' lang='lat' dir='ltr'><strong>vocem</strong></span> 
     </span>
    </p>
   </div>
   <div class='ocr_carea' id='block_1_23' title="bbox 573 1881 2148 1951">
    <p class='ocr_par' dir='ltr' id='par_1_23' title="bbox 573 1881 2148 1951">
     <span class='ocr_line' id='line_1_24' title="bbox 573 1881 2148 1951; baseline 0 -15"><span class='ocrx_word' id='word_1_247' title='bbox 573 1881 848 1936; x_wconf 75' lang='lat' dir='ltr'><strong>invitantis</strong></span> <span class='ocrx_word' id='word_1_248' title='bbox 893 1896 1205 1951; x_wconf 77' lang='lat' dir='ltr'><strong>assurgere,</strong></span> <span class='ocrx_word' id='word_1_249' title='bbox 1249 1884 1392 1936; x_wconf 89' lang='lat' dir='ltr'><strong>velut</strong></span> <span class='ocrx_word' id='word_1_250' title='bbox 1431 1884 1473 1936; x_wconf 91' lang='lat' dir='ltr'><strong>si</strong></span> <span class='ocrx_word' id='word_1_251' title='bbox 1515 1882 1675 1935; x_wconf 87' lang='lat' dir='ltr'><strong>carbo</strong></span> <span class='ocrx_word' id='word_1_252' title='bbox 1722 1881 1862 1950; x_wconf 84' lang='lat' dir='ltr'><strong>ignis</strong></span> <span class='ocrx_word' id='word_1_253' title='bbox 1909 1882 2148 1936; x_wconf 85' lang='lat' dir='ltr'><strong>ardentis</strong></span> 
     </span>
    </p>
   </div>
   <div class='ocr_carea' id='block_1_24' title="bbox 570 1951 2151 2017">
    <p class='ocr_par' dir='ltr' id='par_1_24' title="bbox 570 1951 2151 2017">
     <span class='ocr_line' id='line_1_25' title="bbox 570 1951 2151 2017; baseline 0.001 -13"><span class='ocrx_word' id='word_1_254' title='bbox 570 1951 933 2006; x_wconf 81' lang='lat' dir='ltr'><strong>descendisset</strong></span> <span class='ocrx_word' id='word_1_255' title='bbox 963 1968 1123 2017; x_wconf 86' lang='lat' dir='ltr'><strong>super</strong></span> <span class='ocrx_word' id='word_1_256' title='bbox 1151 1967 1294 2006; x_wconf 89' lang='lat' dir='ltr'><strong>eum.</strong></span> <span class='ocrx_word' id='word_1_257' title='bbox 1333 1953 1387 2006; x_wconf 87' lang='lat' dir='ltr'><strong>Si</strong></span> <span class='ocrx_word' id='word_1_258' title='bbox 1420 1952 1720 2007; x_wconf 81' lang='lat' dir='ltr'><strong>obedientia</strong></span> <span class='ocrx_word' id='word_1_259' title='bbox 1756 1957 1868 2005; x_wconf 78' lang='lat' dir='ltr'><strong>lucc</strong></span> <span class='ocrx_word' id='word_1_260' title='bbox 1899 1966 2004 2006; x_wconf 92' lang='lat' dir='ltr'><strong>non</strong></span> <span class='ocrx_word' id='word_1_261' title='bbox 2038 1951 2151 2006; x_wconf 85' lang='lat' dir='ltr'><strong>fuc-</strong></span> 
     </span>
    </p>
   </div>
   <div class='ocr_carea' id='block_1_25' title="bbox 574 2022 2150 2092">
    <p class='ocr_par' dir='ltr' id='par_1_25' title="bbox 574 2022 2150 2092">
     <span class='ocr_line' id='line_1_26' title="bbox 574 2022 2150 2092; baseline 0.003 -18"><span class='ocrx_word' id='word_1_262' title='bbox 574 2024 670 2083; x_wconf 91' lang='lat' dir='ltr'><strong>rit,</strong></span> <span class='ocrx_word' id='word_1_263' title='bbox 704 2038 861 2092; x_wconf 81' lang='lat' dir='ltr'><strong>quam</strong></span> <span class='ocrx_word' id='word_1_264' title='bbox 889 2022 1151 2084; x_wconf 86' lang='lat' dir='ltr'><strong>diximus,</strong></span> <span class='ocrx_word' id='word_1_265' title='bbox 1192 2033 1396 2076; x_wconf 91' lang='lat' dir='ltr'><strong>mortua</strong></span> <span class='ocrx_word' id='word_1_266' title='bbox 1427 2035 1540 2088; x_wconf 88' lang='lat' dir='ltr'><strong>cst,</strong></span> <span class='ocrx_word' id='word_1_267' title='bbox 1572 2035 1624 2076; x_wconf 90' lang='lat' dir='ltr'><strong>et</strong></span> <span class='ocrx_word' id='word_1_268' title='bbox 1662 2040 1767 2075; x_wconf 83' lang='lat' dir='ltr'><strong>non</strong></span> <span class='ocrx_word' id='word_1_269' title='bbox 1799 2022 2150 2091; x_wconf 89' lang='lat' dir='ltr'><strong>acceptabilis</strong></span> 
     </span>
    </p>
   </div>
   <div class='ocr_carea' id='block_1_26' title="bbox 572 2093 2151 2164">
    <p class='ocr_par' dir='ltr' id='par_1_26' title="bbox 572 2093 2151 2164">
     <span class='ocr_line' id='line_1_27' title="bbox 572 2093 2151 2164; baseline 0.003 -20"><span class='ocrx_word' id='word_1_270' title='bbox 572 2094 713 2164; x_wconf 67' lang='lat' dir='ltr'><strong>apud</strong></span> <span class='ocrx_word' id='word_1_271' title='bbox 745 2094 931 2150; x_wconf 90' lang='lat' dir='ltr'><strong>Deum.</strong></span> <span class='ocrx_word' id='word_1_272' title='bbox 969 2113 987 2143; x_wconf 72' lang='grc' dir='ltr'><strong>ι</strong></span> <span class='ocrx_word' id='word_1_273' title='bbox 1024 2093 1168 2156; x_wconf 80' lang='lat' dir='ltr'><strong>Alia,</strong></span> <span class='ocrx_word' id='word_1_274' title='bbox 1220 2093 1312 2148; x_wconf 89' lang='lat' dir='ltr'><strong>sed</strong></span> <span class='ocrx_word' id='word_1_275' title='bbox 1369 2096 1535 2164; x_wconf 81' lang='lat' dir='ltr'><strong>magis</strong></span> <span class='ocrx_word' id='word_1_276' title='bbox 1581 2094 1751 2164; x_wconf 79' lang='lat' dir='ltr'><strong>lepida</strong></span> <span class='ocrx_word' id='word_1_277' title='bbox 1800 2094 2151 2164; x_wconf 87' lang='lat' dir='ltr'><strong>similitudine</strong></span> 
     </span>
    </p>
   </div>
   <div class='ocr_carea' id='block_1_27' title="bbox 575 2162 2150 2234">
    <p class='ocr_par' dir='ltr' id='par_1_27' title="bbox 575 2162 2150 2234">
     <span class='ocr_line' id='line_1_28' title="bbox 575 2162 2150 2234; baseline 0 -16"><span class='ocrx_word' id='word_1_278' title='bbox 575 2162 906 2222; x_wconf 76' lang='lat' dir='ltr'><strong>demonstrat</strong></span> <span class='ocrx_word' id='word_1_279' title='bbox 943 2165 999 2218; x_wconf 91' lang='lat' dir='ltr'><strong>S.</strong></span> <span class='ocrx_word' id='word_1_280' title='bbox 1031 2164 1258 2219; x_wconf 84' lang='lat' dir='ltr'><strong>Basilius</strong></span> <span class='ocrx_word' id='word_1_281' title='bbox 1280 2205 1295 2228; x_wconf 93' lang='lat'><strong>,</strong></span> <span class='ocrx_word' id='word_1_282' title='bbox 1326 2162 1485 2234; x_wconf 82' lang='lat' dir='ltr'><strong>quam</strong></span> <span class='ocrx_word' id='word_1_283' title='bbox 1516 2162 1756 2232; x_wconf 85' lang='lat' dir='ltr'><strong>prompta</strong></span> <span class='ocrx_word' id='word_1_284' title='bbox 1791 2175 1846 2217; x_wconf 90' lang='lat' dir='ltr'><strong>et</strong></span> <span class='ocrx_word' id='word_1_285' title='bbox 1874 2164 2026 2218; x_wconf 81' lang='lat' dir='ltr'><strong>velox</strong></span> <span class='ocrx_word' id='word_1_286' title='bbox 2057 2163 2150 2218; x_wconf 91' lang='lat' dir='ltr'><strong>de-</strong></span> 
     </span>
    </p>
   </div>
   <div class='ocr_carea' id='block_1_28' title="bbox 572 2236 2148 2303">
    <p class='ocr_par' dir='ltr' id='par_1_28' title="bbox 572 2236 2148 2303">
     <span class='ocr_line' id='line_1_29' title="bbox 572 2236 2148 2303; baseline 0.003 -17"><span class='ocrx_word' id='word_1_287' title='bbox 572 2236 830 2289; x_wconf 89' lang='lat' dir='ltr'><strong>beatcsse</strong></span> <span class='ocrx_word' id='word_1_288' title='bbox 851 2237 1230 2290; x_wconf 82' lang='lat' dir='ltr'><strong>monachorum</strong></span> <span class='ocrx_word' id='word_1_289' title='bbox 1253 2238 1555 2290; x_wconf 84' lang='lat' dir='ltr'><strong>obedientia</strong></span> <span class='ocrx_word' id='word_1_290' title='bbox 1590 2254 1602 2289; x_wconf 92' lang='lat'>:</span> <span class='ocrx_word' id='word_1_291' title='bbox 1630 2237 1984 2303; x_wconf 80' lang='lat' dir='ltr'><strong>interrogatus</strong></span> <span class='ocrx_word' id='word_1_292' title='bbox 2007 2239 2148 2290; x_wconf 88' lang='lat' dir='ltr'><strong>enim</strong></span> 
     </span>
    </p>
   </div>
   <div class='ocr_carea' id='block_1_29' title="bbox 580 2304 2151 2373">
    <p class='ocr_par' dir='ltr' id='par_1_29' title="bbox 580 2304 2151 2373">
     <span class='ocr_line' id='line_1_30' title="bbox 580 2304 2151 2373; baseline 0.002 -18"><span class='ocrx_word' id='word_1_293' title='bbox 580 2321 597 2354; x_wconf 84' lang='lat' dir='ltr'><strong>t</strong></span> <span class='ocrx_word' id='word_1_294' title='bbox 636 2319 755 2358; x_wconf 88' lang='lat' dir='ltr'><strong>cum</strong></span> <span class='ocrx_word' id='word_1_295' title='bbox 781 2307 919 2373; x_wconf 83' lang='lat' dir='ltr'><strong>quali</strong></span> <span class='ocrx_word' id='word_1_296' title='bbox 944 2304 1222 2361; x_wconf 72' lang='lat' dir='ltr'><strong>affectione</strong></span> <span class='ocrx_word' id='word_1_297' title='bbox 1245 2307 1464 2361; x_wconf 80' lang='lat' dir='ltr'><strong>obedire</strong></span> <span class='ocrx_word' id='word_1_298' title='bbox 1487 2315 1700 2373; x_wconf 77' lang='lat' dir='ltr'><strong>oportet</strong></span> <span class='ocrx_word' id='word_1_299' title='bbox 1725 2307 1772 2358; x_wconf 89' lang='lat' dir='ltr'><strong>ei</strong></span> <span class='ocrx_word' id='word_1_300' title='bbox 1795 2309 1882 2372; x_wconf 85' lang='lat' dir='ltr'><strong>qui</strong></span> <span class='ocrx_word' id='word_1_301' title='bbox 1912 2306 1977 2359; x_wconf 91' lang='lat' dir='ltr'><strong>ad</strong></span> <span class='ocrx_word' id='word_1_302' title='bbox 2002 2321 2151 2360; x_wconf 83' lang='lat' dir='ltr'><strong>man—</strong></span> 
     </span>
    </p>
   </div>
   <div class='ocr_carea' id='block_1_30' title="bbox 569 2374 2153 2443">
    <p class='ocr_par' dir='ltr' id='par_1_30' title="bbox 569 2374 2153 2443">
     <span class='ocr_line' id='line_1_31' title="bbox 569 2374 2153 2443; baseline 0.001 -17"><span class='ocrx_word' id='word_1_303' title='bbox 569 2374 677 2428; x_wconf 88' lang='lat' dir='ltr'><strong>dati</strong></span> <span class='ocrx_word' id='word_1_304' title='bbox 716 2379 1113 2430; x_wconf 73' lang='lat' dir='ltr'><strong>exsecutionem</strong></span> <span class='ocrx_word' id='word_1_305' title='bbox 1148 2391 1244 2430; x_wconf 89' lang='lat' dir='ltr'><strong>nos</strong></span> <span class='ocrx_word' id='word_1_306' title='bbox 1283 2377 1531 2430; x_wconf 81' lang='lat' dir='ltr'><strong>sollicitat</strong></span> <span class='ocrx_word' id='word_1_307' title='bbox 1559 2388 1612 2430; x_wconf 91' lang='lat' dir='ltr'><strong>et</strong></span> <span class='ocrx_word' id='word_1_308' title='bbox 1650 2378 1837 2443; x_wconf 78' lang='lat' dir='ltr'><strong>urget?</strong></span> <span class='ocrx_word' id='word_1_309' title='bbox 1875 2395 1893 2426; x_wconf 72' lang='grc' dir='ltr'><strong>ι</strong></span> <span class='ocrx_word' id='word_1_310' title='bbox 1930 2391 2153 2442; x_wconf 82' lang='lat' dir='ltr'><strong>reSpou-</strong></span> 
     </span>
    </p>
   </div>
   <div class='ocr_carea' id='block_1_31' title="bbox 570 2446 2151 2516">
    <p class='ocr_par' dir='ltr' id='par_1_31' title="bbox 570 2446 2151 2516">
     <span class='ocr_line' id='line_1_32' title="bbox 570 2446 2151 2516; baseline 0.002 -18"><span class='ocrx_word' id='word_1_311' title='bbox 570 2446 661 2500; x_wconf 86' lang='lat' dir='ltr'><strong>tlet</strong></span> <span class='ocrx_word' id='word_1_312' title='bbox 691 2465 702 2498; x_wconf 89' lang='lat'>:</span> <span class='ocrx_word' id='word_1_313' title='bbox 743 2466 759 2496; x_wconf 90' lang='grc' dir='ltr'><strong>ι</strong></span> <span class='ocrx_word' id='word_1_314' title='bbox 797 2447 930 2502; x_wconf 86' lang='lat' dir='ltr'><strong>Cum</strong></span> <span class='ocrx_word' id='word_1_315' title='bbox 963 2458 1106 2500; x_wconf 88' lang='lat' dir='ltr'><strong>tanta</strong></span> <span class='ocrx_word' id='word_1_316' title='bbox 1139 2460 1331 2514; x_wconf 91' lang='lat' dir='ltr'><strong>quanta</strong></span> <span class='ocrx_word' id='word_1_317' title='bbox 1360 2451 1610 2516; x_wconf 88' lang='lat' dir='ltr'><strong>parvulus</strong></span> <span class='ocrx_word' id='word_1_318' title='bbox 1640 2446 1847 2500; x_wconf 87' lang='lat' dir='ltr'><strong>vocanti</strong></span> <span class='ocrx_word' id='word_1_319' title='bbox 1881 2462 1940 2500; x_wconf 89' lang='lat' dir='ltr'><strong>se</strong></span> <span class='ocrx_word' id='word_1_320' title='bbox 1969 2449 2032 2500; x_wconf 90' lang='lat' dir='ltr'><strong>ad</strong></span> <span class='ocrx_word' id='word_1_321' title='bbox 2063 2463 2151 2501; x_wconf 86' lang='lat' dir='ltr'><strong>re-</strong></span> 
     </span>
    </p>
   </div>
   <div class='ocr_carea' id='block_1_32' title="bbox 571 2518 2148 2584">
    <p class='ocr_par' dir='ltr' id='par_1_32' title="bbox 571 2518 2148 2584">
     <span class='ocr_line' id='line_1_33' title="bbox 571 2518 2148 2584; baseline 0.001 -15"><span class='ocrx_word' id='word_1_322' title='bbox 571 2519 852 2572; x_wconf 81' lang='lat' dir='ltr'><strong>fectionem</strong></span> <span class='ocrx_word' id='word_1_323' title='bbox 883 2518 1076 2572; x_wconf 87' lang='lat' dir='ltr'><strong>nutrici</strong></span> <span class='ocrx_word' id='word_1_324' title='bbox 1104 2519 1301 2581; x_wconf 87' lang='lat' dir='ltr'><strong>obedit,</strong></span> <span class='ocrx_word' id='word_1_325' title='bbox 1324 2519 1612 2584; x_wconf 77' lang='lat' dir='ltr'><strong>etquiiiLet</strong></span> <span class='ocrx_word' id='word_1_326' title='bbox 1639 2519 1722 2571; x_wconf 89' lang='lat' dir='ltr'><strong>cui</strong></span> <span class='ocrx_word' id='word_1_327' title='bbox 1749 2519 1850 2570; x_wconf 91' lang='lat' dir='ltr'><strong>vita</strong></span> <span class='ocrx_word' id='word_1_328' title='bbox 1874 2519 2033 2571; x_wconf 88' lang='lat' dir='ltr'><strong>chara</strong></span> <span class='ocrx_word' id='word_1_329' title='bbox 2058 2519 2148 2584; x_wconf 91' lang='lat' dir='ltr'><strong>sit,</strong></span> 
     </span>
    </p>
   </div>
   <div class='ocr_carea' id='block_1_33' title="bbox 571 2588 2150 2656">
    <p class='ocr_par' dir='ltr' id='par_1_33' title="bbox 571 2588 2150 2656">
     <span class='ocr_line' id='line_1_34' title="bbox 571 2588 2150 2656; baseline 0.001 -16"><span class='ocrx_word' id='word_1_330' title='bbox 571 2588 622 2640; x_wconf 90' lang='lat' dir='ltr'><strong>ei</strong></span> <span class='ocrx_word' id='word_1_331' title='bbox 654 2590 740 2656; x_wconf 89' lang='lat' dir='ltr'><strong>qui</strong></span> <span class='ocrx_word' id='word_1_332' title='bbox 773 2589 874 2642; x_wconf 88' lang='lat' dir='ltr'><strong>sibi</strong></span> <span class='ocrx_word' id='word_1_333' title='bbox 901 2603 962 2641; x_wconf 90' lang='lat' dir='ltr'><strong>ea</strong></span> <span class='ocrx_word' id='word_1_334' title='bbox 991 2604 1108 2655; x_wconf 66' lang='lat' dir='ltr'><strong>qua:</strong></span> <span class='ocrx_word' id='word_1_335' title='bbox 1137 2589 1201 2640; x_wconf 90' lang='lat' dir='ltr'><strong>ad</strong></span> <span class='ocrx_word' id='word_1_336' title='bbox 1233 2590 1519 2642; x_wconf 83' lang='lat' dir='ltr'><strong>v.vendum&#39;</strong></span> <span class='ocrx_word' id='word_1_337' title='bbox 1544 2588 1845 2642; x_wconf 84' lang='lat' dir='ltr'><strong>necessaria</strong></span> <span class='ocrx_word' id='word_1_338' title='bbox 1893 2599 2017 2642; x_wconf 91' lang='lat' dir='ltr'><strong>sunt</strong></span> <span class='ocrx_word' id='word_1_339' title='bbox 2046 2589 2150 2642; x_wconf 87' lang='lat' dir='ltr'><strong>lar-</strong></span> 
     </span>
    </p>
   </div>
   <div class='ocr_carea' id='block_1_34' title="bbox 573 2658 2153 2729">
    <p class='ocr_par' dir='ltr' id='par_1_34' title="bbox 573 2658 2153 2729">
     <span class='ocr_line' id='line_1_35' title="bbox 573 2658 2153 2729; baseline 0.003 -19"><span class='ocrx_word' id='word_1_340' title='bbox 573 2658 748 2726; x_wconf 81' lang='lat' dir='ltr'><strong>giatur</strong></span> <span class='ocrx_word' id='word_1_341' title='bbox 774 2659 982 2722; x_wconf 88' lang='lat' dir='ltr'><strong>obedit;</strong></span> <span class='ocrx_word' id='word_1_342' title='bbox 1030 2661 1136 2712; x_wconf 89' lang='lat' dir='ltr'><strong>imo</strong></span> <span class='ocrx_word' id='word_1_343' title='bbox 1173 2660 1338 2714; x_wconf 77' lang='lat' dir='ltr'><strong>multo</strong></span> <span class='ocrx_word' id='word_1_344' title='bbox 1377 2662 1608 2728; x_wconf 81' lang='lat' dir='ltr'><strong>majore,</strong></span> <span class='ocrx_word' id='word_1_345' title='bbox 1652 2676 1758 2729; x_wconf 89' lang='lat' dir='ltr'><strong>quo</strong></span> <span class='ocrx_word' id='word_1_346' title='bbox 1803 2661 1908 2712; x_wconf 82' lang='lat' dir='ltr'><strong>vita</strong></span> <span class='ocrx_word' id='word_1_347' title='bbox 1950 2670 2153 2714; x_wconf 69' lang='lat' dir='ltr'><strong>aeterna</strong></span> 
     </span>
    </p>
   </div>
   <div class='ocr_carea' id='block_1_35' title="bbox 569 2729 2079 2798">
    <p class='ocr_par' dir='ltr' id='par_1_35' title="bbox 569 2729 2079 2798">
     <span class='ocr_line' id='line_1_36' title="bbox 569 2729 2079 2798; baseline 0.003 -19"><span class='ocrx_word' id='word_1_348' title='bbox 569 2729 805 2782; x_wconf 84' lang='lat' dir='ltr'><strong>nobilior</strong></span> <span class='ocrx_word' id='word_1_349' title='bbox 831 2740 996 2783; x_wconf 76' lang='lat' dir='ltr'><strong>estea</strong></span> <span class='ocrx_word' id='word_1_350' title='bbox 1021 2746 1139 2798; x_wconf 72' lang='lat' dir='ltr'><strong>qua:</strong></span> <span class='ocrx_word' id='word_1_351' title='bbox 1173 2747 1310 2785; x_wconf 87' lang='lat' dir='ltr'><strong>nunc</strong></span> <span class='ocrx_word' id='word_1_352' title='bbox 1335 2742 1434 2784; x_wconf 86' lang='lat' dir='ltr'><strong>est.</strong></span> <span class='ocrx_word' id='word_1_353' title='bbox 1478 2751 1494 2781; x_wconf 76' lang='grc' dir='ltr'><strong>ι</strong></span> <span class='ocrx_word' id='word_1_354' title='bbox 2057 2750 2079 2764; x_wconf 80' lang='grc'><strong>·</strong></span> 
     </span>
    </p>
   </div>
   <div class='ocr_carea' id='block_1_36' title="bbox 648 2798 2154 2873">
    <p class='ocr_par' dir='ltr' id='par_1_36' title="bbox 648 2798 2154 2873">
     <span class='ocr_line' id='line_1_37' title="bbox 648 2798 2154 2873; baseline 0.003 -23"><span class='ocrx_word' id='word_1_355' title='bbox 648 2798 821 2873; x_wconf 72' lang='lat' dir='ltr'><strong>llrec,]</strong></span> <span class='ocrx_word' id='word_1_356' title='bbox 855 2802 1104 2873; x_wconf 89' lang='lat' dir='ltr'><strong>nimirum</strong></span> <span class='ocrx_word' id='word_1_357' title='bbox 1129 2803 1428 2856; x_wconf 89' lang='lat' dir='ltr'><strong>obedientia</strong></span> <span class='ocrx_word' id='word_1_358' title='bbox 1456 2803 1572 2855; x_wconf 87' lang='lat' dir='ltr'><strong>sine</strong></span> <span class='ocrx_word' id='word_1_359' title='bbox 1595 2816 1770 2866; x_wconf 90' lang='lat' dir='ltr'><strong>mora,</strong></span> <span class='ocrx_word' id='word_1_360' title='bbox 1800 2800 2052 2873; x_wconf 72' lang='lat' dir='ltr'><strong>[convenit</strong></span> <span class='ocrx_word' id='word_1_361' title='bbox 2075 2801 2154 2854; x_wconf 86' lang='lat' dir='ltr'><strong>his</strong></span> 
     </span>
    </p>
   </div>
   <div class='ocr_carea' id='block_1_37' title="bbox 572 2870 2156 2942">
    <p class='ocr_par' dir='ltr' id='par_1_37' title="bbox 572 2870 2156 2942">
     <span class='ocr_line' id='line_1_38' title="bbox 572 2870 2156 2942; baseline 0.004 -21"><span class='ocrx_word' id='word_1_362' title='bbox 572 2870 661 2942; x_wconf 80' lang='lat' dir='ltr'><strong>qui</strong></span> <span class='ocrx_word' id='word_1_363' title='bbox 692 2870 929 2924; x_wconf 82' lang='lat' dir='ltr'><strong>niltilsibi</strong></span> <span class='ocrx_word' id='word_1_364' title='bbox 947 2891 975 2924; x_wconf 77' lang='grc' dir='ltr'><strong>ιι</strong></span> <span class='ocrx_word' id='word_1_365' title='bbox 1004 2872 1206 2926; x_wconf 72' lang='lat' dir='ltr'><strong>Christo</strong></span> <span class='ocrx_word' id='word_1_366' title='bbox 1219 2873 1426 2926; x_wconf 75' lang='lat' dir='ltr'><strong>cltarius</strong></span> <span class='ocrx_word' id='word_1_367' title='bbox 1449 2873 1643 2942; x_wconf 82' lang='lat' dir='ltr'><strong>aliquid</strong></span> <span class='ocrx_word' id='word_1_368' title='bbox 1668 2870 1999 2941; x_wconf 70' lang='lat' dir='ltr'><strong>existitttant.]</strong></span> <span class='ocrx_word' id='word_1_369' title='bbox 2024 2874 2156 2939; x_wconf 84' lang='lat' dir='ltr'><strong>Quis</strong></span> 
     </span>
    </p>
   </div>
   <div class='ocr_carea' id='block_1_38' title="bbox 573 2941 2152 2998">
    <p class='ocr_par' dir='ltr' id='par_1_38' title="bbox 573 2941 2152 2998">
     <span class='ocr_line' id='line_1_39' title="bbox 573 2941 2152 2998; baseline 0.003 -5"><span class='ocrx_word' id='word_1_370' title='bbox 573 2941 715 2994; x_wconf 86' lang='lat' dir='ltr'><strong>enim</strong></span> <span class='ocrx_word' id='word_1_371' title='bbox 774 2942 874 2995; x_wconf 88' lang='lat' dir='ltr'><strong>nisi</strong></span> <span class='ocrx_word' id='word_1_372' title='bbox 921 2944 1102 2997; x_wconf 89' lang='lat' dir='ltr'><strong>divino</strong></span> <span class='ocrx_word' id='word_1_373' title='bbox 1151 2959 1442 2998; x_wconf 82' lang='lat' dir='ltr'><strong>succensus</strong></span> <span class='ocrx_word' id='word_1_374' title='bbox 1489 2960 1672 2997; x_wconf 84' lang='lat' dir='ltr'><strong>amore</strong></span> <span class='ocrx_word' id='word_1_375' title='bbox 1731 2947 1796 2996; x_wconf 87' lang='lat' dir='ltr'><strong>ita</strong></span> <span class='ocrx_word' id='word_1_376' title='bbox 1838 2943 1904 2996; x_wconf 91' lang='lat' dir='ltr'><strong>ad</strong></span> <span class='ocrx_word' id='word_1_377' title='bbox 1963 2955 2152 2997; x_wconf 87' lang='lat' dir='ltr'><strong>nutum</strong></span> 
     </span>
    </p>
   </div>
   <div class='ocr_carea' id='block_1_39' title="bbox 573 3012 2151 3082">
    <p class='ocr_par' dir='ltr' id='par_1_39' title="bbox 573 3012 2151 3082">
     <span class='ocr_line' id='line_1_40' title="bbox 573 3012 2151 3082; baseline 0.003 -18"><span class='ocrx_word' id='word_1_378' title='bbox 573 3012 864 3080; x_wconf 89' lang='lat' dir='ltr'><strong>superioris</strong></span> <span class='ocrx_word' id='word_1_379' title='bbox 893 3015 1248 3069; x_wconf 82' lang='lat' dir='ltr'><strong>obedientiam</strong></span> <span class='ocrx_word' id='word_1_380' title='bbox 1280 3015 1553 3079; x_wconf 83' lang='lat' dir='ltr'><strong>exhibeat,</strong></span> <span class='ocrx_word' id='word_1_381' title='bbox 1589 3016 1804 3068; x_wconf 79' lang='lat' dir='ltr'><strong>utnulla</strong></span> <span class='ocrx_word' id='word_1_382' title='bbox 1838 3013 2151 3082; x_wconf 85' lang='lat' dir='ltr'><strong>interposita</strong></span> 
     </span>
    </p>
   </div>
   <div class='ocr_carea' id='block_1_40' title="bbox 571 3085 1114 3153">
    <p class='ocr_par' dir='ltr' id='par_1_40' title="bbox 571 3085 1114 3153">
     <span class='ocr_line' id='line_1_41' title="bbox 571 3085 1114 3153; baseline 0.006 -18"><span class='ocrx_word' id='word_1_383' title='bbox 571 3096 720 3153; x_wconf 80' lang='lat' dir='ltr'><strong>mora</strong></span> <span class='ocrx_word' id='word_1_384' title='bbox 749 3085 1114 3153; x_wconf 85' lang='lat' dir='ltr'><strong>obtemperet?</strong></span> 
     </span>
    </p>
   </div>
   <div class='ocr_carea' id='block_1_41' title="bbox 649 3152 2153 3226">
    <p class='ocr_par' dir='ltr' id='par_1_41' title="bbox 649 3152 2153 3226">
     <span class='ocr_line' id='line_1_42' title="bbox 649 3152 2153 3226; baseline 0.003 -22"><span class='ocrx_word' id='word_1_385' title='bbox 649 3152 867 3222; x_wconf 78' lang='lat' dir='ltr'><strong>l’rOpter</strong></span> <span class='ocrx_word' id='word_1_386' title='bbox 895 3152 1150 3210; x_wconf 63' lang='lat' dir='ltr'><strong>servitium</strong></span> <span class='ocrx_word' id='word_1_387' title='bbox 1182 3167 1410 3210; x_wconf 78' lang='lat' dir='ltr'><strong>sanciunt</strong></span> <span class='ocrx_word' id='word_1_388' title='bbox 1441 3157 1576 3225; x_wconf 84' lang='lat' dir='ltr'><strong>quod</strong></span> <span class='ocrx_word' id='word_1_389' title='bbox 1607 3157 1822 3226; x_wconf 77' lang='lat' dir='ltr'><strong>professi</strong></span> <span class='ocrx_word' id='word_1_390' title='bbox 1853 3167 1990 3217; x_wconf 85' lang='lat' dir='ltr'><strong>sunt,</strong></span> <span class='ocrx_word' id='word_1_391' title='bbox 2023 3155 2153 3226; x_wconf 81' lang='lat' dir='ltr'><strong>etc.]</strong></span> 
     </span>
    </p>
   </div>
   <div class='ocr_carea' id='block_1_42' title="bbox 575 3223 2227 3298">
    <p class='ocr_par' dir='ltr' id='par_1_42' title="bbox 575 3223 2227 3298">
     <span class='ocr_line' id='line_1_43' title="bbox 575 3223 2227 3298; baseline 0.001 -21"><span class='ocrx_word' id='word_1_392' title='bbox 575 3223 672 3298; x_wconf 78' lang='lat' dir='ltr'><strong>llic</strong></span> <span class='ocrx_word' id='word_1_393' title='bbox 724 3234 832 3298; x_wconf 84' lang='lat' dir='ltr'><strong>tres</strong></span> <span class='ocrx_word' id='word_1_394' title='bbox 879 3236 1126 3294; x_wconf 63' lang='lat' dir='ltr'><strong>pt0pontt</strong></span> <span class='ocrx_word' id='word_1_395' title='bbox 1172 3223 1461 3292; x_wconf 58' lang='lat' dir='ltr'><strong>rationes,</strong></span> <span class='ocrx_word' id='word_1_396' title='bbox 1499 3223 1883 3298; x_wconf 53' lang='lat' dir='ltr'><strong>quihtts&#39;quasi</strong></span> <span class='ocrx_word' id='word_1_397' title='bbox 1931 3223 2227 3298; x_wconf 81' lang='lat' dir='ltr'><strong>totidenic</strong></span> 
     </span>
    </p>
   </div>
   <div class='ocr_carea' id='block_1_43' title="bbox 573 3295 2152 3354">
    <p class='ocr_par' dir='ltr' id='par_1_43' title="bbox 573 3295 2152 3354">
     <span class='ocr_line' id='line_1_44' title="bbox 573 3295 2152 3354; baseline 0.003 -8"><span class='ocrx_word' id='word_1_398' title='bbox 573 3295 806 3349; x_wconf 80' lang='lat' dir='ltr'><strong>stimulis</strong></span> <span class='ocrx_word' id='word_1_399' title='bbox 853 3299 1117 3351; x_wconf 79' lang='lat' dir='ltr'><strong>excitaur</strong></span> <span class='ocrx_word' id='word_1_400' title='bbox 1161 3299 1453 3350; x_wconf 88' lang='lat' dir='ltr'><strong>monachus</strong></span> <span class='ocrx_word' id='word_1_401' title='bbox 1508 3295 1576 3350; x_wconf 84' lang='lat' dir='ltr'><strong>ad</strong></span> <span class='ocrx_word' id='word_1_402' title='bbox 1634 3297 1987 3354; x_wconf 81' lang='lat' dir='ltr'><strong>ohediendum</strong></span> <span class='ocrx_word' id='word_1_403' title='bbox 2036 3298 2152 3350; x_wconf 86' lang='lat' dir='ltr'><strong>sine</strong></span> 
     </span>
    </p>
   </div>
   <div class='ocr_carea' id='block_1_44' title="bbox 574 3365 2152 3439">
    <p class='ocr_par' dir='ltr' id='par_1_44' title="bbox 574 3365 2152 3439">
     <span class='ocr_line' id='line_1_45' title="bbox 574 3365 2152 3439; baseline 0.001 -21"><span class='ocrx_word' id='word_1_404' title='bbox 574 3379 744 3439; x_wconf 81' lang='lat' dir='ltr'><strong>mora.</strong></span> <span class='ocrx_word' id='word_1_405' title='bbox 805 3365 980 3420; x_wconf 87' lang='lat' dir='ltr'><strong>Prima</strong></span> <span class='ocrx_word' id='word_1_406' title='bbox 1033 3376 1115 3421; x_wconf 89' lang='lat' dir='ltr'><strong>est</strong></span> <span class='ocrx_word' id='word_1_407' title='bbox 1163 3381 1366 3439; x_wconf 77' lang='lat' dir='ltr'><strong>propter</strong></span> <span class='ocrx_word' id='word_1_408' title='bbox 1419 3369 1678 3421; x_wconf 83' lang='lat' dir='ltr'><strong>servitium</strong></span> <span class='ocrx_word' id='word_1_409' title='bbox 1728 3380 1958 3420; x_wconf 67' lang='lat' dir='ltr'><strong>sanctum</strong></span> <span class='ocrx_word' id='word_1_410' title='bbox 2017 3368 2152 3435; x_wconf 86' lang='lat' dir='ltr'><strong>quod</strong></span> 
     </span>
    </p>
   </div>
   <div class='ocr_carea' id='block_1_45' title="bbox 573 3436 2156 3508">
    <p class='ocr_par' dir='ltr' id='par_1_45' title="bbox 573 3436 2156 3508">
     <span class='ocr_line' id='line_1_46' title="bbox 573 3436 2156 3508; baseline 0.004 -22"><span class='ocrx_word' id='word_1_411' title='bbox 573 3436 792 3506; x_wconf 69' lang='lat' dir='ltr'><strong>professi</strong></span> <span class='ocrx_word' id='word_1_412' title='bbox 841 3448 993 3502; x_wconf 84' lang='lat' dir='ltr'><strong>sunt,</strong></span> <span class='ocrx_word' id='word_1_413' title='bbox 1047 3440 1094 3491; x_wconf 90' lang='lat' dir='ltr'><strong>id</strong></span> <span class='ocrx_word' id='word_1_414' title='bbox 1133 3436 1216 3491; x_wconf 84' lang='lat' dir='ltr'><strong>est</strong></span> <span class='ocrx_word' id='word_1_415' title='bbox 1252 3436 1469 3507; x_wconf 82' lang='lat' dir='ltr'><strong>propter</strong></span> <span class='ocrx_word' id='word_1_416' title='bbox 1504 3440 1886 3508; x_wconf 55' lang='lat' dir='ltr'><strong>professionem</strong></span> <span class='ocrx_word' id='word_1_417' title='bbox 1909 3478 1924 3501; x_wconf 91' lang='lat'><strong>,</strong></span> <span class='ocrx_word' id='word_1_418' title='bbox 1962 3453 2063 3506; x_wconf 89' lang='lat' dir='ltr'><strong>qua</strong></span> <span class='ocrx_word' id='word_1_419' title='bbox 2095 3451 2156 3492; x_wconf 89' lang='lat' dir='ltr'><strong>se</strong></span> 
     </span>
    </p>
   </div>
   <div class='ocr_carea' id='block_1_46' title="bbox 575 3507 2153 3577">
    <p class='ocr_par' dir='ltr' id='par_1_46' title="bbox 575 3507 2153 3577">
     <span class='ocr_line' id='line_1_47' title="bbox 575 3507 2153 3577; baseline 0.003 -19"><span class='ocrx_word' id='word_1_420' title='bbox 575 3521 756 3560; x_wconf 76' lang='lat' dir='ltr'><strong>coram</strong></span> <span class='ocrx_word' id='word_1_421' title='bbox 788 3507 940 3560; x_wconf 86' lang='lat' dir='ltr'><strong>altari</strong></span> <span class='ocrx_word' id='word_1_422' title='bbox 977 3513 1352 3577; x_wconf 25' lang='lat' dir='ltr'><strong>inIperpetuos</strong></span> <span class='ocrx_word' id='word_1_423' title='bbox 1402 3507 1587 3564; x_wconf 84' lang='lat' dir='ltr'><strong>servos</strong></span> <span class='ocrx_word' id='word_1_424' title='bbox 1625 3525 1874 3576; x_wconf 79' lang='lat' dir='ltr'><strong>supremo</strong></span> <span class='ocrx_word' id='word_1_425' title='bbox 1914 3512 2153 3562; x_wconf 88' lang='lat' dir='ltr'><strong>omnium</strong></span> 
     </span>
    </p>
   </div>
   <div class='ocr_carea' id='block_1_47' title="bbox 581 3577 2152 3634">
    <p class='ocr_par' dir='ltr' id='par_1_47' title="bbox 581 3577 2152 3634">
     <span class='ocr_line' id='line_1_48' title="bbox 581 3577 2152 3634; baseline 0.003 -7"><span class='ocrx_word' id='word_1_426' title='bbox 581 3577 808 3630; x_wconf 89' lang='lat' dir='ltr'><strong>Domno</strong></span> <span class='ocrx_word' id='word_1_427' title='bbox 855 3578 1194 3634; x_wconf 82' lang='lat' dir='ltr'><strong>addixerunt.</strong></span> <span class='ocrx_word' id='word_1_428' title='bbox 1241 3580 1439 3634; x_wconf 76' lang='lat' dir='ltr'><strong>Eodem</strong></span> <span class='ocrx_word' id='word_1_429' title='bbox 1489 3579 1707 3633; x_wconf 88' lang='lat' dir='ltr'><strong>stimulo</strong></span> <span class='ocrx_word' id='word_1_430' title='bbox 1749 3595 1878 3634; x_wconf 88' lang='lat' dir='ltr'><strong>suos</strong></span> <span class='ocrx_word' id='word_1_431' title='bbox 1917 3581 1972 3634; x_wconf 85' lang='lat' dir='ltr'><strong>S.</strong></span> <span class='ocrx_word' id='word_1_432' title='bbox 2026 3580 2152 3633; x_wconf 86' lang='lat' dir='ltr'><strong>Ber-</strong></span> 
     </span>
    </p>
   </div>
   <div class='ocr_carea' id='block_1_48' title="bbox 581 3647 2150 3718">
    <p class='ocr_par' dir='ltr' id='par_1_48' title="bbox 581 3647 2150 3718">
     <span class='ocr_line' id='line_1_49' title="bbox 581 3647 2150 3718; baseline 0.003 -19"><span class='ocrx_word' id='word_1_433' title='bbox 581 3647 780 3700; x_wconf 88' lang='lat' dir='ltr'><strong>nardus</strong></span> <span class='ocrx_word' id='word_1_434' title='bbox 803 3648 1068 3702; x_wconf 77' lang='lat' dir='ltr'><strong>excitabat</strong></span> <span class='ocrx_word' id='word_1_435' title='bbox 1092 3651 1157 3702; x_wconf 89' lang='lat' dir='ltr'><strong>ad</strong></span> <span class='ocrx_word' id='word_1_436' title='bbox 1183 3652 1514 3717; x_wconf 87' lang='lat' dir='ltr'><strong>repellendas</strong></span> <span class='ocrx_word' id='word_1_437' title='bbox 1535 3651 1748 3704; x_wconf 89' lang='lat' dir='ltr'><strong>illicitas</strong></span> <span class='ocrx_word' id='word_1_438' title='bbox 1779 3650 2150 3718; x_wconf 85' lang='lat' dir='ltr'><strong>cogitationes,</strong></span> 
     </span>
    </p>
   </div>
   <div class='ocr_carea' id='block_1_49' title="bbox 583 3718 2156 3789">
    <p class='ocr_par' dir='ltr' id='par_1_49' title="bbox 583 3718 2156 3789">
     <span class='ocr_line' id='line_1_50' title="bbox 583 3718 2156 3789; baseline 0.005 -22"><span class='ocrx_word' id='word_1_439' title='bbox 583 3735 602 3767; x_wconf 80' lang='grc' dir='ltr'><strong>ι</strong></span> <span class='ocrx_word' id='word_1_440' title='bbox 638 3718 809 3781; x_wconf 76' lang='grc' dir='ltr'>Τιιιιθ,</span> <span class='ocrx_word' id='word_1_441' title='bbox 858 3721 1105 3788; x_wconf 76' lang='lat' dir='ltr'><strong>i..qttieus</strong></span> <span class='ocrx_word' id='word_1_442' title='bbox 1134 3723 1330 3783; x_wconf 84' lang='lat' dir='ltr'><strong>(Serm.</strong></span> <span class='ocrx_word' id='word_1_443' title='bbox 1355 3725 1442 3784; x_wconf 74' lang='grc'><strong>55,</strong></span> <span class='ocrx_word' id='word_1_444' title='bbox 1475 3723 1537 3774; x_wconf 85' lang='lat' dir='ltr'><strong>de</strong></span> <span class='ocrx_word' id='word_1_445' title='bbox 1563 3722 1796 3789; x_wconf 81' lang='lat' dir='ltr'><strong>divers.),</strong></span> <span class='ocrx_word' id='word_1_446' title='bbox 1843 3721 1956 3774; x_wconf 75' lang='lat' dir='ltr'><strong>luet:</strong></span> <span class='ocrx_word' id='word_1_447' title='bbox 1991 3722 2156 3775; x_wconf 86' lang='lat' dir='ltr'><strong>debes</strong></span> 
     </span>
    </p>
   </div>
   <div class='ocr_carea' id='block_1_50' title="bbox 575 3789 2156 3862">
    <p class='ocr_par' dir='ltr' id='par_1_50' title="bbox 575 3789 2156 3862">
     <span class='ocr_line' id='line_1_51' title="bbox 575 3789 2156 3862; baseline 0.003 -23"><span class='ocrx_word' id='word_1_448' title='bbox 575 3789 833 3862; x_wconf 74' lang='lat' dir='ltr'><strong>cogitare,</strong></span> <span class='ocrx_word' id='word_1_449' title='bbox 865 3796 952 3858; x_wconf 89' lang='lat' dir='ltr'><strong>qui</strong></span> <span class='ocrx_word' id='word_1_450' title='bbox 987 3792 1238 3846; x_wconf 86' lang='lat' dir='ltr'><strong>sacerdos</strong></span> <span class='ocrx_word' id='word_1_451' title='bbox 1268 3807 1348 3858; x_wconf 89' lang='lat' dir='ltr'><strong>es,</strong></span> <span class='ocrx_word' id='word_1_452' title='bbox 1372 3797 1459 3862; x_wconf 88' lang='lat' dir='ltr'><strong>qui</strong></span> <span class='ocrx_word' id='word_1_453' title='bbox 1489 3791 1714 3846; x_wconf 80' lang='lat' dir='ltr'><strong>clericus</strong></span> <span class='ocrx_word' id='word_1_454' title='bbox 1739 3807 1816 3854; x_wconf 87' lang='lat' dir='ltr'><strong>es,</strong></span> <span class='ocrx_word' id='word_1_455' title='bbox 1849 3792 1939 3860; x_wconf 90' lang='lat' dir='ltr'><strong>qui</strong></span> <span class='ocrx_word' id='word_1_456' title='bbox 1974 3806 2156 3844; x_wconf 86' lang='lat' dir='ltr'><strong>mona-</strong></span> 
     </span>
    </p>
   </div>
   <div class='ocr_carea' id='block_1_51' title="bbox 576 3859 2152 3931">
    <p class='ocr_par' dir='ltr' id='par_1_51' title="bbox 576 3859 2152 3931">
     <span class='ocr_line' id='line_1_52' title="bbox 576 3859 2152 3931; baseline 0.003 -20"><span class='ocrx_word' id='word_1_457' title='bbox 576 3859 708 3931; x_wconf 85' lang='lat' dir='ltr'><strong>chus</strong></span> <span class='ocrx_word' id='word_1_458' title='bbox 729 3860 821 3913; x_wconf 81' lang='lat' dir='ltr'><strong>es?</strong></span> <span class='ocrx_word' id='word_1_459' title='bbox 838 3863 1020 3915; x_wconf 74' lang='lat' dir='ltr'><strong>Cultor</strong></span> <span class='ocrx_word' id='word_1_460' title='bbox 1034 3863 1253 3930; x_wconf 81' lang='lat' dir='ltr'><strong>justitiae</strong></span> <span class='ocrx_word' id='word_1_461' title='bbox 1271 3864 1360 3917; x_wconf 79' lang='lat' dir='ltr'><strong>det</strong></span> <span class='ocrx_word' id='word_1_462' title='bbox 1376 3859 1428 3916; x_wconf 81' lang='lat' dir='ltr'><strong>et</strong></span> <span class='ocrx_word' id='word_1_463' title='bbox 1444 3863 1496 3916; x_wconf 87' lang='lat' dir='ltr'><strong>itt</strong></span> <span class='ocrx_word' id='word_1_464' title='bbox 1519 3877 1578 3916; x_wconf 84' lang='lat' dir='ltr'><strong>se</strong></span> <span class='ocrx_word' id='word_1_465' title='bbox 1597 3859 1884 3930; x_wconf 85' lang='lat' dir='ltr'><strong>quidquam</strong></span> <span class='ocrx_word' id='word_1_466' title='bbox 1911 3861 2152 3931; x_wconf 87' lang='lat' dir='ltr'><strong>iniquum</strong></span> 
     </span>
    </p>
   </div>
   <div class='ocr_carea' id='block_1_52' title="bbox 577 3930 2155 3996">
    <p class='ocr_par' dir='ltr' id='par_1_52' title="bbox 577 3930 2155 3996">
     <span class='ocr_line' id='line_1_53' title="bbox 577 3930 2155 3996; baseline 0.003 -15"><span class='ocrx_word' id='word_1_467' title='bbox 577 3930 894 3985; x_wconf 72' lang='lat' dir='ltr'><strong>admitti-re?</strong></span> <span class='ocrx_word' id='word_1_468' title='bbox 921 3932 1084 3987; x_wconf 88' lang='lat' dir='ltr'><strong>Decet</strong></span> <span class='ocrx_word' id='word_1_469' title='bbox 1109 3949 1318 3987; x_wconf 76' lang='lat' dir='ltr'><strong>servum</strong></span> <span class='ocrx_word' id='word_1_470' title='bbox 1341 3933 1560 3996; x_wconf 81' lang='lat' dir='ltr'><strong>ChrtSti,</strong></span> <span class='ocrx_word' id='word_1_471' title='bbox 1586 3944 1880 3987; x_wconf 85' lang='lat' dir='ltr'><strong>amatorem</strong></span> <span class='ocrx_word' id='word_1_472' title='bbox 1910 3930 2022 3994; x_wconf 81' lang='lat' dir='ltr'><strong>Dei,</strong></span> <span class='ocrx_word' id='word_1_473' title='bbox 2053 3936 2155 3986; x_wconf 90' lang='lat' dir='ltr'><strong>tale</strong></span> 
     </span>
    </p>
   </div>
   <div class='ocr_carea' id='block_1_53' title="bbox 561 4001 2155 4071">
    <p class='ocr_par' dir='ltr' id='par_1_53' title="bbox 561 4001 2155 4071">
     <span class='ocr_line' id='line_1_54' title="bbox 561 4001 2155 4071; baseline 0.004 -19"><span class='ocrx_word' id='word_1_474' title='bbox 561 4001 777 4071; x_wconf 74' lang='lat' dir='ltr'><strong>&#39;aiiquld</strong></span> <span class='ocrx_word' id='word_1_475' title='bbox 811 4008 888 4056; x_wconf 85' lang='lat' dir='ltr'><strong>vel</strong></span> <span class='ocrx_word' id='word_1_476' title='bbox 923 4005 987 4056; x_wconf 87' lang='lat' dir='ltr'><strong>ad</strong></span> <span class='ocrx_word' id='word_1_477' title='bbox 1018 4008 1284 4059; x_wconf 87' lang='lat' dir='ltr'><strong>modicum</strong></span> <span class='ocrx_word' id='word_1_478' title='bbox 1310 4005 1590 4058; x_wconf 81' lang='lat' dir='ltr'><strong>meditari?</strong></span> <span class='ocrx_word' id='word_1_479' title='bbox 1627 4023 1644 4054; x_wconf 79' lang='grc' dir='ltr'><strong>ι</strong></span> <span class='ocrx_word' id='word_1_480' title='bbox 1683 4002 1883 4058; x_wconf 88' lang='lat' dir='ltr'><strong>Eadem</strong></span> <span class='ocrx_word' id='word_1_481' title='bbox 1913 4009 2155 4059; x_wconf 86' lang='lat' dir='ltr'><strong>oratione</strong></span> 
     </span>
    </p>
   </div>
   <div class='ocr_carea' id='block_1_54' title="bbox 577 4071 2156 4142">
    <p class='ocr_par' dir='ltr' id='par_1_54' title="bbox 577 4071 2156 4142">
     <span class='ocr_line' id='line_1_55' title="bbox 577 4071 2156 4142; baseline 0.002 -18"><span class='ocrx_word' id='word_1_482' title='bbox 577 4071 874 4126; x_wconf 78' lang='lat' dir='ltr'><strong>Gilbertum</strong></span> <span class='ocrx_word' id='word_1_483' title='bbox 933 4077 1210 4130; x_wconf 90' lang='lat' dir='ltr'><strong>eremitam</strong></span> <span class='ocrx_word' id='word_1_484' title='bbox 1280 4075 1344 4129; x_wconf 89' lang='lat' dir='ltr'><strong>ad</strong></span> <span class='ocrx_word' id='word_1_485' title='bbox 1406 4076 1785 4142; x_wconf 85' lang='lat' dir='ltr'><strong>perfectionem</strong></span> <span class='ocrx_word' id='word_1_486' title='bbox 1843 4076 2156 4128; x_wconf 83' lang='lat' dir='ltr'><strong>hortabatur</strong></span> 
     </span>
    </p>
   </div>
   <div class='ocr_carea' id='block_1_55' title="bbox 579 4142 2155 4218">
    <p class='ocr_par' dir='ltr' id='par_1_55' title="bbox 579 4142 2155 4218">
     <span class='ocr_line' id='line_1_56' title="bbox 579 4142 2155 4218; baseline 0.002 -22"><span class='ocrx_word' id='word_1_487' title='bbox 579 4142 764 4199; x_wconf 89' lang='lat' dir='ltr'><strong>Petrus</strong></span> <span class='ocrx_word' id='word_1_488' title='bbox 797 4145 1125 4202; x_wconf 72' lang='lat' dir='ltr'><strong>Venerabilis</strong></span> <span class='ocrx_word' id='word_1_489' title='bbox 1158 4147 1295 4218; x_wconf 83' lang='lat' dir='ltr'><strong>(Lib.</strong></span> <span class='ocrx_word' id='word_1_490' title='bbox 1349 4162 1396 4214; x_wconf 94' lang='lat' dir='ltr'><strong>t,</strong></span> <span class='ocrx_word' id='word_1_491' title='bbox 1445 4163 1544 4218; x_wconf 58' lang='lat' dir='ltr'><strong>ep.</strong></span> <span class='ocrx_word' id='word_1_492' title='bbox 1571 4143 1661 4210; x_wconf 72' lang='lat'><strong>20)</strong></span> <span class='ocrx_word' id='word_1_493' title='bbox 1708 4162 1719 4197; x_wconf 93' lang='lat'>:</span> <span class='ocrx_word' id='word_1_494' title='bbox 1768 4164 1786 4194; x_wconf 85' lang='grc' dir='ltr'><strong>ι</strong></span> <span class='ocrx_word' id='word_1_495' title='bbox 1832 4144 2030 4218; x_wconf 86' lang='lat' dir='ltr'><strong>Cellam</strong></span> <span class='ocrx_word' id='word_1_496' title='bbox 2063 4145 2155 4200; x_wconf 87' lang='lat' dir='ltr'><strong>tibi</strong></span> 
     </span>
    </p>
   </div>
   <div class='ocr_carea' id='block_1_56' title="bbox 576 4216 2153 4287">
    <p class='ocr_par' dir='ltr' id='par_1_56' title="bbox 576 4216 2153 4287">
     <span class='ocr_line' id='line_1_57' title="bbox 576 4216 2153 4287; baseline 0.001 -19"><span class='ocrx_word' id='word_1_497' title='bbox 576 4229 835 4287; x_wconf 82' lang='lat' dir='ltr'><strong>pmpouo,</strong></span> <span class='ocrx_word' id='word_1_498' title='bbox 862 4230 912 4269; x_wconf 91' lang='lat' dir='ltr'><strong>ut</strong></span> <span class='ocrx_word' id='word_1_499' title='bbox 937 4216 1229 4273; x_wconf 85' lang='lat' dir='ltr'><strong>secundum</strong></span> <span class='ocrx_word' id='word_1_500' title='bbox 1249 4218 1447 4285; x_wconf 84' lang='lat' dir='ltr'><strong>antiqui</strong></span> <span class='ocrx_word' id='word_1_501' title='bbox 1465 4216 1739 4287; x_wconf 79' lang='lat' dir='ltr'><strong>cujusdam</strong></span> <span class='ocrx_word' id='word_1_502' title='bbox 1768 4217 1936 4269; x_wconf 82' lang='lat' dir='ltr'><strong>l&#39;atris</strong></span> <span class='ocrx_word' id='word_1_503' title='bbox 1955 4218 2153 4270; x_wconf 80' lang='lat' dir='ltr'><strong>dictum</strong></span> 
     </span>
    </p>
   </div>
   <div class='ocr_carea' id='block_1_57' title="bbox 578 4285 2156 4358">
    <p class='ocr_par' dir='ltr' id='par_1_57' title="bbox 578 4285 2156 4358">
     <span class='ocr_line' id='line_1_58' title="bbox 578 4285 2156 4358; baseline 0 -18"><span class='ocrx_word' id='word_1_504' title='bbox 578 4285 689 4353; x_wconf 86' lang='lat' dir='ltr'><strong>ipsa</strong></span> <span class='ocrx_word' id='word_1_505' title='bbox 722 4288 834 4340; x_wconf 81' lang='lat' dir='ltr'><strong>Sola</strong></span> <span class='ocrx_word' id='word_1_506' title='bbox 882 4290 1221 4358; x_wconf 85' lang='lat' dir='ltr'><strong>eloquentius</strong></span> <span class='ocrx_word' id='word_1_507' title='bbox 1261 4291 1508 4342; x_wconf 87' lang='lat' dir='ltr'><strong>omnibus</strong></span> <span class='ocrx_word' id='word_1_508' title='bbox 1533 4285 1807 4355; x_wconf 82' lang='lat' dir='ltr'><strong>magistris</strong></span> <span class='ocrx_word' id='word_1_509' title='bbox 1849 4289 2073 4340; x_wconf 86' lang='lat' dir='ltr'><strong>tacendo</strong></span> <span class='ocrx_word' id='word_1_510' title='bbox 2105 4297 2156 4341; x_wconf 88' lang='lat' dir='ltr'><strong>te</strong></span> 
     </span>
    </p>
   </div>
   <div class='ocr_carea' id='block_1_58' title="bbox 581 4358 2156 4427">
    <p class='ocr_par' dir='ltr' id='par_1_58' title="bbox 581 4358 2156 4427">
     <span class='ocr_line' id='line_1_59' title="bbox 581 4358 2156 4427; baseline 0.001 -18"><span class='ocrx_word' id='word_1_511' title='bbox 581 4361 800 4422; x_wconf 75' lang='lat' dir='ltr'><strong>doceat;</strong></span> <span class='ocrx_word' id='word_1_512' title='bbox 853 4359 988 4413; x_wconf 84' lang='lat' dir='ltr'><strong>hanc</strong></span> <span class='ocrx_word' id='word_1_513' title='bbox 1015 4371 1160 4414; x_wconf 79' lang='lat' dir='ltr'><strong>certe</strong></span> <span class='ocrx_word' id='word_1_514' title='bbox 1199 4376 1303 4413; x_wconf 88' lang='lat' dir='ltr'><strong>non</strong></span> <span class='ocrx_word' id='word_1_515' title='bbox 1327 4361 1510 4414; x_wconf 89' lang='lat' dir='ltr'><strong>audire</strong></span> <span class='ocrx_word' id='word_1_516' title='bbox 1542 4375 1647 4411; x_wconf 88' lang='lat' dir='ltr'><strong>non</strong></span> <span class='ocrx_word' id='word_1_517' title='bbox 1678 4359 1910 4426; x_wconf 84' lang='lat' dir='ltr'><strong>poteris.</strong></span> <span class='ocrx_word' id='word_1_518' title='bbox 1943 4358 2156 4427; x_wconf 86' lang='lat' dir='ltr'><strong>quando</strong></span> 
     </span>
    </p>
   </div>
   <div class='ocr_carea' id='block_1_59' title="bbox 579 4429 2148 4498">
    <p class='ocr_par' dir='ltr' id='par_1_59' title="bbox 579 4429 2148 4498">
     <span class='ocr_line' id='line_1_60' title="bbox 579 4429 2148 4498; baseline 0.001 -20"><span class='ocrx_word' id='word_1_519' title='bbox 579 4441 698 4498; x_wconf 83' lang='lat' dir='ltr'><strong>eam</strong></span> <span class='ocrx_word' id='word_1_520' title='bbox 730 4430 1100 4498; x_wconf 77' lang='lat' dir='ltr'><strong>quatidianum</strong></span> <span class='ocrx_word' id='word_1_521' title='bbox 1129 4432 1315 4484; x_wconf 82' lang='lat' dir='ltr'><strong>salutis</strong></span> <span class='ocrx_word' id='word_1_522' title='bbox 1345 4441 1450 4482; x_wconf 72' lang='lat' dir='ltr'><strong>tua:</strong></span> <span class='ocrx_word' id='word_1_523' title='bbox 1491 4431 1808 4482; x_wconf 90' lang='lat' dir='ltr'><strong>monitorem</strong></span> <span class='ocrx_word' id='word_1_524' title='bbox 1851 4429 2093 4483; x_wconf 88' lang='lat' dir='ltr'><strong>habebis.</strong></span> <span class='ocrx_word' id='word_1_525' title='bbox 2130 4447 2148 4480; x_wconf 78' lang='grc' dir='ltr'><strong>ι</strong></span> 
     </span>
    </p>
   </div>
   <div class='ocr_carea' id='block_1_60' title="bbox 583 4496 2154 4567">
    <p class='ocr_par' dir='ltr' id='par_1_60' title="bbox 583 4496 2154 4567">
     <span class='ocr_line' id='line_1_61' title="bbox 583 4496 2154 4567; baseline 0.001 -17"><span class='ocrx_word' id='word_1_526' title='bbox 583 4496 836 4554; x_wconf 61' lang='grc' dir='ltr'>ίόιϊιίδ.</span> <span class='ocrx_word' id='word_1_527' title='bbox 873 4501 1192 4554; x_wconf 85' lang='lat' dir='ltr'><strong>Benedictus</strong></span> <span class='ocrx_word' id='word_1_528' title='bbox 1225 4500 1610 4567; x_wconf 88' lang='lat' dir='ltr'><strong>professionem</strong></span> <span class='ocrx_word' id='word_1_529' title='bbox 1648 4500 1999 4553; x_wconf 81' lang='lat' dir='ltr'><strong>monasticam</strong></span> <span class='ocrx_word' id='word_1_530' title='bbox 2049 4515 2154 4553; x_wconf 90' lang='lat' dir='ltr'><strong>non</strong></span> 
     </span>
    </p>
   </div>
   <div class='ocr_carea' id='block_1_61' title="bbox 580 4568 2150 4639">
    <p class='ocr_par' dir='ltr' id='par_1_61' title="bbox 580 4568 2150 4639">
     <span class='ocr_line' id='line_1_62' title="bbox 580 4568 2150 4639; baseline 0.003 -21"><span class='ocrx_word' id='word_1_531' title='bbox 580 4568 894 4635; x_wconf 83' lang='lat' dir='ltr'><strong>simpliciter</strong></span> <span class='ocrx_word' id='word_1_532' title='bbox 919 4572 1196 4638; x_wconf 79' lang='lat' dir='ltr'><strong>servitium,</strong></span> <span class='ocrx_word' id='word_1_533' title='bbox 1227 4573 1320 4625; x_wconf 88' lang='lat' dir='ltr'><strong>sed</strong></span> <span class='ocrx_word' id='word_1_534' title='bbox 1350 4576 1605 4623; x_wconf 82' lang='lat' dir='ltr'><strong>servitium</strong></span> <span class='ocrx_word' id='word_1_535' title='bbox 1635 4579 1864 4623; x_wconf 87' lang='lat' dir='ltr'><strong>sanctum</strong></span> <span class='ocrx_word' id='word_1_536' title='bbox 1896 4572 2150 4639; x_wconf 88' lang='lat' dir='ltr'><strong>appellat,</strong></span> 
     </span>
    </p>
   </div>
   <div class='ocr_carea' id='block_1_62' title="bbox 582 4641 2156 4712">
    <p class='ocr_par' dir='ltr' id='par_1_62' title="bbox 582 4641 2156 4712">
     <span class='ocr_line' id='line_1_63' title="bbox 582 4641 2156 4712; baseline 0.003 -22"><span class='ocrx_word' id='word_1_537' title='bbox 582 4649 690 4692; x_wconf 88' lang='lat' dir='ltr'><strong>ttun</strong></span> <span class='ocrx_word' id='word_1_538' title='bbox 735 4641 856 4708; x_wconf 88' lang='lat' dir='ltr'><strong>quia</strong></span> <span class='ocrx_word' id='word_1_539' title='bbox 883 4654 1124 4694; x_wconf 85' lang='lat' dir='ltr'><strong>sanetum</strong></span> <span class='ocrx_word' id='word_1_540' title='bbox 1163 4643 1328 4695; x_wconf 77' lang='lat' dir='ltr'><strong>efficit</strong></span> <span class='ocrx_word' id='word_1_541' title='bbox 1357 4643 1675 4695; x_wconf 89' lang='lat' dir='ltr'><strong>monaclmm</strong></span> <span class='ocrx_word' id='word_1_542' title='bbox 1697 4682 1714 4706; x_wconf 95' lang='lat'><strong>,</strong></span> <span class='ocrx_word' id='word_1_543' title='bbox 1750 4655 1858 4694; x_wconf 92' lang='lat' dir='ltr'><strong>tum</strong></span> <span class='ocrx_word' id='word_1_544' title='bbox 1911 4645 2029 4712; x_wconf 88' lang='lat' dir='ltr'><strong>quia</strong></span> <span class='ocrx_word' id='word_1_545' title='bbox 2060 4655 2156 4709; x_wconf 90' lang='lat' dir='ltr'><strong>per</strong></span> 
     </span>
    </p>
   </div>
   <div class='ocr_carea' id='block_1_63' title="bbox 581 4712 2152 4776">
    <p class='ocr_par' dir='ltr' id='par_1_63' title="bbox 581 4712 2152 4776">
     <span class='ocr_line' id='line_1_64' title="bbox 581 4712 2152 4776; baseline 0.003 -16"><span class='ocrx_word' id='word_1_546' title='bbox 581 4724 698 4762; x_wconf 89' lang='lat' dir='ltr'><strong>eam</strong></span> <span class='ocrx_word' id='word_1_547' title='bbox 738 4712 906 4765; x_wconf 84' lang='lat' dir='ltr'><strong>sancti</strong></span> <span class='ocrx_word' id='word_1_548' title='bbox 938 4721 1244 4766; x_wconf 88' lang='lat' dir='ltr'><strong>sanctorum</strong></span> <span class='ocrx_word' id='word_1_549' title='bbox 1278 4713 1487 4767; x_wconf 91' lang='lat' dir='ltr'><strong>Domini</strong></span> <span class='ocrx_word' id='word_1_550' title='bbox 1526 4713 1748 4766; x_wconf 88' lang='lat' dir='ltr'><strong>servitio</strong></span> <span class='ocrx_word' id='word_1_551' title='bbox 1788 4725 2152 4776; x_wconf 86' lang='lat' dir='ltr'><strong>consecratur,</strong></span> 
     </span>
    </p>
   </div>
   <div class='ocr_carea' id='block_1_64' title="bbox 582 4783 2156 4853">
    <p class='ocr_par' dir='ltr' id='par_1_64' title="bbox 582 4783 2156 4853">
     <span class='ocr_line' id='line_1_65' title="bbox 582 4783 2156 4853; baseline 0.003 -22"><span class='ocrx_word' id='word_1_552' title='bbox 582 4789 691 4853; x_wconf 82' lang='lat' dir='ltr'><strong>tum</strong></span> <span class='ocrx_word' id='word_1_553' title='bbox 722 4784 880 4835; x_wconf 89' lang='lat' dir='ltr'><strong>etiam</strong></span> <span class='ocrx_word' id='word_1_554' title='bbox 909 4799 928 4833; x_wconf 83' lang='grc' dir='ltr'><strong>ι</strong></span> <span class='ocrx_word' id='word_1_555' title='bbox 965 4783 1087 4852; x_wconf 88' lang='lat' dir='ltr'><strong>quia</strong></span> <span class='ocrx_word' id='word_1_556' title='bbox 1115 4795 1300 4837; x_wconf 88' lang='lat' dir='ltr'><strong>sancto</strong></span> <span class='ocrx_word' id='word_1_557' title='bbox 1332 4785 1604 4853; x_wconf 89' lang='lat' dir='ltr'><strong>proposito</strong></span> <span class='ocrx_word' id='word_1_558' title='bbox 1633 4799 1697 4836; x_wconf 84' lang='lat' dir='ltr'><strong>ex</strong></span> <span class='ocrx_word' id='word_1_559' title='bbox 1728 4784 1926 4852; x_wconf 79' lang='lat' dir='ltr'><strong>Spit-itu</strong></span> <span class='ocrx_word' id='word_1_560' title='bbox 1969 4796 2156 4836; x_wconf 86' lang='lat' dir='ltr'><strong>saneto</strong></span> 
     </span>
    </p>
   </div>
   <div class='ocr_carea' id='block_1_65' title="bbox 581 4849 2158 4916">
    <p class='ocr_par' dir='ltr' id='par_1_65' title="bbox 581 4849 2158 4916">
     <span class='ocr_line' id='line_1_66' title="bbox 581 4849 2158 4916; baseline 0.003 -14"><span class='ocrx_word' id='word_1_561' title='bbox 581 4849 886 4906; x_wconf 89' lang='lat' dir='ltr'><strong>inchoatum</strong></span> <span class='ocrx_word' id='word_1_562' title='bbox 917 4849 1020 4916; x_wconf 81' lang='lat' dir='ltr'><strong>est,</strong></span> <span class='ocrx_word' id='word_1_563' title='bbox 1055 4871 1073 4903; x_wconf 76' lang='grc' dir='ltr'><strong>ι</strong></span> <span class='ocrx_word' id='word_1_564' title='bbox 1109 4855 1310 4908; x_wconf 87' lang='lat' dir='ltr'><strong>utdicit</strong></span> <span class='ocrx_word' id='word_1_565' title='bbox 1334 4849 1692 4909; x_wconf 29' lang='lat' dir='ltr'><strong>V&#39;l‘rt&#39;themius.</strong></span> <span class='ocrx_word' id='word_1_566' title='bbox 1726 4849 1971 4909; x_wconf 70' lang='lat' dir='ltr'><strong>secunda</strong></span> <span class='ocrx_word' id='word_1_567' title='bbox 2022 4853 2158 4906; x_wconf 89' lang='lat' dir='ltr'><strong>ratio</strong></span> 
     </span>
    </p>
   </div>
   <div class='ocr_carea' id='block_1_66' title="bbox 579 4924 2158 4996">
    <p class='ocr_par' dir='ltr' id='par_1_66' title="bbox 579 4924 2158 4996">
     <span class='ocr_line' id='line_1_67' title="bbox 579 4924 2158 4996; baseline 0.001 -22"><span class='ocrx_word' id='word_1_568' title='bbox 579 4932 662 4974; x_wconf 86' lang='lat' dir='ltr'><strong>est</strong></span> <span class='ocrx_word' id='word_1_569' title='bbox 708 4933 915 4992; x_wconf 84' lang='lat' dir='ltr'><strong>propter</strong></span> <span class='ocrx_word' id='word_1_570' title='bbox 951 4934 1139 4996; x_wconf 81' lang='lat' dir='ltr'><strong>metum</strong></span> <span class='ocrx_word' id='word_1_571' title='bbox 1162 4926 1434 4995; x_wconf 67' lang='lat' dir='ltr'><strong>gehennae;</strong></span> <span class='ocrx_word' id='word_1_572' title='bbox 1464 4941 1570 4996; x_wconf 88' lang='lat' dir='ltr'><strong>quo</strong></span> <span class='ocrx_word' id='word_1_573' title='bbox 1611 4927 1827 4980; x_wconf 89' lang='lat' dir='ltr'><strong>nomine</strong></span> <span class='ocrx_word' id='word_1_574' title='bbox 1861 4940 1967 4979; x_wconf 92' lang='lat' dir='ltr'><strong>nou</strong></span> <span class='ocrx_word' id='word_1_575' title='bbox 1999 4924 2158 4978; x_wconf 89' lang='lat' dir='ltr'><strong>modo</strong></span> 
     </span>
    </p>
   </div>
   <div class='ocr_carea' id='block_1_67' title="bbox 580 4995 2160 5066">
    <p class='ocr_par' dir='ltr' id='par_1_67' title="bbox 580 4995 2160 5066">
     <span class='ocr_line' id='line_1_68' title="bbox 580 4995 2160 5066; baseline 0.004 -22"><span class='ocrx_word' id='word_1_576' title='bbox 580 5000 832 5066; x_wconf 50' lang='lat' dir='ltr'><strong>aitet-nam</strong></span> <span class='ocrx_word' id='word_1_577' title='bbox 851 5035 868 5061; x_wconf 92' lang='lat'><strong>,</strong></span> <span class='ocrx_word' id='word_1_578' title='bbox 897 4995 992 5049; x_wconf 91' lang='lat' dir='ltr'><strong>sed</strong></span> <span class='ocrx_word' id='word_1_579' title='bbox 1022 4995 1243 5065; x_wconf 85' lang='lat' dir='ltr'><strong>insuper</strong></span> <span class='ocrx_word' id='word_1_580' title='bbox 1273 4995 1625 5066; x_wconf 80' lang='lat' dir='ltr'><strong>temporalem</strong></span> <span class='ocrx_word' id='word_1_581' title='bbox 1663 5011 1874 5063; x_wconf 63' lang='lat' dir='ltr'><strong>pinnam</strong></span> <span class='ocrx_word' id='word_1_582' title='bbox 1911 4996 2160 5064; x_wconf 86' lang='lat' dir='ltr'><strong>intelligit</strong></span> 
     </span>
    </p>
   </div>
   <div class='ocr_carea' id='block_1_68' title="bbox 582 5061 2154 5142">
    <p class='ocr_par' dir='ltr' id='par_1_68' title="bbox 582 5061 2154 5142">
     <span class='ocr_line' id='line_1_69' title="bbox 582 5061 2154 5142; baseline 0.004 -29"><span class='ocrx_word' id='word_1_583' title='bbox 582 5061 946 5142; x_wconf 52' lang='lat' dir='ltr'><strong>liiidentafus;</strong></span> <span class='ocrx_word' id='word_1_584' title='bbox 978 5061 1281 5142; x_wconf 69' lang='lat' dir='ltr'><strong>quanquam</strong></span> <span class='ocrx_word' id='word_1_585' title='bbox 1303 5068 1368 5124; x_wconf 92' lang='lat' dir='ltr'><strong>de</strong></span> <span class='ocrx_word' id='word_1_586' title='bbox 1388 5061 1526 5142; x_wconf 65' lang='lat' dir='ltr'><strong>sola.</strong></span> <span class='ocrx_word' id='word_1_587' title='bbox 1550 5061 1874 5137; x_wconf 83' lang='lat' dir='ltr'><strong>sempiterna</strong></span> <span class='ocrx_word' id='word_1_588' title='bbox 1911 5061 2154 5134; x_wconf 79' lang='lat' dir='ltr'><strong>gehenita</strong></span> 
     </span>
    </p>
   </div>
   <div class='ocr_carea' id='block_1_69' title="bbox 580 5133 2159 5207">
    <p class='ocr_par' dir='ltr' id='par_1_69' title="bbox 580 5133 2159 5207">
     <span class='ocr_line' id='line_1_70' title="bbox 580 5133 2159 5207; baseline 0.002 -22"><span class='ocrx_word' id='word_1_589' title='bbox 580 5133 778 5207; x_wconf 85' lang='lat' dir='ltr'><strong>dictum</strong></span> <span class='ocrx_word' id='word_1_590' title='bbox 809 5135 864 5190; x_wconf 93' lang='lat' dir='ltr'><strong>S.</strong></span> <span class='ocrx_word' id='word_1_591' title='bbox 896 5136 953 5191; x_wconf 83' lang='lat' dir='ltr'><strong>P.</strong></span> <span class='ocrx_word' id='word_1_592' title='bbox 989 5133 1263 5194; x_wconf 84' lang='lat' dir='ltr'><strong>Benedicti</strong></span> <span class='ocrx_word' id='word_1_593' title='bbox 1287 5140 1604 5207; x_wconf 91' lang='lat' dir='ltr'><strong>capiendum</strong></span> <span class='ocrx_word' id='word_1_594' title='bbox 1634 5133 1891 5193; x_wconf 82' lang='lat' dir='ltr'><strong>censeant</strong></span> <span class='ocrx_word' id='word_1_595' title='bbox 1920 5133 2159 5190; x_wconf 71' lang='lat' dir='ltr'><strong>Bernar-</strong></span> 
     </span>
    </p>
   </div>
   <div class='ocr_carea' id='block_1_70' title="bbox 580 5205 2159 5283">
    <p class='ocr_par' dir='ltr' id='par_1_70' title="bbox 580 5205 2159 5283">
     <span class='ocr_line' id='line_1_71' title="bbox 580 5205 2159 5283; baseline 0.004 -28"><span class='ocrx_word' id='word_1_596' title='bbox 580 5205 680 5283; x_wconf 81' lang='lat' dir='ltr'><strong>dus</strong></span> <span class='ocrx_word' id='word_1_597' title='bbox 707 5207 1041 5283; x_wconf 75' lang='lat' dir='ltr'><strong>CassinenSts</strong></span> <span class='ocrx_word' id='word_1_598' title='bbox 1089 5221 1144 5283; x_wconf 84' lang='lat' dir='ltr'><strong>et</strong></span> <span class='ocrx_word' id='word_1_599' title='bbox 1187 5205 1466 5265; x_wconf 82' lang='lat' dir='ltr'><strong>Boberius.</strong></span> <span class='ocrx_word' id='word_1_600' title='bbox 1514 5212 1691 5265; x_wconf 83' lang='lat' dir='ltr'><strong>Tertia</strong></span> <span class='ocrx_word' id='word_1_601' title='bbox 1723 5209 1861 5283; x_wconf 88' lang='lat' dir='ltr'><strong>ratio</strong></span> <span class='ocrx_word' id='word_1_602' title='bbox 1888 5217 1970 5259; x_wconf 73' lang='lat' dir='ltr'><strong>est</strong></span> <span class='ocrx_word' id='word_1_603' title='bbox 2004 5208 2159 5278; x_wconf 70' lang='grc'><strong>172</strong></span> 
     </span>
    </p>
   </div>
   <div class='ocr_carea' id='block_1_71' title="bbox 579 5279 2160 5350">
    <p class='ocr_par' dir='ltr' id='par_1_71' title="bbox 579 5279 2160 5350">
     <span class='ocr_line' id='line_1_72' title="bbox 579 5279 2160 5350; baseline 0.002 -21"><span class='ocrx_word' id='word_1_604' title='bbox 579 5279 786 5346; x_wconf 75' lang='lat' dir='ltr'><strong>oropter</strong></span> <span class='ocrx_word' id='word_1_605' title='bbox 811 5279 1033 5348; x_wconf 83' lang='lat' dir='ltr'><strong>gloriam</strong></span> <span class='ocrx_word' id='word_1_606' title='bbox 1061 5281 1177 5334; x_wconf 71' lang='lat' dir='ltr'><strong>vita:</strong></span> <span class='ocrx_word' id='word_1_607' title='bbox 1206 5290 1431 5344; x_wconf 66' lang='grc' dir='ltr'><strong>(εἰει-πω,</strong></span> <span class='ocrx_word' id='word_1_608' title='bbox 1461 5296 1579 5350; x_wconf 67' lang='lat' dir='ltr'><strong>quae</strong></span> <span class='ocrx_word' id='word_1_609' title='bbox 1601 5292 1826 5349; x_wconf 84' lang='lat' dir='ltr'><strong>quantos</strong></span> <span class='ocrx_word' id='word_1_610' title='bbox 1855 5281 2160 5350; x_wconf 74' lang='lat' dir='ltr'><strong>hominibus</strong></span> 
     </span>
    </p>
   </div>
   <div class='ocr_carea' id='block_1_72' title="bbox 578 5346 2158 5419">
    <p class='ocr_par' dir='ltr' id='par_1_72' title="bbox 578 5346 2158 5419">
     <span class='ocr_line' id='line_1_73' title="bbox 578 5346 2158 5419; baseline 0.003 -20"><span class='ocrx_word' id='word_1_611' title='bbox 578 5350 645 5419; x_wconf 84' lang='lat' dir='ltr'><strong>ad</strong></span> <span class='ocrx_word' id='word_1_612' title='bbox 699 5346 847 5404; x_wconf 84' lang='lat' dir='ltr'><strong>recte</strong></span> <span class='ocrx_word' id='word_1_613' title='bbox 893 5351 1206 5419; x_wconf 88' lang='lat' dir='ltr'><strong>vivendum,</strong></span> <span class='ocrx_word' id='word_1_614' title='bbox 1255 5363 1311 5407; x_wconf 93' lang='lat' dir='ltr'><strong>et</strong></span> <span class='ocrx_word' id='word_1_615' title='bbox 1359 5346 1636 5406; x_wconf 76' lang='lat' dir='ltr'><strong>monachis</strong></span> <span class='ocrx_word' id='word_1_616' title='bbox 1683 5352 1748 5403; x_wconf 91' lang='lat' dir='ltr'><strong>ad</strong></span> <span class='ocrx_word' id='word_1_617' title='bbox 1799 5346 2158 5403; x_wconf 78' lang='lat' dir='ltr'><strong>obedientium</strong></span> 
     </span>
    </p>
   </div>
   <div class='ocr_carea' id='block_1_73' title="bbox 577 5418 1798 5492">
    <p class='ocr_par' dir='ltr' id='par_1_73' title="bbox 577 5418 1798 5492">
     <span class='ocr_line' id='line_1_74' title="bbox 577 5418 1798 5492; baseline 0 -20"><span class='ocrx_word' id='word_1_618' title='bbox 577 5418 824 5492; x_wconf 76' lang='lat' dir='ltr'><strong>stimulos</strong></span> <span class='ocrx_word' id='word_1_619' title='bbox 861 5423 1060 5478; x_wconf 89' lang='lat' dir='ltr'><strong>addere</strong></span> <span class='ocrx_word' id='word_1_620' title='bbox 1087 5425 1275 5492; x_wconf 86' lang='lat' dir='ltr'><strong>possit,</strong></span> <span class='ocrx_word' id='word_1_621' title='bbox 1307 5439 1466 5477; x_wconf 83' lang='lat' dir='ltr'><strong>nemo</strong></span> <span class='ocrx_word' id='word_1_622' title='bbox 1495 5438 1599 5476; x_wconf 91' lang='lat' dir='ltr'><strong>non</strong></span> <span class='ocrx_word' id='word_1_623' title='bbox 1631 5423 1798 5475; x_wconf 85' lang='lat' dir='ltr'><strong>videt.</strong></span> 
     </span>
    </p>
   </div>
   <div class='ocr_carea' id='block_1_74' title="bbox 649 5490 2156 5566">
    <p class='ocr_par' dir='ltr' id='par_1_74' title="bbox 649 5490 2156 5566">
     <span class='ocr_line' id='line_1_75' title="bbox 649 5490 2156 5566; baseline 0.001 -21"><span class='ocrx_word' id='word_1_624' title='bbox 649 5490 778 5566; x_wconf 61' lang='lat' dir='ltr'><strong>illam</strong></span> <span class='ocrx_word' id='word_1_625' title='bbox 832 5503 889 5566; x_wconf 74' lang='lat' dir='ltr'><strong>at</strong></span> <span class='ocrx_word' id='word_1_626' title='bbox 933 5490 1129 5564; x_wconf 79' lang='lat' dir='ltr'><strong>aliquid</strong></span> <span class='ocrx_word' id='word_1_627' title='bbox 1179 5496 1482 5566; x_wconf 78' lang='lat' dir='ltr'><strong>imperatum</strong></span> <span class='ocrx_word' id='word_1_628' title='bbox 1531 5508 1575 5566; x_wconf 13' lang='lat' dir='ltr'><strong>a7</strong></span> <span class='ocrx_word' id='word_1_629' title='bbox 1603 5493 1812 5566; x_wconf 77' lang='lat' dir='ltr'><strong>_majore</strong></span> <span class='ocrx_word' id='word_1_630' title='bbox 1863 5491 2073 5566; x_wconf 76' lang='lat' dir='ltr'><strong>fuerit.]_</strong></span> <span class='ocrx_word' id='word_1_631' title='bbox 2114 5493 2156 5546; x_wconf 84' lang='lat' dir='ltr'><strong>A</strong></span> 
     </span>
    </p>
   </div>
   <div class='ocr_carea' id='block_1_75' title="bbox 574 5561 2154 5635">
    <p class='ocr_par' dir='ltr' id='par_1_75' title="bbox 574 5561 2154 5635">
     <span class='ocr_line' id='line_1_76' title="bbox 574 5561 2154 5635; baseline -0.001 -18"><span class='ocrx_word' id='word_1_632' title='bbox 574 5563 802 5633; x_wconf 84' lang='lat' dir='ltr'><strong>majore,</strong></span> <span class='ocrx_word' id='word_1_633' title='bbox 834 5561 1027 5634; x_wconf 77' lang='lat' dir='ltr'><strong>inquit,</strong></span> <span class='ocrx_word' id='word_1_634' title='bbox 1051 5569 1176 5635; x_wconf 91' lang='lat' dir='ltr'><strong>quia</strong></span> <span class='ocrx_word' id='word_1_635' title='bbox 1207 5561 1311 5621; x_wconf 79' lang='lat' dir='ltr'><strong>non</strong></span> <span class='ocrx_word' id='word_1_636' title='bbox 1336 5565 1508 5635; x_wconf 87' lang='lat' dir='ltr'><strong>solum</strong></span> <span class='ocrx_word' id='word_1_637' title='bbox 1531 5561 1711 5635; x_wconf 65' lang='lat' dir='ltr'><strong>abbati</strong></span> <span class='ocrx_word' id='word_1_638' title='bbox 1736 5571 1826 5616; x_wconf 87' lang='lat' dir='ltr'><strong>aut</strong></span> <span class='ocrx_word' id='word_1_639' title='bbox 1849 5561 2154 5635; x_wconf 71' lang='lat' dir='ltr'><strong>praeposito,</strong></span> 
     </span>
    </p>
   </div>
   <div class='ocr_carea' id='block_1_76' title="bbox 574 5634 2155 5705">
    <p class='ocr_par' dir='ltr' id='par_1_76' title="bbox 574 5634 2155 5705">
     <span class='ocr_line' id='line_1_77' title="bbox 574 5634 2155 5705; baseline -0.001 -17"><span class='ocrx_word' id='word_1_640' title='bbox 574 5637 672 5688; x_wconf 83' lang='lat' dir='ltr'><strong>sed</strong></span> <span class='ocrx_word' id='word_1_641' title='bbox 691 5639 848 5690; x_wconf 78' lang='lat' dir='ltr'><strong>etiam</strong></span> <span class='ocrx_word' id='word_1_642' title='bbox 871 5639 1137 5704; x_wconf 88' lang='lat' dir='ltr'><strong>prioribus</strong></span> <span class='ocrx_word' id='word_1_643' title='bbox 1151 5639 1266 5691; x_wconf 89' lang='lat' dir='ltr'><strong>sive</strong></span> <span class='ocrx_word' id='word_1_644' title='bbox 1283 5634 1672 5705; x_wconf 84' lang='lat' dir='ltr'><strong>antiquioribus</strong></span> <span class='ocrx_word' id='word_1_645' title='bbox 1693 5635 1915 5705; x_wconf 86' lang='lat' dir='ltr'><strong>obedire</strong></span> <span class='ocrx_word' id='word_1_646' title='bbox 1936 5634 2155 5698; x_wconf 85' lang='lat' dir='ltr'><strong>debent;</strong></span> 
     </span>
    </p>
   </div>
   <div class='ocr_carea' id='block_1_77' title="bbox 575 5703 2154 5777">
    <p class='ocr_par' dir='ltr' id='par_1_77' title="bbox 575 5703 2154 5777">
     <span class='ocr_line' id='line_1_78' title="bbox 575 5703 2154 5777; baseline -0.002 -17"><span class='ocrx_word' id='word_1_647' title='bbox 575 5708 856 5773; x_wconf 68' lang='lat' dir='ltr'><strong>praemisso</strong></span> <span class='ocrx_word' id='word_1_648' title='bbox 873 5703 1062 5764; x_wconf 77' lang='lat' dir='ltr'><strong>tamen</strong></span> <span class='ocrx_word' id='word_1_649' title='bbox 1088 5707 1298 5764; x_wconf 86' lang='lat' dir='ltr'><strong>abbatis</strong></span> <span class='ocrx_word' id='word_1_650' title='bbox 1326 5703 1428 5761; x_wconf 74' lang='lat' dir='ltr'><strong>aut</strong></span> <span class='ocrx_word' id='word_1_651' title='bbox 1445 5703 1855 5777; x_wconf 66' lang='lat' dir='ltr'><strong>praposttoritm</strong></span> <span class='ocrx_word' id='word_1_652' title='bbox 1895 5705 2121 5777; x_wconf 83' lang='lat' dir='ltr'><strong>imperio</strong></span> <span class='ocrx_word' id='word_1_653' title='bbox 2137 5744 2154 5769; x_wconf 97' lang='lat'><strong>,</strong></span> 
     </span>
    </p>
   </div>
   <div class='ocr_carea' id='block_1_78' title="bbox 573 5775 2157 5847">
    <p class='ocr_par' dir='ltr' id='par_1_78' title="bbox 573 5775 2157 5847">
     <span class='ocr_line' id='line_1_79' title="bbox 573 5775 2157 5847; baseline 0.002 -19"><span class='ocrx_word' id='word_1_654' title='bbox 573 5785 631 5847; x_wconf 77' lang='lat' dir='ltr'><strong>ut</strong></span> <span class='ocrx_word' id='word_1_655' title='bbox 667 5787 816 5832; x_wconf 79' lang='lat' dir='ltr'><strong>notat</strong></span> <span class='ocrx_word' id='word_1_656' title='bbox 852 5778 1142 5844; x_wconf 77' lang='lat' dir='ltr'><strong>Boherius,</strong></span> <span class='ocrx_word' id='word_1_657' title='bbox 1172 5781 1417 5847; x_wconf 79' lang='lat' dir='ltr'><strong>quamvis</strong></span> <span class='ocrx_word' id='word_1_658' title='bbox 1447 5775 1535 5832; x_wconf 86' lang='lat' dir='ltr'><strong>hic</strong></span> <span class='ocrx_word' id='word_1_659' title='bbox 1563 5775 1778 5845; x_wconf 80' lang='lat' dir='ltr'><strong>Majoris</strong></span> <span class='ocrx_word' id='word_1_660' title='bbox 1815 5775 2032 5831; x_wconf 85' lang='lat' dir='ltr'><strong>nomine</strong></span> <span class='ocrx_word' id='word_1_661' title='bbox 2059 5775 2157 5831; x_wconf 87' lang='lat' dir='ltr'><strong>ab-</strong></span> 
     </span>
    </p>
   </div>
   <div class='ocr_carea' id='block_1_79' title="bbox 569 5844 1972 5922">
    <p class='ocr_par' dir='ltr' id='par_1_79' title="bbox 569 5844 1972 5922">
     <span class='ocr_line' id='line_1_80' title="bbox 569 5844 1972 5922; baseline -0.002 -18"><span class='ocrx_word' id='word_1_662' title='bbox 569 5844 745 5904; x_wconf 75' lang='lat' dir='ltr'><strong>batem</strong></span> <span class='ocrx_word' id='word_1_663' title='bbox 772 5852 988 5919; x_wconf 80' lang='lat' dir='ltr'><strong>preprie</strong></span> <span class='ocrx_word' id='word_1_664' title='bbox 1010 5844 1416 5922; x_wconf 71' lang='lat' dir='ltr'><strong>intelligendum</strong></span> <span class='ocrx_word' id='word_1_665' title='bbox 1445 5864 1565 5906; x_wconf 84' lang='lat' dir='ltr'><strong>esse</strong></span> <span class='ocrx_word' id='word_1_666' title='bbox 1584 5844 1972 5906; x_wconf 82' lang='lat' dir='ltr'><strong>existimarem.</strong></span> 
     </span>
    </p>
   </div>
   <div class='ocr_carea' id='block_1_80' title="bbox 2256 1173 3872 1241">
    <p class='ocr_par' dir='ltr' id='par_1_80' title="bbox 2256 1173 3872 1241">
     <span class='ocr_line' id='line_1_81' title="bbox 2256 1173 3872 1241; baseline -0.001 -12"><span class='ocrx_word' id='word_1_667' title='bbox 2256 1173 2476 1230; x_wconf 86' lang='lat' dir='ltr'><strong>alterius</strong></span> <span class='ocrx_word' id='word_1_668' title='bbox 2521 1175 2774 1241; x_wconf 82' lang='lat' dir='ltr'><strong>Macarii,</strong></span> <span class='ocrx_word' id='word_1_669' title='bbox 2823 1175 3085 1240; x_wconf 87' lang='lat' dir='ltr'><strong>superiori</strong></span> <span class='ocrx_word' id='word_1_670' title='bbox 3135 1183 3384 1240; x_wconf 86' lang='lat' dir='ltr'><strong>tanquam</strong></span> <span class='ocrx_word' id='word_1_671' title='bbox 3445 1173 3688 1228; x_wconf 80' lang='lat' dir='ltr'><strong>Domino</strong></span> <span class='ocrx_word' id='word_1_672' title='bbox 3734 1188 3872 1228; x_wconf 86' lang='lat' dir='ltr'><strong>cum</strong></span> 
     </span>
    </p>
   </div>
   <div class='ocr_carea' id='block_1_81' title="bbox 2256 1245 3140 1302">
    <p class='ocr_par' dir='ltr' id='par_1_81' title="bbox 2256 1245 3140 1302">
     <span class='ocr_line' id='line_1_82' title="bbox 2256 1245 3140 1302; baseline -0.005 -2"><span class='ocrx_word' id='word_1_673' title='bbox 2256 1247 2399 1301; x_wconf 92' lang='lat' dir='ltr'><strong>omni</strong></span> <span class='ocrx_word' id='word_1_674' title='bbox 2429 1248 2611 1302; x_wconf 64' lang='lat' dir='ltr'><strong>laetitia</strong></span> <span class='ocrx_word' id='word_1_675' title='bbox 2641 1245 2998 1300; x_wconf 81' lang='lat' dir='ltr'><strong>obedientium</strong></span> <span class='ocrx_word' id='word_1_676' title='bbox 3039 1254 3140 1298; x_wconf 86' lang='lat' dir='ltr'><strong>est.</strong></span> 
     </span>
    </p>
   </div>
   <div class='ocr_carea' id='block_1_82' title="bbox 2337 1311 3872 1388">
    <p class='ocr_par' dir='ltr' id='par_1_82' title="bbox 2337 1311 3872 1388">
     <span class='ocr_line' id='line_1_83' title="bbox 2337 1311 3872 1388; baseline -0.003 -16"><span class='ocrx_word' id='word_1_677' title='bbox 2337 1316 2410 1388; x_wconf 76' lang='lat' dir='ltr'><strong>De</strong></span> <span class='ocrx_word' id='word_1_678' title='bbox 2435 1320 2618 1388; x_wconf 77' lang='lat' dir='ltr'><strong>quibus</strong></span> <span class='ocrx_word' id='word_1_679' title='bbox 2644 1311 2895 1370; x_wconf 76' lang='lat' dir='ltr'><strong>Dominus</strong></span> <span class='ocrx_word' id='word_1_680' title='bbox 2925 1316 3047 1368; x_wconf 82' lang='lat' dir='ltr'><strong>dicit</strong></span> <span class='ocrx_word' id='word_1_681' title='bbox 3079 1330 3098 1368; x_wconf 90' lang='lat'><strong><em>:</em></strong></span> <span class='ocrx_word' id='word_1_682' title='bbox 3120 1333 3150 1388; x_wconf 78' lang='lat' dir='ltr'><strong>_t_</strong></span> <span class='ocrx_word' id='word_1_683' title='bbox 3181 1314 3438 1388; x_wconf 80' lang='lat' dir='ltr'><strong>Obauditu</strong></span> <span class='ocrx_word' id='word_1_684' title='bbox 3457 1315 3603 1369; x_wconf 78' lang='lat' dir='ltr'><strong>auris</strong></span> <span class='ocrx_word' id='word_1_685' title='bbox 3628 1315 3872 1370; x_wconf 70' lang='lat' dir='ltr'><strong>abestis-it</strong></span> 
     </span>
    </p>
   </div>
   <div class='ocr_carea' id='block_1_83' title="bbox 2259 1385 3528 1458">
    <p class='ocr_par' dir='ltr' id='par_1_83' title="bbox 2259 1385 3528 1458">
     <span class='ocr_line' id='line_1_84' title="bbox 2259 1385 3528 1458; baseline -0.001 -17"><span class='ocrx_word' id='word_1_686' title='bbox 2259 1387 2406 1442; x_wconf 84' lang='lat' dir='ltr'><strong>mihi.</strong></span> <span class='ocrx_word' id='word_1_687' title='bbox 2445 1385 2580 1458; x_wconf 73' lang='lat' dir='ltr'><strong>i]ld</strong></span> <span class='ocrx_word' id='word_1_688' title='bbox 2613 1401 2714 1453; x_wconf 87' lang='lat' dir='ltr'><strong>est,</strong></span> <span class='ocrx_word' id='word_1_689' title='bbox 2746 1389 2924 1441; x_wconf 90' lang='lat' dir='ltr'><strong>statim</strong></span> <span class='ocrx_word' id='word_1_690' title='bbox 2949 1397 3006 1458; x_wconf 92' lang='lat' dir='ltr'><strong>ut</strong></span> <span class='ocrx_word' id='word_1_691' title='bbox 3031 1385 3250 1451; x_wconf 81' lang='lat' dir='ltr'><strong>audivit,</strong></span> <span class='ocrx_word' id='word_1_692' title='bbox 3275 1387 3528 1443; x_wconf 88' lang='lat' dir='ltr'><strong>obedivit.</strong></span> 
     </span>
    </p>
   </div>
   <div class='ocr_carea' id='block_1_84' title="bbox 2329 1457 3868 1529">
    <p class='ocr_par' dir='ltr' id='par_1_84' title="bbox 2329 1457 3868 1529">
     <span class='ocr_line' id='line_1_85' title="bbox 2329 1457 3868 1529; baseline 0 -18"><span class='ocrx_word' id='word_1_693' title='bbox 2329 1458 2394 1511; x_wconf 82' lang='lat' dir='ltr'><strong>Et</strong></span> <span class='ocrx_word' id='word_1_694' title='bbox 2445 1457 2563 1511; x_wconf 83' lang='lat' dir='ltr'><strong>item</strong></span> <span class='ocrx_word' id='word_1_695' title='bbox 2610 1460 2733 1511; x_wconf 85' lang='lat' dir='ltr'><strong>dicit</strong></span> <span class='ocrx_word' id='word_1_696' title='bbox 2762 1457 3051 1510; x_wconf 82' lang='lat' dir='ltr'><strong>doctoribus</strong></span> <span class='ocrx_word' id='word_1_697' title='bbox 3085 1457 3220 1529; x_wconf 78' lang='lat' dir='ltr'><strong>:qui</strong></span> <span class='ocrx_word' id='word_1_698' title='bbox 3241 1473 3325 1509; x_wconf 88' lang='lat' dir='ltr'><strong>vos</strong></span> <span class='ocrx_word' id='word_1_699' title='bbox 3350 1458 3497 1529; x_wconf 78' lang='lat' dir='ltr'><strong>audit</strong></span> <span class='ocrx_word' id='word_1_700' title='bbox 3526 1473 3611 1510; x_wconf 89' lang='lat' dir='ltr'><strong>me</strong></span> <span class='ocrx_word' id='word_1_701' title='bbox 3647 1458 3868 1529; x_wconf 56' lang='lat' dir='ltr'><strong>audit.)</strong></span> 
     </span>
    </p>
   </div>
   <div class='ocr_carea' id='block_1_85' title="bbox 2258 1527 3868 1598">
    <p class='ocr_par' dir='ltr' id='par_1_85' title="bbox 2258 1527 3868 1598">
     <span class='ocr_line' id='line_1_86' title="bbox 2258 1527 3868 1598; baseline 0.002 -18"><span class='ocrx_word' id='word_1_702' title='bbox 2258 1527 2600 1592; x_wconf 83' lang='lat' dir='ltr'><strong>Doctoribus,</strong></span> <span class='ocrx_word' id='word_1_703' title='bbox 2631 1531 2829 1598; x_wconf 88' lang='lat' dir='ltr'><strong>inquit,</strong></span> <span class='ocrx_word' id='word_1_704' title='bbox 2861 1542 2929 1581; x_wconf 91' lang='lat' dir='ltr'><strong>ne</strong></span> <span class='ocrx_word' id='word_1_705' title='bbox 2971 1529 3104 1582; x_wconf 87' lang='lat' dir='ltr'><strong>forte</strong></span> <span class='ocrx_word' id='word_1_706' title='bbox 3135 1527 3254 1594; x_wconf 84' lang='lat' dir='ltr'><strong>quis</strong></span> <span class='ocrx_word' id='word_1_707' title='bbox 3281 1527 3411 1582; x_wconf 87' lang='lat' dir='ltr'><strong>solis</strong></span> <span class='ocrx_word' id='word_1_708' title='bbox 3455 1528 3735 1596; x_wconf 86' lang='lat' dir='ltr'><strong>apostolis</strong></span> <span class='ocrx_word' id='word_1_709' title='bbox 3766 1527 3868 1584; x_wconf 76' lang='lat' dir='ltr'><strong>aut</strong></span> 
     </span>
    </p>
   </div>
   <div class='ocr_carea' id='block_1_86' title="bbox 2255 1599 3228 1668">
    <p class='ocr_par' dir='ltr' id='par_1_86' title="bbox 2255 1599 3228 1668">
     <span class='ocr_line' id='line_1_87' title="bbox 2255 1599 3228 1668; baseline -0.002 -15"><span class='ocrx_word' id='word_1_710' title='bbox 2255 1601 2532 1668; x_wconf 81' lang='lat' dir='ltr'><strong>discipulis</strong></span> <span class='ocrx_word' id='word_1_711' title='bbox 2565 1601 2677 1654; x_wconf 75' lang='lat' dir='ltr'><strong>hate</strong></span> <span class='ocrx_word' id='word_1_712' title='bbox 2705 1601 2843 1653; x_wconf 90' lang='lat' dir='ltr'><strong>dicta</strong></span> <span class='ocrx_word' id='word_1_713' title='bbox 2872 1599 3228 1668; x_wconf 80' lang='lat' dir='ltr'><strong>existimaret.</strong></span> 
     </span>
    </p>
   </div>
   <div class='ocr_carea' id='block_1_87' title="bbox 2329 1666 3864 1740">
    <p class='ocr_par' dir='ltr' id='par_1_87' title="bbox 2329 1666 3864 1740">
     <span class='ocr_line' id='line_1_88' title="bbox 2329 1666 3864 1740; baseline 0.001 -17"><span class='ocrx_word' id='word_1_714' title='bbox 2329 1666 2468 1738; x_wconf 62' lang='lat' dir='ltr'><strong>Ergo</strong></span> <span class='ocrx_word' id='word_1_715' title='bbox 2489 1672 2539 1724; x_wconf 81' lang='lat' dir='ltr'><strong>lii</strong></span> <span class='ocrx_word' id='word_1_716' title='bbox 2562 1668 2732 1740; x_wconf 88' lang='lat' dir='ltr'><strong>tales.]</strong></span> <span class='ocrx_word' id='word_1_717' title='bbox 2759 1668 2860 1735; x_wconf 86' lang='lat' dir='ltr'><strong>Qui</strong></span> <span class='ocrx_word' id='word_1_718' title='bbox 2886 1669 3017 1723; x_wconf 93' lang='lat' dir='ltr'><strong>nihil</strong></span> <span class='ocrx_word' id='word_1_719' title='bbox 3037 1669 3140 1722; x_wconf 86' lang='lat' dir='ltr'><strong>sibi</strong></span> <span class='ocrx_word' id='word_1_720' title='bbox 3157 1667 3372 1722; x_wconf 70' lang='lat' dir='ltr'><strong>CbriSto</strong></span> <span class='ocrx_word' id='word_1_721' title='bbox 3394 1666 3616 1723; x_wconf 86' lang='lat' dir='ltr'><strong>cbarius</strong></span> <span class='ocrx_word' id='word_1_722' title='bbox 3640 1670 3864 1738; x_wconf 78' lang='lat' dir='ltr'><strong>aliquid</strong></span> 
     </span>
    </p>
   </div>
   <div class='ocr_carea' id='block_1_88' title="bbox 2254 1744 2580 1796">
    <p class='ocr_par' dir='ltr' id='par_1_88' title="bbox 2254 1744 2580 1796">
     <span class='ocr_line' id='line_1_89' title="bbox 2254 1744 2580 1796; baseline -0.003 -1"><span class='ocrx_word' id='word_1_723' title='bbox 2254 1744 2580 1796; x_wconf 83' lang='lat' dir='ltr'><strong>existimant.</strong></span> 
     </span>
    </p>
   </div>
   <div class='ocr_carea' id='block_1_89' title="bbox 2328 1809 3864 1882">
    <p class='ocr_par' dir='ltr' id='par_1_89' title="bbox 2328 1809 3864 1882">
     <span class='ocr_line' id='line_1_90' title="bbox 2328 1809 3864 1882; baseline 0.001 -17"><span class='ocrx_word' id='word_1_724' title='bbox 2328 1811 2684 1882; x_wconf 81' lang='lat' dir='ltr'><strong>Relinquentes</strong></span> <span class='ocrx_word' id='word_1_725' title='bbox 2724 1814 2895 1866; x_wconf 82' lang='lat' dir='ltr'><strong>statim</strong></span> <span class='ocrx_word' id='word_1_726' title='bbox 2925 1828 3036 1882; x_wconf 71' lang='lat' dir='ltr'><strong>qua:</strong></span> <span class='ocrx_word' id='word_1_727' title='bbox 3055 1828 3148 1866; x_wconf 87' lang='lat' dir='ltr'><strong>sua</strong></span> <span class='ocrx_word' id='word_1_728' title='bbox 3189 1809 3352 1881; x_wconf 81' lang='lat' dir='ltr'><strong>sunt.]</strong></span> <span class='ocrx_word' id='word_1_729' title='bbox 3367 1881 3382 1882; x_wconf 20' lang='lat' dir='ltr'>ﬂ</span> <span class='ocrx_word' id='word_1_730' title='bbox 3398 1809 3452 1864; x_wconf 90' lang='lat' dir='ltr'><strong>Id</strong></span> <span class='ocrx_word' id='word_1_731' title='bbox 3495 1819 3579 1864; x_wconf 89' lang='lat' dir='ltr'><strong>est</strong></span> <span class='ocrx_word' id='word_1_732' title='bbox 3622 1826 3758 1878; x_wconf 64' lang='lat' dir='ltr'><strong>qua</strong></span> <span class='ocrx_word' id='word_1_733' title='bbox 3795 1813 3864 1867; x_wconf 74' lang='lat' dir='ltr'><strong>ad</strong></span> 
     </span>
    </p>
   </div>
   <div class='ocr_carea' id='block_1_90' title="bbox 2259 1881 3862 1952">
    <p class='ocr_par' dir='ltr' id='par_1_90' title="bbox 2259 1881 3862 1952">
     <span class='ocr_line' id='line_1_91' title="bbox 2259 1881 3862 1952; baseline 0.001 -16"><span class='ocrx_word' id='word_1_734' title='bbox 2259 1881 2528 1952; x_wconf 90' lang='lat' dir='ltr'><strong>propriam</strong></span> <span class='ocrx_word' id='word_1_735' title='bbox 2549 1885 2828 1937; x_wconf 89' lang='lat' dir='ltr'><strong>utilitatem</strong></span> <span class='ocrx_word' id='word_1_736' title='bbox 2856 1881 2954 1937; x_wconf 87' lang='lat' dir='ltr'><strong>sibi</strong></span> <span class='ocrx_word' id='word_1_737' title='bbox 2979 1883 3046 1935; x_wconf 89' lang='lat' dir='ltr'><strong>ab</strong></span> <span class='ocrx_word' id='word_1_738' title='bbox 3062 1881 3256 1936; x_wconf 86' lang='lat' dir='ltr'><strong>abbate</strong></span> <span class='ocrx_word' id='word_1_739' title='bbox 3281 1891 3336 1934; x_wconf 91' lang='lat' dir='ltr'><strong>et</strong></span> <span class='ocrx_word' id='word_1_740' title='bbox 3359 1881 3555 1945; x_wconf 69' lang='lat' dir='ltr'><strong>Regula</strong></span> <span class='ocrx_word' id='word_1_741' title='bbox 3583 1895 3862 1937; x_wconf 78' lang='lat' dir='ltr'><strong>concessa</strong></span> 
     </span>
    </p>
   </div>
   <div class='ocr_carea' id='block_1_91' title="bbox 2255 1952 3859 2023">
    <p class='ocr_par' dir='ltr' id='par_1_91' title="bbox 2255 1952 3859 2023">
     <span class='ocr_line' id='line_1_92' title="bbox 2255 1952 3859 2023; baseline 0.001 -17"><span class='ocrx_word' id='word_1_742' title='bbox 2255 1964 2410 2019; x_wconf 85' lang='lat' dir='ltr'><strong>sunt,</strong></span> <span class='ocrx_word' id='word_1_743' title='bbox 2472 1965 2528 2007; x_wconf 93' lang='lat' dir='ltr'><strong>ut</strong></span> <span class='ocrx_word' id='word_1_744' title='bbox 2567 1955 2794 2023; x_wconf 72' lang='lat' dir='ltr'><strong>exponit</strong></span> <span class='ocrx_word' id='word_1_745' title='bbox 2827 1955 3189 2017; x_wconf 88' lang='lat' dir='ltr'><strong>llildetnarus;</strong></span> <span class='ocrx_word' id='word_1_746' title='bbox 3241 1967 3361 2006; x_wconf 89' lang='lat' dir='ltr'><strong>nam</strong></span> <span class='ocrx_word' id='word_1_747' title='bbox 3403 1952 3859 2023; x_wconf 15' lang='lat' dir='ltr'><strong>monaebirsuun</strong></span> 
     </span>
    </p>
   </div>
   <div class='ocr_carea' id='block_1_92' title="bbox 2261 2022 3858 2092">
    <p class='ocr_par' dir='ltr' id='par_1_92' title="bbox 2261 2022 3858 2092">
     <span class='ocr_line' id='line_1_93' title="bbox 2261 2022 3858 2092; baseline 0 -14"><span class='ocrx_word' id='word_1_748' title='bbox 2261 2026 2390 2079; x_wconf 94' lang='lat' dir='ltr'><strong>nihil</strong></span> <span class='ocrx_word' id='word_1_749' title='bbox 2425 2022 2795 2087; x_wconf 30' lang='lat' dir='ltr'><strong>habetit,’cum</strong></span> <span class='ocrx_word' id='word_1_750' title='bbox 2821 2039 2921 2080; x_wconf 87' lang='lat' dir='ltr'><strong>nec</strong></span> <span class='ocrx_word' id='word_1_751' title='bbox 2949 2038 3195 2092; x_wconf 89' lang='lat' dir='ltr'><strong>corpora,</strong></span> <span class='ocrx_word' id='word_1_752' title='bbox 3217 2037 3315 2076; x_wconf 89' lang='lat' dir='ltr'><strong>nec</strong></span> <span class='ocrx_word' id='word_1_753' title='bbox 3338 2023 3647 2076; x_wconf 84' lang='lat' dir='ltr'><strong>voluntates</strong></span> <span class='ocrx_word' id='word_1_754' title='bbox 3667 2022 3731 2076; x_wconf 90' lang='lat' dir='ltr'><strong>in</strong></span> <span class='ocrx_word' id='word_1_755' title='bbox 3758 2040 3858 2078; x_wconf 84' lang='lat' dir='ltr'><strong>sua</strong></span> 
     </span>
    </p>
   </div>
   <div class='ocr_carea' id='block_1_93' title="bbox 2257 2093 3857 2164">
    <p class='ocr_par' dir='ltr' id='par_1_93' title="bbox 2257 2093 3857 2164">
     <span class='ocr_line' id='line_1_94' title="bbox 2257 2093 3857 2164; baseline -0.001 -16"><span class='ocrx_word' id='word_1_756' title='bbox 2257 2096 2470 2149; x_wconf 89' lang='lat' dir='ltr'><strong>illorum</strong></span> <span class='ocrx_word' id='word_1_757' title='bbox 2488 2104 2772 2164; x_wconf 86' lang='lat' dir='ltr'><strong>potestate.</strong></span> <span class='ocrx_word' id='word_1_758' title='bbox 2801 2094 2894 2150; x_wconf 84' lang='lat' dir='ltr'><strong>Vel</strong></span> <span class='ocrx_word' id='word_1_759' title='bbox 2915 2109 3034 2164; x_wconf 69' lang='lat' dir='ltr'><strong>qua:</strong></span> <span class='ocrx_word' id='word_1_760' title='bbox 3054 2109 3150 2149; x_wconf 87' lang='lat' dir='ltr'><strong>sua</strong></span> <span class='ocrx_word' id='word_1_761' title='bbox 3175 2104 3322 2157; x_wconf 86' lang='lat' dir='ltr'><strong>sunt,</strong></span> <span class='ocrx_word' id='word_1_762' title='bbox 3345 2093 3554 2147; x_wconf 85' lang='lat' dir='ltr'><strong>scilicet</strong></span> <span class='ocrx_word' id='word_1_763' title='bbox 3583 2109 3752 2161; x_wconf 84' lang='lat' dir='ltr'><strong>opere</strong></span> <span class='ocrx_word' id='word_1_764' title='bbox 3780 2099 3857 2147; x_wconf 72' lang='lat' dir='ltr'><strong>uel</strong></span> 
     </span>
    </p>
   </div>
   <div class='ocr_carea' id='block_1_94' title="bbox 2255 2165 3858 2236">
    <p class='ocr_par' dir='ltr' id='par_1_94' title="bbox 2255 2165 3858 2236">
     <span class='ocr_line' id='line_1_95' title="bbox 2255 2165 3858 2236; baseline 0 -18"><span class='ocrx_word' id='word_1_765' title='bbox 2255 2169 2506 2231; x_wconf 82' lang='lat' dir='ltr'><strong>custodia,</strong></span> <span class='ocrx_word' id='word_1_766' title='bbox 2541 2176 2597 2221; x_wconf 89' lang='grc' dir='ltr'><strong>ιιι</strong></span> <span class='ocrx_word' id='word_1_767' title='bbox 2650 2167 2884 2236; x_wconf 90' lang='lat' dir='ltr'><strong>loquitur</strong></span> <span class='ocrx_word' id='word_1_768' title='bbox 2917 2166 3172 2220; x_wconf 82' lang='lat' dir='ltr'><strong>boberius</strong></span> <span class='ocrx_word' id='word_1_769' title='bbox 3215 2167 3266 2217; x_wconf 89' lang='lat' dir='ltr'><strong>itt</strong></span> <span class='ocrx_word' id='word_1_770' title='bbox 3296 2165 3533 2236; x_wconf 74' lang='lat' dir='ltr'><strong>secundo</strong></span> <span class='ocrx_word' id='word_1_771' title='bbox 3559 2178 3858 2218; x_wconf 84' lang='lat' dir='ltr'><strong>commen-</strong></span> 
     </span>
    </p>
   </div>
   <div class='ocr_carea' id='block_1_95' title="bbox 2257 2235 3852 2307">
    <p class='ocr_par' dir='ltr' id='par_1_95' title="bbox 2257 2235 3852 2307">
     <span class='ocr_line' id='line_1_96' title="bbox 2257 2235 3852 2307; baseline 0.001 -20"><span class='ocrx_word' id='word_1_772' title='bbox 2257 2241 2412 2304; x_wconf 87' lang='lat' dir='ltr'><strong>tario,</strong></span> <span class='ocrx_word' id='word_1_773' title='bbox 2447 2240 2496 2292; x_wconf 91' lang='lat' dir='ltr'><strong>id</strong></span> <span class='ocrx_word' id='word_1_774' title='bbox 2528 2248 2610 2290; x_wconf 79' lang='lat' dir='ltr'><strong>cst</strong></span> <span class='ocrx_word' id='word_1_775' title='bbox 2638 2235 2753 2304; x_wconf 70' lang='lat' dir='ltr'><strong>qua:</strong></span> <span class='ocrx_word' id='word_1_776' title='bbox 2776 2238 3032 2307; x_wconf 77' lang='lat' dir='ltr'><strong>agebant,</strong></span> <span class='ocrx_word' id='word_1_777' title='bbox 3061 2251 3276 2304; x_wconf 62' lang='lat' dir='ltr'><strong>suasque</strong></span> <span class='ocrx_word' id='word_1_778' title='bbox 3303 2235 3492 2307; x_wconf 81' lang='lat' dir='ltr'><strong>tradita</strong></span> <span class='ocrx_word' id='word_1_779' title='bbox 3523 2245 3686 2289; x_wconf 83' lang='lat' dir='ltr'><strong>erant</strong></span> <span class='ocrx_word' id='word_1_780' title='bbox 3717 2251 3852 2289; x_wconf 84' lang='lat' dir='ltr'><strong>cus-</strong></span> 
     </span>
    </p>
   </div>
   <div class='ocr_carea' id='block_1_96' title="bbox 2255 2305 3855 2378">
    <p class='ocr_par' dir='ltr' id='par_1_96' title="bbox 2255 2305 3855 2378">
     <span class='ocr_line' id='line_1_97' title="bbox 2255 2305 3855 2378; baseline -0.001 -19"><span class='ocrx_word' id='word_1_781' title='bbox 2255 2309 2432 2361; x_wconf 63' lang='lat' dir='ltr'><strong>todiae.</strong></span> <span class='ocrx_word' id='word_1_782' title='bbox 2469 2307 2560 2362; x_wconf 85' lang='lat' dir='ltr'><strong>Vel</strong></span> <span class='ocrx_word' id='word_1_783' title='bbox 2603 2305 2962 2378; x_wconf 68' lang='lat' dir='ltr'><strong>laudentque:</strong></span> <span class='ocrx_word' id='word_1_784' title='bbox 2999 2321 3091 2361; x_wconf 88' lang='lat' dir='ltr'><strong>sua</strong></span> <span class='ocrx_word' id='word_1_785' title='bbox 3124 2316 3266 2372; x_wconf 91' lang='lat' dir='ltr'><strong>sunt,</strong></span> <span class='ocrx_word' id='word_1_786' title='bbox 3303 2305 3403 2378; x_wconf 82' lang='lat' dir='ltr'><strong>hoc</strong></span> <span class='ocrx_word' id='word_1_787' title='bbox 3433 2313 3531 2378; x_wconf 87' lang='lat' dir='ltr'><strong>est_</strong></span> <span class='ocrx_word' id='word_1_788' title='bbox 3566 2321 3690 2374; x_wconf 65' lang='lat' dir='ltr'><strong>qua</strong></span> <span class='ocrx_word' id='word_1_789' title='bbox 3743 2308 3855 2378; x_wconf 75' lang='lat' dir='ltr'><strong>sibi</strong></span> 
     </span>
    </p>
   </div>
   <div class='ocr_carea' id='block_1_97' title="bbox 2255 2375 3853 2449">
    <p class='ocr_par' dir='ltr' id='par_1_97' title="bbox 2255 2375 3853 2449">
     <span class='ocr_line' id='line_1_98' title="bbox 2255 2375 3853 2449; baseline 0.001 -20"><span class='ocrx_word' id='word_1_790' title='bbox 2255 2381 2417 2449; x_wconf 62' lang='lat' dir='ltr'><strong>magis</strong></span> <span class='ocrx_word' id='word_1_791' title='bbox 2462 2380 2672 2449; x_wconf 84' lang='lat' dir='ltr'><strong>eligunt.</strong></span> <span class='ocrx_word' id='word_1_792' title='bbox 2724 2375 2986 2448; x_wconf 77' lang='lat' dir='ltr'><strong>magisque</strong></span> <span class='ocrx_word' id='word_1_793' title='bbox 3025 2378 3259 2446; x_wconf 85' lang='lat' dir='ltr'><strong>placent,</strong></span> <span class='ocrx_word' id='word_1_794' title='bbox 3304 2376 3454 2446; x_wconf 86' lang='lat' dir='ltr'><strong>juxta</strong></span> <span class='ocrx_word' id='word_1_795' title='bbox 3500 2375 3853 2431; x_wconf 82' lang='lat' dir='ltr'><strong>Bernardum</strong></span> 
     </span>
    </p>
   </div>
   <div class='ocr_carea' id='block_1_98' title="bbox 2253 2447 3371 2518">
    <p class='ocr_par' dir='ltr' id='par_1_98' title="bbox 2253 2447 3371 2518">
     <span class='ocr_line' id='line_1_99' title="bbox 2253 2447 3371 2518; baseline -0.001 -17"><span class='ocrx_word' id='word_1_796' title='bbox 2253 2447 2464 2504; x_wconf 85' lang='lat' dir='ltr'><strong>Cassio.</strong></span> <span class='ocrx_word' id='word_1_797' title='bbox 2497 2447 2550 2504; x_wconf 80' lang='lat' dir='ltr'><strong>ei</strong></span> <span class='ocrx_word' id='word_1_798' title='bbox 2583 2447 2863 2504; x_wconf 85' lang='lat' dir='ltr'><strong>Boheriuin</strong></span> <span class='ocrx_word' id='word_1_799' title='bbox 2895 2451 2946 2503; x_wconf 90' lang='lat' dir='ltr'><strong>itt</strong></span> <span class='ocrx_word' id='word_1_800' title='bbox 2976 2452 3146 2518; x_wconf 90' lang='lat' dir='ltr'><strong>primo</strong></span> <span class='ocrx_word' id='word_1_801' title='bbox 3173 2462 3371 2501; x_wconf 90' lang='lat' dir='ltr'><strong>comm.</strong></span> 
     </span>
    </p>
   </div>
   <div class='ocr_carea' id='block_1_99' title="bbox 2328 2515 3853 2590">
    <p class='ocr_par' dir='ltr' id='par_1_99' title="bbox 2328 2515 3853 2590">
     <span class='ocr_line' id='line_1_100' title="bbox 2328 2515 3853 2590; baseline -0.001 -17"><span class='ocrx_word' id='word_1_802' title='bbox 2328 2520 2393 2573; x_wconf 81' lang='lat' dir='ltr'><strong>Et</strong></span> <span class='ocrx_word' id='word_1_803' title='bbox 2425 2523 2732 2575; x_wconf 83' lang='lat' dir='ltr'><strong>voluntatem</strong></span> <span class='ocrx_word' id='word_1_804' title='bbox 2779 2515 3040 2590; x_wconf 75' lang='lat' dir='ltr'><strong>propriam</strong></span> <span class='ocrx_word' id='word_1_805' title='bbox 3071 2515 3399 2589; x_wconf 83' lang='lat' dir='ltr'><strong>deserentes.]</strong></span> <span class='ocrx_word' id='word_1_806' title='bbox 3443 2518 3543 2571; x_wconf 83' lang='lat' dir='ltr'><strong>Per</strong></span> <span class='ocrx_word' id='word_1_807' title='bbox 3590 2515 3853 2571; x_wconf 80' lang='lat' dir='ltr'><strong>volunta-</strong></span> 
     </span>
    </p>
   </div>
   <div class='ocr_carea' id='block_1_100' title="bbox 2257 2592 3847 2660">
    <p class='ocr_par' dir='ltr' id='par_1_100' title="bbox 2257 2592 3847 2660">
     <span class='ocr_line' id='line_1_101' title="bbox 2257 2592 3847 2660; baseline -0.001 -16"><span class='ocrx_word' id='word_1_808' title='bbox 2257 2601 2361 2645; x_wconf 91' lang='lat' dir='ltr'><strong>tem</strong></span> <span class='ocrx_word' id='word_1_809' title='bbox 2390 2595 2654 2660; x_wconf 90' lang='lat' dir='ltr'><strong>propriam</strong></span> <span class='ocrx_word' id='word_1_810' title='bbox 2681 2592 2766 2645; x_wconf 91' lang='lat' dir='ltr'><strong>hic</strong></span> <span class='ocrx_word' id='word_1_811' title='bbox 2787 2593 3194 2646; x_wconf 84' lang='lat' dir='ltr'><strong>delectationem</strong></span> <span class='ocrx_word' id='word_1_812' title='bbox 3218 2599 3271 2644; x_wconf 92' lang='lat' dir='ltr'><strong>et</strong></span> <span class='ocrx_word' id='word_1_813' title='bbox 3296 2593 3649 2656; x_wconf 80' lang='lat' dir='ltr'><strong>voluptatem,</strong></span> <span class='ocrx_word' id='word_1_814' title='bbox 3677 2605 3847 2656; x_wconf 86' lang='lat' dir='ltr'><strong>quam</strong></span> 
     </span>
    </p>
   </div>
   <div class='ocr_carea' id='block_1_101' title="bbox 2257 2661 3852 2732">
    <p class='ocr_par' dir='ltr' id='par_1_101' title="bbox 2257 2661 3852 2732">
     <span class='ocr_line' id='line_1_102' title="bbox 2257 2661 3852 2732; baseline -0.001 -17"><span class='ocrx_word' id='word_1_815' title='bbox 2257 2663 2309 2715; x_wconf 93' lang='lat' dir='ltr'><strong>in</strong></span> <span class='ocrx_word' id='word_1_816' title='bbox 2335 2663 2606 2732; x_wconf 81' lang='lat' dir='ltr'><strong>operando</strong></span> <span class='ocrx_word' id='word_1_817' title='bbox 2635 2664 2976 2732; x_wconf 84' lang='lat' dir='ltr'><strong>percipimus,</strong></span> <span class='ocrx_word' id='word_1_818' title='bbox 3009 2661 3251 2728; x_wconf 80' lang='lat' dir='ltr'><strong>intelligit</strong></span> <span class='ocrx_word' id='word_1_819' title='bbox 3278 2661 3616 2714; x_wconf 83' lang='lat' dir='ltr'><strong>llildetnarus</strong></span> <span class='ocrx_word' id='word_1_820' title='bbox 3649 2676 3665 2714; x_wconf 92' lang='lat'>:</span> <span class='ocrx_word' id='word_1_821' title='bbox 3699 2663 3852 2713; x_wconf 82' lang='lat' dir='ltr'><strong>unde</strong></span> 
     </span>
    </p>
   </div>
   <div class='ocr_carea' id='block_1_102' title="bbox 2256 2732 3849 2798">
    <p class='ocr_par' dir='ltr' id='par_1_102' title="bbox 2256 2732 3849 2798">
     <span class='ocr_line' id='line_1_103' title="bbox 2256 2732 3849 2798; baseline -0.001 -12"><span class='ocrx_word' id='word_1_822' title='bbox 2256 2734 2414 2786; x_wconf 86' lang='lat' dir='ltr'><strong>etiam</strong></span> <span class='ocrx_word' id='word_1_823' title='bbox 2457 2734 2758 2788; x_wconf 62' lang='lat' dir='ltr'><strong>Bi-rnardus</strong></span> <span class='ocrx_word' id='word_1_824' title='bbox 2788 2733 3120 2786; x_wconf 70' lang='lat' dir='ltr'><strong>Cassinensis</strong></span> <span class='ocrx_word' id='word_1_825' title='bbox 3167 2734 3281 2785; x_wconf 70' lang='lat' dir='ltr'><strong>haec</strong></span> <span class='ocrx_word' id='word_1_826' title='bbox 3320 2732 3478 2783; x_wconf 82' lang='lat' dir='ltr'><strong>verba</strong></span> <span class='ocrx_word' id='word_1_827' title='bbox 3523 2732 3849 2798; x_wconf 52' lang='lat' dir='ltr'><strong>praesiden-</strong></span> 
     </span>
    </p>
   </div>
   <div class='ocr_carea' id='block_1_103' title="bbox 2257 2799 3848 2870">
    <p class='ocr_par' dir='ltr' id='par_1_103' title="bbox 2257 2799 3848 2870">
     <span class='ocr_line' id='line_1_104' title="bbox 2257 2799 3848 2870; baseline -0.003 -14"><span class='ocrx_word' id='word_1_828' title='bbox 2257 2804 2385 2856; x_wconf 88' lang='lat' dir='ltr'><strong>tium</strong></span> <span class='ocrx_word' id='word_1_829' title='bbox 2415 2820 2533 2857; x_wconf 77' lang='lat' dir='ltr'><strong>esse</strong></span> <span class='ocrx_word' id='word_1_830' title='bbox 2556 2804 2862 2870; x_wconf 85' lang='lat' dir='ltr'><strong>exposititia</strong></span> <span class='ocrx_word' id='word_1_831' title='bbox 2889 2804 3100 2866; x_wconf 78' lang='lat' dir='ltr'><strong>asserit,</strong></span> <span class='ocrx_word' id='word_1_832' title='bbox 3131 2812 3188 2856; x_wconf 95' lang='lat' dir='ltr'><strong>ut</strong></span> <span class='ocrx_word' id='word_1_833' title='bbox 3215 2802 3353 2855; x_wconf 90' lang='lat' dir='ltr'><strong>idem</strong></span> <span class='ocrx_word' id='word_1_834' title='bbox 3380 2802 3470 2866; x_wconf 89' lang='lat' dir='ltr'><strong>sit,</strong></span> <span class='ocrx_word' id='word_1_835' title='bbox 3503 2799 3567 2852; x_wconf 78' lang='lat' dir='ltr'><strong>Et</strong></span> <span class='ocrx_word' id='word_1_836' title='bbox 3595 2803 3848 2853; x_wconf 77' lang='lat' dir='ltr'><strong>volunta-</strong></span> 
     </span>
    </p>
   </div>
   <div class='ocr_carea' id='block_1_104' title="bbox 2258 2873 3736 2942">
    <p class='ocr_par' dir='ltr' id='par_1_104' title="bbox 2258 2873 3736 2942">
     <span class='ocr_line' id='line_1_105' title="bbox 2258 2873 3736 2942; baseline -0.001 -18"><span class='ocrx_word' id='word_1_837' title='bbox 2258 2885 2352 2927; x_wconf 81' lang='lat' dir='ltr'><strong>tem</strong></span> <span class='ocrx_word' id='word_1_838' title='bbox 2380 2878 2640 2942; x_wconf 83' lang='lat' dir='ltr'><strong>propriam</strong></span> <span class='ocrx_word' id='word_1_839' title='bbox 2669 2876 2917 2936; x_wconf 81' lang='lat' dir='ltr'><strong>deserere,</strong></span> <span class='ocrx_word' id='word_1_840' title='bbox 2942 2886 2989 2927; x_wconf 91' lang='lat' dir='ltr'><strong>et</strong></span> <span class='ocrx_word' id='word_1_841' title='bbox 3015 2891 3128 2942; x_wconf 76' lang='lat' dir='ltr'><strong>qua:</strong></span> <span class='ocrx_word' id='word_1_842' title='bbox 3155 2890 3250 2925; x_wconf 84' lang='lat' dir='ltr'><strong>sua</strong></span> <span class='ocrx_word' id='word_1_843' title='bbox 3279 2882 3394 2925; x_wconf 84' lang='lat' dir='ltr'><strong>sunt</strong></span> <span class='ocrx_word' id='word_1_844' title='bbox 3424 2873 3736 2935; x_wconf 85' lang='lat' dir='ltr'><strong>relinquere.</strong></span> 
     </span>
    </p>
   </div>
   <div class='ocr_carea' id='block_1_105' title="bbox 2330 2943 3852 3013">
    <p class='ocr_par' dir='ltr' id='par_1_105' title="bbox 2330 2943 3852 3013">
     <span class='ocr_line' id='line_1_106' title="bbox 2330 2943 3852 3013; baseline -0.002 -15"><span class='ocrx_word' id='word_1_845' title='bbox 2330 2944 2457 3000; x_wconf 72' lang='lat' dir='ltr'><strong>Mox</strong></span> <span class='ocrx_word' id='word_1_846' title='bbox 2482 2952 2806 3012; x_wconf 73' lang='lat' dir='ltr'><strong>exoccupatis</strong></span> <span class='ocrx_word' id='word_1_847' title='bbox 2846 2946 3097 3001; x_wconf 83' lang='lat' dir='ltr'><strong>manibus.</strong></span> <span class='ocrx_word' id='word_1_848' title='bbox 3131 2954 3176 2997; x_wconf 88' lang='lat' dir='ltr'><strong>et</strong></span> <span class='ocrx_word' id='word_1_849' title='bbox 3205 2945 3339 3011; x_wconf 83' lang='lat' dir='ltr'><strong>quod</strong></span> <span class='ocrx_word' id='word_1_850' title='bbox 3363 2943 3579 3013; x_wconf 78' lang='lat' dir='ltr'><strong>agebant</strong></span> <span class='ocrx_word' id='word_1_851' title='bbox 3602 2944 3852 3013; x_wconf 76' lang='lat' dir='ltr'><strong>imperfe-</strong></span> 
     </span>
    </p>
   </div>
   <div class='ocr_carea' id='block_1_106' title="bbox 2257 3014 3850 3086">
    <p class='ocr_par' dir='ltr' id='par_1_106' title="bbox 2257 3014 3850 3086">
     <span class='ocr_line' id='line_1_107' title="bbox 2257 3014 3850 3086; baseline 0.001 -19"><span class='ocrx_word' id='word_1_852' title='bbox 2257 3026 2391 3068; x_wconf 83' lang='lat' dir='ltr'><strong>ctum</strong></span> <span class='ocrx_word' id='word_1_853' title='bbox 2427 3014 2807 3086; x_wconf 84' lang='lat' dir='ltr'><strong>relinquentes.]</strong></span> <span class='ocrx_word' id='word_1_854' title='bbox 2851 3017 2920 3069; x_wconf 84' lang='lat' dir='ltr'><strong>Ita</strong></span> <span class='ocrx_word' id='word_1_855' title='bbox 2949 3016 3156 3069; x_wconf 85' lang='lat' dir='ltr'><strong>Marcus</strong></span> <span class='ocrx_word' id='word_1_856' title='bbox 3182 3015 3494 3086; x_wconf 67' lang='lat' dir='ltr'><strong>monachus,</strong></span> <span class='ocrx_word' id='word_1_857' title='bbox 3524 3025 3581 3086; x_wconf 87' lang='lat' dir='ltr'><strong>ut</strong></span> <span class='ocrx_word' id='word_1_858' title='bbox 3605 3014 3850 3086; x_wconf 70' lang='lat' dir='ltr'><strong>iubentis</strong></span> 
     </span>
    </p>
   </div>
   <div class='ocr_carea' id='block_1_107' title="bbox 2263 3084 3846 3157">
    <p class='ocr_par' dir='ltr' id='par_1_107' title="bbox 2263 3084 3846 3157">
     <span class='ocr_line' id='line_1_108' title="bbox 2263 3084 3846 3157; baseline -0.004 -15"><span class='ocrx_word' id='word_1_859' title='bbox 2263 3099 2474 3153; x_wconf 83' lang='lat' dir='ltr'><strong>pareret</strong></span> <span class='ocrx_word' id='word_1_860' title='bbox 2512 3089 2762 3157; x_wconf 84' lang='lat' dir='ltr'><strong>imperio,</strong></span> <span class='ocrx_word' id='word_1_861' title='bbox 2791 3084 3022 3140; x_wconf 78' lang='lat' dir='ltr'><strong>iitteratn</strong></span> <span class='ocrx_word' id='word_1_862' title='bbox 3051 3091 3094 3138; x_wconf 88' lang='grc' dir='ltr'>υ</span> <span class='ocrx_word' id='word_1_863' title='bbox 3126 3084 3490 3153; x_wconf 83' lang='lat' dir='ltr'><strong>imperfectam</strong></span> <span class='ocrx_word' id='word_1_864' title='bbox 3522 3084 3846 3157; x_wconf 81' lang='lat' dir='ltr'><strong>dereliquit,</strong></span> 
     </span>
    </p>
   </div>
   <div class='ocr_carea' id='block_1_108' title="bbox 2261 3155 3850 3226">
    <p class='ocr_par' dir='ltr' id='par_1_108' title="bbox 2261 3155 3850 3226">
     <span class='ocr_line' id='line_1_109' title="bbox 2261 3155 3850 3226; baseline -0.001 -17"><span class='ocrx_word' id='word_1_865' title='bbox 2261 3158 2533 3226; x_wconf 86' lang='lat' dir='ltr'><strong>multaque</strong></span> <span class='ocrx_word' id='word_1_866' title='bbox 2589 3155 2888 3224; x_wconf 77' lang='lat' dir='ltr'><strong>hujusmodi</strong></span> <span class='ocrx_word' id='word_1_867' title='bbox 2944 3163 3189 3224; x_wconf 63' lang='lat' dir='ltr'><strong>exempla</strong></span> <span class='ocrx_word' id='word_1_868' title='bbox 3241 3157 3291 3208; x_wconf 89' lang='lat' dir='ltr'><strong>in</strong></span> <span class='ocrx_word' id='word_1_869' title='bbox 3346 3165 3660 3226; x_wconf 79' lang='lat' dir='ltr'><strong>sanctorum</strong></span> <span class='ocrx_word' id='word_1_870' title='bbox 3712 3155 3850 3208; x_wconf 80' lang='lat' dir='ltr'><strong>actis</strong></span> 
     </span>
    </p>
   </div>
   <div class='ocr_carea' id='block_1_109' title="bbox 2263 3224 3849 3294">
    <p class='ocr_par' dir='ltr' id='par_1_109' title="bbox 2263 3224 3849 3294">
     <span class='ocr_line' id='line_1_110' title="bbox 2263 3224 3849 3294; baseline -0.001 -16"><span class='ocrx_word' id='word_1_871' title='bbox 2263 3224 2458 3294; x_wconf 83' lang='lat' dir='ltr'><strong>passim</strong></span> <span class='ocrx_word' id='word_1_872' title='bbox 2489 3238 2777 3282; x_wconf 81' lang='lat' dir='ltr'><strong>Orcurrunt</strong></span> <span class='ocrx_word' id='word_1_873' title='bbox 2813 3246 2824 3279; x_wconf 94' lang='lat'><strong>:</strong></span> <span class='ocrx_word' id='word_1_874' title='bbox 2858 3230 2950 3281; x_wconf 87' lang='lat' dir='ltr'><strong>sed</strong></span> <span class='ocrx_word' id='word_1_875' title='bbox 2976 3243 3244 3294; x_wconf 90' lang='lat' dir='ltr'><strong>nunqttatn</strong></span> <span class='ocrx_word' id='word_1_876' title='bbox 3277 3224 3568 3292; x_wconf 81' lang='lat' dir='ltr'><strong>perfectius</strong></span> <span class='ocrx_word' id='word_1_877' title='bbox 3596 3241 3734 3293; x_wconf 87' lang='lat' dir='ltr'><strong>opus</strong></span> <span class='ocrx_word' id='word_1_878' title='bbox 3766 3227 3849 3279; x_wconf 83' lang='lat' dir='ltr'><strong>ef-</strong></span> 
     </span>
    </p>
   </div>
   <div class='ocr_carea' id='block_1_110' title="bbox 2263 3298 3845 3368">
    <p class='ocr_par' dir='ltr' id='par_1_110' title="bbox 2263 3298 3845 3368">
     <span class='ocr_line' id='line_1_111' title="bbox 2263 3298 3845 3368; baseline 0 -18"><span class='ocrx_word' id='word_1_879' title='bbox 2263 3298 2438 3351; x_wconf 89' lang='lat' dir='ltr'><strong>ficitur</strong></span> <span class='ocrx_word' id='word_1_880' title='bbox 2483 3315 2638 3368; x_wconf 89' lang='lat' dir='ltr'><strong>quam</strong></span> <span class='ocrx_word' id='word_1_881' title='bbox 2671 3314 2792 3353; x_wconf 89' lang='lat' dir='ltr'><strong>cutn</strong></span> <span class='ocrx_word' id='word_1_882' title='bbox 2828 3308 3044 3368; x_wconf 75' lang='lat' dir='ltr'><strong>propter</strong></span> <span class='ocrx_word' id='word_1_883' title='bbox 3073 3298 3435 3351; x_wconf 86' lang='lat' dir='ltr'><strong>obed.entiatn</strong></span> <span class='ocrx_word' id='word_1_884' title='bbox 3467 3298 3845 3363; x_wconf 84' lang='lat' dir='ltr'><strong>imperfectum</strong></span> 
     </span>
    </p>
   </div>
   <div class='ocr_carea' id='block_1_111' title="bbox 2262 3368 2598 3436">
    <p class='ocr_par' dir='ltr' id='par_1_111' title="bbox 2262 3368 2598 3436">
     <span class='ocr_line' id='line_1_112' title="bbox 2262 3368 2598 3436; baseline -0.003 -14"><span class='ocrx_word' id='word_1_885' title='bbox 2262 3368 2598 3436; x_wconf 87' lang='lat' dir='ltr'><strong>relinquitur.</strong></span> 
     </span>
    </p>
   </div>
   <div class='ocr_carea' id='block_1_112' title="bbox 2341 3437 3845 3509">
    <p class='ocr_par' dir='ltr' id='par_1_112' title="bbox 2341 3437 3845 3509">
     <span class='ocr_line' id='line_1_113' title="bbox 2341 3437 3845 3509; baseline -0.001 -18"><span class='ocrx_word' id='word_1_886' title='bbox 2341 3437 2518 3492; x_wconf 73' lang='lat' dir='ltr'><strong>Vicina</strong></span> <span class='ocrx_word' id='word_1_887' title='bbox 2540 3441 2836 3494; x_wconf 76' lang='lat' dir='ltr'><strong>obedientiw</strong></span> <span class='ocrx_word' id='word_1_888' title='bbox 2860 3439 2986 3505; x_wconf 82' lang='lat' dir='ltr'><strong>pede</strong></span> <span class='ocrx_word' id='word_1_889' title='bbox 3008 3438 3234 3509; x_wconf 85' lang='lat' dir='ltr'><strong>jubentis</strong></span> <span class='ocrx_word' id='word_1_890' title='bbox 3259 3453 3423 3491; x_wconf 80' lang='lat' dir='ltr'><strong>vocem</strong></span> <span class='ocrx_word' id='word_1_891' title='bbox 3439 3437 3596 3509; x_wconf 73' lang='lat' dir='ltr'><strong>factis</strong></span> <span class='ocrx_word' id='word_1_892' title='bbox 3620 3452 3845 3506; x_wconf 77' lang='lat' dir='ltr'><strong>sequuti-</strong></span> 
     </span>
    </p>
   </div>
   <div class='ocr_carea' id='block_1_113' title="bbox 2260 3508 3841 3580">
    <p class='ocr_par' dir='ltr' id='par_1_113' title="bbox 2260 3508 3841 3580">
     <span class='ocr_line' id='line_1_114' title="bbox 2260 3508 3841 3580; baseline -0.001 -16"><span class='ocrx_word' id='word_1_893' title='bbox 2260 3522 2362 3573; x_wconf 82' lang='lat' dir='ltr'><strong>tur,</strong></span> <span class='ocrx_word' id='word_1_894' title='bbox 2393 3509 2520 3580; x_wconf 90' lang='lat' dir='ltr'><strong>etc._|</strong></span> <span class='ocrx_word' id='word_1_895' title='bbox 2553 3512 2673 3564; x_wconf 67' lang='grc' dir='ltr'><strong>ΙΙωο</strong></span> <span class='ocrx_word' id='word_1_896' title='bbox 2707 3511 2862 3564; x_wconf 86' lang='lat' dir='ltr'><strong>verba</strong></span> <span class='ocrx_word' id='word_1_897' title='bbox 2914 3508 3249 3578; x_wconf 84' lang='lat' dir='ltr'><strong>expositione</strong></span> <span class='ocrx_word' id='word_1_898' title='bbox 3280 3524 3384 3561; x_wconf 92' lang='lat' dir='ltr'><strong>non</strong></span> <span class='ocrx_word' id='word_1_899' title='bbox 3437 3508 3710 3580; x_wconf 79' lang='lat' dir='ltr'><strong>indigent,</strong></span> <span class='ocrx_word' id='word_1_900' title='bbox 3746 3509 3841 3562; x_wconf 85' lang='lat' dir='ltr'><strong>sed</strong></span> 
     </span>
    </p>
   </div>
   <div class='ocr_carea' id='block_1_114' title="bbox 2261 3578 3840 3652">
    <p class='ocr_par' dir='ltr' id='par_1_114' title="bbox 2261 3578 3840 3652">
     <span class='ocr_line' id='line_1_115' title="bbox 2261 3578 3840 3652; baseline -0.001 -18"><span class='ocrx_word' id='word_1_901' title='bbox 2261 3583 2433 3649; x_wconf 74' lang='lat' dir='ltr'><strong>praxi.</strong></span> <span class='ocrx_word' id='word_1_902' title='bbox 2468 3578 2620 3652; x_wconf 74' lang='lat' dir='ltr'><strong>I73</strong></span> <span class='ocrx_word' id='word_1_903' title='bbox 2660 3583 2734 3634; x_wconf 75' lang='lat' dir='ltr'><strong>Ex</strong></span> <span class='ocrx_word' id='word_1_904' title='bbox 2761 3582 2916 3635; x_wconf 80' lang='lat' dir='ltr'><strong>dictis</strong></span> <span class='ocrx_word' id='word_1_905' title='bbox 2946 3596 3105 3647; x_wconf 88' lang='lat' dir='ltr'><strong>porro</strong></span> <span class='ocrx_word' id='word_1_906' title='bbox 3137 3580 3394 3634; x_wconf 87' lang='lat' dir='ltr'><strong>hactenus</strong></span> <span class='ocrx_word' id='word_1_907' title='bbox 3432 3579 3500 3632; x_wconf 91' lang='lat' dir='ltr'><strong>de</strong></span> <span class='ocrx_word' id='word_1_908' title='bbox 3529 3579 3840 3632; x_wconf 83' lang='lat' dir='ltr'><strong>obedientia</strong></span> 
     </span>
    </p>
   </div>
   <div class='ocr_carea' id='block_1_115' title="bbox 2261 3652 3844 3717">
    <p class='ocr_par' dir='ltr' id='par_1_115' title="bbox 2261 3652 3844 3717">
     <span class='ocr_line' id='line_1_116' title="bbox 2261 3652 3844 3717; baseline -0.002 -11"><span class='ocrx_word' id='word_1_909' title='bbox 2261 3656 2378 3706; x_wconf 88' lang='lat' dir='ltr'><strong>sine</strong></span> <span class='ocrx_word' id='word_1_910' title='bbox 2411 3669 2581 3714; x_wconf 88' lang='lat' dir='ltr'><strong>mora,</strong></span> <span class='ocrx_word' id='word_1_911' title='bbox 2609 3656 2739 3707; x_wconf 81' lang='lat' dir='ltr'><strong>satis</strong></span> <span class='ocrx_word' id='word_1_912' title='bbox 2775 3656 3024 3705; x_wconf 86' lang='lat' dir='ltr'><strong>damnata</strong></span> <span class='ocrx_word' id='word_1_913' title='bbox 3067 3663 3246 3706; x_wconf 90' lang='lat' dir='ltr'><strong>manet</strong></span> <span class='ocrx_word' id='word_1_914' title='bbox 3278 3652 3660 3704; x_wconf 85' lang='lat' dir='ltr'><strong>monachorum</strong></span> <span class='ocrx_word' id='word_1_915' title='bbox 3705 3665 3844 3717; x_wconf 79' lang='lat' dir='ltr'><strong>quo-</strong></span> 
     </span>
    </p>
   </div>
   <div class='ocr_carea' id='block_1_116' title="bbox 2262 3722 3845 3792">
    <p class='ocr_par' dir='ltr' id='par_1_116' title="bbox 2262 3722 3845 3792">
     <span class='ocr_line' id='line_1_117' title="bbox 2262 3722 3845 3792; baseline -0.001 -17"><span class='ocrx_word' id='word_1_916' title='bbox 2262 3724 2500 3776; x_wconf 86' lang='lat' dir='ltr'><strong>rumdam</strong></span> <span class='ocrx_word' id='word_1_917' title='bbox 2533 3725 2723 3792; x_wconf 85' lang='lat' dir='ltr'><strong>agendi</strong></span> <span class='ocrx_word' id='word_1_918' title='bbox 2757 3726 2925 3791; x_wconf 84' lang='lat' dir='ltr'><strong>ratio,</strong></span> <span class='ocrx_word' id='word_1_919' title='bbox 2954 3722 3046 3790; x_wconf 90' lang='lat' dir='ltr'><strong>qui</strong></span> <span class='ocrx_word' id='word_1_920' title='bbox 3074 3733 3196 3775; x_wconf 85' lang='lat' dir='ltr'><strong>ante</strong></span> <span class='ocrx_word' id='word_1_921' title='bbox 3237 3722 3505 3792; x_wconf 81' lang='lat' dir='ltr'><strong>discolere</strong></span> <span class='ocrx_word' id='word_1_922' title='bbox 3534 3723 3845 3792; x_wconf 24' lang='lat' dir='ltr'><strong>voluntisu-</strong></span> 
     </span>
    </p>
   </div>
   <div class='ocr_carea' id='block_1_117' title="bbox 2261 3791 3843 3862">
    <p class='ocr_par' dir='ltr' id='par_1_117' title="bbox 2261 3791 3843 3862">
     <span class='ocr_line' id='line_1_118' title="bbox 2261 3791 3843 3862; baseline -0.003 -15"><span class='ocrx_word' id='word_1_923' title='bbox 2261 3797 2529 3862; x_wconf 81' lang='lat' dir='ltr'><strong>perierunt</strong></span> <span class='ocrx_word' id='word_1_924' title='bbox 2560 3791 2726 3862; x_wconf 30' lang='lat' dir='ltr'><strong>j’ussa.</strong></span> <span class='ocrx_word' id='word_1_925' title='bbox 2759 3811 2914 3862; x_wconf 88' lang='lat' dir='ltr'><strong>quam</strong></span> <span class='ocrx_word' id='word_1_926' title='bbox 2947 3796 3259 3861; x_wconf 89' lang='lat' dir='ltr'><strong>adimplere;</strong></span> <span class='ocrx_word' id='word_1_927' title='bbox 3291 3792 3358 3845; x_wconf 89' lang='lat' dir='ltr'><strong>de</strong></span> <span class='ocrx_word' id='word_1_928' title='bbox 3386 3791 3581 3862; x_wconf 83' lang='lat' dir='ltr'><strong>quibus</strong></span> <span class='ocrx_word' id='word_1_929' title='bbox 3609 3793 3667 3843; x_wconf 86' lang='lat' dir='ltr'><strong>S.</strong></span> <span class='ocrx_word' id='word_1_930' title='bbox 3713 3791 3843 3844; x_wconf 89' lang='lat' dir='ltr'><strong>Ber-</strong></span> 
     </span>
    </p>
   </div>
   <div class='ocr_carea' id='block_1_118' title="bbox 2261 3861 3848 3934">
    <p class='ocr_par' dir='ltr' id='par_1_118' title="bbox 2261 3861 3848 3934">
     <span class='ocr_line' id='line_1_119' title="bbox 2261 3861 3848 3934; baseline -0.002 -17"><span class='ocrx_word' id='word_1_931' title='bbox 2261 3861 2456 3918; x_wconf 87' lang='lat' dir='ltr'><strong>nardus</strong></span> <span class='ocrx_word' id='word_1_932' title='bbox 2479 3861 2673 3934; x_wconf 78' lang='lat' dir='ltr'><strong>(Serm.</strong></span> <span class='ocrx_word' id='word_1_933' title='bbox 2706 3865 2767 3917; x_wconf 72' lang='lat' dir='ltr'><strong>4t</strong></span> <span class='ocrx_word' id='word_1_934' title='bbox 2796 3869 2857 3917; x_wconf 84' lang='lat' dir='ltr'><strong>de</strong></span> <span class='ocrx_word' id='word_1_935' title='bbox 2881 3867 3090 3926; x_wconf 83' lang='lat' dir='ltr'><strong>dioers.)</strong></span> <span class='ocrx_word' id='word_1_936' title='bbox 3119 3883 3129 3915; x_wconf 88' lang='lat'><strong>:</strong></span> <span class='ocrx_word' id='word_1_937' title='bbox 3165 3882 3184 3912; x_wconf 83' lang='grc' dir='ltr'><strong>ι</strong></span> <span class='ocrx_word' id='word_1_938' title='bbox 3227 3865 3418 3934; x_wconf 75' lang='lat' dir='ltr'><strong>Multos</strong></span> <span class='ocrx_word' id='word_1_939' title='bbox 3452 3861 3694 3934; x_wconf 82' lang='lat' dir='ltr'><strong>videmus</strong></span> <span class='ocrx_word' id='word_1_940' title='bbox 3726 3871 3848 3929; x_wconf 78' lang='lat' dir='ltr'><strong>post</strong></span> 
     </span>
    </p>
   </div>
   <div class='ocr_carea' id='block_1_119' title="bbox 2263 3930 3842 4004">
    <p class='ocr_par' dir='ltr' id='par_1_119' title="bbox 2263 3930 3842 4004">
     <span class='ocr_line' id='line_1_120' title="bbox 2263 3930 3842 4004; baseline -0.001 -19"><span class='ocrx_word' id='word_1_941' title='bbox 2263 3930 2619 4004; x_wconf 66' lang='lat' dir='ltr'><strong>praecipientis</strong></span> <span class='ocrx_word' id='word_1_942' title='bbox 2668 3935 2947 4004; x_wconf 86' lang='lat' dir='ltr'><strong>impeiium</strong></span> <span class='ocrx_word' id='word_1_943' title='bbox 2999 3935 3193 3987; x_wconf 86' lang='lat' dir='ltr'><strong>multas</strong></span> <span class='ocrx_word' id='word_1_944' title='bbox 3231 3933 3408 3987; x_wconf 81' lang='lat' dir='ltr'><strong>facere</strong></span> <span class='ocrx_word' id='word_1_945' title='bbox 3451 3930 3779 4001; x_wconf 73' lang='lat' dir='ltr'><strong>quaestiones</strong></span> <span class='ocrx_word' id='word_1_946' title='bbox 3828 3951 3842 3984; x_wconf 92' lang='lat'><strong>:</strong></span> 
     </span>
    </p>
   </div>
   <div class='ocr_carea' id='block_1_120' title="bbox 2260 4004 3846 4076">
    <p class='ocr_par' dir='ltr' id='par_1_120' title="bbox 2260 4004 3846 4076">
     <span class='ocr_line' id='line_1_121' title="bbox 2260 4004 3846 4076; baseline -0.004 -16"><span class='ocrx_word' id='word_1_947' title='bbox 2260 4007 2386 4070; x_wconf 78' lang='lat' dir='ltr'><strong>Cur,</strong></span> <span class='ocrx_word' id='word_1_948' title='bbox 2420 4021 2606 4075; x_wconf 90' lang='lat' dir='ltr'><strong>quare,</strong></span> <span class='ocrx_word' id='word_1_949' title='bbox 2631 4008 2976 4076; x_wconf 84' lang='lat' dir='ltr'><strong>quamobrem</strong></span> <span class='ocrx_word' id='word_1_950' title='bbox 3005 4005 3203 4073; x_wconf 69' lang='lat' dir='ltr'><strong>Saepius</strong></span> <span class='ocrx_word' id='word_1_951' title='bbox 3229 4005 3584 4076; x_wconf 84' lang='lat' dir='ltr'><strong>interrogare,</strong></span> <span class='ocrx_word' id='word_1_952' title='bbox 3616 4004 3846 4076; x_wconf 80' lang='lat' dir='ltr'><strong>crebras</strong></span> 
     </span>
    </p>
   </div>
   <div class='ocr_carea' id='block_1_121' title="bbox 2263 4073 3840 4146">
    <p class='ocr_par' dir='ltr' id='par_1_121' title="bbox 2263 4073 3840 4146">
     <span class='ocr_line' id='line_1_122' title="bbox 2263 4073 3840 4146; baseline -0.003 -16"><span class='ocrx_word' id='word_1_953' title='bbox 2263 4073 2591 4145; x_wconf 73' lang='lat' dir='ltr'><strong>ingeminare</strong></span> <span class='ocrx_word' id='word_1_954' title='bbox 2643 4073 2890 4146; x_wconf 86' lang='lat' dir='ltr'><strong>querelas</strong></span> <span class='ocrx_word' id='word_1_955' title='bbox 2917 4096 2928 4130; x_wconf 89' lang='lat'>:</span> <span class='ocrx_word' id='word_1_956' title='bbox 2958 4092 3202 4146; x_wconf 69' lang='lat' dir='ltr'><strong>quierere</strong></span> <span class='ocrx_word' id='word_1_957' title='bbox 3223 4089 3390 4144; x_wconf 89' lang='lat' dir='ltr'><strong>quare</strong></span> <span class='ocrx_word' id='word_1_958' title='bbox 3416 4073 3840 4146; x_wconf 65' lang='lat' dir='ltr'><strong>bocpraecepit?</strong></span> 
     </span>
    </p>
   </div>
   <div class='ocr_carea' id='block_1_122' title="bbox 2263 4143 3846 4220">
    <p class='ocr_par' dir='ltr' id='par_1_122' title="bbox 2263 4143 3846 4220">
     <span class='ocr_line' id='line_1_123' title="bbox 2263 4143 3846 4220; baseline -0.003 -19"><span class='ocrx_word' id='word_1_959' title='bbox 2263 4143 2402 4201; x_wconf 73' lang='lat' dir='ltr'><strong>unde</strong></span> <span class='ocrx_word' id='word_1_960' title='bbox 2449 4150 2548 4202; x_wconf 91' lang='lat' dir='ltr'><strong>hoc</strong></span> <span class='ocrx_word' id='word_1_961' title='bbox 2582 4143 2757 4202; x_wconf 82' lang='lat' dir='ltr'><strong>venit?</strong></span> <span class='ocrx_word' id='word_1_962' title='bbox 2779 4152 2897 4220; x_wconf 83' lang='lat' dir='ltr'><strong>quis</strong></span> <span class='ocrx_word' id='word_1_963' title='bbox 2921 4143 3035 4220; x_wconf 80' lang='lat' dir='ltr'><strong>hoc</strong></span> <span class='ocrx_word' id='word_1_964' title='bbox 3061 4143 3334 4199; x_wconf 75' lang='lat' dir='ltr'><strong>adittveutt</strong></span> <span class='ocrx_word' id='word_1_965' title='bbox 3357 4143 3637 4220; x_wconf 77' lang='lat' dir='ltr'><strong>consilium</strong></span> <span class='ocrx_word' id='word_1_966' title='bbox 3657 4144 3846 4220; x_wconf 31' lang='lat' dir='ltr'><strong>?_-Inde</strong></span> 
     </span>
    </p>
   </div>
   <div class='ocr_carea' id='block_1_123' title="bbox 2264 4215 3844 4282">
    <p class='ocr_par' dir='ltr' id='par_1_123' title="bbox 2264 4215 3844 4282">
     <span class='ocr_line' id='line_1_124' title="bbox 2264 4215 3844 4282; baseline -0.004 -11"><span class='ocrx_word' id='word_1_967' title='bbox 2264 4221 2638 4282; x_wconf 85' lang='lat' dir='ltr'><strong>tuuruturatio,</strong></span> <span class='ocrx_word' id='word_1_968' title='bbox 2670 4215 2981 4273; x_wconf 56' lang='lat' dir='ltr'><strong>inde&#39;verba</strong></span> <span class='ocrx_word' id='word_1_969' title='bbox 3016 4219 3489 4271; x_wconf 90' lang='lat' dir='ltr'><strong>murmurationem</strong></span> <span class='ocrx_word' id='word_1_970' title='bbox 3521 4225 3577 4266; x_wconf 89' lang='lat' dir='ltr'><strong>et</strong></span> <span class='ocrx_word' id='word_1_971' title='bbox 3599 4215 3844 4282; x_wconf 74' lang='lat' dir='ltr'><strong>indigna-</strong></span> 
     </span>
    </p>
   </div>
   <div class='ocr_carea' id='block_1_124' title="bbox 2264 4283 3845 4354">
    <p class='ocr_par' dir='ltr' id='par_1_124' title="bbox 2264 4283 3845 4354">
     <span class='ocr_line' id='line_1_125' title="bbox 2264 4283 3845 4354; baseline -0.003 -13"><span class='ocrx_word' id='word_1_972' title='bbox 2264 4290 2460 4343; x_wconf 90' lang='lat' dir='ltr'><strong>tionem</strong></span> <span class='ocrx_word' id='word_1_973' title='bbox 2493 4288 2767 4354; x_wconf 76' lang='lat' dir='ltr'><strong>sbnantia,</strong></span> <span class='ocrx_word' id='word_1_974' title='bbox 2798 4301 2851 4343; x_wconf 92' lang='lat' dir='ltr'><strong>et</strong></span> <span class='ocrx_word' id='word_1_975' title='bbox 2891 4289 3183 4342; x_wconf 82' lang='lat' dir='ltr'><strong>redolentia</strong></span> <span class='ocrx_word' id='word_1_976' title='bbox 3228 4285 3681 4349; x_wconf 76' lang='lat' dir='ltr'><strong>amaritudinem;</strong></span> <span class='ocrx_word' id='word_1_977' title='bbox 3722 4283 3845 4337; x_wconf 89' lang='lat' dir='ltr'><strong>inde</strong></span> 
     </span>
    </p>
   </div>
   <div class='ocr_carea' id='block_1_125' title="bbox 2263 4354 3840 4428">
    <p class='ocr_par' dir='ltr' id='par_1_125' title="bbox 2263 4354 3840 4428">
     <span class='ocr_line' id='line_1_126' title="bbox 2263 4354 3840 4428; baseline -0.004 -16"><span class='ocrx_word' id='word_1_978' title='bbox 2263 4361 2512 4428; x_wconf 75' lang='lat' dir='ltr'><strong>frequens</strong></span> <span class='ocrx_word' id='word_1_979' title='bbox 2560 4363 2831 4414; x_wconf 78' lang='lat' dir='ltr'><strong>exciisatio</strong></span> <span class='ocrx_word' id='word_1_980' title='bbox 2853 4401 2868 4422; x_wconf 91' lang='lat'><strong>,</strong></span> <span class='ocrx_word' id='word_1_981' title='bbox 2915 4359 3184 4413; x_wconf 89' lang='lat' dir='ltr'><strong>suuulatio</strong></span> <span class='ocrx_word' id='word_1_982' title='bbox 3219 4354 3666 4428; x_wconf 83' lang='lat' dir='ltr'><strong>itnpossihilitatis</strong></span> <span class='ocrx_word' id='word_1_983' title='bbox 3692 4395 3718 4428; x_wconf 15' lang='grc' dir='ltr'><strong>,ν</strong></span> <span class='ocrx_word' id='word_1_984' title='bbox 3748 4360 3840 4407; x_wconf 81' lang='lat' dir='ltr'><strong>au-</strong></span> 
     </span>
    </p>
   </div>
   <div class='ocr_carea' id='block_1_126' title="bbox 2262 4426 3843 4494">
    <p class='ocr_par' dir='ltr' id='par_1_126' title="bbox 2262 4426 3843 4494">
     <span class='ocr_line' id='line_1_127' title="bbox 2262 4426 3843 4494; baseline -0.003 -13"><span class='ocrx_word' id='word_1_985' title='bbox 2262 4426 2472 4482; x_wconf 73' lang='lat' dir='ltr'><strong>Vocatio</strong></span> <span class='ocrx_word' id='word_1_986' title='bbox 2502 4432 2827 4494; x_wconf 89' lang='lat' dir='ltr'><strong>amicormn;</strong></span> <span class='ocrx_word' id='word_1_987' title='bbox 2887 4451 2904 4482; x_wconf 74' lang='grc' dir='ltr'><strong>ι</strong></span> <span class='ocrx_word' id='word_1_988' title='bbox 2941 4445 3058 4482; x_wconf 88' lang='lat' dir='ltr'><strong>cum</strong></span> <span class='ocrx_word' id='word_1_989' title='bbox 3086 4439 3295 4492; x_wconf 87' lang='lat' dir='ltr'><strong>tamen,</strong></span> <span class='ocrx_word' id='word_1_990' title='bbox 3329 4436 3387 4480; x_wconf 89' lang='lat' dir='ltr'><strong>ut</strong></span> <span class='ocrx_word' id='word_1_991' title='bbox 3415 4426 3489 4479; x_wconf 88' lang='lat' dir='ltr'><strong>ait</strong></span> <span class='ocrx_word' id='word_1_992' title='bbox 3527 4426 3843 4478; x_wconf 68' lang='lat' dir='ltr'><strong>Guillelmus</strong></span> 
     </span>
    </p>
   </div>
   <div class='ocr_carea' id='block_1_127' title="bbox 2263 4497 3844 4568">
    <p class='ocr_par' dir='ltr' id='par_1_127' title="bbox 2263 4497 3844 4568">
     <span class='ocr_line' id='line_1_128' title="bbox 2263 4497 3844 4568; baseline -0.002 -16"><span class='ocrx_word' id='word_1_993' title='bbox 2263 4499 2429 4553; x_wconf 90' lang='lat' dir='ltr'><strong>abbas</strong></span> <span class='ocrx_word' id='word_1_994' title='bbox 2483 4503 2538 4554; x_wconf 81' lang='lat' dir='ltr'><strong>S.</strong></span> <span class='ocrx_word' id='word_1_995' title='bbox 2580 4501 2894 4554; x_wconf 75' lang='lat' dir='ltr'><strong>Theoderici</strong></span> <span class='ocrx_word' id='word_1_996' title='bbox 2936 4499 3036 4568; x_wconf 82' lang='lat' dir='ltr'><strong>(De</strong></span> <span class='ocrx_word' id='word_1_997' title='bbox 3088 4498 3188 4551; x_wconf 84' lang='lat' dir='ltr'><strong>Vit.</strong></span> <span class='ocrx_word' id='word_1_998' title='bbox 3220 4500 3358 4552; x_wconf 90' lang='lat' dir='ltr'><strong>solit.</strong></span> <span class='ocrx_word' id='word_1_999' title='bbox 3388 4514 3440 4551; x_wconf 87' lang='grc' dir='ltr'><strong>ιι.</strong></span> <span class='ocrx_word' id='word_1_1000' title='bbox 3489 4497 3610 4565; x_wconf 74' lang='grc'><strong>14),</strong></span> <span class='ocrx_word' id='word_1_1001' title='bbox 3646 4515 3666 4546; x_wconf 78' lang='grc' dir='ltr'><strong>ι</strong></span> <span class='ocrx_word' id='word_1_1002' title='bbox 3720 4511 3844 4568; x_wconf 85' lang='lat' dir='ltr'><strong>per-</strong></span> 
     </span>
    </p>
   </div>
   <div class='ocr_carea' id='block_1_128' title="bbox 2263 4567 3842 4637">
    <p class='ocr_par' dir='ltr' id='par_1_128' title="bbox 2263 4567 3842 4637">
     <span class='ocr_line' id='line_1_129' title="bbox 2263 4567 3842 4637; baseline -0.001 -14"><span class='ocrx_word' id='word_1_1003' title='bbox 2263 4572 2396 4624; x_wconf 89' lang='lat' dir='ltr'><strong>fecta</strong></span> <span class='ocrx_word' id='word_1_1004' title='bbox 2447 4570 2748 4624; x_wconf 88' lang='lat' dir='ltr'><strong>obcdientia</strong></span> <span class='ocrx_word' id='word_1_1005' title='bbox 2796 4574 2902 4636; x_wconf 89' lang='lat' dir='ltr'><strong>sit,</strong></span> <span class='ocrx_word' id='word_1_1006' title='bbox 2956 4572 3185 4624; x_wconf 65' lang='lat' dir='ltr'><strong>tnuxime</strong></span> <span class='ocrx_word' id='word_1_1007' title='bbox 3236 4571 3286 4622; x_wconf 93' lang='lat' dir='ltr'><strong>iu</strong></span> <span class='ocrx_word' id='word_1_1008' title='bbox 3331 4568 3644 4637; x_wconf 88' lang='lat' dir='ltr'><strong>incipiente,</strong></span> <span class='ocrx_word' id='word_1_1009' title='bbox 3680 4567 3842 4621; x_wconf 81' lang='lat' dir='ltr'><strong>indis-</strong></span> 
     </span>
    </p>
   </div>
   <div class='ocr_carea' id='block_1_129' title="bbox 2184 4621 3844 4708">
    <p class='ocr_par' dir='ltr' id='par_1_129' title="bbox 2184 4621 3844 4708">
     <span class='ocr_line' id='line_1_130' title="bbox 2184 4621 3844 4708; baseline -0.002 -13"><span class='ocrx_word' id='word_1_1010' title='bbox 2184 4621 2238 4680; x_wconf 86' lang='grc' dir='ltr'><strong>Ῑ)</strong></span> <span class='ocrx_word' id='word_1_1011' title='bbox 2263 4651 2408 4695; x_wconf 89' lang='lat' dir='ltr'><strong>creta</strong></span> <span class='ocrx_word' id='word_1_1012' title='bbox 2428 4684 2442 4706; x_wconf 91' lang='lat'><strong>,</strong></span> <span class='ocrx_word' id='word_1_1013' title='bbox 2493 4644 2600 4696; x_wconf 79' lang='lat' dir='ltr'><strong>&#39;boc</strong></span> <span class='ocrx_word' id='word_1_1014' title='bbox 2645 4656 2727 4695; x_wconf 87' lang='lat' dir='ltr'><strong>est</strong></span> <span class='ocrx_word' id='word_1_1015' title='bbox 2767 4621 2902 4694; x_wconf 43' lang='lat' dir='ltr'><strong>non,</strong></span> <span class='ocrx_word' id='word_1_1016' title='bbox 2928 4641 3232 4694; x_wconf 89' lang='lat' dir='ltr'><strong>discernere</strong></span> <span class='ocrx_word' id='word_1_1017' title='bbox 3261 4655 3358 4694; x_wconf 90' lang='lat' dir='ltr'><strong>cur</strong></span> <span class='ocrx_word' id='word_1_1018' title='bbox 3394 4621 3474 4693; x_wconf 69' lang='lat' dir='ltr'><strong>vel</strong></span> <span class='ocrx_word' id='word_1_1019' title='bbox 3516 4621 3684 4708; x_wconf 81' lang='lat' dir='ltr'><strong>quare</strong></span> <span class='ocrx_word' id='word_1_1020' title='bbox 3713 4655 3844 4704; x_wconf 68' lang='lat' dir='ltr'><strong>prae-</strong></span> 
     </span>
    </p>
   </div>
   <div class='ocr_carea' id='block_1_130' title="bbox 2262 4711 3842 4778">
    <p class='ocr_par' dir='ltr' id='par_1_130' title="bbox 2262 4711 3842 4778">
     <span class='ocr_line' id='line_1_131' title="bbox 2262 4711 3842 4778; baseline -0.003 -11"><span class='ocrx_word' id='word_1_1021' title='bbox 2262 4712 2491 4778; x_wconf 82' lang='lat' dir='ltr'><strong>cipiatur</strong></span> <span class='ocrx_word' id='word_1_1022' title='bbox 2519 4753 2533 4778; x_wconf 94' lang='lat'><strong>,</strong></span> <span class='ocrx_word' id='word_1_1023' title='bbox 2588 4714 2680 4766; x_wconf 87' lang='lat' dir='ltr'><strong>sed</strong></span> <span class='ocrx_word' id='word_1_1024' title='bbox 2731 4714 2830 4766; x_wconf 92' lang='lat' dir='ltr'><strong>hoc</strong></span> <span class='ocrx_word' id='word_1_1025' title='bbox 2879 4722 3082 4765; x_wconf 91' lang='lat' dir='ltr'><strong>tantum</strong></span> <span class='ocrx_word' id='word_1_1026' title='bbox 3141 4712 3270 4774; x_wconf 84' lang='lat' dir='ltr'><strong>niti.</strong></span> <span class='ocrx_word' id='word_1_1027' title='bbox 3301 4721 3355 4764; x_wconf 90' lang='lat' dir='ltr'><strong>ut</strong></span> <span class='ocrx_word' id='word_1_1028' title='bbox 3383 4711 3610 4764; x_wconf 86' lang='lat' dir='ltr'><strong>fideliter</strong></span> <span class='ocrx_word' id='word_1_1029' title='bbox 3648 4718 3702 4762; x_wconf 87' lang='lat' dir='ltr'><strong>et</strong></span> <span class='ocrx_word' id='word_1_1030' title='bbox 3743 4711 3842 4762; x_wconf 88' lang='lat' dir='ltr'><strong>hu-</strong></span> 
     </span>
    </p>
   </div>
   <div class='ocr_carea' id='block_1_131' title="bbox 2265 4779 3844 4852">
    <p class='ocr_par' dir='ltr' id='par_1_131' title="bbox 2265 4779 3844 4852">
     <span class='ocr_line' id='line_1_132' title="bbox 2265 4779 3844 4852; baseline -0.001 -16"><span class='ocrx_word' id='word_1_1031' title='bbox 2265 4785 2464 4838; x_wconf 90' lang='lat' dir='ltr'><strong>militer</strong></span> <span class='ocrx_word' id='word_1_1032' title='bbox 2489 4788 2576 4836; x_wconf 88' lang='lat' dir='ltr'><strong>ttat</strong></span> <span class='ocrx_word' id='word_1_1033' title='bbox 2618 4784 2758 4852; x_wconf 89' lang='lat' dir='ltr'><strong>quod</strong></span> <span class='ocrx_word' id='word_1_1034' title='bbox 2782 4799 2808 4834; x_wconf 89' lang='lat' dir='ltr'><strong>a</strong></span> <span class='ocrx_word' id='word_1_1035' title='bbox 2836 4786 3036 4850; x_wconf 85' lang='lat' dir='ltr'><strong>majore</strong></span> <span class='ocrx_word' id='word_1_1036' title='bbox 3067 4782 3394 4851; x_wconf 67' lang='lat' dir='ltr'><strong>praecipitur.</strong></span> <span class='ocrx_word' id='word_1_1037' title='bbox 3426 4799 3445 4832; x_wconf 75' lang='grc' dir='ltr'><strong>ι</strong></span> <span class='ocrx_word' id='word_1_1038' title='bbox 3478 4781 3612 4834; x_wconf 84' lang='lat' dir='ltr'><strong>Hine</strong></span> <span class='ocrx_word' id='word_1_1039' title='bbox 3654 4779 3844 4834; x_wconf 84' lang='lat' dir='ltr'><strong>Petrus</strong></span> 
     </span>
    </p>
   </div>
   <div class='ocr_carea' id='block_1_132' title="bbox 2267 4852 3843 4924">
    <p class='ocr_par' dir='ltr' id='par_1_132' title="bbox 2267 4852 3843 4924">
     <span class='ocr_line' id='line_1_133' title="bbox 2267 4852 3843 4924; baseline -0.001 -18"><span class='ocrx_word' id='word_1_1040' title='bbox 2267 4855 2531 4908; x_wconf 81' lang='lat' dir='ltr'><strong>Blescnsis</strong></span> <span class='ocrx_word' id='word_1_1041' title='bbox 2564 4853 2752 4924; x_wconf 82' lang='lat' dir='ltr'><strong>(Epist.</strong></span> <span class='ocrx_word' id='word_1_1042' title='bbox 2799 4853 2922 4920; x_wconf 70' lang='grc'><strong>154)</strong></span> <span class='ocrx_word' id='word_1_1043' title='bbox 2965 4871 2976 4906; x_wconf 89' lang='lat'><strong>:</strong></span> <span class='ocrx_word' id='word_1_1044' title='bbox 3028 4871 3046 4904; x_wconf 85' lang='grc'>‹</span> <span class='ocrx_word' id='word_1_1045' title='bbox 3084 4854 3212 4924; x_wconf 83' lang='lat' dir='ltr'><strong>Siue</strong></span> <span class='ocrx_word' id='word_1_1046' title='bbox 3253 4853 3399 4906; x_wconf 90' lang='lat' dir='ltr'><strong>omni</strong></span> <span class='ocrx_word' id='word_1_1047' title='bbox 3444 4852 3843 4924; x_wconf 85' lang='lat' dir='ltr'><strong>delectu,_si_ne</strong></span> 
     </span>
    </p>
   </div>
   <div class='ocr_carea' id='block_1_133' title="bbox 2265 4920 3846 4992">
    <p class='ocr_par' dir='ltr' id='par_1_133' title="bbox 2265 4920 3846 4992">
     <span class='ocr_line' id='line_1_134' title="bbox 2265 4920 3846 4992; baseline -0.002 -15"><span class='ocrx_word' id='word_1_1048' title='bbox 2265 4927 2408 4978; x_wconf 90' lang='lat' dir='ltr'><strong>omni</strong></span> <span class='ocrx_word' id='word_1_1049' title='bbox 2462 4920 2788 4992; x_wconf 80' lang='lat' dir='ltr'><strong>exceptione</strong></span> <span class='ocrx_word' id='word_1_1050' title='bbox 2831 4924 2991 4978; x_wconf 59' lang='lat' dir='ltr'><strong>faciat</strong></span> <span class='ocrx_word' id='word_1_1051' title='bbox 3021 4923 3235 4991; x_wconf 74' lang='lat' dir='ltr'><strong>llegula:</strong></span> <span class='ocrx_word' id='word_1_1052' title='bbox 3274 4926 3542 4991; x_wconf 62' lang='lat' dir='ltr'><strong>professor</strong></span> <span class='ocrx_word' id='word_1_1053' title='bbox 3579 4920 3723 4990; x_wconf 91' lang='lat' dir='ltr'><strong>quod</strong></span> <span class='ocrx_word' id='word_1_1054' title='bbox 3762 4921 3846 4975; x_wconf 58' lang='lat' dir='ltr'><strong>in.</strong></span> 
     </span>
    </p>
   </div>
   <div class='ocr_carea' id='block_1_134' title="bbox 2261 4993 3841 5067">
    <p class='ocr_par' dir='ltr' id='par_1_134' title="bbox 2261 4993 3841 5067">
     <span class='ocr_line' id='line_1_135' title="bbox 2261 4993 3841 5067; baseline -0.002 -21"><span class='ocrx_word' id='word_1_1055' title='bbox 2261 4996 2504 5067; x_wconf 82' lang='lat' dir='ltr'><strong>jungitur</strong></span> <span class='ocrx_word' id='word_1_1056' title='bbox 2544 4997 2645 5050; x_wconf 90' lang='lat' dir='ltr'><strong>sibi</strong></span> <span class='ocrx_word' id='word_1_1057' title='bbox 2680 5011 2695 5060; x_wconf 92' lang='lat'><strong>;</strong></span> <span class='ocrx_word' id='word_1_1058' title='bbox 2761 4995 2886 5066; x_wconf 90' lang='lat' dir='ltr'><strong>qttid</strong></span> <span class='ocrx_word' id='word_1_1059' title='bbox 2931 5010 3077 5058; x_wconf 84' lang='lat' dir='ltr'><strong>vero,</strong></span> <span class='ocrx_word' id='word_1_1060' title='bbox 3117 4994 3202 5046; x_wconf 88' lang='lat' dir='ltr'><strong>vel</strong></span> <span class='ocrx_word' id='word_1_1061' title='bbox 3233 4996 3422 5067; x_wconf 87' lang='lat' dir='ltr'><strong>quale,</strong></span> <span class='ocrx_word' id='word_1_1062' title='bbox 3466 4993 3548 5067; x_wconf 78' lang='lat' dir='ltr'><strong>vel</strong></span> <span class='ocrx_word' id='word_1_1063' title='bbox 3586 5002 3841 5067; x_wconf 86' lang='lat' dir='ltr'><strong>quantum</strong></span> 
     </span>
    </p>
   </div>
   <div class='ocr_carea' id='block_1_135' title="bbox 2267 5063 3843 5136">
    <p class='ocr_par' dir='ltr' id='par_1_135' title="bbox 2267 5063 3843 5136">
     <span class='ocr_line' id='line_1_136' title="bbox 2267 5063 3843 5136; baseline -0.002 -17"><span class='ocrx_word' id='word_1_1064' title='bbox 2267 5067 2338 5119; x_wconf 89' lang='lat' dir='ltr'><strong>sit</strong></span> <span class='ocrx_word' id='word_1_1065' title='bbox 2362 5063 2500 5136; x_wconf 62' lang='lat' dir='ltr'><strong>Quod</strong></span> <span class='ocrx_word' id='word_1_1066' title='bbox 2543 5063 2834 5135; x_wconf 82' lang='lat' dir='ltr'><strong>injungitur</strong></span> <span class='ocrx_word' id='word_1_1067' title='bbox 2855 5082 2958 5120; x_wconf 90' lang='lat' dir='ltr'><strong>non</strong></span> <span class='ocrx_word' id='word_1_1068' title='bbox 2981 5068 3283 5136; x_wconf 86' lang='lat' dir='ltr'><strong>discernat;</strong></span> <span class='ocrx_word' id='word_1_1069' title='bbox 3307 5063 3546 5136; x_wconf 76' lang='lat' dir='ltr'><strong>alioquin</strong></span> <span class='ocrx_word' id='word_1_1070' title='bbox 3568 5065 3843 5131; x_wconf 80' lang='lat' dir='ltr'><strong>pra-sumit</strong></span> 
     </span>
    </p>
   </div>
   <div class='ocr_carea' id='block_1_136' title="bbox 2265 5134 3840 5208">
    <p class='ocr_par' dir='ltr' id='par_1_136' title="bbox 2265 5134 3840 5208">
     <span class='ocr_line' id='line_1_137' title="bbox 2265 5134 3840 5208; baseline -0.002 -18"><span class='ocrx_word' id='word_1_1071' title='bbox 2265 5134 2547 5192; x_wconf 80' lang='lat' dir='ltr'><strong>comedere</strong></span> <span class='ocrx_word' id='word_1_1072' title='bbox 2597 5134 2664 5191; x_wconf 86' lang='lat' dir='ltr'><strong>de</strong></span> <span class='ocrx_word' id='word_1_1073' title='bbox 2699 5134 2850 5208; x_wconf 30' lang='lat' dir='ltr'><strong>’tigno</strong></span> <span class='ocrx_word' id='word_1_1074' title='bbox 2878 5138 3117 5192; x_wconf 71' lang='lat' dir='ltr'><strong>scientia:</strong></span> <span class='ocrx_word' id='word_1_1075' title='bbox 3159 5135 3283 5188; x_wconf 91' lang='lat' dir='ltr'><strong>boni</strong></span> <span class='ocrx_word' id='word_1_1076' title='bbox 3321 5144 3377 5188; x_wconf 90' lang='lat' dir='ltr'><strong>et</strong></span> <span class='ocrx_word' id='word_1_1077' title='bbox 3424 5134 3584 5208; x_wconf 74' lang='lat' dir='ltr'><strong>mali;</strong></span> <span class='ocrx_word' id='word_1_1078' title='bbox 3619 5147 3840 5208; x_wconf 76' lang='lat' dir='ltr'><strong>censura</strong></span> 
     </span>
    </p>
   </div>
   <div class='ocr_carea' id='block_1_137' title="bbox 2267 5205 3841 5276">
    <p class='ocr_par' dir='ltr' id='par_1_137' title="bbox 2267 5205 3841 5276">
     <span class='ocr_line' id='line_1_138' title="bbox 2267 5205 3841 5276; baseline -0.004 -14"><span class='ocrx_word' id='word_1_1079' title='bbox 2267 5209 2415 5262; x_wconf 88' lang='lat' dir='ltr'><strong>enim</strong></span> <span class='ocrx_word' id='word_1_1080' title='bbox 2445 5205 2782 5262; x_wconf 83' lang='lat' dir='ltr'><strong>discretionis</strong></span> <span class='ocrx_word' id='word_1_1081' title='bbox 2807 5219 2890 5263; x_wconf 90' lang='lat' dir='ltr'><strong>est</strong></span> <span class='ocrx_word' id='word_1_1082' title='bbox 2920 5222 3082 5276; x_wconf 83' lang='lat' dir='ltr'><strong>penes</strong></span> <span class='ocrx_word' id='word_1_1083' title='bbox 3124 5216 3332 5274; x_wconf 86' lang='lat' dir='ltr'><strong>patrem</strong></span> <span class='ocrx_word' id='word_1_1084' title='bbox 3381 5206 3679 5275; x_wconf 85' lang='lat' dir='ltr'><strong>spiritalem</strong></span> <span class='ocrx_word' id='word_1_1085' title='bbox 3700 5245 3716 5268; x_wconf 92' lang='lat'><strong>,</strong></span> <span class='ocrx_word' id='word_1_1086' title='bbox 3749 5205 3841 5276; x_wconf 83' lang='lat' dir='ltr'><strong>qui</strong></span> 
     </span>
    </p>
   </div>
   <div class='ocr_carea' id='block_1_138' title="bbox 2266 5275 3836 5347">
    <p class='ocr_par' dir='ltr' id='par_1_138' title="bbox 2266 5275 3836 5347">
     <span class='ocr_line' id='line_1_139' title="bbox 2266 5275 3836 5347; baseline -0.003 -15"><span class='ocrx_word' id='word_1_1087' title='bbox 2266 5281 2444 5332; x_wconf 87' lang='lat' dir='ltr'><strong>omnia</strong></span> <span class='ocrx_word' id='word_1_1088' title='bbox 2475 5280 2765 5347; x_wconf 88' lang='lat' dir='ltr'><strong>dijudicat,</strong></span> <span class='ocrx_word' id='word_1_1089' title='bbox 2797 5289 2851 5333; x_wconf 89' lang='lat' dir='ltr'><strong>et</strong></span> <span class='ocrx_word' id='word_1_1090' title='bbox 2880 5275 2993 5344; x_wconf 84' lang='lat' dir='ltr'><strong>ipse</strong></span> <span class='ocrx_word' id='word_1_1091' title='bbox 3035 5293 3063 5330; x_wconf 90' lang='lat' dir='ltr'><strong>a</strong></span> <span class='ocrx_word' id='word_1_1092' title='bbox 3105 5291 3320 5330; x_wconf 86' lang='lat' dir='ltr'><strong>nemine</strong></span> <span class='ocrx_word' id='word_1_1093' title='bbox 3347 5277 3618 5344; x_wconf 85' lang='lat' dir='ltr'><strong>judicatur</strong></span> <span class='ocrx_word' id='word_1_1094' title='bbox 3663 5291 3676 5325; x_wconf 89' lang='lat'><strong>:</strong></span> <span class='ocrx_word' id='word_1_1095' title='bbox 3711 5275 3836 5328; x_wconf 83' lang='lat' dir='ltr'><strong>nihil</strong></span> 
     </span>
    </p>
   </div>
   <div class='ocr_carea' id='block_1_139' title="bbox 2265 5347 3838 5419">
    <p class='ocr_par' dir='ltr' id='par_1_139' title="bbox 2265 5347 3838 5419">
     <span class='ocr_line' id='line_1_140' title="bbox 2265 5347 3838 5419; baseline -0.004 -15"><span class='ocrx_word' id='word_1_1096' title='bbox 2265 5364 2395 5419; x_wconf 88' lang='lat' dir='ltr'><strong>ergo</strong></span> <span class='ocrx_word' id='word_1_1097' title='bbox 2421 5350 2709 5408; x_wconf 86' lang='lat' dir='ltr'><strong>discernat.</strong></span> <span class='ocrx_word' id='word_1_1098' title='bbox 2740 5351 2808 5402; x_wconf 93' lang='lat' dir='ltr'><strong>sit</strong></span> <span class='ocrx_word' id='word_1_1099' title='bbox 2830 5349 3150 5402; x_wconf 87' lang='lat' dir='ltr'><strong>indiscretus</strong></span> <span class='ocrx_word' id='word_1_1100' title='bbox 3179 5357 3235 5400; x_wconf 87' lang='lat' dir='ltr'><strong>ut</strong></span> <span class='ocrx_word' id='word_1_1101' title='bbox 3260 5348 3536 5419; x_wconf 65' lang='lat' dir='ltr'><strong>intelligat,</strong></span> <span class='ocrx_word' id='word_1_1102' title='bbox 3561 5347 3634 5419; x_wconf 78' lang='lat' dir='ltr'><strong>sit</strong></span> <span class='ocrx_word' id='word_1_1103' title='bbox 3655 5355 3838 5419; x_wconf 76' lang='lat' dir='ltr'><strong>stultus</strong></span> 
     </span>
    </p>
   </div>
   <div class='ocr_carea' id='block_1_140' title="bbox 2267 5414 3834 5490">
    <p class='ocr_par' dir='ltr' id='par_1_140' title="bbox 2267 5414 3834 5490">
     <span class='ocr_line' id='line_1_141' title="bbox 2267 5414 3834 5490; baseline -0.004 -17"><span class='ocrx_word' id='word_1_1104' title='bbox 2267 5414 2556 5490; x_wconf 25' lang='lat' dir='ltr'><strong>utfsapiat.</strong></span> <span class='ocrx_word' id='word_1_1105' title='bbox 2600 5440 2620 5472; x_wconf 77' lang='grc' dir='ltr'><strong>ι</strong></span> <span class='ocrx_word' id='word_1_1106' title='bbox 2658 5420 2784 5474; x_wconf 86' lang='lat' dir='ltr'><strong>Nam</strong></span> <span class='ocrx_word' id='word_1_1107' title='bbox 2832 5431 2886 5473; x_wconf 94' lang='lat' dir='ltr'><strong>ut</strong></span> <span class='ocrx_word' id='word_1_1108' title='bbox 2931 5421 3069 5473; x_wconf 90' lang='lat' dir='ltr'><strong>idem</strong></span> <span class='ocrx_word' id='word_1_1109' title='bbox 3108 5421 3244 5490; x_wconf 78' lang='lat' dir='ltr'><strong>alibi</strong></span> <span class='ocrx_word' id='word_1_1110' title='bbox 3281 5418 3413 5490; x_wconf 89' lang='lat' dir='ltr'><strong>dicit</strong></span> <span class='ocrx_word' id='word_1_1111' title='bbox 3441 5414 3647 5490; x_wconf 79' lang='lat' dir='ltr'><strong>(Epist.</strong></span> <span class='ocrx_word' id='word_1_1112' title='bbox 3673 5414 3834 5490; x_wconf 46' lang='grc' dir='ltr'><strong>ᾅδης</strong></span> 
     </span>
    </p>
   </div>
   <div class='ocr_carea' id='block_1_141' title="bbox 2273 5485 3837 5560">
    <p class='ocr_par' dir='ltr' id='par_1_141' title="bbox 2273 5485 3837 5560">
     <span class='ocr_line' id='line_1_142' title="bbox 2273 5485 3837 5560; baseline -0.002 -20"><span class='ocrx_word' id='word_1_1113' title='bbox 2273 5509 2291 5540; x_wconf 82' lang='grc' dir='ltr'><strong>ι</strong></span> <span class='ocrx_word' id='word_1_1114' title='bbox 2331 5485 2548 5560; x_wconf 78' lang='lat' dir='ltr'><strong>Species</strong></span> <span class='ocrx_word' id='word_1_1115' title='bbox 2580 5492 2934 5546; x_wconf 75' lang='lat' dir='ltr'><strong>contumacia:</strong></span> <span class='ocrx_word' id='word_1_1116' title='bbox 2979 5501 3061 5544; x_wconf 88' lang='lat' dir='ltr'><strong>est</strong></span> <span class='ocrx_word' id='word_1_1117' title='bbox 3089 5489 3156 5544; x_wconf 91' lang='lat' dir='ltr'><strong>de</strong></span> <span class='ocrx_word' id='word_1_1118' title='bbox 3188 5489 3349 5542; x_wconf 89' lang='lat' dir='ltr'><strong>modo</strong></span> <span class='ocrx_word' id='word_1_1119' title='bbox 3391 5487 3626 5560; x_wconf 80' lang='lat' dir='ltr'><strong>mandati</strong></span> <span class='ocrx_word' id='word_1_1120' title='bbox 3672 5485 3837 5555; x_wconf 84' lang='lat' dir='ltr'><strong>inqui-</strong></span> 
     </span>
    </p>
   </div>
   <div class='ocr_carea' id='block_1_142' title="bbox 2269 5557 3839 5625">
    <p class='ocr_par' dir='ltr' id='par_1_142' title="bbox 2269 5557 3839 5625">
     <span class='ocr_line' id='line_1_143' title="bbox 2269 5557 3839 5625; baseline -0.004 -10"><span class='ocrx_word' id='word_1_1121' title='bbox 2269 5557 2411 5625; x_wconf 84' lang='lat' dir='ltr'><strong>rere,</strong></span> <span class='ocrx_word' id='word_1_1122' title='bbox 2445 5563 2711 5622; x_wconf 65' lang='lat' dir='ltr'><strong>litesifztl&#39;e.</strong></span> <span class='ocrx_word' id='word_1_1123' title='bbox 2741 5564 3070 5624; x_wconf 86' lang='lat' dir='ltr'><strong>discernere,</strong></span> <span class='ocrx_word' id='word_1_1124' title='bbox 3095 5571 3186 5614; x_wconf 84' lang='lat' dir='ltr'><strong>aut</strong></span> <span class='ocrx_word' id='word_1_1125' title='bbox 3208 5560 3456 5622; x_wconf 84' lang='lat' dir='ltr'><strong>dill&#39;erre;</strong></span> <span class='ocrx_word' id='word_1_1126' title='bbox 3484 5557 3540 5611; x_wconf 91' lang='lat' dir='ltr'><strong>in</strong></span> <span class='ocrx_word' id='word_1_1127' title='bbox 3570 5566 3839 5610; x_wconf 82' lang='lat' dir='ltr'><strong>contractu</strong></span> 
     </span>
    </p>
   </div>
   <div class='ocr_carea' id='block_1_143' title="bbox 2267 5626 3878 5700">
    <p class='ocr_par' dir='ltr' id='par_1_143' title="bbox 2267 5626 3878 5700">
     <span class='ocr_line' id='line_1_144' title="bbox 2267 5626 3878 5700; baseline -0.002 -17"><span class='ocrx_word' id='word_1_1128' title='bbox 2267 5635 2407 5684; x_wconf 90' lang='lat' dir='ltr'><strong>enim</strong></span> <span class='ocrx_word' id='word_1_1129' title='bbox 2437 5634 2757 5688; x_wconf 71' lang='lat' dir='ltr'><strong>obedientia:</strong></span> <span class='ocrx_word' id='word_1_1130' title='bbox 2784 5648 2888 5687; x_wconf 92' lang='lat' dir='ltr'><strong>non</strong></span> <span class='ocrx_word' id='word_1_1131' title='bbox 2917 5632 3080 5686; x_wconf 88' lang='lat' dir='ltr'><strong>habet</strong></span> <span class='ocrx_word' id='word_1_1132' title='bbox 3105 5631 3396 5700; x_wconf 87' lang='lat' dir='ltr'><strong>disputatio</strong></span> <span class='ocrx_word' id='word_1_1133' title='bbox 3432 5638 3526 5682; x_wconf 85' lang='lat' dir='ltr'><strong>aut</strong></span> <span class='ocrx_word' id='word_1_1134' title='bbox 3579 5626 3838 5700; x_wconf 83' lang='lat' dir='ltr'><strong>discepta-</strong></span> <span class='ocrx_word' id='word_1_1135' title='bbox 3869 5632 3878 5640; x_wconf 87' lang='grc'><strong>”</strong></span> 
     </span>
    </p>
   </div>
   <div class='ocr_carea' id='block_1_144' title="bbox 2266 5699 3834 5768">
    <p class='ocr_par' dir='ltr' id='par_1_144' title="bbox 2266 5699 3834 5768">
     <span class='ocr_line' id='line_1_145' title="bbox 2266 5699 3834 5768; baseline -0.003 -12"><span class='ocrx_word' id='word_1_1136' title='bbox 2266 5705 2340 5756; x_wconf 90' lang='lat' dir='ltr'><strong>tio</strong></span> <span class='ocrx_word' id='word_1_1137' title='bbox 2367 5703 2538 5757; x_wconf 91' lang='lat' dir='ltr'><strong>locum</strong></span> <span class='ocrx_word' id='word_1_1138' title='bbox 2584 5721 2596 5757; x_wconf 91' lang='lat'><strong>:</strong></span> <span class='ocrx_word' id='word_1_1139' title='bbox 2633 5719 2752 5757; x_wconf 90' lang='lat' dir='ltr'><strong>nam</strong></span> <span class='ocrx_word' id='word_1_1140' title='bbox 2784 5707 2827 5758; x_wconf 90' lang='lat' dir='ltr'><strong>si</strong></span> <span class='ocrx_word' id='word_1_1141' title='bbox 2858 5704 2912 5756; x_wconf 93' lang='lat' dir='ltr'><strong>in</strong></span> <span class='ocrx_word' id='word_1_1142' title='bbox 2939 5699 3326 5756; x_wconf 32' lang='lat' dir='ltr'><strong>discussio’nem</strong></span> <span class='ocrx_word' id='word_1_1143' title='bbox 3361 5715 3456 5755; x_wconf 91' lang='lat' dir='ltr'><strong>seu</strong></span> <span class='ocrx_word' id='word_1_1144' title='bbox 3483 5699 3834 5768; x_wconf 83' lang='lat' dir='ltr'><strong>suspicionem</strong></span> 
     </span>
    </p>
   </div>
   <div class='ocr_carea' id='block_1_145' title="bbox 2263 5770 3836 5842">
    <p class='ocr_par' dir='ltr' id='par_1_145' title="bbox 2263 5770 3836 5842">
     <span class='ocr_line' id='line_1_146' title="bbox 2263 5770 3836 5842; baseline -0.003 -16"><span class='ocrx_word' id='word_1_1145' title='bbox 2263 5786 2330 5826; x_wconf 90' lang='lat' dir='ltr'><strong>ea</strong></span> <span class='ocrx_word' id='word_1_1146' title='bbox 2352 5789 2471 5842; x_wconf 72' lang='lat' dir='ltr'><strong>qua:</strong></span> <span class='ocrx_word' id='word_1_1147' title='bbox 2492 5775 2584 5829; x_wconf 89' lang='lat' dir='ltr'><strong>tibi</strong></span> <span class='ocrx_word' id='word_1_1148' title='bbox 2604 5785 2727 5829; x_wconf 90' lang='lat' dir='ltr'><strong>sunt</strong></span> <span class='ocrx_word' id='word_1_1149' title='bbox 2744 5777 2990 5828; x_wconf 87' lang='lat' dir='ltr'><strong>mandata</strong></span> <span class='ocrx_word' id='word_1_1150' title='bbox 3013 5774 3329 5836; x_wconf 80' lang='lat' dir='ltr'><strong>deduxeris,</strong></span> <span class='ocrx_word' id='word_1_1151' title='bbox 3348 5773 3414 5825; x_wconf 90' lang='lat' dir='ltr'><strong>ad</strong></span> <span class='ocrx_word' id='word_1_1152' title='bbox 3445 5773 3646 5838; x_wconf 86' lang='lat' dir='ltr'><strong>lignum</strong></span> <span class='ocrx_word' id='word_1_1153' title='bbox 3669 5770 3836 5842; x_wconf 84' lang='lat' dir='ltr'><strong>scien-</strong></span> 
     </span>
    </p>
   </div>
   <div class='ocr_carea' id='block_1_146' title="bbox 2265 5841 3834 5913">
    <p class='ocr_par' dir='ltr' id='par_1_146' title="bbox 2265 5841 3834 5913">
     <span class='ocr_line' id='line_1_147' title="bbox 2265 5841 3834 5913; baseline -0.002 -16"><span class='ocrx_word' id='word_1_1154' title='bbox 2265 5841 2525 5899; x_wconf 72' lang='lat' dir='ltr'><strong>tiaeboni</strong></span> <span class='ocrx_word' id='word_1_1155' title='bbox 2562 5855 2616 5900; x_wconf 84' lang='lat' dir='ltr'><strong>et</strong></span> <span class='ocrx_word' id='word_1_1156' title='bbox 2655 5846 2776 5899; x_wconf 87' lang='lat' dir='ltr'><strong>ntali</strong></span> <span class='ocrx_word' id='word_1_1157' title='bbox 2823 5859 3038 5899; x_wconf 84' lang='lat' dir='ltr'><strong>manum</strong></span> <span class='ocrx_word' id='word_1_1158' title='bbox 3084 5843 3536 5913; x_wconf 74' lang='lat' dir='ltr'><strong>prtevaricatioms</strong></span> <span class='ocrx_word' id='word_1_1159' title='bbox 3579 5841 3834 5896; x_wconf 77' lang='lat' dir='ltr'><strong>extendis.</strong></span> 
     </span>
    </p>
   </div>
  </div>
