4074 6356
260 355 373 413 355

1332 358 1605 416 aeuum
1646 323 2147 415 constemus.
2176 356 2326 415 CAP.
2373 358 2439 414 v.

3438 367 3535 421 55b

258 474 432 553 primis,
456 473 684 530 delicata
710 481 791 528 est
833 471 1298 553 hecobementia,
1332 475 1599 553 transiens
1628 476 1679 529 in
1709 475 1847 553 deli.-
1872 478 1929 537 Α
1954 475 2082 530 tudo
2106 475 2267 553 desit,
2291 490 2410 545 qua:
2442 475 2494 553 in
2522 488 2648 529 arce
2670 480 2986 553 constantia:
3019 482 3245 553 virtutes
3270 456 3502 539 colloeai
3520 524 3534 553 ,

258 547 557 602 berativum
582 560 750 611 genus
774 559 948 599 causa:
982 560 995 597 :
1022 560 1127 599 non
1158 556 1240 598 est
1269 545 1442 598 hocin
1476 544 1657 600 auditu
1688 547 1844 600 auris

258 617 502 680 obedire;
534 629 637 670 non
667 615 875 669 esthoc
896 616 1155 685 regularis
1175 615 1477 670 obedientia
1511 618 1630 670 sine
1664 632 1841 682 mora,
1880 632 1881 635 ‘

260 687 357 743 sed
384 687 577 742 astutia
601 685 1018 757 tergiversatrix,
1042 696 1096 740 et
1116 697 1296 755 aperta
1315 687 1584 750 superbia.
1617 707 1634 737 ιι
1663 687 1843 757 Longe

261 758 417 812 aliter
447 757 714 813 sentiebat
741 757 905 828 abbas
933 756 1223 828 Pynuﬁus,
1276 773 1395 828 cum
1446 756 1842 814 adolescentem

259 828 480 883 fratrem
528 828 811 881 inStituens
854 827 1056 883 diceret
1110 828 1297 896 (Apud
1348 827 1581 882 Cassiau.
1639 831 1728 883 lib.
1769 846 1843 895 iv,

259 914 377 966 cap.
399 899 491 964 Η)
521 914 533 949 :
565 916 584 950 ι
612 898 842 953 Stultum
867 908 918 953 te
943 900 1236 954 secundum
1258 900 1498 967 Apostoli
1524 904 1845 955 sententiam

263 968 428 1024 facias
484 969 537 1023 in
571 968 671 1022 hoc
703 970 922 1031 mundo,
968 979 1026 1022 ut
1062 971 1137 1023 sis
1172 972 1385 1036 sapiens
1418 988 1429 1020 :
1466 970 1596 1024 nihil
1642 972 1849 1025 Scilicet

259 1038 1097 1112 discernens,nihiladjudicans
1121 1039 1221 1112 [An
1246 1041 1345 1110 leg.
1378 1040 1749 1111 abjndicans?|
1779 1058 1845 1096 es

261 1109 347 1163 his
372 1124 493 1179 quae
525 1110 615 1163 tibi
650 1109 845 1164 fuerint
874 1109 1162 1178 imperata,
1197 1109 1436 1165 sedeam
1464 1112 1610 1165 omni
1635 1109 1848 1178 simpli—

259 1181 422 1234 citate
472 1189 528 1235 et
574 1180 678 1235 ﬁde
725 1180 1083 1235 obedientiam
1129 1196 1343 1249 semper
1386 1182 1673 1245 exhibeas;
1719 1183 1847 1236 illud

262 1251 631 1305 tantummodo
660 1260 925 1315 sanctum,
958 1252 1085 1305 illud
1121 1254 1269 1318 utile,
1303 1251 1433 1305 illud
1463 1254 1675 1319 sapiens
1729 1268 1848 1308 esse

259 1320 539 1390 judicans,
566 1322 819 1391 quidquid
849 1323 940 1376 tibi
964 1324 1049 1376 vel
1084 1324 1164 1376 lex
1199 1322 1313 1390 Dei,
1349 1324 1431 1376 νισι
1463 1324 1691 1376 senioris
1718 1338 1849 1377 exa-

262 1407 388 1446 men
438 1391 737 1446 indiserit:
782 1392 873 1445 tali
915 1408 1145 1461 namque
1195 1394 1526 1448 instituteone
1564 1394 1843 1457 fundatus,

259 1462 364 1517 sub
403 1462 500 1517 hac
546 1462 827 1529 disciplina
870 1466 1070 1531 poteris
1107 1464 1303 1517 durare
1353 1473 1649 1533 perpetuo,
1682 1474 1736 1518 et
1779 1466 1848 1518 de

260 1535 510 1589 coenobio
538 1534 696 1587 nullis
730 1534 1112 1589 tentationibus
1139 1533 1341 1591 inimici
1369 1575 1384 1598 ,
1411 1535 1572 1589 nullis
1601 1535 1843 1590 factioni-

260 1603 362 1659 bus
391 1604 711 1659 devolveris.
752 1623 772 1655 ι

338 1675 534 1741 Quibus
555 1674 622 1727 ad
645 1676 797 1728 vitam
817 1686 1057 1728 aeternam
1082 1675 1353 1745 gradiendi
1381 1692 1525 1729 amor
1555 1676 1846 1747 iucumbit.]

264 1746 391 1800 llaec
417 1747 576 1799 verba
609 1762 713 1799 non
743 1747 806 1798 ad
841 1748 1230 1810 praecedentem
1279 1748 1590 1814 periodum,
1638 1748 1731 1800 sed
1782 1746 1848 1800 ad

262 1818 684 1885 subsequentem
743 1816 983 1870 referunt
1027 1815 1353 1876 Smaragdus
1396 1826 1448 1870 et
1489 1817 1847 1870 llildeinarus.

336 1886 461 1940 Ideo
487 1896 757 1957 angustam
784 1890 913 1940 viam
940 1886 1240 1958 arripiunt.]
1267 1888 1431 1956 Cujus
1458 1887 1606 1958 signa
1638 1898 1690 1940 et
1714 1888 1851 1940 indi-

261 1958 343 2012 cia
397 1956 732 2011 demonstrat
759 1958 815 2011 S.
863 1958 1096 2012 Joannes
1127 1956 1393 2011 Cliiitat'us
1431 1956 1617 2025 (Grad.
1667 1958 1723 2025 ‘2)
1766 1958 1849 2013 his

260 2029 443 2082 verbis
483 2045 496 2079 :
543 2046 560 2077 ‹
596 2030 851 2096 Angusta:
885 2030 984 2081 vim
1015 2029 1233 2097 vestigia
1276 2028 1367 2081 tibi
1419 2028 1607 2094 prodet
1648 2030 1851 2084 ventris

264 2097 516 2161 afﬂictio,
552 2097 711 2151 statio
736 2113 965 2161 pernox,
996 2114 1149 2166 aqua:
1179 2104 1339 2152 etiam
1368 2098 1611 2151 hibeudie
1639 2101 1847 2164 modus,

268 2170 425 2235 panis
456 2184 548 2223 seu
580 2184 778 2223 mensae
810 2170 1113 2235 frugalitas,
1154 2170 1456 2236 ignominue
1488 2169 1733 2235 pocolum
1767 2185 1852 2222 re-

266 2254 505 2309 pttrgans
555 2239 792 2293 animum
816 2281 830 2302 ,
872 2255 1298 2302 sarcasmorum,
1334 2238 1675 2303 irrisionum,
1713 2240 1851 2292 iudi-

264 2310 505 2364 briorum
540 2310 841 2373 tolerantia,
872 2311 1203 2363 voluntatum
1244 2310 1580 2378 propriarum
1632 2310 1851 2362 abdica-

264 2382 379 2447 tio,
432 2380 787 2435 offensionum
833 2382 1119 2449 patientia,
1172 2381 1314 2433 nulla
1370 2380 1630 2434 adversus
1680 2383 1849 2434 nostri

266 2461 632 2516 contemptum
672 2452 1127 2514 obmurmuratio,
1166 2452 1468 2504 exautlatus
1498 2452 1852 2505 contumelia.

266 2536 392 2593 rum,
432 2524 690 2589 impetus;
724 2522 766 2575 si
800 2523 1079 2577 lzedentein
1114 2520 1271 2593 174.
1302 2533 1350 2575 te
1383 2522 1591 2575 fortiter
1624 2522 1850 2585 toleres,

267 2591 315 2646 si
348 2592 733 2646 ohlrectantcm
752 2608 905 2662 aequo
926 2594 1108 2647 animo
1124 2591 1413 2652 sustineas,
1438 2593 1480 2644 si
1512 2601 1853 2658 contemptus

270 2678 376 2715 non
412 2663 680 2729 irascaris,
737 2666 781 2717 si
826 2663 1112 2717 damnatus
1150 2677 1200 2717 te
1243 2663 1514 2716 humilies.
1562 2681 1578 2712 i
1630 2663 1853 2718 Bievius

268 2731 329 2789 S.
367 2733 685 2788 Benedictus
715 2737 851 2788 viam
878 2747 1156 2803 auguStam
1179 2735 1434 2795 ostendit,
1462 2748 1581 2783 cum
1611 2733 1792 2786 subdit
1838 2752 1849 2785 :

346 2803 413 2858 Ut
442 2822 543 2857 non
589 2820 683 2858 suo
712 2805 921 2857 arbitrio
954 2806 1187 2867 virentes,
1238 2805 1313 2856 vel
1361 2803 1622 2856 desideriis
1660 2808 1769 2857 suis
1804 2815 1853 2856 et

266 2876 610 2945 voluptatibus
640 2876 946 2939 obedientes,
978 2878 1067 2929 sed
1096 2876 1417 2945 ambulantes
1432 2874 1613 2945 alieno
1650 2874 1854 2943 judicio

269 2956 324 3019 et
349 2944 585 3019 imperio,
620 2948 673 3019 in
717 2948 953 3019 canobiis
1006 2944 1281 3019 ἀφέηκε.)
1312 2944 1528 3019 AQuibus
1568 2947 1854 3019 \'erbis._nt

274 3014 521 3073 observat
557 3017 840 3082 Boherius,
867 3018 964 3069 tria
1007 3014 1355 3086 pridessidnis
1383 3025 1581 3086 nostra;
1609 3022 1731 3067 vota
1773 3015 1854 3067 in-

269 3088 473 3143 cendit.
520 3087 575 3140 In
606 3104 671 3142 eo
700 3088 841 3141 enim
873 3084 1021 3157 quod
1046 3088 1204 3155 dicit,
1236 3103 1323 3139 nec
1343 3084 1608 3137 desideriis
1644 3086 1750 3138 suis
1778 3086 1855 3157 vel

267 3158 611 3225 voluptatibus
661 3156 972 3223 obedientrs,
1026 3174 1233 3211 morum
1265 3157 1671 3211 conversionem
1710 3156 1853 3209 desi-

268 3240 415 3298 gnat.
447 3233 731 3297 Sequentia
759 3229 1077 3284 ambulantes
1106 3230 1275 3281 alieno
1315 3227 1516 3297 judicio
1545 3233 1591 3279 et
1617 3226 1852 3298 imperio,
1886 3228 1933 3295 ο
1962 3226 2126 3291 betur,
2158 3225 2291 3298 εις.)
2345 3246 2363 3277 ι

269 3297 629 3354 bbedientiain
664 3300 944 3355 denotant.
977 3300 999 3352 Ι
1011 3318 1041 3352 η
1073 3299 1307 3352 emnobiis
1335 3299 1600 3367 degentes,
1643 3297 1853 3352 stabili-

269 3380 583 3495 ullgllibatem
606 3442 707 3513 sibi
733 3458 945 3505 prcesse
973 3440 1313 3513 desiderant.]
1340 3441 1488 3497 llaud
1516 3441 1819 3513 dubitantes
1844 3482 1857 3502 ,

272 3526 370 3567 eos
403 3514 558 3569 valde
586 3512 856 3581 deceptos,
888 3514 977 3582 qui
1024 3512 1124 3568 sibi
1176 3511 1555 3583 praefidentes.
1591 3512 1736 3565 nullo
1763 3511 1866 3565 viae
1914 3548 1917 3551 »

270 3584 409 3638 duce
438 3583 539 3637 sibi
558 3598 690 3651 opus
713 3598 836 3638 esse
856 3585 1185 3647 existimant,
1213 3582 1267 3637 ut
1291 3586 1524 3651 loquitur
1537 3582 1596 3637 S.
1624 3582 1860 3637 Joannes

271 3653 544 3724 Climacus
592 3654 778 3724 (Grad.
817 3656 870 3724 l)
902 3670 915 3709 :
944 3656 1085 3710 unde
1128 3666 1180 3708 et
1210 3656 1265 3709 S.
1306 3656 1606 3709 Dorotheus
1648 3654 1861 3724 dicebat

272 3722 452 3849 (Dect.
486 3726 541 3793 5,
588 3722 641 3778 it.
682 3726 730 3793 l)
766 3742 778 3779 :
818 3722 1013 3780 (Nihil
1041 3724 1421 3791 miserabilius,
1458 3725 1697 3793 nihilque
1720 3723 1863 3792 quod

296 3795 483 3849 acilius
528 3796 702 3849 decipi
742 3806 795 3849 et
824 3798 1124 3849 esum-nari
1166 3808 1357 3849 uueat.
1387 3798 1470 3849 his
1519 3796 1609 3849 aui
1656 3796 1862 3849 nullum

296 3795 483 3849 acilius
528 3796 702 3862 decipi
742 3806 795 3849 et
824 3798 1124 3861 exiiugnari
1166 3808 1357 3864 queat,
1387 3798 1470 3850 his
1519 3796 1609 3865 qui
1656 3796 1862 3849 nullum

274 3864 476 3936 habent
502 3866 722 3931 ducem,
754 3868 1071 3936 nullumque
1112 3868 1163 3921 in
1205 3868 1286 3919 via
1328 3868 1420 3920 Dei
1470 3864 1863 3920 mederatorem

277 3947 331 4007 et
356 3934 715 3991 institutorem
758 3934 1004 4006 quaerunt
1037 3956 1049 3991 :
1083 3937 1209 4007 quid
1243 3940 1423 4001 enim,
1472 3938 1545 3991 ait
1585 3936 1862 4005 Scriptura

277 4005 495 4078 divina?
548 4008 586 4061 li
639 4005 831 4077 quibbs
874 4025 977 4063 non
1012 4005 1110 4063 est
1137 4009 1452 4078 gubernatio
1505 4007 1761 4078 decidunt
1806 4015 1891 4059 ut-

274 4076 422 4146 t'olia.
463 4097 481 4129 ›
521 4079 716 4133 Eadem
763 4090 878 4132 eral
910 4094 1062 4133 mens
1102 4076 1157 4134 Si
1194 4080 1483 4144 Bernardi,
1514 4079 1578 4130 ad
1612 4077 1862 4146 Ogerium

275 4145 348 4200 ita
397 4149 677 4204 scribentis
724 4149 921 4219 (Epist.
969 4152 1061 4218 87)
1128 4167 1142 4203 :
1206 4167 1224 4199 ‹
1262 4149 1361 4216 Qui
1412 4164 1469 4201 se
1515 4145 1864 4219 sibimagis-

277 4226 417 4272 trum
465 4221 764 4283 constituit,
814 4224 976 4275 stulto
1040 4235 1100 4276 se
1146 4219 1465 4287 discipulum
1518 4218 1694 4272 subdit
1747 4234 1763 4274 :
1810 4228 1865 4273 et

276 4292 488 4358 quidem
530 4292 653 4359 quid
703 4291 794 4343 alii
826 4294 1060 4345 sentiant
1105 4292 1321 4357 ignoro;
1370 4304 1470 4359 ego
1518 4289 1585 4343 de
1634 4304 1719 4342 me
1769 4304 1864 4343 ex-

277 4370 459 4428 pertus
484 4377 602 4414 sum
632 4362 773 4428 quod
804 4361 926 4415 dico
970 4381 981 4414 :
1034 4372 1087 4414 et
1125 4362 1336 4414 facdius
1378 4362 1645 4429 imperare
1669 4370 1724 4414 et
1774 4374 1863 4414 se-

275 4432 459 4485 curius
483 4446 695 4497 possum
722 4447 953 4501 prmesse
980 4432 1098 4486 aliis
1124 4433 1305 4486 multis
1333 4448 1490 4499 quam
1520 4431 1621 4485 soli
1648 4431 1801 4485 mihi.
1834 4450 1853 4483 ι

286 4501 412 4555 Vide
465 4514 617 4559 uetas
670 4502 736 4556 ad
790 4503 930 4558 hunc
979 4503 1235 4557 Bernardi
1294 4503 1467 4557 locum
1522 4503 1574 4557 in
1625 4502 1864 4559 editione

274 4570 589 4631 blabillouii.

617 4647 728 4713 ipsa
772 4645 1056 4699 obedientia
1098 4656 1217 4699 tunc
1244 4645 1568 4714 acceptabilis
1590 4648 1683 4698 erit
1715 4643 1853 4709 Deo,
1885 4618 1941 4679 Β

275 4715 407 4787 etc.]
457 4714 712 4771 Perfecta:
764 4717 1017 4785 deinceps
1056 4716 1371 4787 obedientise
1424 4717 1762 4772 conditiones
1793 4717 1849 4771 S.

275 4786 439 4843 Pater
484 4787 770 4854 describit,
818 4803 881 4841 ex
930 4789 1121 4856 quibus
1176 4786 1343 4855 piima
1390 4797 1504 4851 est,
1552 4798 1609 4842 ut
1660 4802 1852 4842 mona-

274 4858 409 4912 chus
430 4874 532 4911 non
550 4860 743 4929 trepide
764 4858 997 4925 obediat,
1016 4860 1102 4913 ubi
1116 4858 1468 4927 Smaragdus:
1496 4876 1515 4908 ‹
1538 4858 1851 4926 Trepidare,

275 4929 472 4999 inquit,
505 4940 588 4984 est
636 4930 822 4983 timere
851 4940 903 4983 et
932 4930 1211 4994 dubitare;
1254 4949 1274 4982 ι
1303 4946 1368 4984 ex
1404 4944 1509 4999 quo
1540 4930 1849 4984 concludit:

283 5017 301 5051 ι
328 4998 435 5071 ille
470 4999 831 5055 obedientiam
864 4999 1039 5056 facere
1088 5000 1347 5071 trepidat,
1392 4998 1481 5069 qui
1526 5000 1579 5054 in
1638 5000 1851 5054 Domini

275 5069 541 5140 adjutorio
571 5072 794 5126 firmiter
833 5087 936 5125 non
967 5069 1184 5141 sperat,
1212 5092 1231 5124 ι
1288 5072 1385 5125 hoc
1413 5080 1497 5126 est
1518 5072 1609 5141 qui
1659 5071 1726 5126 de
1766 5072 1852 5126 lu-

278 5151 432 5205 turo,
491 5143 682 5196 antri-i
720 5152 912 5197 eventu
952 5144 1202 5197 formidat
1240 5151 1288 5198 et
1342 5142 1566 5197 dubitat.
1614 5142 1726 5196 Non
1772 5143 1852 5197 sic

276 5214 434 5281 plane
466 5213 733 5268 Abraham
758 5254 773 5279 ,
810 5230 913 5268 nou
944 5215 1053 5282 sic,
1094 5215 1181 5284 qui
1210 5215 1481 5284 proiiriuni
1525 5213 1708 5283 jussus
1751 5213 1853 5267 im-

273 5284 483 5337 molare
512 5284 697 5344 tilium.
732 5287 784 5339 in
816 5300 965 5353 spem
996 5296 1180 5339 contra
1211 5300 1359 5355 spem
1383 5285 1631 5348 credens,
1687 5285 1852 5339 divini

273 5356 511 5409 mandati
530 5358 932 5410 exsecutionem
952 5356 1158 5410 fortiter
1178 5366 1261 5410 est
1278 5371 1578 5425 aggressus.
1612 5356 1777 5425 Hujus
1800 5364 1854 5409 et

272 5440 375 5479 nos
398 5430 651 5492 exemplo
684 5428 815 5479 nihil
841 5438 1054 5490 terreat,
1091 5427 1219 5479 nihil
1253 5437 1480 5493 moveat,
1519 5438 1573 5481 et
1599 5426 1853 5481 utverbis

368 5495 621 5569 Bernardi
654 5508 769 5552 utar
796 5498 1084 5569 (Serani-il
1120 5498 1182 5549 de
1215 5498 1448 5566 divers.),
1495 5518 1511 5548 ι
1557 5499 1599 5551 si
1631 5499 1851 5551 tribula-

275 5567 353 5621 tio
380 5568 618 5636 intonat,
656 5570 701 5623 si
746 5567 1047 5638 persecutio
1078 5569 1318 5629 resultat,
1345 5571 1387 5622 si
1421 5579 1728 5636 peccatores
1758 5569 1851 5624 tibi

276 5640 524 5707 laqueum
549 5650 786 5707 ponunt,
813 5640 855 5693 si
882 5639 1093 5708 maligni
1126 5649 1270 5691 tuum
1306 5639 1416 5691 iter
1444 5640 1769 5704 impediunt,
1801 5648 1854 5693 tu

275 5710 598 5765 obedientite
627 5712 763 5766 viain
797 5727 861 5766 ne
888 5712 1131 5768 deseras;
1167 5711 1259 5763 sed
1301 5711 1384 5763 dic
1414 5727 1424 5760 :
1476 5709 1697 5762 Paratus
1748 5728 1856 5763 sum

276 5788 323 5833 ct
348 5797 451 5834 non
473 5798 583 5836 sunt
613 5784 863 5849 turbatus,
899 5793 949 5835 ut
978 5782 1257 5835 custodiam
1296 5784 1536 5833 mandata
1566 5790 1675 5833 tua.
1721 5780 1858 5845 Quid

279 5852 422 5905 enim
455 5857 702 5922 superius
728 5865 1038 5911 enumerata
1073 5854 1285 5923 pariunt
1317 5853 1557 5920 utilitatis
1579 5891 1593 5917 ,
1636 5852 1679 5907 si
1710 5851 1859 5907 forti-

1953 557 2007 600 et
2052 561 2118 600 eo
2150 547 2287 619 vallo
2323 546 2494 619 munit
2537 561 2641 614 quo
2685 548 2972 619 furentium
3024 550 3255 619 impetus
3297 546 3533 619 aspirare

1956 633 2067 691 non
2090 618 2291 685 possit?
2322 616 2530 671 Manum
2563 628 2706 671 tuam
2736 618 2929 673 misisti
2956 620 3022 673 ad
3050 616 3241 675 fortia?
3270 616 3534 691 agendum

1954 698 2037 743 est
2059 690 2340 750 instanter,
2370 696 2422 741 et
2452 696 2759 742 constanter
2786 691 3168 745 obediendnm.
3209 712 3226 744 ι

2027 759 2271 814 Secunda
2304 759 2555 828 perfecte
2598 759 2918 816 obedientiae
2949 762 3187 817 conditio
3211 773 3295 818 est
3321 764 3537 821 obedire

1956 848 2059 885 non
2110 832 2290 891 tarde:
2319 829 2473 898 quia.
2527 839 2583 884 ut
2626 830 2758 884 dicit
2792 830 2851 885 S.
2906 832 3208 889 Bernardus
3251 834 3536 901 (Ibidem):

1960 919 1979 950 ε
2022 901 2288 956 Velociter
2337 902 2503 955 currit
2553 915 2733 955 sermo
2785 901 2908 967 Dei,
2966 912 3021 957 et
3060 905 3296 959 veloiem
3340 905 3537 961 habere

1955 973 2231 1027 desiderat
2261 974 2595 1040 sequentem.
2630 970 2792 1027 Vides
2816 982 3012 1041 quanta
3041 976 3326 1029 velocitate
3356 986 3536 1029 currat

1955 1044 2046 1097 ille
2096 1044 2185 1107 qui
2239 1044 2385 1104 dicit,
2437 1041 2590 1094 Viam
2631 1044 2991 1097 mandatorum
3046 1056 3251 1099 tuorum
3295 1047 3538 1101 cucurri?

1956 1114 2158 1167 Fidelis
2190 1113 2448 1168 obediens
2470 1107 2638 1167 nescit
2660 1128 2859 1178 moras,
2885 1114 3016 1179 fugit
3036 1118 3353 1182 crastinum,
3388 1116 3534 1183 igno-

1955 1192 2040 1238 rat
2068 1184 2373 1238 tarditatem
2395 1224 2409 1248 ,
2448 1184 2684 1254 praeripit
2714 1186 3112 1251 praecipientem
3133 1226 3148 1252 ,
3173 1197 3323 1254 parat
3353 1189 3539 1242 oculos
3574 1226 3575 1229 η

1963 1255 2118 1325 175
2157 1255 2323 1319 visui,
2375 1269 2532 1325 aures
2579 1253 2819 1319 audilui,
2865 1256 3093 1319 linguam
3150 1253 3300 1319 voci.
3353 1273 3539 1312 manus

1957 1324 2129 1394 operi,
2158 1326 2332 1379 itineri
2365 1324 2550 1394 pedes,
2588 1332 2756 1378 totum
2785 1340 2843 1379 se
2865 1325 3102 1395 colligit,
3128 1336 3185 1380 ut
3222 1328 3541 1396 imperantis

1957 1397 2176 1464 colligat
2197 1396 2549 1450 voluntatem.
2584 1414 2602 1446 ι

2029 1467 2228 1531 Tertia,
2260 1483 2361 1519 non
2404 1467 2568 1528 tepide
2597 1481 2615 1518 :
2648 1465 2858 1533 tepidos
2888 1467 3030 1520 enim
3066 1466 3205 1522 Deus
3242 1470 3445 1522 evomit
3471 1484 3539 1524 es

1956 1551 2053 1591 ore
2079 1552 2198 1590 suo.
2252 1538 2386 1591 Hinc
2429 1536 2702 1591 Gilbertus
2751 1537 2818 1589 de
2848 1537 3143 1591 lloillandia
3172 1537 3365 1606 (Serm.
3396 1539 3461 1592 17
3491 1542 3542 1592 in

1957 1605 2134 1677 Cant.)
2175 1626 2186 1661 :
2221 1627 2236 1659 ι
2275 1608 2511 1662 Mortuus
2535 1617 2648 1669 est,
2683 1606 2880 1673 inquit,
2911 1607 3001 1674 qui
3027 1608 3109 1661 vel
3142 1605 3307 1672 ttedii,
3336 1610 3419 1663 vel
3448 1609 3540 1664 de-

1957 1680 2278 1747 sperationis
2318 1678 2460 1731 mole
2502 1678 2770 1741 obruitur,
2817 1678 2867 1730 in
2917 1693 3023 1747 quo
3068 1678 3199 1732 nihil
3237 1689 3320 1733 est
3354 1681 3542 1735 vivida:

1957 1748 2289 1813 devotionis,
2333 1748 2519 1802 fervidi
2560 1747 2808 1816 spiritus,
2839 1752 2927 1816 qui
2958 1747 3063 1803 etsi
3119 1748 3253 1817 legis
3282 1762 3542 1818 praecepta

1960 1833 2064 1871 non
2096 1820 2329 1881 deserat,
2364 1822 2580 1873 et-intra
2604 1818 2823 1887 Regula:
2851 1822 3114 1886 gremium
3148 1833 3208 1873 se
3233 1820 3539 1884 concludat,

1958 1890 2150 1958 frigido
2178 1901 2351 1943 tamen
2380 1898 2434 1943 et
2464 1888 2783 1943 moribundo
2806 1888 3021 1958 languet
3049 1889 3267 1955 affectu,
3294 1890 3347 1943 in
3374 1905 3542 1960 opere

1958 1970 2147 2014 sancto
2179 1961 2308 2013 nihil
2337 1976 2498 2014 suave
2525 1960 2778 2013 sentiens.
2810 1977 2828 2009 ι

2029 2033 2257 2097 Quarta,
2292 2044 2393 2083 non
2434 2047 2550 2083 cum
2590 2045 2881 2095 murmure;
2909 2030 3000 2099 qui
3046 2033 3186 2087 enim
3218 2040 3540 2095 murmurat,

1957 2103 2133 2168 operis
2162 2102 2284 2155 boni
2312 2101 2611 2155 mercedem
2641 2101 2833 2168 perdit.

2027 2172 2252 2234 Quinta,
2287 2188 2353 2225 ne
2382 2186 2496 2224 cum
2535 2186 2772 2234 responso
2813 2170 3036 2224 nolentis
3074 2172 3357 2226 efficiatur.
3413 2171 3545 2227 Hinc

1958 2240 2019 2295 S.
2050 2243 2312 2297 Macarius
2344 2241 2499 2311 (Rrg.
2525 2256 2571 2293 c.
2597 2240 2654 2307 4)
2674 2257 2695 2313 ξ
2729 2262 2745 2290 ι
2770 2241 2900 2313 (Non
2931 2243 3336 2313 responsionem
3360 2252 3544 2297 contra

1960 2324 2287 2380 praeceptum
2322 2326 2572 2375 usurpes.
2609 2328 2627 2359 ι
2668 2312 2728 2364 Et
2759 2312 2815 2366 S.
2842 2312 3069 2365 Basilius
3095 2310 3393 2380 (Constitut.
3431 2330 3542 2366 mo-

1960 2393 2093 2436 nast.
2120 2400 2164 2436 c.
2190 2382 2280 2451 ‘25)
2309 2400 2321 2435 :
2359 2402 2377 2433 ι
2416 2383 2566 2438 Sicut
2599 2382 2748 2434 faber
2785 2390 2876 2435 aut
2905 2382 3193 2436 mdilieator
3226 2397 3543 2449 unoquoque

1958 2455 2089 2507 artis
2109 2469 2219 2507 suae
2240 2455 2594 2507 instrumento
2617 2467 2711 2521 pro
2732 2467 2830 2505 suo
2856 2452 3018 2507 utitur
3036 2453 3275 2520 arbitrio,
3301 2467 3399 2507 nec
3419 2452 3548 2507 dicit

1960 2526 2376 2579 instrumentum
2437 2524 2579 2592 quod
2623 2524 2755 2575 nolit
2801 2522 3025 2589 implere
3079 2537 3230 2576 usum
3273 2524 3336 2575 ad
3388 2536 3547 2590 quem

1958 2594 2026 2648 ab
2054 2594 2259 2648 artilice
2297 2603 2605 2663 usurpatur,
2640 2595 2733 2648 sed
2765 2594 3079 2661 obsequitur
3120 2594 3300 2645 manui
3344 2592 3544 2647 ducm-

1962 2665 2059 2727 tis;
2094 2665 2163 2718 ita
2191 2664 2418 2719 θόιιεοσιι
2458 2665 2766 2731 religiosum
2813 2663 2956 2717 velut
2996 2666 3407 2717 instrumentum
3448 2676 3548 2716 suo

1960 2735 2150 2789 artiﬁci
2209 2736 2275 2789 ad
2334 2737 2849 2788 consummationem
2904 2734 3161 2800 spiritalis
3219 2732 3431 2786 aedilicii
3492 2732 3544 2785 in

1960 2807 2209 2860 omnibus
2251 2806 2492 2873 obedire,
2536 2820 2655 2873 qua!
2688 2812 2987 2872 praeceptor
3031 2804 3168 2857 bene
3198 2805 3263 2854 ab
3303 2805 3419 2869 ipso
3455 2801 3547 2856 ad-

1960 2877 2258 2931 ministrari
2313 2890 2466 2941 posse
2512 2876 2877 2928 arbitrabitur.
2916 2892 2935 2925 ι
3000 2874 3062 2926 Et
3090 2873 3213 2926 alibi
3244 2873 3399 2941 (Reg.
3445 2873 3549 2937 fus.

1960 2964 2008 3001 c.
2037 2946 2130 3016 28)
2161 2964 2173 2999 :
2214 2964 2232 2997 ι
2273 2946 2600 3016 Detrectare,
2630 2956 2683 2997 et
2710 2944 3078 3016 contradicere
3113 2943 3400 3016 multorum
3434 2957 3545 3016 ma-_

1962 3012 2138 3070 lorum
2176 3017 2449 3085 specimen
2493 3015 2673 3075 habet.
2705 3024 2763 3066 ut
2793 3027 2917 3082 pete
2954 3014 3074 3067 fidei
3118 3012 3398 3077 morbida},
3430 3012 3547 3081 Spei

1963 3087 2285 3150 haesitantis,
2315 3088 2501 3151 fastus,
2536 3100 2597 3139 ac
2628 3100 2833 3138 morum
2865 3085 3250 3152 arrogantium.
3285 3100 3304 3152 ρ

2046 3157 2181 3225 Quia
2210 3158 2498 3226 obedientia
2524 3172 2639 3222 qua:
2669 3154 2946 3226 majoribus
2977 3151 3244 3226 prwbetur.
3277 3151 3384 3226 [leo
3403 3152 3549 3226 exiti:

2420 3227 2684 3297 Quidquid
2730 3223 2858 3297 ergo
2888 3224 3088 3297 (verba
3132 3230 3262 3297 sunt
3288 3223 3548 3297 Bernardi

1974 3298 2074 3370 [De
2094 3292 2360 3364 Prwcepto
2379 3308 2426 3352 et
2446 3292 2593 3364 disp:
2603 3313 2719 3363 cap.
2742 3292 2819 3368 9])
2842 3292 3077 3370 _vice_Dei
3104 3292 3345 3370 pi'atcipit
3366 3296 3547 3370 homo,

1972 3362 2113 3437 quod
2145 3386 2249 3423 non
2277 3362 2351 3423 Vsit
2376 3362 2581 3423 certum
2616 3362 2795 3422 tamen
2824 3362 3263 3437 displicereDeo,
3294 3362 3447 3437 haud
3466 3378 3549 3437 se:

1972 3432 2068 3515 cus
2097 3439 2467 3515 accipiendum
2497 3448 2598 3501 est.
2628 3454 2788 3508 quam
2820 3438 2864 3491 si
2896 3432 3169 3505 prtecipiat
3202 3434 3382 3515 Densa
3411 3432 3551 3515 Quid

1971 3513 2112 3585 enim
2143 3510 2373 3585 interest
2415 3521 2595 3585 utrum
2626 3524 2721 3577 per
2751 3523 2832 3585 se,
2862 3522 2929 3585 an
2968 3520 3063 3585 per
3094 3518 3221 3585 suos
3255 3510 3549 3585 ministros,

1972 3581 2089 3635 sive
2142 3582 2407 3646 homines,
2454 3581 2569 3635 sive
2615 3576 2855 3649 angelos,
2907 3576 3217 3632 hominibus
3257 3576 3551 3631 innotescat

1969 3665 2123 3706 suum
2155 3654 2403 3721 placitum
2436 3650 2616 3705 Deus?
2651 3670 2669 3701 ι
2701 3661 2805 3704 etc.

2044 3721 2108 3775 Et
2149 3716 2267 3776 cum
2310 3722 2439 3775 bono
2475 3723 2646 3774 animo
2694 3738 2725 3772 a
2765 3720 3029 3788 discipulis
3071 3716 3287 3788 φναξὸῃὶ
3334 3725 3551 3788 oportet,

1968 3795 2088 3859 quia
2116 3794 2329 3847 hilarem
2350 3795 2579 3846 datorem
2603 3791 2768 3862 diligit
2793 3787 2976 3862 Deus.]
2999 3790 3135 3862 Hinc
3163 3787 3218 3862 S.
3247 3787 3550 3862 Bernartius

1970 3857 2167 3933 (Serm.
2190 3865 2254 3919 Η
2281 3864 2345 3917 de
2367 3862 2577 3931 divers.)
2620 3879 2632 3914 :
2694 3857 2713 3913 ἆ
2743 3857 3015 3933 serenitas
3037 3861 3098 3933 in
3124 3859 3298 3933 vultu,
3330 3857 3552 3933 dulcedo

1969 3927 2025 3988 in
2067 3934 2408 3989 sermonibus
2451 3927 2677 3988 multum
2723 3932 2965 3986 colorant
3000 3928 3359 3986 obedientiam
3393 3927 3552 3981 obse-

1967 4006 2211 4074 quentis:
2256 4008 2394 4059 unde
2434 4014 2487 4057 et
2526 4002 2742 4074 gentilis
2784 4001 2876 4056 ille
2898 4011 3069 4074 (poeta
3112 3997 3191 4074 sic
3228 3998 3301 4074 ait
3333 4015 3344 4048 :
3381 3997 3552 4074 Super

1968 4068 2141 4128 omnia
2188 4075 2355 4130 vultus
2410 4068 2666 4127 acceSsere
2712 4070 2849 4123 boni.
2883 4068 3015 4138 Quis
3056 4072 3206 4138 enim
3231 4068 3379 4121 locas
3419 4069 3551 4138 obe-

1968 4146 2202 4210 dientize,
2246 4146 2333 4199 ubi
2375 4144 2605 4198 tristitia:
2644 4143 2882 4196 cernitur
2911 4137 3215 4211 aegritudo?
3256 4137 3552 4211 Ostendunt

1967 4206 2278 4285 plerumque
2304 4217 2628 4269 voluntatem
2658 4213 2821 4265 animi
2851 4206 3001 4281 signa
3037 4208 3327 4285 exteriora,
3358 4218 3413 4261 et
3435 4206 3552 4285 _dil'-

1968 4277 2104 4341 licile
2134 4277 2215 4341 est
2256 4285 2542 4359 utjvultum
2576 4298 2694 4359 non
2720 4277 2947 4344 mutent,
2981 4280 3076 4359 _q_ui
3122 4288 3329 4359 mutant
3366 4277 3552 4359 volun-

1968 4365 2129 4411 tatem
2155 4376 2168 4410 :
2214 4357 2455 4411 nubilosa
2484 4355 2726 4421 corporis
2756 4348 3096 4427 compositio,
3129 4359 3183 4404 et
3212 4348 3551 4427 facies‘tene-

1967 4428 2078 4482 bris
2108 4428 2408 4496 obfuscata,
2445 4420 2784 4481 devotionem
2824 4420 2893 4478 ab
2920 4426 3100 4478 animo
3129 4422 3417 4496 recessisse
3449 4420 3553 4496 ge-

1967 4500 2195 4569 signant.
2236 4520 2255 4551 ι
2307 4488 2544 4571 Hilarem
2579 4496 2737 4571 plane
2765 4496 3006 4571 datorem
3037 4507 3098 4571 se
3125 4488 3549 4571 exhibebatlge-

1967 4558 2154 4626 rardus
2176 4558 2667 4633 Cluniacensisfde
2697 4582 2804 4637 quo
2831 4565 3021 4622 Petrus
3052 4560 3385 4637 Venerabilis
3408 4558 3546 4631 (Lib.

2346 4657 2362 4694 :
2401 4659 2420 4693 ι
2460 4634 2727 4710 Expertus
2755 4653 2898 4698 sum,
2929 4634 3125 4710 inquit,
3167 4634 3280 4701 ipse
3304 4646 3551 4703 magnam

1963 4713 2016 4766 in
2049 4713 2149 4769 hac
2180 4707 2380 4767 virtute
2406 4712 2525 4780 ejus
2546 4707 2949 4783 constantiam,
2975 4707 3061 4761 cui
3106 4719 3226 4783 cu_m
3247 4717 3401 4783 same
3427 4716 3550 4783 gra-

1959 4784 2068 4851 via,
2111 4800 2231 4853 qua:
2270 4783 2389 4837 aliis
2418 4774 2506 4837 vix
2536 4780 2818 4854 injungere
2849 4779 3125 4854 auderem,
3159 4774 3409 4854 facillime
3451 4774 3551 4854 im-

1960 4842 2237 4923 ponerem,
2270 4856 2516 4907 alacriter
2558 4842 2796 4920 injuiicta
2840 4846 3189 4916 suscipiebat,
3221 4853 3277 4900 et
3318 4842 3549 4899 alacrius

1961 4925 2367 4999 adimplebat.»
2455 4994 2464 4999 _
2610 4992 2620 4999 _
2729 4990 2747 4999 _
2813 4990 2864 4999 __
3238 4986 3250 4997 .
3332 4983 3363 4999 ._

2037 4989 2176 5049 Nam
2214 5011 2330 5049 cum
2359 4994 2495 5048 malo
2533 4990 2749 5064 animm]
2810 4990 2867 5046 Id
2910 4999 2996 5048 est
3044 4989 3205 5057 tristi,
3238 4989 3427 5054 invito,
3457 4995 3551 5040 aut

1964 5067 2339 5122 murmuranti.

2037 5139 2253 5193 Ubediat
2282 5137 2589 5203 discipulus,
2618 5133 2748 5207 etc.j
2781 5134 2905 5189 Hazc
2932 5133 3088 5207 plana
3115 5139 3263 5207 sunt.

2036 5209 2100 5285 left
2124 5225 2217 5279 pro
2257 5209 2351 5260 tali
2389 5198 2524 5276 facta
2548 5198 2748 5285 nullam
2782 5198 3105 5285 consequitur
3130 5199 3391 5273 gratiam]
3418 5198 3551 5279 Hinc

1959 5280 2179 5350 Colliges
2221 5289 2477 5349 quantum
2524 5280 2593 5333 sit
2647 5280 2996 5350 tnurmuratio
3045 5285 3348 5350 peccatum,
3394 5285 3547 5348 cujus

1962 5345 2123 5406 causa
2186 5345 2407 5420 praemio
2464 5358 2516 5404 et
2568 5348 2817 5403 mercede
2879 5348 3156 5417 privantur
3207 5345 3321 5413 ipsa
3388 5345 3547 5395 etiam

1962 5429 2162 5492 Optima
2194 5421 2514 5475 obedientize
2541 5434 2726 5489 opera.
3057 5490 3064 5492 _
3321 5481 3341 5492 _
3393 5483 3426 5492 η
3476 5480 3487 5491 ,

2037 5494 2149 5545 Ima
2175 5504 2223 5545 et
2254 5508 2453 5555 plenam
2482 5481 2697 5544 incurrit
2724 5490 3177 5552 murmurantium,
3211 5481 3341 5555 etc.]
3389 5481 3556 5555 Quin-

1962 5566 2146 5633 tuplici
2185 5550 2339 5635 176
2367 5564 2418 5616 in
2446 5562 2737 5635 Scripturis
2770 5576 2923 5629 pinna
2954 5550 3213 5635 reperitur
3246 5550 3385 5608 Deus
3417 5550 3556 5635 initl-

1960 5620 2134 5691 ctasse
2162 5620 2509 5688 nTu'ri‘iiurium
2540 5620 2642 5703 z't"
2672 5620 2841 5701 lepra,
2875 5641 2931 5684 ut
2959 5620 3199 5703 iit-Maria
3229 5620 3558 5703 sororeblo-

1962 5709 2069 5771 sis;
2125 5707 2333 5775 Tigue
2397 5702 2631 5769 εωιθειῖ,
2692 5700 3550 5775 tabernacula”murmurantium

1965 5765 2287 5839 (levor-ante;
2353 5776 2407 5829 3°
2439 5774 2585 5829 hiatu
2616 5765 2818 5835 terrm,
2850 5772 3009 5831 Core,
3042 5768 3210 5819 llatan
3256 5774 3309 5818 et
3347 5765 3552 5843 Abit‘on

1968 5836 2319 5911 absorbcnte;
2369 5844 2425 5898 4⁸
2458 5846 2622 5915 ignito
2665 5851 2933 5914 serpente,
2969 5843 3365 5895 tuurtullt'antcs
3413 5836 3554 5889 lilios

2643 5995 2733 6025 3.,
