  <div class='ocr_page' id='page_1' title='image "/cluster/home/n/w/nwhite01/storage/ocr_20150623/66/hvd.32044015469323/186.png"; bbox 0 0 4074 6356; ppageno 0'>
   <div class='ocr_carea' id='block_1_1' title="bbox 244 350 349 415">
    <p class='ocr_par' dir='ltr' id='par_1_1' title="bbox 244 350 349 415">
     <span class='ocr_line' id='line_1_1' title="bbox 244 350 349 415; baseline 0 0"><span class='ocrx_word' id='word_1_1' title='bbox 244 350 349 415; x_wconf 67' lang='grc' dir='ltr'><strong>δι’)</strong></span> 
     </span>
    </p>
   </div>
   <div class='ocr_carea' id='block_1_2' title="bbox 1320 344 2454 410">
    <p class='ocr_par' dir='ltr' id='par_1_2' title="bbox 1320 344 2454 410">
     <span class='ocr_line' id='line_1_2' title="bbox 1320 344 2454 410; baseline -0.001 -2"><span class='ocrx_word' id='word_1_2' title='bbox 1320 346 1599 410; x_wconf 78' lang='lat' dir='ltr'><strong>REGULA</strong></span> <span class='ocrx_word' id='word_1_3' title='bbox 1637 344 2129 409; x_wconf 67' lang='grc' dir='ltr'><strong>(ΣΟΗΜΕΝΤΑΤΔ.</strong></span> <span class='ocrx_word' id='word_1_4' title='bbox 2164 346 2351 409; x_wconf 71' lang='lat' dir='ltr'><strong>CAP.’</strong></span> <span class='ocrx_word' id='word_1_5' title='bbox 2365 346 2454 407; x_wconf 75' lang='lat' dir='ltr'><strong>Vl.</strong></span> 
     </span>
    </p>
   </div>
   <div class='ocr_carea' id='block_1_3' title="bbox 3425 344 3531 410">
    <p class='ocr_par' dir='ltr' id='par_1_3' title="bbox 3425 344 3531 410">
     <span class='ocr_line' id='line_1_3' title="bbox 3425 344 3531 410; baseline 0.019 -2"><span class='ocrx_word' id='word_1_6' title='bbox 3425 344 3531 410; x_wconf 73' lang='lat'><strong>358</strong></span> 
     </span>
    </p>
   </div>
   <div class='ocr_carea' id='block_1_4' title="bbox 242 460 3529 540">
    <p class='ocr_par' dir='ltr' id='par_1_4' title="bbox 242 460 3529 540">
     <span class='ocr_line' id='line_1_4' title="bbox 242 460 3529 540; baseline 0 -20"><span class='ocrx_word' id='word_1_7' title='bbox 242 483 472 540; x_wconf 77' lang='lat' dir='ltr'><strong>quaer</strong></span> <span class='ocrx_word' id='word_1_8' title='bbox 503 465 957 540; x_wconf 67' lang='lat' dir='ltr'><strong>prima&#39;lascivic,</strong></span> <span class='ocrx_word' id='word_1_9' title='bbox 984 478 1217 534; x_wconf 80' lang='lat' dir='ltr'><strong>sequens</strong></span> <span class='ocrx_word' id='word_1_10' title='bbox 1244 464 1567 540; x_wconf 57' lang='lat' dir='ltr'><strong>arrogantia!</strong></span> <span class='ocrx_word' id='word_1_11' title='bbox 1598 462 1825 540; x_wconf 83' lang='lat' dir='ltr'><strong>famula-</strong></span> <span class='ocrx_word' id='word_1_12' title='bbox 1853 470 1908 532; x_wconf 73' lang='grc' dir='ltr'>Α</span> <span class='ocrx_word' id='word_1_13' title='bbox 1938 479 2068 540; x_wconf 76' lang='lat' dir='ltr'><strong>rum</strong></span> <span class='ocrx_word' id='word_1_14' title='bbox 2089 472 2142 519; x_wconf 91' lang='lat' dir='ltr'><strong>et</strong></span> <span class='ocrx_word' id='word_1_15' title='bbox 2172 465 2492 540; x_wconf 69' lang='lat' dir='ltr'><strong>similiores</strong></span> <span class='ocrx_word' id='word_1_16' title='bbox 2516 464 2798 540; x_wconf 16' lang='lat' dir='ltr'><strong>mundano»</strong></span> <span class='ocrx_word' id='word_1_17' title='bbox 2819 460 3045 533; x_wconf 67' lang='lat' dir='ltr'><strong>stré‘pitu</strong></span> <span class='ocrx_word' id='word_1_18' title='bbox 3076 472 3281 521; x_wconf 83' lang='lat' dir='ltr'><strong>semota</strong></span> <span class='ocrx_word' id='word_1_19' title='bbox 3312 463 3529 540; x_wconf 75' lang='lat' dir='ltr'><strong>collatio</strong></span> 
     </span>
    </p>
   </div>
   <div class='ocr_carea' id='block_1_5' title="bbox 243 536 1825 607">
    <p class='ocr_par' dir='ltr' id='par_1_5' title="bbox 243 536 1825 607">
     <span class='ocr_line' id='line_1_5' title="bbox 243 536 1825 607; baseline -0.004 -12"><span class='ocrx_word' id='word_1_20' title='bbox 243 536 351 595; x_wconf 69' lang='lat' dir='ltr'><strong>titt&#39;.</strong></span> <span class='ocrx_word' id='word_1_21' title='bbox 391 537 479 593; x_wconf 83' lang='lat' dir='ltr'><strong>Est</strong></span> <span class='ocrx_word' id='word_1_22' title='bbox 508 536 672 592; x_wconf 78' lang='lat' dir='ltr'><strong>etiam</strong></span> <span class='ocrx_word' id='word_1_23' title='bbox 716 538 888 607; x_wconf 83' lang='lat' dir='ltr'><strong>lingua</strong></span> <span class='ocrx_word' id='word_1_24' title='bbox 928 537 1129 592; x_wconf 80' lang='lat' dir='ltr'><strong>dolosa.</strong></span> <span class='ocrx_word' id='word_1_25' title='bbox 1178 546 1232 590; x_wconf 88' lang='lat' dir='ltr'><strong>et</strong></span> <span class='ocrx_word' id='word_1_26' title='bbox 1272 538 1396 592; x_wconf 89' lang='lat' dir='ltr'><strong>item</strong></span> <span class='ocrx_word' id='word_1_27' title='bbox 1440 536 1619 603; x_wconf 74' lang='lat' dir='ltr'><strong>lingua</strong></span> <span class='ocrx_word' id='word_1_28' title='bbox 1660 536 1825 589; x_wconf 85' lang='lat' dir='ltr'><strong>male-</strong></span> 
     </span>
    </p>
   </div>
   <div class='ocr_carea' id='block_1_6' title="bbox 247 607 1827 675">
    <p class='ocr_par' dir='ltr' id='par_1_6' title="bbox 247 607 1827 675">
     <span class='ocr_line' id='line_1_6' title="bbox 247 607 1827 675; baseline -0.004 -9"><span class='ocrx_word' id='word_1_29' title='bbox 247 611 397 674; x_wconf 79' lang='lat' dir='ltr'><strong>dica;</strong></span> <span class='ocrx_word' id='word_1_30' title='bbox 425 624 649 675; x_wconf 83' lang='lat' dir='ltr'><strong>quarum</strong></span> <span class='ocrx_word' id='word_1_31' title='bbox 693 618 857 662; x_wconf 79' lang='lat' dir='ltr'><strong>altera</strong></span> <span class='ocrx_word' id='word_1_32' title='bbox 903 609 954 662; x_wconf 85' lang='lat' dir='ltr'><strong>in</strong></span> <span class='ocrx_word' id='word_1_33' title='bbox 1004 607 1336 675; x_wconf 75' lang='lat' dir='ltr'><strong>falsiloquam</strong></span> <span class='ocrx_word' id='word_1_34' title='bbox 1378 616 1435 662; x_wconf 90' lang='lat' dir='ltr'><strong>et</strong></span> <span class='ocrx_word' id='word_1_35' title='bbox 1476 607 1827 661; x_wconf 84' lang='lat' dir='ltr'><strong>adulatoriam</strong></span> 
     </span>
    </p>
   </div>
   <div class='ocr_carea' id='block_1_7' title="bbox 249 678 1832 744">
    <p class='ocr_par' dir='ltr' id='par_1_7' title="bbox 249 678 1832 744">
     <span class='ocr_line' id='line_1_7' title="bbox 249 678 1832 744; baseline -0.005 -7"><span class='ocrx_word' id='word_1_36' title='bbox 249 682 639 744; x_wconf 88' lang='lat' dir='ltr'><strong>subdividitur;</strong></span> <span class='ocrx_word' id='word_1_37' title='bbox 680 682 843 734; x_wconf 62' lang='lat' dir='ltr'><strong>altera</strong></span> <span class='ocrx_word' id='word_1_38' title='bbox 883 694 1013 734; x_wconf 91' lang='lat' dir='ltr'><strong>vero</strong></span> <span class='ocrx_word' id='word_1_39' title='bbox 1037 694 1178 733; x_wconf 90' lang='lat' dir='ltr'><strong>nunc</strong></span> <span class='ocrx_word' id='word_1_40' title='bbox 1207 679 1261 731; x_wconf 90' lang='lat' dir='ltr'><strong>in</strong></span> <span class='ocrx_word' id='word_1_41' title='bbox 1291 678 1424 733; x_wconf 88' lang='lat' dir='ltr'><strong>facie</strong></span> <span class='ocrx_word' id='word_1_42' title='bbox 1452 678 1832 733; x_wconf 87' lang='lat' dir='ltr'><strong>contumeliam</strong></span> 
     </span>
    </p>
   </div>
   <div class='ocr_carea' id='block_1_8' title="bbox 247 748 1835 820">
    <p class='ocr_par' dir='ltr' id='par_1_8' title="bbox 247 748 1835 820">
     <span class='ocr_line' id='line_1_8' title="bbox 247 748 1835 820; baseline -0.006 -11"><span class='ocrx_word' id='word_1_43' title='bbox 247 754 469 820; x_wconf 80' lang='lat' dir='ltr'><strong>irrogat,</strong></span> <span class='ocrx_word' id='word_1_44' title='bbox 514 764 655 805; x_wconf 85' lang='lat' dir='ltr'><strong>nunc</strong></span> <span class='ocrx_word' id='word_1_45' title='bbox 692 751 927 803; x_wconf 82' lang='lat' dir='ltr'><strong>detrahit</strong></span> <span class='ocrx_word' id='word_1_46' title='bbox 967 753 1017 803; x_wconf 90' lang='lat' dir='ltr'><strong>in</strong></span> <span class='ocrx_word' id='word_1_47' title='bbox 1060 750 1291 805; x_wconf 89' lang='lat' dir='ltr'><strong>occulto.</strong></span> <span class='ocrx_word' id='word_1_48' title='bbox 1326 770 1344 801; x_wconf 77' lang='grc' dir='ltr'><strong>ι</strong></span> <span class='ocrx_word' id='word_1_49' title='bbox 1396 750 1459 804; x_wconf 83' lang='grc' dir='ltr'><strong>Ει</strong></span> <span class='ocrx_word' id='word_1_50' title='bbox 1501 751 1689 820; x_wconf 65' lang='lat' dir='ltr'><strong>Petrus</strong></span> <span class='ocrx_word' id='word_1_51' title='bbox 1730 748 1835 801; x_wconf 83' lang='lat' dir='ltr'><strong>Da-</strong></span> 
     </span>
    </p>
   </div>
   <div class='ocr_carea' id='block_1_9' title="bbox 248 818 1831 892">
    <p class='ocr_par' dir='ltr' id='par_1_9' title="bbox 248 818 1831 892">
     <span class='ocr_line' id='line_1_9' title="bbox 248 818 1831 892; baseline -0.004 -14"><span class='ocrx_word' id='word_1_52' title='bbox 248 818 413 879; x_wconf 59' lang='lat' dir='ltr'><strong>miini</strong></span> <span class='ocrx_word' id='word_1_53' title='bbox 446 824 666 892; x_wconf 83' lang='lat' dir='ltr'><strong>(Opusc.</strong></span> <span class='ocrx_word' id='word_1_54' title='bbox 693 822 751 885; x_wconf 83' lang='lat'><strong>9,</strong></span> <span class='ocrx_word' id='word_1_55' title='bbox 773 838 821 876; x_wconf 90' lang='lat' dir='ltr'><strong>c.</strong></span> <span class='ocrx_word' id='word_1_56' title='bbox 849 822 944 887; x_wconf 66' lang='lat'><strong>37)</strong></span> <span class='ocrx_word' id='word_1_57' title='bbox 979 839 993 874; x_wconf 92' lang='lat'><strong>:</strong></span> <span class='ocrx_word' id='word_1_58' title='bbox 1044 839 1063 874; x_wconf 88' lang='grc' dir='ltr'><strong>ι</strong></span> <span class='ocrx_word' id='word_1_59' title='bbox 1100 821 1240 874; x_wconf 90' lang='lat' dir='ltr'><strong>Dicit</strong></span> <span class='ocrx_word' id='word_1_60' title='bbox 1274 820 1561 887; x_wconf 72' lang='lat' dir='ltr'><strong>Apostolus</strong></span> <span class='ocrx_word' id='word_1_61' title='bbox 1596 836 1608 873; x_wconf 89' lang='lat'><strong>:</strong></span> <span class='ocrx_word' id='word_1_62' title='bbox 1639 818 1831 892; x_wconf 76' lang='lat' dir='ltr'><strong>Omnia</strong></span> 
     </span>
    </p>
   </div>
   <div class='ocr_carea' id='block_1_10' title="bbox 244 888 1836 962">
    <p class='ocr_par' dir='ltr' id='par_1_10' title="bbox 244 888 1836 962">
     <span class='ocr_line' id='line_1_10' title="bbox 244 888 1836 962; baseline -0.003 -15"><span class='ocrx_word' id='word_1_63' title='bbox 244 888 529 962; x_wconf 60' lang='lat' dir='ltr'><strong>siquidem</strong></span> <span class='ocrx_word' id='word_1_64' title='bbox 547 896 780 946; x_wconf 84' lang='lat' dir='ltr'><strong>ferarum</strong></span> <span class='ocrx_word' id='word_1_65' title='bbox 808 907 1004 961; x_wconf 83' lang='lat' dir='ltr'><strong>genera</strong></span> <span class='ocrx_word' id='word_1_66' title='bbox 1048 893 1099 945; x_wconf 89' lang='lat' dir='ltr'><strong>in</strong></span> <span class='ocrx_word' id='word_1_67' title='bbox 1137 892 1311 962; x_wconf 87' lang='lat' dir='ltr'><strong>lingua</strong></span> <span class='ocrx_word' id='word_1_68' title='bbox 1353 900 1709 960; x_wconf 80' lang='lat' dir='ltr'><strong>reperiuntur.</strong></span> <span class='ocrx_word' id='word_1_69' title='bbox 1760 888 1836 945; x_wconf 84' lang='lat' dir='ltr'><strong>lbi</strong></span> 
     </span>
    </p>
   </div>
   <div class='ocr_carea' id='block_1_11' title="bbox 247 960 1833 1036">
    <p class='ocr_par' dir='ltr' id='par_1_11' title="bbox 247 960 1833 1036">
     <span class='ocr_line' id='line_1_11' title="bbox 247 960 1833 1036; baseline -0.001 -20"><span class='ocrx_word' id='word_1_70' title='bbox 247 960 448 1036; x_wconf 81' lang='lat' dir='ltr'><strong>quippe</strong></span> <span class='ocrx_word' id='word_1_71' title='bbox 474 973 557 1019; x_wconf 86' lang='lat' dir='ltr'><strong>est</strong></span> <span class='ocrx_word' id='word_1_72' title='bbox 579 966 770 1019; x_wconf 68' lang='lat' dir='ltr'><strong>letitas</strong></span> <span class='ocrx_word' id='word_1_73' title='bbox 799 960 1093 1036; x_wconf 79' lang='lat' dir='ltr'><strong>volucrum,</strong></span> <span class='ocrx_word' id='word_1_74' title='bbox 1129 962 1203 1015; x_wconf 93' lang='lat' dir='ltr'><strong>ibi</strong></span> <span class='ocrx_word' id='word_1_75' title='bbox 1234 960 1487 1036; x_wconf 86' lang='lat' dir='ltr'><strong>ferocitas</strong></span> <span class='ocrx_word' id='word_1_76' title='bbox 1519 962 1833 1036; x_wconf 73' lang='lat' dir='ltr'><strong>bestiarum,</strong></span> 
     </span>
    </p>
   </div>
   <div class='ocr_carea' id='block_1_12' title="bbox 250 1034 1839 1102">
    <p class='ocr_par' dir='ltr' id='par_1_12' title="bbox 250 1034 1839 1102">
     <span class='ocr_line' id='line_1_12' title="bbox 250 1034 1839 1102; baseline -0.005 -10"><span class='ocrx_word' id='word_1_77' title='bbox 250 1034 323 1092; x_wconf 74' lang='lat' dir='ltr'><strong>ibi</strong></span> <span class='ocrx_word' id='word_1_78' title='bbox 363 1036 507 1092; x_wconf 80' lang='lat' dir='ltr'><strong>fraus</strong></span> <span class='ocrx_word' id='word_1_79' title='bbox 546 1037 807 1089; x_wconf 85' lang='lat' dir='ltr'><strong>virulenta</strong></span> <span class='ocrx_word' id='word_1_80' title='bbox 842 1034 1167 1102; x_wconf 71' lang='lat' dir='ltr'><strong>serpentium</strong></span> <span class='ocrx_word' id='word_1_81' title='bbox 1201 1035 1489 1087; x_wconf 81' lang='lat' dir='ltr'><strong>:volatllee</strong></span> <span class='ocrx_word' id='word_1_82' title='bbox 1527 1034 1672 1087; x_wconf 78' lang='lat' dir='ltr'><strong>enim</strong></span> <span class='ocrx_word' id='word_1_83' title='bbox 1712 1038 1839 1085; x_wconf 88' lang='lat' dir='ltr'><strong>sunt</strong></span> 
     </span>
    </p>
   </div>
   <div class='ocr_carea' id='block_1_13' title="bbox 247 1105 1837 1177">
    <p class='ocr_par' dir='ltr' id='par_1_13' title="bbox 247 1105 1837 1177">
     <span class='ocr_line' id='line_1_13' title="bbox 247 1105 1837 1177; baseline -0.006 -12"><span class='ocrx_word' id='word_1_84' title='bbox 247 1108 341 1177; x_wconf 85' lang='lat' dir='ltr'><strong>qui</strong></span> <span class='ocrx_word' id='word_1_85' title='bbox 375 1105 653 1175; x_wconf 88' lang='lat' dir='ltr'><strong>proferunt</strong></span> <span class='ocrx_word' id='word_1_86' title='bbox 689 1107 741 1159; x_wconf 92' lang='lat' dir='ltr'><strong>in</strong></span> <span class='ocrx_word' id='word_1_87' title='bbox 770 1107 967 1161; x_wconf 65' lang='lat' dir='ltr'><strong>celum</strong></span> <span class='ocrx_word' id='word_1_88' title='bbox 1004 1119 1272 1177; x_wconf 77' lang='lat' dir='ltr'><strong>ossuum,</strong></span> <span class='ocrx_word' id='word_1_89' title='bbox 1299 1114 1354 1159; x_wconf 90' lang='lat' dir='ltr'><strong>et</strong></span> <span class='ocrx_word' id='word_1_90' title='bbox 1383 1119 1610 1177; x_wconf 78' lang='lat' dir='ltr'><strong>quorum</strong></span> <span class='ocrx_word' id='word_1_91' title='bbox 1652 1117 1715 1157; x_wconf 87' lang='lat' dir='ltr'><strong>os</strong></span> <span class='ocrx_word' id='word_1_92' title='bbox 1759 1105 1837 1177; x_wconf 76' lang='lat' dir='ltr'><strong>lo-</strong></span> 
     </span>
    </p>
   </div>
   <div class='ocr_carea' id='block_1_14' title="bbox 248 1173 1840 1244">
    <p class='ocr_par' dir='ltr' id='par_1_14' title="bbox 248 1173 1840 1244">
     <span class='ocr_line' id='line_1_14' title="bbox 248 1173 1840 1244; baseline -0.004 -11"><span class='ocrx_word' id='word_1_93' title='bbox 248 1173 431 1233; x_wconf 74' lang='lat' dir='ltr'><strong>cutum</strong></span> <span class='ocrx_word' id='word_1_94' title='bbox 465 1186 549 1233; x_wconf 87' lang='lat' dir='ltr'><strong>est</strong></span> <span class='ocrx_word' id='word_1_95' title='bbox 587 1178 899 1242; x_wconf 74' lang='lat' dir='ltr'><strong>vanitatem,</strong></span> <span class='ocrx_word' id='word_1_96' title='bbox 930 1175 1084 1244; x_wconf 88' lang='lat' dir='ltr'><strong>quasi</strong></span> <span class='ocrx_word' id='word_1_97' title='bbox 1117 1175 1393 1230; x_wconf 84' lang='lat' dir='ltr'><strong>volucrum</strong></span> <span class='ocrx_word' id='word_1_98' title='bbox 1427 1175 1725 1235; x_wconf 76' lang='lat' dir='ltr'><strong>levitatem;</strong></span> <span class='ocrx_word' id='word_1_99' title='bbox 1761 1173 1840 1227; x_wconf 84' lang='lat' dir='ltr'><strong>fe-</strong></span> 
     </span>
    </p>
   </div>
   <div class='ocr_carea' id='block_1_15' title="bbox 250 1247 1840 1318">
    <p class='ocr_par' dir='ltr' id='par_1_15' title="bbox 250 1247 1840 1318">
     <span class='ocr_line' id='line_1_15' title="bbox 250 1247 1840 1318; baseline -0.004 -13"><span class='ocrx_word' id='word_1_100' title='bbox 250 1264 408 1307; x_wconf 82' lang='lat' dir='ltr'><strong>roces</strong></span> <span class='ocrx_word' id='word_1_101' title='bbox 444 1258 567 1303; x_wconf 86' lang='lat' dir='ltr'><strong>sunt</strong></span> <span class='ocrx_word' id='word_1_102' title='bbox 593 1249 776 1303; x_wconf 68' lang='lat' dir='ltr'><strong>bestia</strong></span> <span class='ocrx_word' id='word_1_103' title='bbox 803 1250 892 1318; x_wconf 86' lang='lat' dir='ltr'><strong>qui</strong></span> <span class='ocrx_word' id='word_1_104' title='bbox 918 1252 1246 1302; x_wconf 80' lang='lat' dir='ltr'><strong>exacuerunt</strong></span> <span class='ocrx_word' id='word_1_105' title='bbox 1282 1257 1342 1301; x_wconf 92' lang='lat' dir='ltr'><strong>ut</strong></span> <span class='ocrx_word' id='word_1_106' title='bbox 1366 1247 1601 1318; x_wconf 79' lang='lat' dir='ltr'><strong>gladium</strong></span> <span class='ocrx_word' id='word_1_107' title='bbox 1634 1247 1840 1318; x_wconf 85' lang='lat' dir='ltr'><strong>linguas</strong></span> 
     </span>
    </p>
   </div>
   <div class='ocr_carea' id='block_1_16' title="bbox 249 1316 1839 1388">
    <p class='ocr_par' dir='ltr' id='par_1_16' title="bbox 249 1316 1839 1388">
     <span class='ocr_line' id='line_1_16' title="bbox 249 1316 1839 1388; baseline -0.003 -14"><span class='ocrx_word' id='word_1_108' title='bbox 249 1334 410 1384; x_wconf 81' lang='lat' dir='ltr'><strong>suas;</strong></span> <span class='ocrx_word' id='word_1_109' title='bbox 452 1330 736 1384; x_wconf 70' lang='lat' dir='ltr'><strong>SBI&#39;pGﬂIBS</strong></span> <span class='ocrx_word' id='word_1_110' title='bbox 786 1316 1057 1388; x_wconf 69' lang='lat' dir='ltr'><strong>postremo</strong></span> <span class='ocrx_word' id='word_1_111' title='bbox 1102 1327 1248 1379; x_wconf 88' lang='lat' dir='ltr'><strong>sunt,</strong></span> <span class='ocrx_word' id='word_1_112' title='bbox 1289 1320 1355 1372; x_wconf 86' lang='lat' dir='ltr'><strong>de</strong></span> <span class='ocrx_word' id='word_1_113' title='bbox 1394 1317 1592 1387; x_wconf 82' lang='lat' dir='ltr'><strong>quibus</strong></span> <span class='ocrx_word' id='word_1_114' title='bbox 1635 1316 1839 1370; x_wconf 86' lang='lat' dir='ltr'><strong>dictum</strong></span> 
     </span>
    </p>
   </div>
   <div class='ocr_carea' id='block_1_17' title="bbox 248 1388 1621 1461">
    <p class='ocr_par' dir='ltr' id='par_1_17' title="bbox 248 1388 1621 1461">
     <span class='ocr_line' id='line_1_17' title="bbox 248 1388 1621 1461; baseline -0.005 -16"><span class='ocrx_word' id='word_1_115' title='bbox 248 1400 336 1446; x_wconf 90' lang='lat' dir='ltr'><strong>est</strong></span> <span class='ocrx_word' id='word_1_116' title='bbox 365 1408 377 1445; x_wconf 88' lang='lat'><strong>:</strong></span> <span class='ocrx_word' id='word_1_117' title='bbox 411 1393 531 1461; x_wconf 78' lang='lat' dir='ltr'><strong>quia</strong></span> <span class='ocrx_word' id='word_1_118' title='bbox 559 1406 802 1445; x_wconf 82' lang='lat' dir='ltr'><strong>venenum</strong></span> <span class='ocrx_word' id='word_1_119' title='bbox 831 1391 1067 1461; x_wconf 75' lang='lat' dir='ltr'><strong>aspidum</strong></span> <span class='ocrx_word' id='word_1_120' title='bbox 1088 1392 1182 1461; x_wconf 67' lang='lat' dir='ltr'><strong>stili</strong></span> <span class='ocrx_word' id='word_1_121' title='bbox 1203 1388 1352 1442; x_wconf 81' lang='lat' dir='ltr'><strong>labiis</strong></span> <span class='ocrx_word' id='word_1_122' title='bbox 1370 1402 1566 1461; x_wconf 78' lang='lat' dir='ltr'><strong>eorum.</strong></span> <span class='ocrx_word' id='word_1_123' title='bbox 1600 1406 1621 1438; x_wconf 86' lang='lat' dir='ltr'><strong>s</strong></span> 
     </span>
    </p>
   </div>
   <div class='ocr_carea' id='block_1_18' title="bbox 330 1456 1840 1530">
    <p class='ocr_par' dir='ltr' id='par_1_18' title="bbox 330 1456 1840 1530">
     <span class='ocr_line' id='line_1_18' title="bbox 330 1456 1840 1530; baseline -0.002 -16"><span class='ocrx_word' id='word_1_124' title='bbox 330 1456 487 1517; x_wconf 72' lang='lat' dir='ltr'><strong>Posui</strong></span> <span class='ocrx_word' id='word_1_125' title='bbox 517 1462 594 1515; x_wconf 88' lang='lat' dir='ltr'><strong>ori</strong></span> <span class='ocrx_word' id='word_1_126' title='bbox 625 1478 733 1514; x_wconf 87' lang='lat' dir='ltr'><strong>meo</strong></span> <span class='ocrx_word' id='word_1_127' title='bbox 762 1456 1073 1515; x_wconf 83' lang='lat' dir='ltr'><strong>custodiam.</strong></span> <span class='ocrx_word' id='word_1_128' title='bbox 1082 1461 1098 1530; x_wconf 79' lang='lat' dir='ltr'>j</span> <span class='ocrx_word' id='word_1_129' title='bbox 1144 1460 1257 1513; x_wconf 78' lang='lat' dir='ltr'><strong>Non</strong></span> <span class='ocrx_word' id='word_1_130' title='bbox 1303 1456 1840 1530; x_wconf 38' lang='grc' dir='ltr'><strong>ιιτιτίυιειιιηεοιὶοιιο</strong></span> 
     </span>
    </p>
   </div>
   <div class='ocr_carea' id='block_1_19' title="bbox 250 1528 1843 1599">
    <p class='ocr_par' dir='ltr' id='par_1_19' title="bbox 250 1528 1843 1599">
     <span class='ocr_line' id='line_1_19' title="bbox 250 1528 1843 1599; baseline -0.004 -12"><span class='ocrx_word' id='word_1_131' title='bbox 250 1532 513 1595; x_wconf 84' lang='lat' dir='ltr'><strong>stodiam,</strong></span> <span class='ocrx_word' id='word_1_132' title='bbox 552 1533 666 1587; x_wconf 86' lang='lat' dir='ltr'><strong>sive</strong></span> <span class='ocrx_word' id='word_1_133' title='bbox 705 1533 935 1597; x_wconf 88' lang='lat' dir='ltr'><strong>ostium,</strong></span> <span class='ocrx_word' id='word_1_134' title='bbox 981 1528 1301 1598; x_wconf 45' lang='lat' dir='ltr'><strong>aut&#39;janua,</strong></span> <span class='ocrx_word' id='word_1_135' title='bbox 1342 1546 1461 1599; x_wconf 63' lang='lat' dir='ltr'><strong>(tute</strong></span> <span class='ocrx_word' id='word_1_136' title='bbox 1499 1547 1517 1580; x_wconf 81' lang='grc' dir='ltr'><strong>ι</strong></span> <span class='ocrx_word' id='word_1_137' title='bbox 1557 1528 1843 1598; x_wconf 83' lang='lat' dir='ltr'><strong>aliquando</strong></span> 
     </span>
    </p>
   </div>
   <div class='ocr_carea' id='block_1_20' title="bbox 250 1602 1843 1672">
    <p class='ocr_par' dir='ltr' id='par_1_20' title="bbox 250 1602 1843 1672">
     <span class='ocr_line' id='line_1_20' title="bbox 250 1602 1843 1672; baseline -0.002 -16"><span class='ocrx_word' id='word_1_138' title='bbox 250 1604 540 1666; x_wconf 85' lang='lat' dir='ltr'><strong>clauditur.</strong></span> <span class='ocrx_word' id='word_1_139' title='bbox 582 1603 866 1672; x_wconf 77' lang='lat' dir='ltr'><strong>aliquando</strong></span> <span class='ocrx_word' id='word_1_140' title='bbox 907 1602 1313 1669; x_wconf 85' lang='lat' dir='ltr'><strong>operitur......</strong></span> <span class='ocrx_word' id='word_1_141' title='bbox 1350 1612 1405 1654; x_wconf 92' lang='lat' dir='ltr'><strong>ut</strong></span> <span class='ocrx_word' id='word_1_142' title='bbox 1454 1609 1695 1672; x_wconf 81' lang='lat' dir='ltr'><strong>tempore</strong></span> <span class='ocrx_word' id='word_1_143' title='bbox 1741 1612 1843 1653; x_wconf 86' lang='lat' dir='ltr'><strong>suo</strong></span> 
     </span>
    </p>
   </div>
   <div class='ocr_carea' id='block_1_21' title="bbox 255 1671 1837 1742">
    <p class='ocr_par' dir='ltr' id='par_1_21' title="bbox 255 1671 1837 1742">
     <span class='ocr_line' id='line_1_21' title="bbox 255 1671 1837 1742; baseline -0.003 -15"><span class='ocrx_word' id='word_1_144' title='bbox 255 1683 450 1740; x_wconf 71' lang='lat' dir='ltr'><strong>taceat,</strong></span> <span class='ocrx_word' id='word_1_145' title='bbox 496 1684 550 1729; x_wconf 89' lang='lat' dir='ltr'><strong>et</strong></span> <span class='ocrx_word' id='word_1_146' title='bbox 594 1671 836 1741; x_wconf 85' lang='lat' dir='ltr'><strong>tempore</strong></span> <span class='ocrx_word' id='word_1_147' title='bbox 877 1689 974 1727; x_wconf 86' lang='lat' dir='ltr'><strong>suo</strong></span> <span class='ocrx_word' id='word_1_148' title='bbox 1012 1689 1135 1742; x_wconf 79' lang='lat' dir='ltr'><strong>qua:</strong></span> <span class='ocrx_word' id='word_1_149' title='bbox 1174 1673 1399 1727; x_wconf 76' lang='lat' dir='ltr'><strong>dicenda</strong></span> <span class='ocrx_word' id='word_1_150' title='bbox 1440 1682 1566 1726; x_wconf 90' lang='lat' dir='ltr'><strong>sunt</strong></span> <span class='ocrx_word' id='word_1_151' title='bbox 1612 1671 1778 1742; x_wconf 77' lang='lat' dir='ltr'><strong>dicat,</strong></span> <span class='ocrx_word' id='word_1_152' title='bbox 1803 1685 1837 1742; x_wconf 13' lang='grc' dir='ltr'><strong>γι</strong></span> 
     </span>
    </p>
   </div>
   <div class='ocr_carea' id='block_1_22' title="bbox 252 1740 1844 1813">
    <p class='ocr_par' dir='ltr' id='par_1_22' title="bbox 252 1740 1844 1813">
     <span class='ocr_line' id='line_1_22' title="bbox 252 1740 1844 1813; baseline -0.002 -16"><span class='ocrx_word' id='word_1_153' title='bbox 252 1740 798 1813; x_wconf 64' lang='lat' dir='ltr'><strong>inqttitjlildemarus.</strong></span> <span class='ocrx_word' id='word_1_154' title='bbox 824 1742 919 1799; x_wconf 81' lang='lat' dir='ltr'><strong>Vel</strong></span> <span class='ocrx_word' id='word_1_155' title='bbox 949 1740 1136 1807; x_wconf 81' lang='lat' dir='ltr'><strong>etiam,</strong></span> <span class='ocrx_word' id='word_1_156' title='bbox 1160 1755 1218 1798; x_wconf 91' lang='lat' dir='ltr'><strong>ut</strong></span> <span class='ocrx_word' id='word_1_157' title='bbox 1240 1742 1309 1796; x_wconf 89' lang='lat' dir='ltr'><strong>ait</strong></span> <span class='ocrx_word' id='word_1_158' title='bbox 1338 1741 1641 1797; x_wconf 79' lang='lat' dir='ltr'><strong>Bernartius</strong></span> <span class='ocrx_word' id='word_1_159' title='bbox 1664 1740 1844 1813; x_wconf 77' lang='lat' dir='ltr'><strong>Cassi-</strong></span> 
     </span>
    </p>
   </div>
   <div class='ocr_carea' id='block_1_23' title="bbox 252 1812 1837 1882">
    <p class='ocr_par' dir='ltr' id='par_1_23' title="bbox 252 1812 1837 1882">
     <span class='ocr_line' id='line_1_23' title="bbox 252 1812 1837 1882; baseline -0.003 -13"><span class='ocrx_word' id='word_1_160' title='bbox 252 1812 459 1882; x_wconf 72' lang='lat' dir='ltr'><strong>hensio,</strong></span> <span class='ocrx_word' id='word_1_161' title='bbox 496 1830 515 1868; x_wconf 86' lang='lat' dir='ltr'><strong>t</strong></span> <span class='ocrx_word' id='word_1_162' title='bbox 554 1815 802 1871; x_wconf 81' lang='lat' dir='ltr'><strong>Custodia</strong></span> <span class='ocrx_word' id='word_1_163' title='bbox 832 1815 937 1868; x_wconf 88' lang='lat' dir='ltr'><strong>dici</strong></span> <span class='ocrx_word' id='word_1_164' title='bbox 969 1824 1145 1881; x_wconf 81' lang='lat' dir='ltr'><strong>potest</strong></span> <span class='ocrx_word' id='word_1_165' title='bbox 1185 1815 1385 1870; x_wconf 78' lang='lat' dir='ltr'><strong>silentii</strong></span> <span class='ocrx_word' id='word_1_166' title='bbox 1416 1817 1687 1877; x_wconf 81' lang='lat' dir='ltr'><strong>clausura,</strong></span> <span class='ocrx_word' id='word_1_167' title='bbox 1722 1812 1837 1865; x_wconf 88' lang='lat' dir='ltr'><strong>sive</strong></span> 
     </span>
    </p>
   </div>
   <div class='ocr_carea' id='block_1_24' title="bbox 252 1882 1835 1956">
    <p class='ocr_par' dir='ltr' id='par_1_24' title="bbox 252 1882 1835 1956">
     <span class='ocr_line' id='line_1_24' title="bbox 252 1882 1835 1956; baseline -0.003 -16"><span class='ocrx_word' id='word_1_168' title='bbox 252 1888 450 1943; x_wconf 81' lang='lat' dir='ltr'><strong>ostium</strong></span> <span class='ocrx_word' id='word_1_169' title='bbox 490 1888 542 1940; x_wconf 87' lang='lat' dir='ltr'><strong>in</strong></span> <span class='ocrx_word' id='word_1_170' title='bbox 571 1901 677 1956; x_wconf 85' lang='lat' dir='ltr'><strong>quo</strong></span> <span class='ocrx_word' id='word_1_171' title='bbox 706 1886 878 1940; x_wconf 87' lang='lat' dir='ltr'><strong>virtus</strong></span> <span class='ocrx_word' id='word_1_172' title='bbox 912 1886 1287 1940; x_wconf 76' lang='lat' dir='ltr'><strong>taciturnitatis</strong></span> <span class='ocrx_word' id='word_1_173' title='bbox 1316 1894 1397 1938; x_wconf 87' lang='lat' dir='ltr'><strong>cst</strong></span> <span class='ocrx_word' id='word_1_174' title='bbox 1431 1882 1498 1937; x_wconf 90' lang='lat' dir='ltr'><strong>ad</strong></span> <span class='ocrx_word' id='word_1_175' title='bbox 1538 1882 1835 1956; x_wconf 79' lang='lat' dir='ltr'><strong>custodiam</strong></span> 
     </span>
    </p>
   </div>
   <div class='ocr_carea' id='block_1_25' title="bbox 252 1955 1833 2026">
    <p class='ocr_par' dir='ltr' id='par_1_25' title="bbox 252 1955 1833 2026">
     <span class='ocr_line' id='line_1_25' title="bbox 252 1955 1833 2026; baseline -0.001 -16"><span class='ocrx_word' id='word_1_176' title='bbox 252 1956 499 2026; x_wconf 64' lang='lat' dir='ltr'><strong>quasdam</strong></span> <span class='ocrx_word' id='word_1_177' title='bbox 527 1957 725 2022; x_wconf 84' lang='lat' dir='ltr'><strong>clavis;</strong></span> <span class='ocrx_word' id='word_1_178' title='bbox 770 1957 910 2010; x_wconf 89' lang='lat' dir='ltr'><strong>unde</strong></span> <span class='ocrx_word' id='word_1_179' title='bbox 953 1960 1185 2023; x_wconf 82' lang='lat' dir='ltr'><strong>majores</strong></span> <span class='ocrx_word' id='word_1_180' title='bbox 1216 1956 1383 2010; x_wconf 84' lang='lat' dir='ltr'><strong>nostri</strong></span> <span class='ocrx_word' id='word_1_181' title='bbox 1412 1956 1607 2009; x_wconf 82' lang='lat' dir='ltr'><strong>solent</strong></span> <span class='ocrx_word' id='word_1_182' title='bbox 1632 1955 1833 2019; x_wconf 84' lang='lat' dir='ltr'><strong>dicere,</strong></span> 
     </span>
    </p>
   </div>
   <div class='ocr_carea' id='block_1_26' title="bbox 250 2026 1367 2096">
    <p class='ocr_par' dir='ltr' id='par_1_26' title="bbox 250 2026 1367 2096">
     <span class='ocr_line' id='line_1_26' title="bbox 250 2026 1367 2096; baseline -0.004 -15"><span class='ocrx_word' id='word_1_183' title='bbox 250 2028 397 2096; x_wconf 88' lang='lat' dir='ltr'><strong>quod</strong></span> <span class='ocrx_word' id='word_1_184' title='bbox 425 2027 695 2083; x_wconf 80' lang='lat' dir='ltr'><strong>silentium</strong></span> <span class='ocrx_word' id='word_1_185' title='bbox 722 2038 806 2081; x_wconf 92' lang='lat' dir='ltr'><strong>est</strong></span> <span class='ocrx_word' id='word_1_186' title='bbox 827 2026 990 2080; x_wconf 81' lang='lat' dir='ltr'><strong>clavis</strong></span> <span class='ocrx_word' id='word_1_187' title='bbox 1017 2027 1310 2094; x_wconf 76' lang='lat' dir='ltr'><strong>religionis.</strong></span> <span class='ocrx_word' id='word_1_188' title='bbox 1348 2047 1367 2077; x_wconf 76' lang='grc' dir='ltr'><strong>ι</strong></span> 
     </span>
    </p>
   </div>
   <div class='ocr_carea' id='block_1_27' title="bbox 331 2096 1843 2167">
    <p class='ocr_par' dir='ltr' id='par_1_27' title="bbox 331 2096 1843 2167">
     <span class='ocr_line' id='line_1_27' title="bbox 331 2096 1843 2167; baseline 0.001 -17"><span class='ocrx_word' id='word_1_189' title='bbox 331 2098 571 2151; x_wconf 76' lang='lat' dir='ltr'><strong>Obmutui</strong></span> <span class='ocrx_word' id='word_1_190' title='bbox 613 2106 660 2152; x_wconf 84' lang='lat' dir='ltr'><strong>et</strong></span> <span class='ocrx_word' id='word_1_191' title='bbox 704 2098 1002 2151; x_wconf 78' lang='lat' dir='ltr'><strong>humiliatus</strong></span> <span class='ocrx_word' id='word_1_192' title='bbox 1045 2097 1205 2167; x_wconf 72' lang='lat' dir='ltr'><strong>sum]</strong></span> <span class='ocrx_word' id='word_1_193' title='bbox 1242 2098 1373 2165; x_wconf 65' lang='lat' dir='ltr'><strong>Quae</strong></span> <span class='ocrx_word' id='word_1_194' title='bbox 1416 2096 1541 2167; x_wconf 84' lang='lat' dir='ltr'><strong>duo,</strong></span> <span class='ocrx_word' id='word_1_195' title='bbox 1592 2105 1651 2151; x_wconf 86' lang='lat' dir='ltr'><strong>ut</strong></span> <span class='ocrx_word' id='word_1_196' title='bbox 1692 2106 1843 2167; x_wconf 74' lang='lat' dir='ltr'><strong>notat</strong></span> 
     </span>
    </p>
   </div>
   <div class='ocr_carea' id='block_1_28' title="bbox 253 2165 1838 2237">
    <p class='ocr_par' dir='ltr' id='par_1_28' title="bbox 253 2165 1838 2237">
     <span class='ocr_line' id='line_1_28' title="bbox 253 2165 1838 2237; baseline -0.001 -15"><span class='ocrx_word' id='word_1_197' title='bbox 253 2168 619 2232; x_wconf 83' lang='lat' dir='ltr'><strong>Hildemarus,</strong></span> <span class='ocrx_word' id='word_1_198' title='bbox 667 2167 824 2222; x_wconf 83' lang='lat' dir='ltr'><strong>simul</strong></span> <span class='ocrx_word' id='word_1_199' title='bbox 878 2165 1373 2237; x_wconf 36' lang='lat' dir='ltr'><strong>conjunxit,&#39;quasi</strong></span> <span class='ocrx_word' id='word_1_200' title='bbox 1418 2166 1624 2222; x_wconf 84' lang='lat' dir='ltr'><strong>diceret</strong></span> <span class='ocrx_word' id='word_1_201' title='bbox 1668 2165 1838 2221; x_wconf 72' lang='lat' dir='ltr'><strong>:Non</strong></span> 
     </span>
    </p>
   </div>
   <div class='ocr_carea' id='block_1_29' title="bbox 252 2238 1839 2309">
    <p class='ocr_par' dir='ltr' id='par_1_29' title="bbox 252 2238 1839 2309">
     <span class='ocr_line' id='line_1_29' title="bbox 252 2238 1839 2309; baseline -0.002 -16"><span class='ocrx_word' id='word_1_202' title='bbox 252 2241 467 2309; x_wconf 68' lang='lat' dir='ltr'><strong>superbe</strong></span> <span class='ocrx_word' id='word_1_203' title='bbox 491 2241 657 2303; x_wconf 85' lang='lat' dir='ltr'><strong>tacui;</strong></span> <span class='ocrx_word' id='word_1_204' title='bbox 682 2250 808 2293; x_wconf 89' lang='lat' dir='ltr'><strong>sunt</strong></span> <span class='ocrx_word' id='word_1_205' title='bbox 832 2240 975 2294; x_wconf 83' lang='lat' dir='ltr'><strong>enim</strong></span> <span class='ocrx_word' id='word_1_206' title='bbox 1004 2238 1245 2293; x_wconf 85' lang='lat' dir='ltr'><strong>nonnulli</strong></span> <span class='ocrx_word' id='word_1_207' title='bbox 1273 2249 1363 2293; x_wconf 88' lang='lat' dir='ltr'><strong>aut</strong></span> <span class='ocrx_word' id='word_1_208' title='bbox 1390 2253 1484 2307; x_wconf 86' lang='lat' dir='ltr'><strong>per</strong></span> <span class='ocrx_word' id='word_1_209' title='bbox 1509 2239 1839 2309; x_wconf 73' lang='lat' dir='ltr'><strong>superbiam,</strong></span> 
     </span>
    </p>
   </div>
   <div class='ocr_carea' id='block_1_30' title="bbox 252 2307 1839 2381">
    <p class='ocr_par' dir='ltr' id='par_1_30' title="bbox 252 2307 1839 2381">
     <span class='ocr_line' id='line_1_30' title="bbox 252 2307 1839 2381; baseline -0.003 -16"><span class='ocrx_word' id='word_1_210' title='bbox 252 2307 349 2367; x_wconf 78' lang='lat' dir='ltr'><strong>aut</strong></span> <span class='ocrx_word' id='word_1_211' title='bbox 382 2325 489 2381; x_wconf 15' lang='lat' dir='ltr'><strong>per,</strong></span> <span class='ocrx_word' id='word_1_212' title='bbox 507 2312 642 2381; x_wconf 85' lang='lat' dir='ltr'><strong>iram</strong></span> <span class='ocrx_word' id='word_1_213' title='bbox 681 2318 939 2381; x_wconf 86' lang='lat' dir='ltr'><strong>tacentes,</strong></span> <span class='ocrx_word' id='word_1_214' title='bbox 977 2309 1049 2363; x_wconf 89' lang='lat' dir='ltr'><strong>de</strong></span> <span class='ocrx_word' id='word_1_215' title='bbox 1084 2311 1277 2381; x_wconf 81' lang='lat' dir='ltr'><strong>quibus</strong></span> <span class='ocrx_word' id='word_1_216' title='bbox 1306 2313 1363 2364; x_wconf 76' lang='grc'><strong>5.</strong></span> <span class='ocrx_word' id='word_1_217' title='bbox 1386 2309 1674 2381; x_wconf 77' lang='lat' dir='ltr'><strong>Gregorius</strong></span> <span class='ocrx_word' id='word_1_218' title='bbox 1701 2307 1839 2381; x_wconf 79' lang='lat' dir='ltr'><strong>(Lib.</strong></span> 
     </span>
    </p>
   </div>
   <div class='ocr_carea' id='block_1_31' title="bbox 254 2379 1845 2451">
    <p class='ocr_par' dir='ltr' id='par_1_31' title="bbox 254 2379 1845 2451">
     <span class='ocr_line' id='line_1_31' title="bbox 254 2379 1845 2451; baseline -0.001 -16"><span class='ocrx_word' id='word_1_219' title='bbox 254 2395 424 2435; x_wconf 75' lang='lat' dir='ltr'><strong>xsstv</strong></span> <span class='ocrx_word' id='word_1_220' title='bbox 466 2379 684 2447; x_wconf 79' lang='lat' dir='ltr'><strong>Moral.,</strong></span> <span class='ocrx_word' id='word_1_221' title='bbox 726 2396 842 2450; x_wconf 87' lang='lat' dir='ltr'><strong>cap.</strong></span> <span class='ocrx_word' id='word_1_222' title='bbox 872 2380 967 2449; x_wconf 73' lang='lat'><strong>‘30)</strong></span> <span class='ocrx_word' id='word_1_223' title='bbox 999 2396 1012 2432; x_wconf 92' lang='lat'>:</span> <span class='ocrx_word' id='word_1_224' title='bbox 1073 2398 1090 2431; x_wconf 74' lang='grc' dir='ltr'><strong>ι</strong></span> <span class='ocrx_word' id='word_1_225' title='bbox 1128 2380 1425 2451; x_wconf 76' lang='lat' dir='ltr'><strong>Aliquando</strong></span> <span class='ocrx_word' id='word_1_226' title='bbox 1454 2380 1673 2451; x_wconf 85' lang='lat' dir='ltr'><strong>superbi</strong></span> <span class='ocrx_word' id='word_1_227' title='bbox 1711 2379 1845 2447; x_wconf 84' lang='lat' dir='ltr'><strong>pro-</strong></span> 
     </span>
    </p>
   </div>
   <div class='ocr_carea' id='block_1_32' title="bbox 256 2450 1843 2520">
    <p class='ocr_par' dir='ltr' id='par_1_32' title="bbox 256 2450 1843 2520">
     <span class='ocr_line' id='line_1_32' title="bbox 256 2450 1843 2520; baseline -0.003 -13"><span class='ocrx_word' id='word_1_228' title='bbox 256 2461 407 2507; x_wconf 88' lang='lat' dir='ltr'><strong>terva</strong></span> <span class='ocrx_word' id='word_1_229' title='bbox 430 2466 547 2520; x_wconf 68' lang='lat' dir='ltr'><strong>qua:</strong></span> <span class='ocrx_word' id='word_1_230' title='bbox 578 2452 833 2513; x_wconf 88' lang='lat' dir='ltr'><strong>sentiunt,</strong></span> <span class='ocrx_word' id='word_1_231' title='bbox 867 2465 1200 2520; x_wconf 75' lang='lat' dir='ltr'><strong>nequaquam</strong></span> <span class='ocrx_word' id='word_1_232' title='bbox 1234 2452 1494 2520; x_wconf 86' lang='lat' dir='ltr'><strong>produnt;</strong></span> <span class='ocrx_word' id='word_1_233' title='bbox 1542 2460 1595 2504; x_wconf 90' lang='lat' dir='ltr'><strong>et</strong></span> <span class='ocrx_word' id='word_1_234' title='bbox 1626 2450 1679 2503; x_wconf 91' lang='lat' dir='ltr'><strong>bi</strong></span> <span class='ocrx_word' id='word_1_235' title='bbox 1708 2465 1843 2519; x_wconf 91' lang='lat' dir='ltr'><strong>quo-</strong></span> 
     </span>
    </p>
   </div>
   <div class='ocr_carea' id='block_1_33' title="bbox 255 2522 1846 2592">
    <p class='ocr_par' dir='ltr' id='par_1_33' title="bbox 255 2522 1846 2592">
     <span class='ocr_line' id='line_1_33' title="bbox 255 2522 1846 2592; baseline -0.001 -16"><span class='ocrx_word' id='word_1_236' title='bbox 255 2537 378 2577; x_wconf 85' lang='lat' dir='ltr'><strong>rum</strong></span> <span class='ocrx_word' id='word_1_237' title='bbox 425 2523 721 2592; x_wconf 74' lang='lat' dir='ltr'><strong>loquacitas</strong></span> <span class='ocrx_word' id='word_1_238' title='bbox 766 2522 853 2577; x_wconf 74' lang='lat' dir='ltr'><strong>vix</strong></span> <span class='ocrx_word' id='word_1_239' title='bbox 894 2524 1295 2590; x_wconf 83' lang='lat' dir='ltr'><strong>compescitur,</strong></span> <span class='ocrx_word' id='word_1_240' title='bbox 1343 2534 1729 2590; x_wconf 78' lang='lat' dir='ltr'><strong>nonnunquam</strong></span> <span class='ocrx_word' id='word_1_241' title='bbox 1777 2536 1846 2575; x_wconf 72' lang='lat' dir='ltr'><strong>es</strong></span> 
     </span>
    </p>
   </div>
   <div class='ocr_carea' id='block_1_34' title="bbox 256 2593 1844 2655">
    <p class='ocr_par' dir='ltr' id='par_1_34' title="bbox 256 2593 1844 2655">
     <span class='ocr_line' id='line_1_34' title="bbox 256 2593 1844 2655; baseline 0.001 -11"><span class='ocrx_word' id='word_1_242' title='bbox 256 2594 371 2651; x_wconf 86' lang='lat' dir='ltr'><strong>sola</strong></span> <span class='ocrx_word' id='word_1_243' title='bbox 442 2593 798 2647; x_wconf 84' lang='lat' dir='ltr'><strong>ainaritudine</strong></span> <span class='ocrx_word' id='word_1_244' title='bbox 870 2593 1045 2647; x_wconf 91' lang='lat' dir='ltr'><strong>intimi</strong></span> <span class='ocrx_word' id='word_1_245' title='bbox 1116 2594 1358 2647; x_wconf 90' lang='lat' dir='ltr'><strong>rancoris</strong></span> <span class='ocrx_word' id='word_1_246' title='bbox 1421 2595 1844 2655; x_wconf 83' lang='lat' dir='ltr'><strong>obmutescunt,</strong></span> 
     </span>
    </p>
   </div>
   <div class='ocr_carea' id='block_1_35' title="bbox 257 2663 1850 2733">
    <p class='ocr_par' dir='ltr' id='par_1_35' title="bbox 257 2663 1850 2733">
     <span class='ocr_line' id='line_1_35' title="bbox 257 2663 1850 2733; baseline -0.001 -15"><span class='ocrx_word' id='word_1_247' title='bbox 257 2663 353 2733; x_wconf 85' lang='lat' dir='ltr'><strong>qui</strong></span> <span class='ocrx_word' id='word_1_248' title='bbox 388 2679 484 2731; x_wconf 87' lang='lat' dir='ltr'><strong>per</strong></span> <span class='ocrx_word' id='word_1_249' title='bbox 508 2664 750 2719; x_wconf 85' lang='lat' dir='ltr'><strong>dolorem</strong></span> <span class='ocrx_word' id='word_1_250' title='bbox 780 2666 974 2719; x_wconf 88' lang='lat' dir='ltr'><strong>mentis</strong></span> <span class='ocrx_word' id='word_1_251' title='bbox 1002 2664 1343 2732; x_wconf 80' lang='lat' dir='ltr'><strong>procacitatis</strong></span> <span class='ocrx_word' id='word_1_252' title='bbox 1385 2679 1495 2717; x_wconf 66' lang='lat' dir='ltr'><strong>suae</strong></span> <span class='ocrx_word' id='word_1_253' title='bbox 1523 2664 1684 2718; x_wconf 83' lang='lat' dir='ltr'><strong>verba</strong></span> <span class='ocrx_word' id='word_1_254' title='bbox 1720 2663 1850 2718; x_wconf 84' lang='lat' dir='ltr'><strong>sub-</strong></span> 
     </span>
    </p>
   </div>
   <div class='ocr_carea' id='block_1_36' title="bbox 259 2734 1849 2805">
    <p class='ocr_par' dir='ltr' id='par_1_36' title="bbox 259 2734 1849 2805">
     <span class='ocr_line' id='line_1_36' title="bbox 259 2734 1849 2805; baseline -0.001 -15"><span class='ocrx_word' id='word_1_255' title='bbox 259 2734 536 2790; x_wconf 83' lang='lat' dir='ltr'><strong>trahentes</strong></span> <span class='ocrx_word' id='word_1_256' title='bbox 564 2750 685 2789; x_wconf 90' lang='lat' dir='ltr'><strong>cum</strong></span> <span class='ocrx_word' id='word_1_257' title='bbox 714 2740 854 2789; x_wconf 88' lang='lat' dir='ltr'><strong>male</strong></span> <span class='ocrx_word' id='word_1_258' title='bbox 882 2738 1022 2805; x_wconf 90' lang='lat' dir='ltr'><strong>loqui</strong></span> <span class='ocrx_word' id='word_1_259' title='bbox 1053 2736 1279 2797; x_wconf 88' lang='lat' dir='ltr'><strong>soleant,</strong></span> <span class='ocrx_word' id='word_1_260' title='bbox 1311 2735 1460 2802; x_wconf 85' lang='lat' dir='ltr'><strong>pejus</strong></span> <span class='ocrx_word' id='word_1_261' title='bbox 1492 2745 1699 2799; x_wconf 86' lang='lat' dir='ltr'><strong>tacent;</strong></span> <span class='ocrx_word' id='word_1_262' title='bbox 1722 2736 1849 2804; x_wconf 81' lang='lat' dir='ltr'><strong>quia</strong></span> 
     </span>
    </p>
   </div>
   <div class='ocr_carea' id='block_1_37' title="bbox 259 2805 1853 2876">
    <p class='ocr_par' dir='ltr' id='par_1_37' title="bbox 259 2805 1853 2876">
     <span class='ocr_line' id='line_1_37' title="bbox 259 2805 1853 2876; baseline -0.003 -14"><span class='ocrx_word' id='word_1_263' title='bbox 259 2820 383 2862; x_wconf 84' lang='lat' dir='ltr'><strong>eum</strong></span> <span class='ocrx_word' id='word_1_264' title='bbox 427 2817 708 2874; x_wconf 84' lang='lat' dir='ltr'><strong>peccantes</strong></span> <span class='ocrx_word' id='word_1_265' title='bbox 746 2807 942 2876; x_wconf 82' lang='lat' dir='ltr'><strong>aliquid</strong></span> <span class='ocrx_word' id='word_1_266' title='bbox 987 2807 1055 2862; x_wconf 90' lang='lat' dir='ltr'><strong>de</strong></span> <span class='ocrx_word' id='word_1_267' title='bbox 1096 2806 1432 2861; x_wconf 85' lang='lat' dir='ltr'><strong>correctione</strong></span> <span class='ocrx_word' id='word_1_268' title='bbox 1470 2805 1716 2871; x_wconf 87' lang='lat' dir='ltr'><strong>audiunt,</strong></span> <span class='ocrx_word' id='word_1_269' title='bbox 1770 2807 1853 2858; x_wconf 82' lang='lat' dir='ltr'><strong>in-</strong></span> 
     </span>
    </p>
   </div>
   <div class='ocr_carea' id='block_1_38' title="bbox 259 2876 1775 2947">
    <p class='ocr_par' dir='ltr' id='par_1_38' title="bbox 259 2876 1775 2947">
     <span class='ocr_line' id='line_1_38' title="bbox 259 2876 1775 2947; baseline -0.003 -15"><span class='ocrx_word' id='word_1_270' title='bbox 259 2876 544 2947; x_wconf 87' lang='lat' dir='ltr'><strong>dignantes</strong></span> <span class='ocrx_word' id='word_1_271' title='bbox 578 2878 740 2931; x_wconf 85' lang='lat' dir='ltr'><strong>etiam</strong></span> <span class='ocrx_word' id='word_1_272' title='bbox 777 2876 1148 2947; x_wconf 83' lang='lat' dir='ltr'><strong>responsionis</strong></span> <span class='ocrx_word' id='word_1_273' title='bbox 1181 2878 1339 2931; x_wconf 83' lang='lat' dir='ltr'><strong>verba</strong></span> <span class='ocrx_word' id='word_1_274' title='bbox 1370 2877 1721 2945; x_wconf 65' lang='lat' dir='ltr'><strong>suspendunt.</strong></span> <span class='ocrx_word' id='word_1_275' title='bbox 1758 2895 1775 2926; x_wconf 76' lang='grc' dir='ltr'><strong>ι</strong></span> 
     </span>
    </p>
   </div>
   <div class='ocr_carea' id='block_1_39' title="bbox 260 2945 1855 3074">
    <p class='ocr_par' dir='ltr' id='par_1_39' title="bbox 260 2945 1855 3074">
     <span class='ocr_line' id='line_1_39' title="bbox 260 2945 1855 3074; baseline -0.005 -68"><span class='ocrx_word' id='word_1_276' title='bbox 260 3018 288 3074; x_wconf 61' lang='lat' dir='ltr'><strong>f</strong></span> <span class='ocrx_word' id='word_1_277' title='bbox 327 2945 503 3073; x_wconf 43' lang='lat'><strong>&quot;179</strong></span> <span class='ocrx_word' id='word_1_278' title='bbox 531 2947 600 3002; x_wconf 83' lang='lat' dir='ltr'><strong>Et</strong></span> <span class='ocrx_word' id='word_1_279' title='bbox 625 2948 747 3003; x_wconf 80' lang='lat' dir='ltr'><strong>silui</strong></span> <span class='ocrx_word' id='word_1_280' title='bbox 778 2964 812 3001; x_wconf 88' lang='lat' dir='ltr'><strong>a</strong></span> <span class='ocrx_word' id='word_1_281' title='bbox 838 2945 1027 3018; x_wconf 53' lang='lat' dir='ltr'><strong>conia]</strong></span> <span class='ocrx_word' id='word_1_282' title='bbox 1068 2948 1143 3001; x_wconf 82' lang='lat' dir='ltr'><strong>Ex</strong></span> <span class='ocrx_word' id='word_1_283' title='bbox 1175 2963 1281 3016; x_wconf 82' lang='lat' dir='ltr'><strong>quo</strong></span> <span class='ocrx_word' id='word_1_284' title='bbox 1326 2947 1383 3003; x_wconf 90' lang='lat' dir='ltr'><strong>S.</strong></span> <span class='ocrx_word' id='word_1_285' title='bbox 1430 2948 1748 3001; x_wconf 82' lang='lat' dir='ltr'><strong>Benedictus</strong></span> <span class='ocrx_word' id='word_1_286' title='bbox 1776 2947 1855 2999; x_wconf 87' lang='lat' dir='ltr'><strong>in-</strong></span> 
     </span>
     <span class='ocr_line' id='line_1_40' title="bbox 284 3033 404 3074; baseline 0 0"><span class='ocrx_word' id='word_1_287' title='bbox 284 3033 344 3074; x_wconf 84' lang='lat' dir='ltr'><strong>er</strong></span> <span class='ocrx_word' id='word_1_288' title='bbox 387 3036 404 3074; x_wconf 87' lang='lat'><strong>:</strong></span> 
     </span>
    </p>
   </div>
   <div class='ocr_carea' id='block_1_40' title="bbox 284 3033 404 3075">
    <p class='ocr_par' dir='ltr' id='par_1_40' title="bbox 284 3033 404 3075">
     <span class='ocr_line' id='line_1_41' title="bbox 284 3033 404 3075; baseline 0 -1"><span class='ocrx_word' id='word_1_289' title='bbox 284 3033 404 3075; x_wconf 55' lang='grc' dir='ltr'><strong>εἴη</strong></span> 
     </span>
    </p>
   </div>
   <div class='ocr_carea' id='block_1_41' title="bbox 336 3088 1858 3161">
    <p class='ocr_par' dir='ltr' id='par_1_41' title="bbox 336 3088 1858 3161">
     <span class='ocr_line' id='line_1_42' title="bbox 336 3088 1858 3161; baseline -0.004 -17"><span class='ocrx_word' id='word_1_290' title='bbox 336 3088 441 3144; x_wconf 87' lang='lat' dir='ltr'><strong>Hic</strong></span> <span class='ocrx_word' id='word_1_291' title='bbox 456 3090 672 3144; x_wconf 82' lang='lat' dir='ltr'><strong>ostendit</strong></span> <span class='ocrx_word' id='word_1_292' title='bbox 688 3089 938 3161; x_wconf 78' lang='lat' dir='ltr'><strong>propheta</strong></span> <span class='ocrx_word' id='word_1_293' title='bbox 951 3089 995 3142; x_wconf 88' lang='lat' dir='ltr'><strong>si</strong></span> <span class='ocrx_word' id='word_1_294' title='bbox 1019 3104 1051 3141; x_wconf 79' lang='lat' dir='ltr'><strong>tt</strong></span> <span class='ocrx_word' id='word_1_295' title='bbox 1068 3088 1210 3142; x_wconf 80' lang='lat' dir='ltr'><strong>bonis</strong></span> <span class='ocrx_word' id='word_1_296' title='bbox 1232 3088 1446 3155; x_wconf 77' lang='lat' dir='ltr'><strong>eloquiis</strong></span> <span class='ocrx_word' id='word_1_297' title='bbox 1472 3088 1727 3161; x_wconf 70' lang='lat' dir='ltr'><strong>interdum</strong></span> <span class='ocrx_word' id='word_1_298' title='bbox 1746 3101 1858 3161; x_wconf 79' lang='lat' dir='ltr'><strong>pro-</strong></span> 
     </span>
    </p>
   </div>
   <div class='ocr_carea' id='block_1_42' title="bbox 264 3158 1857 3231">
    <p class='ocr_par' dir='ltr' id='par_1_42' title="bbox 264 3158 1857 3231">
     <span class='ocr_line' id='line_1_43' title="bbox 264 3158 1857 3231; baseline -0.002 -17"><span class='ocrx_word' id='word_1_299' title='bbox 264 3169 376 3231; x_wconf 86' lang='lat' dir='ltr'><strong>pter</strong></span> <span class='ocrx_word' id='word_1_300' title='bbox 397 3158 795 3215; x_wconf 71' lang='lat' dir='ltr'><strong>taciturnitatem</strong></span> <span class='ocrx_word' id='word_1_301' title='bbox 837 3161 983 3213; x_wconf 80' lang='lat' dir='ltr'><strong>debet</strong></span> <span class='ocrx_word' id='word_1_302' title='bbox 1019 3171 1203 3220; x_wconf 80' lang='lat' dir='ltr'><strong>tacere,</strong></span> <span class='ocrx_word' id='word_1_303' title='bbox 1238 3171 1425 3229; x_wconf 73' lang='lat' dir='ltr'><strong>quanto</strong></span> <span class='ocrx_word' id='word_1_304' title='bbox 1457 3160 1620 3231; x_wconf 70' lang='lat' dir='ltr'><strong>magis</strong></span> <span class='ocrx_word' id='word_1_305' title='bbox 1646 3176 1679 3211; x_wconf 92' lang='lat' dir='ltr'><strong>a</strong></span> <span class='ocrx_word' id='word_1_306' title='bbox 1709 3158 1857 3211; x_wconf 83' lang='lat' dir='ltr'><strong>molis</strong></span> 
     </span>
    </p>
   </div>
   <div class='ocr_carea' id='block_1_43' title="bbox 262 3230 1935 3304">
    <p class='ocr_par' dir='ltr' id='par_1_43' title="bbox 262 3230 1935 3304">
     <span class='ocr_line' id='line_1_44' title="bbox 262 3230 1935 3304; baseline -0.004 -17"><span class='ocrx_word' id='word_1_307' title='bbox 262 3230 426 3287; x_wconf 75' lang='lat' dir='ltr'><strong>osrbis</strong></span> <span class='ocrx_word' id='word_1_308' title='bbox 454 3244 658 3304; x_wconf 80' lang='lat' dir='ltr'><strong>propter</strong></span> <span class='ocrx_word' id='word_1_309' title='bbox 689 3246 889 3298; x_wconf 66' lang='lat' dir='ltr'><strong>pauent</strong></span> <span class='ocrx_word' id='word_1_310' title='bbox 906 3233 1096 3304; x_wconf 75' lang='lat' dir='ltr'><strong>peccati</strong></span> <span class='ocrx_word' id='word_1_311' title='bbox 1120 3232 1262 3284; x_wconf 77' lang='lat' dir='ltr'><strong>debet</strong></span> <span class='ocrx_word' id='word_1_312' title='bbox 1289 3245 1486 3304; x_wconf 74' lang='lat' dir='ltr'><strong>cessare</strong></span> <span class='ocrx_word' id='word_1_313' title='bbox 1499 3230 1553 3304; x_wconf 85' lang='lat'><strong>.&#39;_]</strong></span> <span class='ocrx_word' id='word_1_314' title='bbox 1578 3230 1855 3304; x_wconf 56' lang='lat' dir='ltr'><strong>Drophette</strong></span> <span class='ocrx_word' id='word_1_315' title='bbox 1886 3230 1935 3300; x_wconf 72' lang='grc' dir='ltr'>ρ</span> 
     </span>
    </p>
   </div>
   <div class='ocr_carea' id='block_1_44' title="bbox 264 3300 1856 3370">
    <p class='ocr_par' dir='ltr' id='par_1_44' title="bbox 264 3300 1856 3370">
     <span class='ocr_line' id='line_1_45' title="bbox 264 3300 1856 3370; baseline -0.004 -12"><span class='ocrx_word' id='word_1_316' title='bbox 264 3304 431 3358; x_wconf 87' lang='lat' dir='ltr'><strong>verba</strong></span> <span class='ocrx_word' id='word_1_317' title='bbox 442 3300 506 3357; x_wconf 85' lang='lat' dir='ltr'><strong>ad</strong></span> <span class='ocrx_word' id='word_1_318' title='bbox 524 3304 722 3359; x_wconf 84' lang='lat' dir='ltr'><strong>silentii</strong></span> <span class='ocrx_word' id='word_1_319' title='bbox 739 3300 1262 3358; x_wconf 78' lang='lat' dir='ltr'><strong>commendationem</strong></span> <span class='ocrx_word' id='word_1_320' title='bbox 1286 3302 1501 3370; x_wconf 78' lang='lat' dir='ltr'><strong>:tdaptat</strong></span> <span class='ocrx_word' id='word_1_321' title='bbox 1515 3300 1570 3357; x_wconf 84' lang='lat' dir='ltr'><strong>S.</strong></span> <span class='ocrx_word' id='word_1_322' title='bbox 1593 3300 1770 3367; x_wconf 81' lang='lat' dir='ltr'><strong>Pater,</strong></span> <span class='ocrx_word' id='word_1_323' title='bbox 1788 3300 1856 3352; x_wconf 86' lang='lat' dir='ltr'><strong>li-</strong></span> 
     </span>
    </p>
   </div>
   <div class='ocr_carea' id='block_1_45' title="bbox 266 3372 1857 3446">
    <p class='ocr_par' dir='ltr' id='par_1_45' title="bbox 266 3372 1857 3446">
     <span class='ocr_line' id='line_1_46' title="bbox 266 3372 1857 3446; baseline -0.006 -13"><span class='ocrx_word' id='word_1_324' title='bbox 266 3384 357 3433; x_wconf 71' lang='lat' dir='ltr'><strong>cet</strong></span> <span class='ocrx_word' id='word_1_325' title='bbox 371 3375 426 3429; x_wconf 91' lang='lat' dir='ltr'><strong>in</strong></span> <span class='ocrx_word' id='word_1_326' title='bbox 446 3374 1147 3446; x_wconf 83' lang='lat' dir='ltr'><strong>proprioetgenuinosensn</strong></span> <span class='ocrx_word' id='word_1_327' title='bbox 1165 3373 1233 3426; x_wconf 88' lang='lat' dir='ltr'><strong>de</strong></span> <span class='ocrx_word' id='word_1_328' title='bbox 1252 3372 1714 3446; x_wconf 67' lang='lat' dir='ltr'><strong>praedicatoribus,</strong></span> <span class='ocrx_word' id='word_1_329' title='bbox 1737 3385 1857 3446; x_wconf 82' lang='lat' dir='ltr'><strong>pec-</strong></span> 
     </span>
    </p>
   </div>
   <div class='ocr_carea' id='block_1_46' title="bbox 267 3443 1861 3514">
    <p class='ocr_par' dir='ltr' id='par_1_46' title="bbox 267 3443 1861 3514">
     <span class='ocr_line' id='line_1_47' title="bbox 267 3443 1861 3514; baseline -0.005 -12"><span class='ocrx_word' id='word_1_330' title='bbox 267 3443 516 3502; x_wconf 67' lang='lat' dir='ltr'><strong>catorum</strong></span> <span class='ocrx_word' id='word_1_331' title='bbox 544 3445 670 3499; x_wconf 87' lang='lat' dir='ltr'><strong>vitia</strong></span> <span class='ocrx_word' id='word_1_332' title='bbox 699 3443 820 3499; x_wconf 83' lang='lat' dir='ltr'><strong>etim</strong></span> <span class='ocrx_word' id='word_1_333' title='bbox 848 3458 1103 3501; x_wconf 77' lang='lat' dir='ltr'><strong>coercere</strong></span> <span class='ocrx_word' id='word_1_334' title='bbox 1144 3451 1438 3514; x_wconf 86' lang='lat' dir='ltr'><strong>nequeunt,</strong></span> <span class='ocrx_word' id='word_1_335' title='bbox 1468 3444 1750 3514; x_wconf 73' lang='lat' dir='ltr'><strong>silentibus</strong></span> <span class='ocrx_word' id='word_1_336' title='bbox 1778 3443 1861 3514; x_wconf 50' lang='lat' dir='ltr'><strong>in.</strong></span> 
     </span>
    </p>
   </div>
   <div class='ocr_carea' id='block_1_47' title="bbox 268 3511 1861 3586">
    <p class='ocr_par' dir='ltr' id='par_1_47' title="bbox 268 3511 1861 3586">
     <span class='ocr_line' id='line_1_48' title="bbox 268 3511 1861 3586; baseline -0.001 -17"><span class='ocrx_word' id='word_1_337' title='bbox 268 3516 575 3586; x_wconf 80' lang='lat' dir='ltr'><strong>telligenda</strong></span> <span class='ocrx_word' id='word_1_338' title='bbox 621 3514 939 3571; x_wconf 83' lang='lat' dir='ltr'><strong>videantur:</strong></span> <span class='ocrx_word' id='word_1_339' title='bbox 989 3531 1201 3582; x_wconf 84' lang='lat' dir='ltr'><strong>verum,</strong></span> <span class='ocrx_word' id='word_1_340' title='bbox 1234 3511 1308 3569; x_wconf 76' lang='grc' dir='ltr'><strong>ἰιι</strong></span> <span class='ocrx_word' id='word_1_341' title='bbox 1346 3517 1420 3568; x_wconf 89' lang='lat' dir='ltr'><strong>ait</strong></span> <span class='ocrx_word' id='word_1_342' title='bbox 1466 3516 1521 3570; x_wconf 81' lang='lat' dir='ltr'><strong>S.</strong></span> <span class='ocrx_word' id='word_1_343' title='bbox 1568 3511 1861 3586; x_wconf 77' lang='lat' dir='ltr'><strong>Gregorius</strong></span> 
     </span>
    </p>
   </div>
   <div class='ocr_carea' id='block_1_48' title="bbox 270 3584 1862 3659">
    <p class='ocr_par' dir='ltr' id='par_1_48' title="bbox 270 3584 1862 3659">
     <span class='ocr_line' id='line_1_49' title="bbox 270 3584 1862 3659; baseline -0.002 -19"><span class='ocrx_word' id='word_1_344' title='bbox 270 3584 415 3657; x_wconf 60' lang='lat' dir='ltr'><strong>(Lib.</strong></span> <span class='ocrx_word' id='word_1_345' title='bbox 448 3602 486 3642; x_wconf 87' lang='lat' dir='ltr'><strong>tt</strong></span> <span class='ocrx_word' id='word_1_346' title='bbox 516 3586 739 3659; x_wconf 80' lang='lat' dir='ltr'><strong>ngisf.,</strong></span> <span class='ocrx_word' id='word_1_347' title='bbox 777 3604 824 3642; x_wconf 87' lang='lat' dir='ltr'><strong>c.</strong></span> <span class='ocrx_word' id='word_1_348' title='bbox 855 3588 1021 3659; x_wconf 72' lang='lat' dir='ltr'><strong>ibi):</strong></span> <span class='ocrx_word' id='word_1_349' title='bbox 1062 3603 1083 3637; x_wconf 79' lang='lat' dir='ltr'><strong>s</strong></span> <span class='ocrx_word' id='word_1_350' title='bbox 1115 3586 1171 3640; x_wconf 79' lang='lat' dir='ltr'><strong>In</strong></span> <span class='ocrx_word' id='word_1_351' title='bbox 1211 3585 1680 3659; x_wconf 74' lang='lat' dir='ltr'><strong>intellectusacra:</strong></span> <span class='ocrx_word' id='word_1_352' title='bbox 1720 3584 1862 3639; x_wconf 76' lang='lat' dir='ltr'><strong>Scri-</strong></span> 
     </span>
    </p>
   </div>
   <div class='ocr_carea' id='block_1_49' title="bbox 270 3657 1863 3730">
    <p class='ocr_par' dir='ltr' id='par_1_49' title="bbox 270 3657 1863 3730">
     <span class='ocr_line' id='line_1_50' title="bbox 270 3657 1863 3730; baseline -0.003 -17"><span class='ocrx_word' id='word_1_353' title='bbox 270 3669 446 3730; x_wconf 76' lang='lat' dir='ltr'><strong>ptum</strong></span> <span class='ocrx_word' id='word_1_354' title='bbox 476 3657 656 3727; x_wconf 82' lang='lat' dir='ltr'><strong>respui</strong></span> <span class='ocrx_word' id='word_1_355' title='bbox 685 3672 795 3730; x_wconf 89' lang='lat' dir='ltr'><strong>non</strong></span> <span class='ocrx_word' id='word_1_356' title='bbox 816 3657 979 3714; x_wconf 86' lang='lat' dir='ltr'><strong>debet</strong></span> <span class='ocrx_word' id='word_1_357' title='bbox 1017 3659 1274 3730; x_wconf 81' lang='lat' dir='ltr'><strong>quidquid</strong></span> <span class='ocrx_word' id='word_1_358' title='bbox 1305 3672 1451 3730; x_wconf 74' lang='lat' dir='ltr'><strong>sana:</strong></span> <span class='ocrx_word' id='word_1_359' title='bbox 1484 3657 1608 3711; x_wconf 83' lang='lat' dir='ltr'><strong>ﬁdei</strong></span> <span class='ocrx_word' id='word_1_360' title='bbox 1628 3670 1755 3730; x_wconf 78' lang='lat' dir='ltr'><strong>non</strong></span> <span class='ocrx_word' id='word_1_361' title='bbox 1777 3670 1863 3730; x_wconf 60' lang='lat' dir='ltr'><strong>reg</strong></span> 
     </span>
    </p>
   </div>
   <div class='ocr_carea' id='block_1_50' title="bbox 271 3726 1861 3795">
    <p class='ocr_par' dir='ltr' id='par_1_50' title="bbox 271 3726 1861 3795">
     <span class='ocr_line' id='line_1_51' title="bbox 271 3726 1861 3795; baseline -0.003 -10"><span class='ocrx_word' id='word_1_362' title='bbox 271 3726 451 3795; x_wconf 72' lang='lat' dir='ltr'><strong>sistit;</strong></span> <span class='ocrx_word' id='word_1_363' title='bbox 478 3726 617 3785; x_wconf 89' lang='lat' dir='ltr'><strong>sicut</strong></span> <span class='ocrx_word' id='word_1_364' title='bbox 647 3729 793 3785; x_wconf 69' lang='lat' dir='ltr'><strong>enini</strong></span> <span class='ocrx_word' id='word_1_365' title='bbox 822 3743 887 3785; x_wconf 81' lang='lat' dir='ltr'><strong>es</strong></span> <span class='ocrx_word' id='word_1_366' title='bbox 945 3726 1053 3785; x_wconf 81' lang='lat' dir='ltr'><strong>uno</strong></span> <span class='ocrx_word' id='word_1_367' title='bbox 1102 3726 1235 3784; x_wconf 75' lang='lat' dir='ltr'><strong>auro</strong></span> <span class='ocrx_word' id='word_1_368' title='bbox 1264 3728 1353 3783; x_wconf 87' lang='lat' dir='ltr'><strong>alii</strong></span> <span class='ocrx_word' id='word_1_369' title='bbox 1394 3729 1722 3790; x_wconf 89' lang='lat' dir='ltr'><strong>murenulas,</strong></span> <span class='ocrx_word' id='word_1_370' title='bbox 1771 3726 1861 3781; x_wconf 86' lang='lat' dir='ltr'><strong>alii</strong></span> 
     </span>
    </p>
   </div>
   <div class='ocr_carea' id='block_1_51' title="bbox 272 3798 1865 3869">
    <p class='ocr_par' dir='ltr' id='par_1_51' title="bbox 272 3798 1865 3869">
     <span class='ocr_line' id='line_1_52' title="bbox 272 3798 1865 3869; baseline -0.001 -14"><span class='ocrx_word' id='word_1_371' title='bbox 272 3802 532 3869; x_wconf 87' lang='lat' dir='ltr'><strong>annulos,</strong></span> <span class='ocrx_word' id='word_1_372' title='bbox 578 3800 670 3855; x_wconf 86' lang='lat' dir='ltr'><strong>alii</strong></span> <span class='ocrx_word' id='word_1_373' title='bbox 697 3800 957 3857; x_wconf 83' lang='lat' dir='ltr'><strong>destralia</strong></span> <span class='ocrx_word' id='word_1_374' title='bbox 1003 3800 1069 3855; x_wconf 84' lang='lat' dir='ltr'><strong>ad</strong></span> <span class='ocrx_word' id='word_1_375' title='bbox 1113 3813 1360 3855; x_wconf 83' lang='lat' dir='ltr'><strong>ornatum</strong></span> <span class='ocrx_word' id='word_1_376' title='bbox 1404 3798 1638 3866; x_wconf 82' lang='lat' dir='ltr'><strong>facient;</strong></span> <span class='ocrx_word' id='word_1_377' title='bbox 1680 3800 1749 3852; x_wconf 84' lang='lat' dir='ltr'><strong>ita</strong></span> <span class='ocrx_word' id='word_1_378' title='bbox 1795 3812 1865 3853; x_wconf 78' lang='lat' dir='ltr'><strong>ex</strong></span> 
     </span>
    </p>
   </div>
   <div class='ocr_carea' id='block_1_52' title="bbox 274 3871 1864 3941">
    <p class='ocr_par' dir='ltr' id='par_1_52' title="bbox 274 3871 1864 3941">
     <span class='ocr_line' id='line_1_53' title="bbox 274 3871 1864 3941; baseline -0.003 -14"><span class='ocrx_word' id='word_1_379' title='bbox 274 3886 381 3927; x_wconf 87' lang='lat' dir='ltr'><strong>una</strong></span> <span class='ocrx_word' id='word_1_380' title='bbox 403 3872 701 3941; x_wconf 73' lang='lat' dir='ltr'><strong>Scriptum</strong></span> <span class='ocrx_word' id='word_1_381' title='bbox 726 3873 951 3927; x_wconf 83' lang='lat' dir='ltr'><strong>scientia</strong></span> <span class='ocrx_word' id='word_1_382' title='bbox 986 3878 1324 3941; x_wconf 79' lang='lat' dir='ltr'><strong>expositores</strong></span> <span class='ocrx_word' id='word_1_383' title='bbox 1354 3874 1553 3940; x_wconf 80' lang='lat' dir='ltr'><strong>quique</strong></span> <span class='ocrx_word' id='word_1_384' title='bbox 1580 3884 1676 3937; x_wconf 90' lang='lat' dir='ltr'><strong>per</strong></span> <span class='ocrx_word' id='word_1_385' title='bbox 1705 3871 1864 3923; x_wconf 80' lang='lat' dir='ltr'><strong>innu-</strong></span> 
     </span>
    </p>
   </div>
   <div class='ocr_carea' id='block_1_53' title="bbox 274 3943 1861 4015">
    <p class='ocr_par' dir='ltr' id='par_1_53' title="bbox 274 3943 1861 4015">
     <span class='ocr_line' id='line_1_54' title="bbox 274 3943 1861 4015; baseline -0.003 -16"><span class='ocrx_word' id='word_1_386' title='bbox 274 3958 456 3999; x_wconf 86' lang='lat' dir='ltr'><strong>meros</strong></span> <span class='ocrx_word' id='word_1_387' title='bbox 478 3943 776 3999; x_wconf 83' lang='lat' dir='ltr'><strong>intellectus</strong></span> <span class='ocrx_word' id='word_1_388' title='bbox 799 3944 955 4015; x_wconf 87' lang='lat' dir='ltr'><strong>quasi</strong></span> <span class='ocrx_word' id='word_1_389' title='bbox 983 3945 1131 3997; x_wconf 76' lang='lat' dir='ltr'><strong>varia</strong></span> <span class='ocrx_word' id='word_1_390' title='bbox 1160 3954 1477 4015; x_wconf 79' lang='lat' dir='ltr'><strong>ornatnenta</strong></span> <span class='ocrx_word' id='word_1_391' title='bbox 1508 3950 1861 4010; x_wconf 83' lang='lat' dir='ltr'><strong>componunt,</strong></span> 
     </span>
    </p>
   </div>
   <div class='ocr_carea' id='block_1_54' title="bbox 277 4014 1866 4141">
    <p class='ocr_par' dir='ltr' id='par_1_54' title="bbox 277 4014 1866 4141">
     <span class='ocr_line' id='line_1_55' title="bbox 277 4014 1866 4141; baseline -0.003 -70"><span class='ocrx_word' id='word_1_392' title='bbox 277 4026 605 4141; x_wconf 43' lang='lat' dir='ltr'><strong>mummen</strong></span> <span class='ocrx_word' id='word_1_393' title='bbox 634 4014 829 4070; x_wconf 80' lang='lat' dir='ltr'><strong>omnia</strong></span> <span class='ocrx_word' id='word_1_394' title='bbox 857 4016 923 4071; x_wconf 88' lang='lat' dir='ltr'><strong>ad</strong></span> <span class='ocrx_word' id='word_1_395' title='bbox 955 4014 1207 4070; x_wconf 89' lang='lat' dir='ltr'><strong>decorem</strong></span> <span class='ocrx_word' id='word_1_396' title='bbox 1231 4014 1470 4070; x_wconf 67' lang='lat' dir='ltr'><strong>caelestis</strong></span> <span class='ocrx_word' id='word_1_397' title='bbox 1497 4027 1709 4084; x_wconf 81' lang='lat' dir='ltr'><strong>sponsae</strong></span> <span class='ocrx_word' id='word_1_398' title='bbox 1743 4024 1866 4082; x_wconf 83' lang='lat' dir='ltr'><strong>pro-</strong></span> 
     </span>
    </p>
   </div>
   <div class='ocr_carea' id='block_1_55' title="bbox 351 4087 533 4140">
    <p class='ocr_par' dir='ltr' id='par_1_55' title="bbox 351 4087 533 4140">
     <span class='ocr_line' id='line_1_56' title="bbox 351 4087 533 4140; baseline -0.022 0"><span class='ocrx_word' id='word_1_399' title='bbox 351 4087 483 4140; x_wconf 88' lang='lat' dir='ltr'><strong>ittnt.</strong></span> <span class='ocrx_word' id='word_1_400' title='bbox 515 4104 533 4136; x_wconf 77' lang='grc' dir='ltr'><strong>ι</strong></span> 
     </span>
    </p>
   </div>
   <div class='ocr_carea' id='block_1_56' title="bbox 352 4144 1869 4228">
    <p class='ocr_par' dir='ltr' id='par_1_56' title="bbox 352 4144 1869 4228">
     <span class='ocr_line' id='line_1_57' title="bbox 352 4144 1869 4228; baseline -0.003 -18"><span class='ocrx_word' id='word_1_401' title='bbox 352 4157 466 4211; x_wconf 89' lang='lat' dir='ltr'><strong>Duo</strong></span> <span class='ocrx_word' id='word_1_402' title='bbox 493 4144 622 4212; x_wconf 78' lang='lat' dir='ltr'><strong>vero</strong></span> <span class='ocrx_word' id='word_1_403' title='bbox 648 4170 713 4211; x_wconf 81' lang='lat' dir='ltr'><strong>ex</strong></span> <span class='ocrx_word' id='word_1_404' title='bbox 744 4156 1019 4228; x_wconf 64' lang='lat' dir='ltr'><strong>prophetae</strong></span> <span class='ocrx_word' id='word_1_405' title='bbox 1045 4157 1229 4211; x_wconf 81' lang='lat' dir='ltr'><strong>verbis</strong></span> <span class='ocrx_word' id='word_1_406' title='bbox 1264 4155 1533 4212; x_wconf 85' lang='lat' dir='ltr'><strong>concludit</strong></span> <span class='ocrx_word' id='word_1_407' title='bbox 1563 4153 1624 4228; x_wconf 67' lang='lat' dir='ltr'><strong>S.</strong></span> <span class='ocrx_word' id='word_1_408' title='bbox 1673 4154 1833 4228; x_wconf 78' lang='lat' dir='ltr'><strong>Pater</strong></span> <span class='ocrx_word' id='word_1_409' title='bbox 1849 4170 1869 4228; x_wconf 60' lang='grc' dir='ltr'>ς</span> 
     </span>
    </p>
   </div>
   <div class='ocr_carea' id='block_1_57' title="bbox 281 4224 1871 4297">
    <p class='ocr_par' dir='ltr' id='par_1_57' title="bbox 281 4224 1871 4297">
     <span class='ocr_line' id='line_1_58' title="bbox 281 4224 1871 4297; baseline -0.003 -15"><span class='ocrx_word' id='word_1_410' title='bbox 281 4244 466 4293; x_wconf 83' lang='lat' dir='ltr'><strong>unum,</strong></span> <span class='ocrx_word' id='word_1_411' title='bbox 514 4243 543 4280; x_wconf 91' lang='lat' dir='ltr'><strong>a</strong></span> <span class='ocrx_word' id='word_1_412' title='bbox 578 4224 1003 4297; x_wconf 55' lang='lat' dir='ltr'><strong>bonis&#39;eloquiis</strong></span> <span class='ocrx_word' id='word_1_413' title='bbox 1051 4237 1271 4296; x_wconf 85' lang='lat' dir='ltr'><strong>propter</strong></span> <span class='ocrx_word' id='word_1_414' title='bbox 1323 4226 1765 4297; x_wconf 78' lang='lat' dir='ltr'><strong>taciturnitatem,</strong></span> <span class='ocrx_word' id='word_1_415' title='bbox 1814 4224 1871 4297; x_wconf 81' lang='lat' dir='ltr'><strong>id-</strong></span> 
     </span>
    </p>
   </div>
   <div class='ocr_carea' id='block_1_58' title="bbox 280 4296 1869 4368">
    <p class='ocr_par' dir='ltr' id='par_1_58' title="bbox 280 4296 1869 4368">
     <span class='ocr_line' id='line_1_59' title="bbox 280 4296 1869 4368; baseline -0.004 -13"><span class='ocrx_word' id='word_1_416' title='bbox 280 4310 368 4355; x_wconf 87' lang='lat' dir='ltr'><strong>est</strong></span> <span class='ocrx_word' id='word_1_417' title='bbox 393 4300 590 4353; x_wconf 86' lang='lat' dir='ltr'><strong>silentii</strong></span> <span class='ocrx_word' id='word_1_418' title='bbox 617 4296 952 4368; x_wconf 85' lang='lat' dir='ltr'><strong>dignitatem,</strong></span> <span class='ocrx_word' id='word_1_419' title='bbox 1002 4306 1087 4353; x_wconf 84' lang='lat' dir='ltr'><strong>est</strong></span> <span class='ocrx_word' id='word_1_420' title='bbox 1123 4299 1267 4353; x_wconf 91' lang='lat' dir='ltr'><strong>enim</strong></span> <span class='ocrx_word' id='word_1_421' title='bbox 1299 4300 1471 4353; x_wconf 86' lang='lat' dir='ltr'><strong>cnltns</strong></span> <span class='ocrx_word' id='word_1_422' title='bbox 1497 4296 1722 4368; x_wconf 82' lang='lat' dir='ltr'><strong>justitiae</strong></span> <span class='ocrx_word' id='word_1_423' title='bbox 1742 4314 1765 4368; x_wconf 67' lang='grc' dir='ltr'><strong>ςΔ</strong></span> <span class='ocrx_word' id='word_1_424' title='bbox 1787 4296 1869 4349; x_wconf 90' lang='lat' dir='ltr'><strong>al-</strong></span> 
     </span>
    </p>
   </div>
   <div class='ocr_carea' id='block_1_59' title="bbox 285 4366 1869 4438">
    <p class='ocr_par' dir='ltr' id='par_1_59' title="bbox 285 4366 1869 4438">
     <span class='ocr_line' id='line_1_60' title="bbox 285 4366 1869 4438; baseline -0.004 -13"><span class='ocrx_word' id='word_1_425' title='bbox 285 4379 483 4437; x_wconf 89' lang='lat' dir='ltr'><strong>terum,</strong></span> <span class='ocrx_word' id='word_1_426' title='bbox 516 4385 544 4422; x_wconf 90' lang='lat' dir='ltr'><strong>a</strong></span> <span class='ocrx_word' id='word_1_427' title='bbox 588 4366 743 4423; x_wconf 87' lang='lat' dir='ltr'><strong>malis</strong></span> <span class='ocrx_word' id='word_1_428' title='bbox 773 4370 952 4424; x_wconf 84' lang='lat' dir='ltr'><strong>verbis</strong></span> <span class='ocrx_word' id='word_1_429' title='bbox 980 4377 1201 4438; x_wconf 79' lang='lat' dir='ltr'><strong>propter</strong></span> <span class='ocrx_word' id='word_1_430' title='bbox 1231 4383 1441 4438; x_wconf 64' lang='lat' dir='ltr'><strong>pinnam</strong></span> <span class='ocrx_word' id='word_1_431' title='bbox 1474 4367 1681 4437; x_wconf 77' lang='lat' dir='ltr'><strong>peccati</strong></span> <span class='ocrx_word' id='word_1_432' title='bbox 1704 4366 1869 4438; x_wconf 70' lang='lat' dir='ltr'><strong>silen-</strong></span> 
     </span>
    </p>
   </div>
   <div class='ocr_carea' id='block_1_60' title="bbox 282 4437 1867 4505">
    <p class='ocr_par' dir='ltr' id='par_1_60' title="bbox 282 4437 1867 4505">
     <span class='ocr_line' id='line_1_61' title="bbox 282 4437 1867 4505; baseline -0.001 -10"><span class='ocrx_word' id='word_1_433' title='bbox 282 4441 443 4505; x_wconf 89' lang='lat' dir='ltr'><strong>dum;</strong></span> <span class='ocrx_word' id='word_1_434' title='bbox 470 4443 513 4493; x_wconf 73' lang='lat' dir='ltr'><strong>si</strong></span> <span class='ocrx_word' id='word_1_435' title='bbox 543 4440 686 4495; x_wconf 90' lang='lat' dir='ltr'><strong>enim</strong></span> <span class='ocrx_word' id='word_1_436' title='bbox 711 4441 778 4493; x_wconf 86' lang='lat' dir='ltr'><strong>de</strong></span> <span class='ocrx_word' id='word_1_437' title='bbox 805 4437 1172 4494; x_wconf 32' lang='lat' dir='ltr'><strong>verbo’otioso</strong></span> <span class='ocrx_word' id='word_1_438' title='bbox 1193 4437 1454 4497; x_wconf 81' lang='lat' dir='ltr'><strong>reddituri</strong></span> <span class='ocrx_word' id='word_1_439' title='bbox 1491 4452 1674 4493; x_wconf 90' lang='lat' dir='ltr'><strong>sumus</strong></span> <span class='ocrx_word' id='word_1_440' title='bbox 1699 4440 1753 4492; x_wconf 92' lang='lat' dir='ltr'><strong>in</strong></span> <span class='ocrx_word' id='word_1_441' title='bbox 1779 4437 1867 4494; x_wconf 89' lang='lat' dir='ltr'><strong>die</strong></span> 
     </span>
    </p>
   </div>
   <div class='ocr_carea' id='block_1_61' title="bbox 276 4510 1511 4582">
    <p class='ocr_par' dir='ltr' id='par_1_61' title="bbox 276 4510 1511 4582">
     <span class='ocr_line' id='line_1_62' title="bbox 276 4510 1511 4582; baseline 0 -18"><span class='ocrx_word' id='word_1_442' title='bbox 276 4512 466 4582; x_wconf 67' lang='lat' dir='ltr'><strong>iudicii</strong></span> <span class='ocrx_word' id='word_1_443' title='bbox 499 4515 781 4576; x_wconf 88' lang='lat' dir='ltr'><strong>rationem,</strong></span> <span class='ocrx_word' id='word_1_444' title='bbox 812 4520 1011 4580; x_wconf 80' lang='lat' dir='ltr'><strong>quanto</strong></span> <span class='ocrx_word' id='word_1_445' title='bbox 1039 4512 1207 4580; x_wconf 83' lang='lat' dir='ltr'><strong>magis</strong></span> <span class='ocrx_word' id='word_1_446' title='bbox 1229 4511 1298 4566; x_wconf 82' lang='lat' dir='ltr'><strong>de</strong></span> <span class='ocrx_word' id='word_1_447' title='bbox 1327 4512 1469 4565; x_wconf 87' lang='lat' dir='ltr'><strong>male</strong></span> <span class='ocrx_word' id='word_1_448' title='bbox 1495 4510 1511 4564; x_wconf 66' lang='grc' dir='ltr'>ἓ</span> 
     </span>
    </p>
   </div>
   <div class='ocr_carea' id='block_1_62' title="bbox 353 4581 1869 4653">
    <p class='ocr_par' dir='ltr' id='par_1_62' title="bbox 353 4581 1869 4653">
     <span class='ocr_line' id='line_1_63' title="bbox 353 4581 1869 4653; baseline -0.001 -18"><span class='ocrx_word' id='word_1_449' title='bbox 353 4582 498 4653; x_wconf 79' lang='lat' dir='ltr'><strong>Ergo</strong></span> <span class='ocrx_word' id='word_1_450' title='bbox 525 4584 752 4649; x_wconf 74' lang='lat' dir='ltr'><strong>quamvis</strong></span> <span class='ocrx_word' id='word_1_451' title='bbox 781 4583 847 4635; x_wconf 84' lang='lat' dir='ltr'><strong>de</strong></span> <span class='ocrx_word' id='word_1_452' title='bbox 883 4583 1028 4636; x_wconf 69' lang='lat' dir='ltr'><strong>bonis</strong></span> <span class='ocrx_word' id='word_1_453' title='bbox 1071 4590 1119 4636; x_wconf 84' lang='lat' dir='ltr'><strong>et</strong></span> <span class='ocrx_word' id='word_1_454' title='bbox 1160 4584 1354 4636; x_wconf 82' lang='lat' dir='ltr'><strong>sanctis</strong></span> <span class='ocrx_word' id='word_1_455' title='bbox 1390 4595 1435 4637; x_wconf 85' lang='lat' dir='ltr'><strong>et</strong></span> <span class='ocrx_word' id='word_1_456' title='bbox 1470 4581 1869 4650; x_wconf 67' lang='lat' dir='ltr'><strong>adiﬁcationem</strong></span> 
     </span>
    </p>
   </div>
   <div class='ocr_carea' id='block_1_63' title="bbox 286 4670 517 4707">
    <p class='ocr_par' dir='ltr' id='par_1_63' title="bbox 286 4670 517 4707">
     <span class='ocr_line' id='line_1_64' title="bbox 286 4670 517 4707; baseline -0.017 0"><span class='ocrx_word' id='word_1_457' title='bbox 286 4670 517 4707; x_wconf 81' lang='lat' dir='ltr'><strong>etoatttts.</strong></span> 
     </span>
    </p>
   </div>
   <div class='ocr_carea' id='block_1_64' title="bbox 283 4654 1865 4795">
    <p class='ocr_par' dir='ltr' id='par_1_64' title="bbox 283 4654 1865 4795">
     <span class='ocr_line' id='line_1_65' title="bbox 286 4654 1865 4725; baseline -0.001 -18"><span class='ocrx_word' id='word_1_458' title='bbox 286 4654 547 4725; x_wconf 68' lang='lat' dir='ltr'><strong>eloquiis]</strong></span> <span class='ocrx_word' id='word_1_459' title='bbox 618 4656 873 4719; x_wconf 69' lang='lat' dir='ltr'><strong>Quaenam</strong></span> <span class='ocrx_word' id='word_1_460' title='bbox 929 4655 1037 4707; x_wconf 85' lang='lat' dir='ltr'><strong>sint</strong></span> <span class='ocrx_word' id='word_1_461' title='bbox 1076 4654 1381 4723; x_wconf 83' lang='lat' dir='ltr'><strong>hujusmodi</strong></span> <span class='ocrx_word' id='word_1_462' title='bbox 1437 4654 1649 4722; x_wconf 80' lang='lat' dir='ltr'><strong>eloquia</strong></span> <span class='ocrx_word' id='word_1_463' title='bbox 1687 4654 1865 4719; x_wconf 73' lang='lat' dir='ltr'><strong>aliquo</strong></span> 
     </span>
     <span class='ocr_line' id='line_1_66' title="bbox 283 4722 1865 4795; baseline 0.001 -18"><span class='ocrx_word' id='word_1_464' title='bbox 283 4728 446 4795; x_wconf 80' lang='lat' dir='ltr'><strong>modo</strong></span> <span class='ocrx_word' id='word_1_465' title='bbox 493 4723 1019 4795; x_wconf 74' lang='lat' dir='ltr'><strong>discerepossemus</strong></span> <span class='ocrx_word' id='word_1_466' title='bbox 1065 4738 1131 4779; x_wconf 83' lang='lat' dir='ltr'><strong>es</strong></span> <span class='ocrx_word' id='word_1_467' title='bbox 1175 4724 1255 4779; x_wconf 88' lang='lat' dir='ltr'><strong>his</strong></span> <span class='ocrx_word' id='word_1_468' title='bbox 1294 4738 1415 4795; x_wconf 70' lang='lat' dir='ltr'><strong>qum</strong></span> <span class='ocrx_word' id='word_1_469' title='bbox 1452 4725 1639 4779; x_wconf 72' lang='lat' dir='ltr'><strong>scribit</strong></span> <span class='ocrx_word' id='word_1_470' title='bbox 1677 4722 1865 4779; x_wconf 81' lang='lat' dir='ltr'><strong>Petrus</strong></span> 
     </span>
    </p>
   </div>
   <div class='ocr_carea' id='block_1_65' title="bbox 285 4794 1869 4852">
    <p class='ocr_par' dir='ltr' id='par_1_65' title="bbox 285 4794 1869 4852">
     <span class='ocr_line' id='line_1_67' title="bbox 285 4794 1869 4852; baseline 0 -3"><span class='ocrx_word' id='word_1_471' title='bbox 285 4794 619 4850; x_wconf 80' lang='lat' dir='ltr'><strong>Venerabilis</strong></span> <span class='ocrx_word' id='word_1_472' title='bbox 657 4794 725 4849; x_wconf 86' lang='lat' dir='ltr'><strong>ad</strong></span> <span class='ocrx_word' id='word_1_473' title='bbox 766 4795 980 4849; x_wconf 84' lang='lat' dir='ltr'><strong>Petrum</strong></span> <span class='ocrx_word' id='word_1_474' title='bbox 1021 4794 1411 4852; x_wconf 65' lang='lat' dir='ltr'><strong>Pictaviensiem</strong></span> <span class='ocrx_word' id='word_1_475' title='bbox 1450 4795 1507 4850; x_wconf 87' lang='lat' dir='ltr'><strong>in</strong></span> <span class='ocrx_word' id='word_1_476' title='bbox 1547 4796 1661 4849; x_wconf 69' lang='lat' dir='ltr'><strong>hme</strong></span> <span class='ocrx_word' id='word_1_477' title='bbox 1706 4797 1869 4849; x_wconf 83' lang='lat' dir='ltr'><strong>verba</strong></span> 
     </span>
    </p>
   </div>
   <div class='ocr_carea' id='block_1_66' title="bbox 285 4864 1871 4937">
    <p class='ocr_par' dir='ltr' id='par_1_66' title="bbox 285 4864 1871 4937">
     <span class='ocr_line' id='line_1_68' title="bbox 285 4864 1871 4937; baseline 0 -19"><span class='ocrx_word' id='word_1_478' title='bbox 285 4864 426 4933; x_wconf 81' lang='lat' dir='ltr'><strong>(Lib.</strong></span> <span class='ocrx_word' id='word_1_479' title='bbox 450 4881 510 4929; x_wconf 88' lang='grc' dir='ltr'><strong>ιι,</strong></span> <span class='ocrx_word' id='word_1_480' title='bbox 532 4882 613 4929; x_wconf 86' lang='lat' dir='ltr'><strong>ep.</strong></span> <span class='ocrx_word' id='word_1_481' title='bbox 661 4864 798 4935; x_wconf 75' lang='lat'><strong>2‘2):</strong></span> <span class='ocrx_word' id='word_1_482' title='bbox 837 4884 856 4917; x_wconf 82' lang='grc' dir='ltr'><strong>ι</strong></span> <span class='ocrx_word' id='word_1_483' title='bbox 892 4866 937 4921; x_wconf 90' lang='lat'><strong>0</strong></span> <span class='ocrx_word' id='word_1_484' title='bbox 967 4867 1200 4936; x_wconf 77' lang='lat' dir='ltr'><strong>quoties,</strong></span> <span class='ocrx_word' id='word_1_485' title='bbox 1226 4868 1405 4937; x_wconf 73' lang='lat' dir='ltr'><strong>ianuis</strong></span> <span class='ocrx_word' id='word_1_486' title='bbox 1444 4866 1659 4932; x_wconf 82' lang='lat' dir='ltr'><strong>clausis,</strong></span> <span class='ocrx_word' id='word_1_487' title='bbox 1719 4865 1871 4920; x_wconf 84' lang='lat' dir='ltr'><strong>nullo</strong></span> 
     </span>
    </p>
   </div>
   <div class='ocr_carea' id='block_1_67' title="bbox 286 4938 1871 5006">
    <p class='ocr_par' dir='ltr' id='par_1_67' title="bbox 286 4938 1871 5006">
     <span class='ocr_line' id='line_1_69' title="bbox 286 4938 1871 5006; baseline 0.001 -17"><span class='ocrx_word' id='word_1_488' title='bbox 286 4938 565 4992; x_wconf 87' lang='lat' dir='ltr'><strong>nobiscum</strong></span> <span class='ocrx_word' id='word_1_489' title='bbox 596 4938 834 4992; x_wconf 87' lang='lat' dir='ltr'><strong>admisso</strong></span> <span class='ocrx_word' id='word_1_490' title='bbox 864 4939 1189 5004; x_wconf 82' lang='lat' dir='ltr'><strong>mortalium,</strong></span> <span class='ocrx_word' id='word_1_491' title='bbox 1218 4940 1311 4993; x_wconf 75' lang='lat' dir='ltr'><strong>illo</strong></span> <span class='ocrx_word' id='word_1_492' title='bbox 1342 4948 1546 4993; x_wconf 88' lang='lat' dir='ltr'><strong>tantum</strong></span> <span class='ocrx_word' id='word_1_493' title='bbox 1580 4945 1738 5003; x_wconf 84' lang='lat' dir='ltr'><strong>teste,</strong></span> <span class='ocrx_word' id='word_1_494' title='bbox 1772 4938 1871 5006; x_wconf 78' lang='lat' dir='ltr'><strong>qui</strong></span> 
     </span>
    </p>
   </div>
   <div class='ocr_carea' id='block_1_68' title="bbox 285 5006 1861 5080">
    <p class='ocr_par' dir='ltr' id='par_1_68' title="bbox 285 5006 1861 5080">
     <span class='ocr_line' id='line_1_70' title="bbox 285 5006 1861 5080; baseline -0.001 -18"><span class='ocrx_word' id='word_1_495' title='bbox 285 5008 355 5080; x_wconf 79' lang='lat' dir='ltr'><strong>de</strong></span> <span class='ocrx_word' id='word_1_496' title='bbox 375 5022 440 5080; x_wconf 83' lang='lat' dir='ltr'><strong>se</strong></span> <span class='ocrx_word' id='word_1_497' title='bbox 458 5006 815 5080; x_wconf 70' lang='lat' dir='ltr'><strong>cogitantibus</strong></span> <span class='ocrx_word' id='word_1_498' title='bbox 841 5017 941 5080; x_wconf 85' lang='lat' dir='ltr'><strong>aut</strong></span> <span class='ocrx_word' id='word_1_499' title='bbox 954 5009 1352 5080; x_wconf 76' lang='lat' dir='ltr'><strong>conferentibus</strong></span> <span class='ocrx_word' id='word_1_500' title='bbox 1383 5023 1653 5080; x_wconf 83' lang='lat' dir='ltr'><strong>nunquam</strong></span> <span class='ocrx_word' id='word_1_501' title='bbox 1686 5009 1861 5071; x_wconf 82' lang='lat' dir='ltr'><strong>deest,</strong></span> 
     </span>
    </p>
   </div>
   <div class='ocr_carea' id='block_1_69' title="bbox 287 5077 1863 5137">
    <p class='ocr_par' dir='ltr' id='par_1_69' title="bbox 287 5077 1863 5137">
     <span class='ocr_line' id='line_1_71' title="bbox 287 5077 1863 5137; baseline 0.001 -6"><span class='ocrx_word' id='word_1_502' title='bbox 287 5077 664 5133; x_wconf 85' lang='lat' dir='ltr'><strong>formidolosus</strong></span> <span class='ocrx_word' id='word_1_503' title='bbox 708 5094 889 5134; x_wconf 89' lang='lat' dir='ltr'><strong>sermo</strong></span> <span class='ocrx_word' id='word_1_504' title='bbox 932 5078 1145 5136; x_wconf 81' lang='lat' dir='ltr'><strong>habitus</strong></span> <span class='ocrx_word' id='word_1_505' title='bbox 1191 5092 1273 5136; x_wconf 89' lang='lat' dir='ltr'><strong>est</strong></span> <span class='ocrx_word' id='word_1_506' title='bbox 1320 5081 1389 5137; x_wconf 89' lang='lat' dir='ltr'><strong>de</strong></span> <span class='ocrx_word' id='word_1_507' title='bbox 1425 5077 1601 5137; x_wconf 75' lang='lat' dir='ltr'><strong>cordis</strong></span> <span class='ocrx_word' id='word_1_508' title='bbox 1646 5080 1863 5134; x_wconf 78' lang='lat' dir='ltr'><strong>humani</strong></span> 
     </span>
    </p>
   </div>
   <div class='ocr_carea' id='block_1_70' title="bbox 283 5150 1865 5221">
    <p class='ocr_par' dir='ltr' id='par_1_70' title="bbox 283 5150 1865 5221">
     <span class='ocr_line' id='line_1_72' title="bbox 283 5150 1865 5221; baseline 0.001 -18"><span class='ocrx_word' id='word_1_509' title='bbox 283 5150 523 5221; x_wconf 72' lang='lat' dir='ltr'><strong>caecitate</strong></span> <span class='ocrx_word' id='word_1_510' title='bbox 538 5161 696 5221; x_wconf 88' lang='lat' dir='ltr'><strong>atque</strong></span> <span class='ocrx_word' id='word_1_511' title='bbox 708 5151 924 5219; x_wconf 82' lang='lat' dir='ltr'><strong>duritia,</strong></span> <span class='ocrx_word' id='word_1_512' title='bbox 948 5152 1017 5205; x_wconf 88' lang='lat' dir='ltr'><strong>de</strong></span> <span class='ocrx_word' id='word_1_513' title='bbox 1035 5151 1261 5208; x_wconf 79' lang='lat' dir='ltr'><strong>diversis</strong></span> <span class='ocrx_word' id='word_1_514' title='bbox 1279 5164 1615 5221; x_wconf 87' lang='lat' dir='ltr'><strong>peccatorum</strong></span> <span class='ocrx_word' id='word_1_515' title='bbox 1638 5151 1865 5221; x_wconf 59' lang='lat' dir='ltr'><strong>laqueis,</strong></span> 
     </span>
    </p>
   </div>
   <div class='ocr_carea' id='block_1_71' title="bbox 283 5220 1867 5296">
    <p class='ocr_par' dir='ltr' id='par_1_71' title="bbox 283 5220 1867 5296">
     <span class='ocr_line' id='line_1_73' title="bbox 283 5220 1867 5296; baseline 0 -21"><span class='ocrx_word' id='word_1_516' title='bbox 283 5220 547 5296; x_wconf 70' lang='lat' dir='ltr'><strong>devariis</strong></span> <span class='ocrx_word' id='word_1_517' title='bbox 592 5220 895 5296; x_wconf 64' lang='lat' dir='ltr'><strong>damenum</strong></span> <span class='ocrx_word' id='word_1_518' title='bbox 939 5221 1168 5296; x_wconf 75' lang='lat' dir='ltr'><strong>insidiis,</strong></span> <span class='ocrx_word' id='word_1_519' title='bbox 1211 5224 1277 5279; x_wconf 87' lang='lat' dir='ltr'><strong>de</strong></span> <span class='ocrx_word' id='word_1_520' title='bbox 1306 5224 1503 5296; x_wconf 83' lang='lat' dir='ltr'><strong>abysso</strong></span> <span class='ocrx_word' id='word_1_521' title='bbox 1542 5220 1867 5296; x_wconf 85' lang='lat' dir='ltr'><strong>judiciOrum</strong></span> 
     </span>
    </p>
   </div>
   <div class='ocr_carea' id='block_1_72' title="bbox 284 5291 1865 5365">
    <p class='ocr_par' dir='ltr' id='par_1_72' title="bbox 284 5291 1865 5365">
     <span class='ocr_line' id='line_1_74' title="bbox 284 5291 1865 5365; baseline 0 -18"><span class='ocrx_word' id='word_1_522' title='bbox 284 5291 404 5357; x_wconf 86' lang='lat' dir='ltr'><strong>Dei,</strong></span> <span class='ocrx_word' id='word_1_523' title='bbox 420 5307 587 5365; x_wconf 86' lang='lat' dir='ltr'><strong>quam</strong></span> <span class='ocrx_word' id='word_1_524' title='bbox 606 5295 855 5349; x_wconf 78' lang='lat' dir='ltr'><strong>terribilis</strong></span> <span class='ocrx_word' id='word_1_525' title='bbox 883 5295 935 5347; x_wconf 79' lang='lat' dir='ltr'><strong>in</strong></span> <span class='ocrx_word' id='word_1_526' title='bbox 954 5295 1196 5350; x_wconf 79' lang='lat' dir='ltr'><strong>consiliis</strong></span> <span class='ocrx_word' id='word_1_527' title='bbox 1222 5291 1393 5365; x_wconf 75' lang='lat' dir='ltr'><strong>super</strong></span> <span class='ocrx_word' id='word_1_528' title='bbox 1409 5291 1554 5350; x_wconf 73' lang='lat' dir='ltr'><strong>filios</strong></span> <span class='ocrx_word' id='word_1_529' title='bbox 1569 5294 1865 5357; x_wconf 89' lang='lat' dir='ltr'><strong>hominum,</strong></span> 
     </span>
    </p>
   </div>
   <div class='ocr_carea' id='block_1_73' title="bbox 282 5364 1868 5438">
    <p class='ocr_par' dir='ltr' id='par_1_73' title="bbox 282 5364 1868 5438">
     <span class='ocr_line' id='line_1_75' title="bbox 282 5364 1868 5438; baseline 0.001 -21"><span class='ocrx_word' id='word_1_530' title='bbox 282 5364 429 5438; x_wconf 83' lang='lat' dir='ltr'><strong>quod</strong></span> <span class='ocrx_word' id='word_1_531' title='bbox 457 5364 791 5438; x_wconf 27' lang='lat' dir='ltr'><strong>quibus‘vnlt</strong></span> <span class='ocrx_word' id='word_1_532' title='bbox 819 5368 1123 5433; x_wconf 81' lang='lat' dir='ltr'><strong>miseretur,</strong></span> <span class='ocrx_word' id='word_1_533' title='bbox 1157 5375 1212 5421; x_wconf 85' lang='lat' dir='ltr'><strong>et</strong></span> <span class='ocrx_word' id='word_1_534' title='bbox 1233 5364 1369 5438; x_wconf 81' lang='lat' dir='ltr'><strong>quos</strong></span> <span class='ocrx_word' id='word_1_535' title='bbox 1398 5368 1508 5421; x_wconf 79' lang='lat' dir='ltr'><strong>vult</strong></span> <span class='ocrx_word' id='word_1_536' title='bbox 1553 5367 1783 5438; x_wconf 80' lang='lat' dir='ltr'><strong>indurat,</strong></span> <span class='ocrx_word' id='word_1_537' title='bbox 1805 5374 1868 5438; x_wconf 82' lang='lat' dir='ltr'><strong>et</strong></span> 
     </span>
    </p>
   </div>
   <div class='ocr_carea' id='block_1_74' title="bbox 280 5435 1861 5508">
    <p class='ocr_par' dir='ltr' id='par_1_74' title="bbox 280 5435 1861 5508">
     <span class='ocr_line' id='line_1_76' title="bbox 280 5435 1861 5508; baseline 0.002 -21"><span class='ocrx_word' id='word_1_538' title='bbox 280 5435 427 5508; x_wconf 86' lang='lat' dir='ltr'><strong>quod</strong></span> <span class='ocrx_word' id='word_1_539' title='bbox 457 5436 630 5489; x_wconf 84' lang='lat' dir='ltr'><strong>nescit</strong></span> <span class='ocrx_word' id='word_1_540' title='bbox 656 5435 819 5491; x_wconf 91' lang='lat' dir='ltr'><strong>homo</strong></span> <span class='ocrx_word' id='word_1_541' title='bbox 856 5448 1033 5490; x_wconf 90' lang='lat' dir='ltr'><strong>utrum</strong></span> <span class='ocrx_word' id='word_1_542' title='bbox 1062 5435 1266 5493; x_wconf 56' lang='lat' dir='ltr'><strong>amore&#39;</strong></span> <span class='ocrx_word' id='word_1_543' title='bbox 1284 5453 1350 5493; x_wconf 89' lang='lat' dir='ltr'><strong>an</strong></span> <span class='ocrx_word' id='word_1_544' title='bbox 1381 5439 1506 5492; x_wconf 91' lang='lat' dir='ltr'><strong>odio</strong></span> <span class='ocrx_word' id='word_1_545' title='bbox 1534 5436 1729 5508; x_wconf 75' lang='lat' dir='ltr'><strong>dignus</strong></span> <span class='ocrx_word' id='word_1_546' title='bbox 1770 5436 1861 5502; x_wconf 85' lang='lat' dir='ltr'><strong>sit,</strong></span> 
     </span>
    </p>
   </div>
   <div class='ocr_carea' id='block_1_75' title="bbox 280 5506 1866 5572">
    <p class='ocr_par' dir='ltr' id='par_1_75' title="bbox 280 5506 1866 5572">
     <span class='ocr_line' id='line_1_77' title="bbox 280 5506 1866 5572; baseline 0.002 -13"><span class='ocrx_word' id='word_1_547' title='bbox 280 5508 350 5559; x_wconf 81' lang='lat' dir='ltr'><strong>de</strong></span> <span class='ocrx_word' id='word_1_548' title='bbox 384 5506 587 5561; x_wconf 82' lang='lat' dir='ltr'><strong>incerta</strong></span> <span class='ocrx_word' id='word_1_549' title='bbox 638 5516 693 5562; x_wconf 89' lang='lat' dir='ltr'><strong>et</strong></span> <span class='ocrx_word' id='word_1_550' title='bbox 732 5508 1052 5562; x_wconf 78' lang='lat' dir='ltr'><strong>formidabili</strong></span> <span class='ocrx_word' id='word_1_551' title='bbox 1093 5510 1372 5564; x_wconf 89' lang='lat' dir='ltr'><strong>vocatione</strong></span> <span class='ocrx_word' id='word_1_552' title='bbox 1412 5506 1615 5572; x_wconf 76' lang='lat' dir='ltr'><strong>nostra,</strong></span> <span class='ocrx_word' id='word_1_553' title='bbox 1650 5509 1717 5563; x_wconf 89' lang='lat' dir='ltr'><strong>de</strong></span> <span class='ocrx_word' id='word_1_554' title='bbox 1757 5509 1866 5563; x_wconf 88' lang='lat' dir='ltr'><strong>dis-</strong></span> 
     </span>
    </p>
   </div>
   <div class='ocr_carea' id='block_1_76' title="bbox 280 5577 1862 5648">
    <p class='ocr_par' dir='ltr' id='par_1_76' title="bbox 280 5577 1862 5648">
     <span class='ocr_line' id='line_1_78' title="bbox 280 5577 1862 5648; baseline 0.003 -20"><span class='ocrx_word' id='word_1_555' title='bbox 280 5577 599 5648; x_wconf 69' lang='lat' dir='ltr'><strong>pensatione</strong></span> <span class='ocrx_word' id='word_1_556' title='bbox 626 5581 816 5633; x_wconf 69' lang='lat' dir='ltr'><strong>solutis</strong></span> <span class='ocrx_word' id='word_1_557' title='bbox 855 5579 1102 5633; x_wconf 71' lang='lat' dir='ltr'><strong>humanae</strong></span> <span class='ocrx_word' id='word_1_558' title='bbox 1146 5590 1242 5648; x_wconf 85' lang='lat' dir='ltr'><strong>per</strong></span> <span class='ocrx_word' id='word_1_559' title='bbox 1272 5581 1692 5635; x_wconf 79' lang='lat' dir='ltr'><strong>incarnationem</strong></span> <span class='ocrx_word' id='word_1_560' title='bbox 1744 5577 1862 5634; x_wconf 76' lang='lat' dir='ltr'><strong>Filii</strong></span> 
     </span>
    </p>
   </div>
   <div class='ocr_carea' id='block_1_77' title="bbox 279 5645 1866 5721">
    <p class='ocr_par' dir='ltr' id='par_1_77' title="bbox 279 5645 1866 5721">
     <span class='ocr_line' id='line_1_79' title="bbox 279 5645 1866 5721; baseline 0.001 -20"><span class='ocrx_word' id='word_1_561' title='bbox 279 5645 380 5721; x_wconf 80' lang='lat' dir='ltr'><strong>Dei</strong></span> <span class='ocrx_word' id='word_1_562' title='bbox 412 5663 475 5703; x_wconf 90' lang='lat' dir='ltr'><strong>ac</strong></span> <span class='ocrx_word' id='word_1_563' title='bbox 505 5653 806 5721; x_wconf 84' lang='lat' dir='ltr'><strong>passionem</strong></span> <span class='ocrx_word' id='word_1_564' title='bbox 850 5649 1009 5713; x_wconf 89' lang='lat' dir='ltr'><strong>facta,</strong></span> <span class='ocrx_word' id='word_1_565' title='bbox 1042 5651 1109 5704; x_wconf 87' lang='lat' dir='ltr'><strong>de</strong></span> <span class='ocrx_word' id='word_1_566' title='bbox 1149 5645 1430 5706; x_wconf 76' lang='lat' dir='ltr'><strong>tremendo</strong></span> <span class='ocrx_word' id='word_1_567' title='bbox 1462 5652 1633 5705; x_wconf 88' lang='lat' dir='ltr'><strong>ultimi</strong></span> <span class='ocrx_word' id='word_1_568' title='bbox 1679 5649 1866 5719; x_wconf 84' lang='lat' dir='ltr'><strong>judicii</strong></span> 
     </span>
    </p>
   </div>
   <div class='ocr_carea' id='block_1_78' title="bbox 279 5719 1865 5791">
    <p class='ocr_par' dir='ltr' id='par_1_78' title="bbox 279 5719 1865 5791">
     <span class='ocr_line' id='line_1_80' title="bbox 279 5719 1865 5791; baseline 0.001 -18"><span class='ocrx_word' id='word_1_569' title='bbox 279 5719 391 5787; x_wconf 90' lang='lat' dir='ltr'><strong>die,</strong></span> <span class='ocrx_word' id='word_1_570' title='bbox 422 5719 1057 5791; x_wconf 49' lang='lat' dir='ltr'><strong>de‘incomprehensibili</strong></span> <span class='ocrx_word' id='word_1_571' title='bbox 1086 5722 1249 5777; x_wconf 82' lang='lat' dir='ltr'><strong>divini</strong></span> <span class='ocrx_word' id='word_1_572' title='bbox 1274 5726 1535 5778; x_wconf 84' lang='lat' dir='ltr'><strong>examinis</strong></span> <span class='ocrx_word' id='word_1_573' title='bbox 1556 5723 1865 5786; x_wconf 85' lang='lat' dir='ltr'><strong>severitate,</strong></span> 
     </span>
    </p>
   </div>
   <div class='ocr_carea' id='block_1_79' title="bbox 281 5790 1865 5864">
    <p class='ocr_par' dir='ltr' id='par_1_79' title="bbox 281 5790 1865 5864">
     <span class='ocr_line' id='line_1_81' title="bbox 281 5790 1865 5864; baseline 0.001 -20"><span class='ocrx_word' id='word_1_574' title='bbox 281 5806 385 5864; x_wconf 80' lang='lat' dir='ltr'><strong>qua</strong></span> <span class='ocrx_word' id='word_1_575' title='bbox 429 5790 481 5845; x_wconf 92' lang='lat' dir='ltr'><strong>in</strong></span> <span class='ocrx_word' id='word_1_576' title='bbox 524 5790 837 5863; x_wconf 87' lang='lat' dir='ltr'><strong>perpetuum</strong></span> <span class='ocrx_word' id='word_1_577' title='bbox 879 5794 1051 5849; x_wconf 63' lang='lat' dir='ltr'><strong>malos</strong></span> <span class='ocrx_word' id='word_1_578' title='bbox 1093 5796 1283 5864; x_wconf 90' lang='lat' dir='ltr'><strong>punit,</strong></span> <span class='ocrx_word' id='word_1_579' title='bbox 1324 5805 1377 5849; x_wconf 89' lang='lat' dir='ltr'><strong>et</strong></span> <span class='ocrx_word' id='word_1_580' title='bbox 1415 5794 1481 5849; x_wconf 89' lang='lat' dir='ltr'><strong>de</strong></span> <span class='ocrx_word' id='word_1_581' title='bbox 1522 5792 1865 5847; x_wconf 85' lang='lat' dir='ltr'><strong>inenarrabili</strong></span> 
     </span>
    </p>
   </div>
   <div class='ocr_carea' id='block_1_80' title="bbox 280 5862 1863 5938">
    <p class='ocr_par' dir='ltr' id='par_1_80' title="bbox 280 5862 1863 5938">
     <span class='ocr_line' id='line_1_82' title="bbox 280 5862 1863 5938; baseline 0.001 -20"><span class='ocrx_word' id='word_1_582' title='bbox 280 5862 673 5930; x_wconf 85' lang='lat' dir='ltr'><strong>misericordia,</strong></span> <span class='ocrx_word' id='word_1_583' title='bbox 706 5880 808 5935; x_wconf 91' lang='lat' dir='ltr'><strong>qua</strong></span> <span class='ocrx_word' id='word_1_584' title='bbox 840 5877 1041 5922; x_wconf 73' lang='lat' dir='ltr'><strong>aeterna</strong></span> <span class='ocrx_word' id='word_1_585' title='bbox 1073 5862 1230 5923; x_wconf 85' lang='lat' dir='ltr'><strong>bonis</strong></span> <span class='ocrx_word' id='word_1_586' title='bbox 1267 5862 1485 5938; x_wconf 70' lang='lat' dir='ltr'><strong>praemia</strong></span> <span class='ocrx_word' id='word_1_587' title='bbox 1516 5864 1711 5921; x_wconf 82' lang='lat' dir='ltr'><strong>reddit.</strong></span> <span class='ocrx_word' id='word_1_588' title='bbox 1759 5864 1863 5919; x_wconf 85' lang='lat' dir='ltr'><strong>llo-</strong></span> 
     </span>
    </p>
   </div>
   <div class='ocr_carea' id='block_1_81' title="bbox 1944 536 3530 603">
    <p class='ocr_par' dir='ltr' id='par_1_81' title="bbox 1944 536 3530 603">
     <span class='ocr_line' id='line_1_83' title="bbox 1944 536 3530 603; baseline 0.003 -14"><span class='ocrx_word' id='word_1_589' title='bbox 1944 537 2072 589; x_wconf 82' lang='lat' dir='ltr'><strong>inihi</strong></span> <span class='ocrx_word' id='word_1_590' title='bbox 2098 537 2492 603; x_wconf 77' lang='lat' dir='ltr'><strong>quodammodo</strong></span> <span class='ocrx_word' id='word_1_591' title='bbox 2521 538 2571 589; x_wconf 82' lang='lat' dir='ltr'><strong>in</strong></span> <span class='ocrx_word' id='word_1_592' title='bbox 2595 536 2770 590; x_wconf 81' lang='lat' dir='ltr'><strong>medio</strong></span> <span class='ocrx_word' id='word_1_593' title='bbox 2789 538 3061 590; x_wconf 73' lang='lat' dir='ltr'><strong>hominum</strong></span> <span class='ocrx_word' id='word_1_594' title='bbox 3079 553 3315 593; x_wconf 87' lang='lat' dir='ltr'><strong>erctnum</strong></span> <span class='ocrx_word' id='word_1_595' title='bbox 3332 538 3530 594; x_wconf 81' lang='lat' dir='ltr'><strong>refere-</strong></span> 
     </span>
    </p>
   </div>
   <div class='ocr_carea' id='block_1_82' title="bbox 1940 607 3527 677">
    <p class='ocr_par' dir='ltr' id='par_1_82' title="bbox 1940 607 3527 677">
     <span class='ocr_line' id='line_1_84' title="bbox 1940 607 3527 677; baseline 0.003 -16"><span class='ocrx_word' id='word_1_596' title='bbox 1940 607 2049 669; x_wconf 83' lang='lat' dir='ltr'><strong>bat,</strong></span> <span class='ocrx_word' id='word_1_597' title='bbox 2081 618 2135 661; x_wconf 86' lang='lat' dir='ltr'><strong>et</strong></span> <span class='ocrx_word' id='word_1_598' title='bbox 2156 607 2365 662; x_wconf 85' lang='lat' dir='ltr'><strong>Domini</strong></span> <span class='ocrx_word' id='word_1_599' title='bbox 2390 608 2793 662; x_wconf 83' lang='lat' dir='ltr'><strong>tabernaculum</strong></span> <span class='ocrx_word' id='word_1_600' title='bbox 2821 612 3260 675; x_wconf 56' lang='lat' dir='ltr'><strong>repraesentabat,</strong></span> <span class='ocrx_word' id='word_1_601' title='bbox 3295 612 3359 663; x_wconf 86' lang='lat' dir='ltr'><strong>ad</strong></span> <span class='ocrx_word' id='word_1_602' title='bbox 3387 613 3527 677; x_wconf 83' lang='lat' dir='ltr'><strong>quod</strong></span> 
     </span>
    </p>
   </div>
   <div class='ocr_carea' id='block_1_83' title="bbox 1938 678 3529 749">
    <p class='ocr_par' dir='ltr' id='par_1_83' title="bbox 1938 678 3529 749">
     <span class='ocr_line' id='line_1_85' title="bbox 1938 678 3529 749; baseline 0.001 -18"><span class='ocrx_word' id='word_1_603' title='bbox 1938 693 1966 749; x_wconf 86' lang='lat' dir='ltr'><strong>a</strong></span> <span class='ocrx_word' id='word_1_604' title='bbox 1992 678 2173 731; x_wconf 88' lang='lat' dir='ltr'><strong>mundi</strong></span> <span class='ocrx_word' id='word_1_605' title='bbox 2211 680 2528 733; x_wconf 84' lang='lat' dir='ltr'><strong>tumultibus</strong></span> <span class='ocrx_word' id='word_1_606' title='bbox 2564 680 2731 732; x_wconf 88' lang='lat' dir='ltr'><strong>veluti</strong></span> <span class='ocrx_word' id='word_1_607' title='bbox 2763 681 2969 749; x_wconf 76' lang='lat' dir='ltr'><strong>Moyses</strong></span> <span class='ocrx_word' id='word_1_608' title='bbox 2999 695 3026 732; x_wconf 90' lang='lat' dir='ltr'><strong>a</strong></span> <span class='ocrx_word' id='word_1_609' title='bbox 3058 681 3365 735; x_wconf 71' lang='lat' dir='ltr'><strong>intimorum</strong></span> <span class='ocrx_word' id='word_1_610' title='bbox 3401 684 3529 748; x_wconf 83' lang='lat' dir='ltr'><strong>lapi-</strong></span> 
     </span>
    </p>
   </div>
   <div class='ocr_carea' id='block_1_84' title="bbox 1937 748 3522 821">
    <p class='ocr_par' dir='ltr' id='par_1_84' title="bbox 1937 748 3522 821">
     <span class='ocr_line' id='line_1_86' title="bbox 1937 748 3522 821; baseline 0.003 -20"><span class='ocrx_word' id='word_1_611' title='bbox 1937 748 2096 821; x_wconf 69' lang='lat' dir='ltr'><strong>dibus</strong></span> <span class='ocrx_word' id='word_1_612' title='bbox 2132 749 2524 821; x_wconf 70' lang='lat' dir='ltr'><strong>confugiebam.</strong></span> <span class='ocrx_word' id='word_1_613' title='bbox 2565 751 2689 821; x_wconf 24' lang='grc' dir='ltr'><strong>»ψει</strong></span> <span class='ocrx_word' id='word_1_614' title='bbox 2716 752 2781 804; x_wconf 87' lang='lat' dir='ltr'><strong>ad</strong></span> <span class='ocrx_word' id='word_1_615' title='bbox 2812 748 3057 804; x_wconf 75' lang='lat' dir='ltr'><strong>Pentium</strong></span> <span class='ocrx_word' id='word_1_616' title='bbox 3105 752 3322 807; x_wconf 81' lang='lat' dir='ltr'><strong>fratrem</strong></span> <span class='ocrx_word' id='word_1_617' title='bbox 3350 767 3522 805; x_wconf 46' lang='lat' dir='ltr'><strong>osuum</strong></span> 
     </span>
    </p>
   </div>
   <div class='ocr_carea' id='block_1_85' title="bbox 1939 818 3521 944">
    <p class='ocr_par' dir='ltr' id='par_1_85' title="bbox 1939 818 3521 944">
     <span class='ocr_line' id='line_1_87' title="bbox 1939 818 3521 944; baseline 0.004 -73"><span class='ocrx_word' id='word_1_618' title='bbox 1939 818 2080 944; x_wconf 50' lang='grc' dir='ltr'><strong>μευ.</strong></span> <span class='ocrx_word' id='word_1_619' title='bbox 2106 834 2157 883; x_wconf 86' lang='grc' dir='ltr'><strong>ι,</strong></span> <span class='ocrx_word' id='word_1_620' title='bbox 2207 818 2428 891; x_wconf 54' lang='grc' dir='ltr'><strong>ερξιϐ)</strong></span> <span class='ocrx_word' id='word_1_621' title='bbox 2462 836 2476 873; x_wconf 90' lang='lat'><strong>:</strong></span> <span class='ocrx_word' id='word_1_622' title='bbox 2517 838 2535 870; x_wconf 84' lang='grc' dir='ltr'><strong>ι</strong></span> <span class='ocrx_word' id='word_1_623' title='bbox 2592 820 2787 875; x_wconf 83' lang='lat' dir='ltr'><strong>Fuerat</strong></span> <span class='ocrx_word' id='word_1_624' title='bbox 2827 822 3151 877; x_wconf 74' lang='lat' dir='ltr'><strong>cohabitatio</strong></span> <span class='ocrx_word' id='word_1_625' title='bbox 3182 833 3266 876; x_wconf 88' lang='lat' dir='ltr'><strong>tua</strong></span> <span class='ocrx_word' id='word_1_626' title='bbox 3316 832 3521 877; x_wconf 77' lang='lat' dir='ltr'><strong>mecum</strong></span> 
     </span>
     <span class='ocr_line' id='line_1_88' title="bbox 1960 891 3521 944; baseline 0 0"><span class='ocrx_word' id='word_1_627' title='bbox 1960 905 2055 944; x_wconf 90' lang='lat' dir='ltr'><strong>ere</strong></span> <span class='ocrx_word' id='word_1_628' title='bbox 2082 891 2411 944; x_wconf 87' lang='lat' dir='ltr'><strong>decennalis.</strong></span> <span class='ocrx_word' id='word_1_629' title='bbox 2448 896 2571 944; x_wconf 75' lang='lat' dir='ltr'><strong>‘ono</strong></span> <span class='ocrx_word' id='word_1_630' title='bbox 2600 901 2843 944; x_wconf 69' lang='lat' dir='ltr'><strong>tempore</strong></span> <span class='ocrx_word' id='word_1_631' title='bbox 2882 906 3074 944; x_wconf 81' lang='lat' dir='ltr'><strong>otianta</strong></span> <span class='ocrx_word' id='word_1_632' title='bbox 3131 895 3271 944; x_wconf 85' lang='lat' dir='ltr'><strong>inter</strong></span> <span class='ocrx_word' id='word_1_633' title='bbox 3317 910 3415 944; x_wconf 84' lang='lat' dir='ltr'><strong>nos</strong></span> <span class='ocrx_word' id='word_1_634' title='bbox 3462 895 3521 944; x_wconf 84' lang='lat' dir='ltr'><strong>de</strong></span> 
     </span>
    </p>
   </div>
   <div class='ocr_carea' id='block_1_86' title="bbox 1960 891 3529 961">
    <p class='ocr_par' dir='ltr' id='par_1_86' title="bbox 1960 891 3529 961">
     <span class='ocr_line' id='line_1_89' title="bbox 1960 891 3529 961; baseline 0.002 -16"><span class='ocrx_word' id='word_1_635' title='bbox 1960 891 2055 945; x_wconf 80' lang='lat' dir='ltr'><strong>ere</strong></span> <span class='ocrx_word' id='word_1_636' title='bbox 2082 891 2411 957; x_wconf 86' lang='lat' dir='ltr'><strong>decennalis,</strong></span> <span class='ocrx_word' id='word_1_637' title='bbox 2448 896 2571 959; x_wconf 71' lang='lat' dir='ltr'><strong>‘qno</strong></span> <span class='ocrx_word' id='word_1_638' title='bbox 2600 901 2843 957; x_wconf 80' lang='lat' dir='ltr'><strong>tempore</strong></span> <span class='ocrx_word' id='word_1_639' title='bbox 2882 906 3074 961; x_wconf 87' lang='lat' dir='ltr'><strong>quanta</strong></span> <span class='ocrx_word' id='word_1_640' title='bbox 3131 895 3271 948; x_wconf 90' lang='lat' dir='ltr'><strong>inter</strong></span> <span class='ocrx_word' id='word_1_641' title='bbox 3317 910 3415 947; x_wconf 84' lang='lat' dir='ltr'><strong>nos</strong></span> <span class='ocrx_word' id='word_1_642' title='bbox 3462 895 3529 948; x_wconf 89' lang='lat' dir='ltr'><strong>de</strong></span> 
     </span>
    </p>
   </div>
   <div class='ocr_carea' id='block_1_87' title="bbox 1939 961 3525 1031">
    <p class='ocr_par' dir='ltr' id='par_1_87' title="bbox 1939 961 3525 1031">
     <span class='ocr_line' id='line_1_90' title="bbox 1939 961 3525 1031; baseline 0.001 -15"><span class='ocrx_word' id='word_1_643' title='bbox 1939 961 2371 1031; x_wconf 13' lang='lat' dir='ltr'><strong>divinisicollata,</strong></span> <span class='ocrx_word' id='word_1_644' title='bbox 2400 975 2561 1031; x_wconf 90' lang='lat' dir='ltr'><strong>quam</strong></span> <span class='ocrx_word' id='word_1_645' title='bbox 2612 963 2827 1017; x_wconf 80' lang='lat' dir='ltr'><strong>fervens</strong></span> <span class='ocrx_word' id='word_1_646' title='bbox 2857 964 2924 1018; x_wconf 91' lang='lat' dir='ltr'><strong>de</strong></span> <span class='ocrx_word' id='word_1_647' title='bbox 2954 965 3285 1029; x_wconf 77' lang='lat' dir='ltr'><strong>Spiritalibus</strong></span> <span class='ocrx_word' id='word_1_648' title='bbox 3326 979 3525 1031; x_wconf 75' lang='lat' dir='ltr'><strong>sermo,</strong></span> 
     </span>
    </p>
   </div>
   <div class='ocr_carea' id='block_1_88' title="bbox 1941 1030 3525 1103">
    <p class='ocr_par' dir='ltr' id='par_1_88' title="bbox 1941 1030 3525 1103">
     <span class='ocr_line' id='line_1_91' title="bbox 1941 1030 3525 1103; baseline 0.003 -18"><span class='ocrx_word' id='word_1_649' title='bbox 1941 1047 2102 1101; x_wconf 78' lang='lat' dir='ltr'><strong>quam</strong></span> <span class='ocrx_word' id='word_1_650' title='bbox 2136 1030 2394 1100; x_wconf 82' lang='lat' dir='ltr'><strong>frequens</strong></span> <span class='ocrx_word' id='word_1_651' title='bbox 2422 1030 2499 1087; x_wconf 87' lang='lat' dir='ltr'><strong>de</strong></span> <span class='ocrx_word' id='word_1_652' title='bbox 2542 1036 2886 1102; x_wconf 82' lang='lat' dir='ltr'><strong>praesentium</strong></span> <span class='ocrx_word' id='word_1_653' title='bbox 2933 1046 3241 1103; x_wconf 74' lang='lat' dir='ltr'><strong>Contempto</strong></span> <span class='ocrx_word' id='word_1_654' title='bbox 3287 1030 3525 1101; x_wconf 78' lang='lat' dir='ltr'><strong>Collatio,</strong></span> 
     </span>
    </p>
   </div>
   <div class='ocr_carea' id='block_1_89' title="bbox 1941 1102 3533 1174">
    <p class='ocr_par' dir='ltr' id='par_1_89' title="bbox 1941 1102 3533 1174">
     <span class='ocr_line' id='line_1_92' title="bbox 1941 1102 3533 1174; baseline 0.003 -17"><span class='ocrx_word' id='word_1_655' title='bbox 1941 1102 2116 1172; x_wconf 80' lang='lat' dir='ltr'><strong>qualis</strong></span> <span class='ocrx_word' id='word_1_656' title='bbox 2162 1104 2232 1158; x_wconf 91' lang='lat' dir='ltr'><strong>de</strong></span> <span class='ocrx_word' id='word_1_657' title='bbox 2262 1115 2584 1159; x_wconf 65' lang='lat' dir='ltr'><strong>aeternorum</strong></span> <span class='ocrx_word' id='word_1_658' title='bbox 2614 1111 2849 1174; x_wconf 75' lang='lat' dir='ltr'><strong>appetitu</strong></span> <span class='ocrx_word' id='word_1_659' title='bbox 2902 1102 3203 1160; x_wconf 84' lang='lat' dir='ltr'><strong>cohortatio</strong></span> <span class='ocrx_word' id='word_1_660' title='bbox 3254 1107 3431 1169; x_wconf 89' lang='lat' dir='ltr'><strong>fuerit,</strong></span> <span class='ocrx_word' id='word_1_661' title='bbox 3480 1114 3533 1161; x_wconf 88' lang='lat' dir='ltr'><strong>et</strong></span> 
     </span>
    </p>
   </div>
   <div class='ocr_carea' id='block_1_90' title="bbox 1940 1174 3533 1243">
    <p class='ocr_par' dir='ltr' id='par_1_90' title="bbox 1940 1174 3533 1243">
     <span class='ocr_line' id='line_1_93' title="bbox 1940 1174 3533 1243; baseline 0.003 -15"><span class='ocrx_word' id='word_1_662' title='bbox 1940 1174 2058 1243; x_wconf 87' lang='lat' dir='ltr'><strong>ipse</strong></span> <span class='ocrx_word' id='word_1_663' title='bbox 2086 1175 2247 1239; x_wconf 78' lang='lat' dir='ltr'><strong>nosti,</strong></span> <span class='ocrx_word' id='word_1_664' title='bbox 2275 1185 2329 1229; x_wconf 88' lang='lat' dir='ltr'><strong>et</strong></span> <span class='ocrx_word' id='word_1_665' title='bbox 2356 1187 2455 1243; x_wconf 74' lang='lat' dir='ltr'><strong>ego</strong></span> <span class='ocrx_word' id='word_1_666' title='bbox 2477 1189 2582 1227; x_wconf 91' lang='lat' dir='ltr'><strong>non</strong></span> <span class='ocrx_word' id='word_1_667' title='bbox 2629 1176 2678 1227; x_wconf 88' lang='lat' dir='ltr'><strong>in</strong></span> <span class='ocrx_word' id='word_1_668' title='bbox 2712 1185 2827 1229; x_wconf 79' lang='lat' dir='ltr'><strong>toto</strong></span> <span class='ocrx_word' id='word_1_669' title='bbox 2860 1176 3054 1229; x_wconf 79' lang='lat' dir='ltr'><strong>oblitus</strong></span> <span class='ocrx_word' id='word_1_670' title='bbox 3085 1190 3224 1230; x_wconf 86' lang='lat' dir='ltr'><strong>smn.</strong></span> <span class='ocrx_word' id='word_1_671' title='bbox 3260 1177 3533 1232; x_wconf 50' lang='lat' dir='ltr'><strong>Hierimo.</strong></span> 
     </span>
    </p>
   </div>
   <div class='ocr_carea' id='block_1_91' title="bbox 1940 1246 3533 1312">
    <p class='ocr_par' dir='ltr' id='par_1_91' title="bbox 1940 1246 3533 1312">
     <span class='ocr_line' id='line_1_94' title="bbox 1940 1246 3533 1312; baseline 0.003 -13"><span class='ocrx_word' id='word_1_672' title='bbox 1940 1254 2027 1299; x_wconf 86' lang='lat' dir='ltr'><strong>rat</strong></span> <span class='ocrx_word' id='word_1_673' title='bbox 2072 1246 2212 1299; x_wconf 89' lang='lat' dir='ltr'><strong>inter</strong></span> <span class='ocrx_word' id='word_1_674' title='bbox 2256 1260 2351 1300; x_wconf 88' lang='lat' dir='ltr'><strong>nos</strong></span> <span class='ocrx_word' id='word_1_675' title='bbox 2380 1259 2451 1299; x_wconf 86' lang='lat' dir='ltr'><strong>eo</strong></span> <span class='ocrx_word' id='word_1_676' title='bbox 2493 1250 2688 1299; x_wconf 84' lang='lat' dir='ltr'><strong>ardore</strong></span> <span class='ocrx_word' id='word_1_677' title='bbox 2740 1247 2916 1301; x_wconf 88' lang='lat' dir='ltr'><strong>fervor</strong></span> <span class='ocrx_word' id='word_1_678' title='bbox 2944 1248 3243 1312; x_wconf 76' lang='lat' dir='ltr'><strong>charitatis,</strong></span> <span class='ocrx_word' id='word_1_679' title='bbox 3277 1260 3331 1300; x_wconf 86' lang='lat' dir='ltr'><strong>nt</strong></span> <span class='ocrx_word' id='word_1_680' title='bbox 3362 1248 3450 1301; x_wconf 85' lang='lat' dir='ltr'><strong>nui</strong></span> <span class='ocrx_word' id='word_1_681' title='bbox 3478 1255 3533 1303; x_wconf 91' lang='lat' dir='ltr'><strong>te</strong></span> 
     </span>
    </p>
   </div>
   <div class='ocr_carea' id='block_1_92' title="bbox 1941 1304 3639 1387">
    <p class='ocr_par' dir='ltr' id='par_1_92' title="bbox 1941 1304 3639 1387">
     <span class='ocr_line' id='line_1_95' title="bbox 1941 1304 3639 1387; baseline 0.001 -17"><span class='ocrx_word' id='word_1_682' title='bbox 1941 1316 2061 1370; x_wconf 80' lang='lat' dir='ltr'><strong>solo</strong></span> <span class='ocrx_word' id='word_1_683' title='bbox 2089 1315 2321 1387; x_wconf 84' lang='lat' dir='ltr'><strong>impulsu</strong></span> <span class='ocrx_word' id='word_1_684' title='bbox 2367 1324 2572 1370; x_wconf 65' lang='lat' dir='ltr'><strong>naturae</strong></span> <span class='ocrx_word' id='word_1_685' title='bbox 2608 1329 2878 1385; x_wconf 70' lang='lat' dir='ltr'><strong>coeperam</strong></span> <span class='ocrx_word' id='word_1_686' title='bbox 2910 1318 3151 1387; x_wconf 86' lang='lat' dir='ltr'><strong>diligere,</strong></span> <span class='ocrx_word' id='word_1_687' title='bbox 3194 1304 3303 1385; x_wconf 79' lang='lat' dir='ltr'><strong>jam</strong></span> <span class='ocrx_word' id='word_1_688' title='bbox 3342 1328 3393 1373; x_wconf 90' lang='lat' dir='ltr'><strong>te</strong></span> <span class='ocrx_word' id='word_1_689' title='bbox 3425 1332 3532 1372; x_wconf 91' lang='lat' dir='ltr'><strong>non</strong></span> <span class='ocrx_word' id='word_1_690' title='bbox 3627 1304 3639 1318; x_wconf 79' lang='grc'><em>’</em></span> 
     </span>
    </p>
   </div>
   <div class='ocr_carea' id='block_1_93' title="bbox 1942 1386 3536 1451">
    <p class='ocr_par' dir='ltr' id='par_1_93' title="bbox 1942 1386 3536 1451">
     <span class='ocr_line' id='line_1_96' title="bbox 1942 1386 3536 1451; baseline 0 -10"><span class='ocrx_word' id='word_1_691' title='bbox 1942 1398 2160 1441; x_wconf 75' lang='lat' dir='ltr'><strong>nossem</strong></span> <span class='ocrx_word' id='word_1_692' title='bbox 2193 1386 2298 1442; x_wconf 87' lang='lat' dir='ltr'><strong>nisi</strong></span> <span class='ocrx_word' id='word_1_693' title='bbox 2335 1402 2399 1441; x_wconf 75' lang='lat' dir='ltr'><strong>ex</strong></span> <span class='ocrx_word' id='word_1_694' title='bbox 2426 1387 2559 1451; x_wconf 82' lang='lat' dir='ltr'><strong>Deo,</strong></span> <span class='ocrx_word' id='word_1_695' title='bbox 2587 1396 2642 1441; x_wconf 90' lang='lat' dir='ltr'><strong>et</strong></span> <span class='ocrx_word' id='word_1_696' title='bbox 2664 1388 2719 1441; x_wconf 89' lang='lat' dir='ltr'><strong>in</strong></span> <span class='ocrx_word' id='word_1_697' title='bbox 2767 1388 2873 1441; x_wconf 89' lang='lat' dir='ltr'><strong>Deo</strong></span> <span class='ocrx_word' id='word_1_698' title='bbox 2903 1404 3105 1445; x_wconf 85' lang='lat' dir='ltr'><strong>amare.</strong></span> <span class='ocrx_word' id='word_1_699' title='bbox 3149 1409 3167 1441; x_wconf 75' lang='grc' dir='ltr'><strong>ι</strong></span> <span class='ocrx_word' id='word_1_700' title='bbox 3203 1391 3326 1443; x_wconf 68' lang='grc' dir='ltr'><strong>Ηίιεο</strong></span> <span class='ocrx_word' id='word_1_701' title='bbox 3355 1400 3406 1443; x_wconf 91' lang='lat' dir='ltr'><strong>et</strong></span> <span class='ocrx_word' id='word_1_702' title='bbox 3437 1388 3536 1442; x_wconf 85' lang='lat' dir='ltr'><strong>hu-</strong></span> 
     </span>
    </p>
   </div>
   <div class='ocr_carea' id='block_1_94' title="bbox 1938 1456 3533 1527">
    <p class='ocr_par' dir='ltr' id='par_1_94' title="bbox 1938 1456 3533 1527">
     <span class='ocr_line' id='line_1_97' title="bbox 1938 1456 3533 1527; baseline 0.003 -18"><span class='ocrx_word' id='word_1_703' title='bbox 1938 1456 2181 1527; x_wconf 69' lang='lat' dir='ltr'><strong>iusmodi</strong></span> <span class='ocrx_word' id='word_1_704' title='bbox 2212 1460 2466 1513; x_wconf 87' lang='lat' dir='ltr'><strong>dicuntur</strong></span> <span class='ocrx_word' id='word_1_705' title='bbox 2505 1458 2642 1511; x_wconf 82' lang='lat' dir='ltr'><strong>bona</strong></span> <span class='ocrx_word' id='word_1_706' title='bbox 2690 1467 2743 1513; x_wconf 90' lang='lat' dir='ltr'><strong>et</strong></span> <span class='ocrx_word' id='word_1_707' title='bbox 2788 1468 2993 1523; x_wconf 74' lang='lat' dir='ltr'><strong>sancta,</strong></span> <span class='ocrx_word' id='word_1_708' title='bbox 3035 1469 3088 1515; x_wconf 93' lang='lat' dir='ltr'><strong>et</strong></span> <span class='ocrx_word' id='word_1_709' title='bbox 3119 1460 3533 1515; x_wconf 61' lang='lat' dir='ltr'><strong>mdillcationum</strong></span> 
     </span>
    </p>
   </div>
   <div class='ocr_carea' id='block_1_95' title="bbox 1945 1527 3538 1601">
    <p class='ocr_par' dir='ltr' id='par_1_95' title="bbox 1945 1527 3538 1601">
     <span class='ocr_line' id='line_1_98' title="bbox 1945 1527 3538 1601; baseline 0.003 -21"><span class='ocrx_word' id='word_1_710' title='bbox 1945 1529 2179 1601; x_wconf 80' lang='lat' dir='ltr'><strong>eloquia.</strong></span> <span class='ocrx_word' id='word_1_711' title='bbox 2213 1528 2340 1584; x_wconf 67' lang='lat' dir='ltr'><strong>Haec</strong></span> <span class='ocrx_word' id='word_1_712' title='bbox 2367 1530 2767 1601; x_wconf 10' lang='lat' dir='ltr'><strong>decentiservos</strong></span> <span class='ocrx_word' id='word_1_713' title='bbox 2801 1529 2890 1583; x_wconf 87' lang='lat' dir='ltr'><strong>Dei</strong></span> <span class='ocrx_word' id='word_1_714' title='bbox 2925 1530 3210 1601; x_wconf 90' lang='lat' dir='ltr'><strong>colloquia,</strong></span> <span class='ocrx_word' id='word_1_715' title='bbox 3266 1540 3321 1585; x_wconf 90' lang='lat' dir='ltr'><strong>et</strong></span> <span class='ocrx_word' id='word_1_716' title='bbox 3351 1540 3409 1584; x_wconf 86' lang='lat' dir='ltr'><strong>ut</strong></span> <span class='ocrx_word' id='word_1_717' title='bbox 3439 1527 3538 1584; x_wconf 84' lang='lat' dir='ltr'><strong>Ge-</strong></span> 
     </span>
    </p>
   </div>
   <div class='ocr_carea' id='block_1_96' title="bbox 1943 1600 3532 1673">
    <p class='ocr_par' dir='ltr' id='par_1_96' title="bbox 1943 1600 3532 1673">
     <span class='ocr_line' id='line_1_99' title="bbox 1943 1600 3532 1673; baseline 0.001 -21"><span class='ocrx_word' id='word_1_718' title='bbox 1943 1600 2090 1673; x_wconf 52' lang='lat' dir='ltr'><strong>tgrdi</strong></span> <span class='ocrx_word' id='word_1_719' title='bbox 2139 1600 2313 1673; x_wconf 65' lang='lat' dir='ltr'><strong>Delgm</strong></span> <span class='ocrx_word' id='word_1_720' title='bbox 2364 1600 2610 1673; x_wconf 78' lang='lat' dir='ltr'><strong>monachi</strong></span> <span class='ocrx_word' id='word_1_721' title='bbox 2640 1601 2819 1673; x_wconf 81' lang='lat' dir='ltr'><strong>verbis</strong></span> <span class='ocrx_word' id='word_1_722' title='bbox 2854 1611 2971 1655; x_wconf 89' lang='lat' dir='ltr'><strong>utar</strong></span> <span class='ocrx_word' id='word_1_723' title='bbox 3002 1601 3093 1673; x_wconf 86' lang='lat' dir='ltr'><strong>(In</strong></span> <span class='ocrx_word' id='word_1_724' title='bbox 3142 1601 3339 1655; x_wconf 82' lang='lat' dir='ltr'><strong>Comm.</strong></span> <span class='ocrx_word' id='word_1_725' title='bbox 3380 1617 3532 1667; x_wconf 84' lang='lat' dir='ltr'><strong>super</strong></span> 
     </span>
    </p>
   </div>
   <div class='ocr_carea' id='block_1_97' title="bbox 1946 1668 3540 1744">
    <p class='ocr_par' dir='ltr' id='par_1_97' title="bbox 1946 1668 3540 1744">
     <span class='ocr_line' id='line_1_100' title="bbox 1946 1668 3540 1744; baseline 0.001 -21"><span class='ocrx_word' id='word_1_726' title='bbox 1946 1668 2077 1744; x_wconf 67' lang='lat' dir='ltr'><strong>Reg.</strong></span> <span class='ocrx_word' id='word_1_727' title='bbox 2127 1669 2187 1726; x_wconf 89' lang='lat' dir='ltr'><strong>S.</strong></span> <span class='ocrx_word' id='word_1_728' title='bbox 2221 1669 2421 1725; x_wconf 79' lang='lat' dir='ltr'><strong>Bened.</strong></span> <span class='ocrx_word' id='word_1_729' title='bbox 2453 1687 2504 1744; x_wconf 67' lang='grc' dir='ltr'><strong>ρ.</strong></span> <span class='ocrx_word' id='word_1_730' title='bbox 2544 1670 2636 1744; x_wconf 64' lang='grc' dir='ltr'><strong>ιθ)</strong></span> <span class='ocrx_word' id='word_1_731' title='bbox 2668 1689 2680 1723; x_wconf 87' lang='lat'><strong>:</strong></span> <span class='ocrx_word' id='word_1_732' title='bbox 2720 1689 2739 1722; x_wconf 82' lang='grc' dir='ltr'><strong>ι</strong></span> <span class='ocrx_word' id='word_1_733' title='bbox 2779 1672 2904 1725; x_wconf 66' lang='lat' dir='ltr'><strong>ﬂmc</strong></span> <span class='ocrx_word' id='word_1_734' title='bbox 2951 1668 3049 1725; x_wconf 84' lang='lat' dir='ltr'><strong>una</strong></span> <span class='ocrx_word' id='word_1_735' title='bbox 3085 1674 3343 1727; x_wconf 89' lang='lat' dir='ltr'><strong>recrealio</strong></span> <span class='ocrx_word' id='word_1_736' title='bbox 3381 1672 3540 1744; x_wconf 76' lang='lat'><strong>180</strong></span> 
     </span>
    </p>
   </div>
   <div class='ocr_carea' id='block_1_98' title="bbox 1948 1741 3537 1810">
    <p class='ocr_par' dir='ltr' id='par_1_98' title="bbox 1948 1741 3537 1810">
     <span class='ocr_line' id='line_1_101' title="bbox 1948 1741 3537 1810; baseline 0.002 -16"><span class='ocrx_word' id='word_1_737' title='bbox 1948 1741 2109 1810; x_wconf 82' lang='lat' dir='ltr'><strong>digna</strong></span> <span class='ocrx_word' id='word_1_738' title='bbox 2137 1744 2420 1797; x_wconf 86' lang='lat' dir='ltr'><strong>monachis</strong></span> <span class='ocrx_word' id='word_1_739' title='bbox 2450 1743 2503 1796; x_wconf 91' lang='lat' dir='ltr'><strong>in</strong></span> <span class='ocrx_word' id='word_1_740' title='bbox 2550 1742 2765 1796; x_wconf 83' lang='lat' dir='ltr'><strong>Patrum</strong></span> <span class='ocrx_word' id='word_1_741' title='bbox 2795 1746 3091 1809; x_wconf 77' lang='lat' dir='ltr'><strong>exemplis;</strong></span> <span class='ocrx_word' id='word_1_742' title='bbox 3126 1748 3207 1797; x_wconf 92' lang='lat' dir='ltr'><strong>cui</strong></span> <span class='ocrx_word' id='word_1_743' title='bbox 3238 1741 3422 1798; x_wconf 69' lang='lat' dir='ltr'><strong>autem</strong></span> <span class='ocrx_word' id='word_1_744' title='bbox 3441 1741 3537 1797; x_wconf 49' lang='lat' dir='ltr'><strong>‘ni-</strong></span> 
     </span>
    </p>
   </div>
   <div class='ocr_carea' id='block_1_99' title="bbox 1952 1811 3535 1881">
    <p class='ocr_par' dir='ltr' id='par_1_99' title="bbox 1952 1811 3535 1881">
     <span class='ocr_line' id='line_1_102' title="bbox 1952 1811 3535 1881; baseline 0.002 -17"><span class='ocrx_word' id='word_1_745' title='bbox 1952 1811 2023 1865; x_wconf 84' lang='lat' dir='ltr'><strong>hil</strong></span> <span class='ocrx_word' id='word_1_746' title='bbox 2052 1814 2263 1868; x_wconf 83' lang='lat' dir='ltr'><strong>videtur</strong></span> <span class='ocrx_word' id='word_1_747' title='bbox 2285 1827 2437 1881; x_wconf 73' lang='lat' dir='ltr'><strong>teque</strong></span> <span class='ocrx_word' id='word_1_748' title='bbox 2477 1812 2815 1878; x_wconf 85' lang='lat' dir='ltr'><strong>deliciosum,</strong></span> <span class='ocrx_word' id='word_1_749' title='bbox 2848 1830 3005 1881; x_wconf 83' lang='lat' dir='ltr'><strong>quam</strong></span> <span class='ocrx_word' id='word_1_750' title='bbox 3036 1815 3221 1868; x_wconf 82' lang='lat' dir='ltr'><strong>audire</strong></span> <span class='ocrx_word' id='word_1_751' title='bbox 3246 1816 3313 1868; x_wconf 88' lang='lat' dir='ltr'><strong>dc</strong></span> <span class='ocrx_word' id='word_1_752' title='bbox 3355 1814 3535 1869; x_wconf 83' lang='lat' dir='ltr'><strong>s:eculi</strong></span> 
     </span>
    </p>
   </div>
   <div class='ocr_carea' id='block_1_100' title="bbox 1943 1883 3539 1953">
    <p class='ocr_par' dir='ltr' id='par_1_100' title="bbox 1943 1883 3539 1953">
     <span class='ocr_line' id='line_1_103' title="bbox 1943 1883 3539 1953; baseline 0 -16"><span class='ocrx_word' id='word_1_753' title='bbox 1943 1884 2272 1950; x_wconf 78' lang='lat' dir='ltr'><strong>rumoribus,</strong></span> <span class='ocrx_word' id='word_1_754' title='bbox 2292 1885 2533 1953; x_wconf 89' lang='lat' dir='ltr'><strong>profecto</strong></span> <span class='ocrx_word' id='word_1_755' title='bbox 2554 1883 2642 1937; x_wconf 91' lang='lat' dir='ltr'><strong>ille</strong></span> <span class='ocrx_word' id='word_1_756' title='bbox 2666 1899 2789 1939; x_wconf 90' lang='lat' dir='ltr'><strong>vere</strong></span> <span class='ocrx_word' id='word_1_757' title='bbox 2804 1884 3137 1953; x_wconf 80' lang='lat' dir='ltr'><strong>dignoscitur</strong></span> <span class='ocrx_word' id='word_1_758' title='bbox 3166 1895 3322 1939; x_wconf 66' lang='lat' dir='ltr'><strong>terras</strong></span> <span class='ocrx_word' id='word_1_759' title='bbox 3345 1886 3539 1938; x_wconf 88' lang='lat' dir='ltr'><strong>etiam-</strong></span> 
     </span>
    </p>
   </div>
   <div class='ocr_carea' id='block_1_101' title="bbox 1940 1954 3537 2011">
    <p class='ocr_par' dir='ltr' id='par_1_101' title="bbox 1940 1954 3537 2011">
     <span class='ocr_line' id='line_1_104' title="bbox 1940 1954 3537 2011; baseline 0.001 -4"><span class='ocrx_word' id='word_1_760' title='bbox 1940 1968 2071 2008; x_wconf 86' lang='lat' dir='ltr'><strong>num</strong></span> <span class='ocrx_word' id='word_1_761' title='bbox 2100 1969 2223 2008; x_wconf 90' lang='lat' dir='ltr'><strong>esse</strong></span> <span class='ocrx_word' id='word_1_762' title='bbox 2262 1964 2321 2009; x_wconf 90' lang='lat' dir='ltr'><strong>et</strong></span> <span class='ocrx_word' id='word_1_763' title='bbox 2344 1955 2527 2009; x_wconf 67' lang='lat' dir='ltr'><strong>saeculi</strong></span> <span class='ocrx_word' id='word_1_764' title='bbox 2580 1955 2741 2009; x_wconf 83' lang='lat' dir='ltr'><strong>illius.</strong></span> <span class='ocrx_word' id='word_1_765' title='bbox 2783 1974 2801 2007; x_wconf 80' lang='grc' dir='ltr'><strong>ι</strong></span> <span class='ocrx_word' id='word_1_766' title='bbox 2839 1956 2984 2011; x_wconf 88' lang='lat' dir='ltr'><strong>Belle</strong></span> <span class='ocrx_word' id='word_1_767' title='bbox 3015 1957 3234 2009; x_wconf 90' lang='lat' dir='ltr'><strong>oumino</strong></span> <span class='ocrx_word' id='word_1_768' title='bbox 3264 1954 3537 2009; x_wconf 85' lang='lat' dir='ltr'><strong>Gilbertus</strong></span> 
     </span>
    </p>
   </div>
   <div class='ocr_carea' id='block_1_102' title="bbox 1940 2024 3528 2096">
    <p class='ocr_par' dir='ltr' id='par_1_102' title="bbox 1940 2024 3528 2096">
     <span class='ocr_line' id='line_1_105' title="bbox 1940 2024 3528 2096; baseline 0 -18"><span class='ocrx_word' id='word_1_769' title='bbox 1940 2024 2015 2078; x_wconf 86' lang='lat' dir='ltr'><strong>de</strong></span> <span class='ocrx_word' id='word_1_770' title='bbox 2052 2024 2355 2079; x_wconf 87' lang='lat' dir='ltr'><strong>Hoillandia</strong></span> <span class='ocrx_word' id='word_1_771' title='bbox 2382 2024 2578 2093; x_wconf 87' lang='lat' dir='ltr'><strong>(Serm.</strong></span> <span class='ocrx_word' id='word_1_772' title='bbox 2627 2026 2711 2088; x_wconf 83' lang='lat' dir='ltr'><strong>l8,</strong></span> <span class='ocrx_word' id='word_1_773' title='bbox 2754 2042 2870 2096; x_wconf 84' lang='lat' dir='ltr'><strong>sup.</strong></span> <span class='ocrx_word' id='word_1_774' title='bbox 2924 2027 3127 2093; x_wconf 82' lang='lat' dir='ltr'><strong>Caut.),</strong></span> <span class='ocrx_word' id='word_1_775' title='bbox 3162 2045 3179 2076; x_wconf 89' lang='grc' dir='ltr'><strong>ι</strong></span> <span class='ocrx_word' id='word_1_776' title='bbox 3240 2026 3528 2091; x_wconf 81' lang='lat' dir='ltr'><strong>Memento,</strong></span> 
     </span>
    </p>
   </div>
   <div class='ocr_carea' id='block_1_103' title="bbox 1941 2096 3535 2159">
    <p class='ocr_par' dir='ltr' id='par_1_103' title="bbox 1941 2096 3535 2159">
     <span class='ocr_line' id='line_1_106' title="bbox 1941 2096 3535 2159; baseline 0.001 -9"><span class='ocrx_word' id='word_1_777' title='bbox 1941 2096 2138 2159; x_wconf 83' lang='lat' dir='ltr'><strong>aiebat,</strong></span> <span class='ocrx_word' id='word_1_778' title='bbox 2162 2109 2225 2150; x_wconf 89' lang='lat' dir='ltr'><strong>os</strong></span> <span class='ocrx_word' id='word_1_779' title='bbox 2255 2107 2400 2151; x_wconf 91' lang='lat' dir='ltr'><strong>tuum</strong></span> <span class='ocrx_word' id='word_1_780' title='bbox 2431 2096 2742 2152; x_wconf 67' lang='lat' dir='ltr'><strong>coelestibus</strong></span> <span class='ocrx_word' id='word_1_781' title='bbox 2772 2097 2969 2151; x_wconf 87' lang='lat' dir='ltr'><strong>osculis</strong></span> <span class='ocrx_word' id='word_1_782' title='bbox 2998 2111 3049 2151; x_wconf 89' lang='lat' dir='ltr'><strong>et</strong></span> <span class='ocrx_word' id='word_1_783' title='bbox 3083 2098 3314 2153; x_wconf 89' lang='lat' dir='ltr'><strong>oraculis</strong></span> <span class='ocrx_word' id='word_1_784' title='bbox 3343 2110 3535 2152; x_wconf 88' lang='lat' dir='ltr'><strong>conse-</strong></span> 
     </span>
    </p>
   </div>
   <div class='ocr_carea' id='block_1_104' title="bbox 1942 2168 3539 2237">
    <p class='ocr_par' dir='ltr' id='par_1_104' title="bbox 1942 2168 3539 2237">
     <span class='ocr_line' id='line_1_107' title="bbox 1942 2168 3539 2237; baseline 0.001 -17"><span class='ocrx_word' id='word_1_785' title='bbox 1942 2175 2186 2233; x_wconf 74' lang='lat' dir='ltr'><strong>cratum;</strong></span> <span class='ocrx_word' id='word_1_786' title='bbox 2235 2168 2582 2237; x_wconf 85' lang='lat' dir='ltr'><strong>sacrilegium</strong></span> <span class='ocrx_word' id='word_1_787' title='bbox 2611 2176 2757 2236; x_wconf 81' lang='lat' dir='ltr'><strong>puta.</strong></span> <span class='ocrx_word' id='word_1_788' title='bbox 2792 2168 2986 2237; x_wconf 90' lang='lat' dir='ltr'><strong>siquid</strong></span> <span class='ocrx_word' id='word_1_789' title='bbox 3049 2183 3152 2222; x_wconf 91' lang='lat' dir='ltr'><strong>non</strong></span> <span class='ocrx_word' id='word_1_790' title='bbox 3193 2168 3372 2235; x_wconf 89' lang='lat' dir='ltr'><strong>dulce,</strong></span> <span class='ocrx_word' id='word_1_791' title='bbox 3433 2181 3539 2223; x_wconf 90' lang='lat' dir='ltr'><strong>non</strong></span> 
     </span>
    </p>
   </div>
   <div class='ocr_carea' id='block_1_105' title="bbox 1943 2237 3133 2309">
    <p class='ocr_par' dir='ltr' id='par_1_105' title="bbox 1943 2237 3133 2309">
     <span class='ocr_line' id='line_1_108' title="bbox 1943 2237 3133 2309; baseline -0.003 -17"><span class='ocrx_word' id='word_1_792' title='bbox 1943 2237 2204 2303; x_wconf 83' lang='lat' dir='ltr'><strong>divinum,</strong></span> <span class='ocrx_word' id='word_1_793' title='bbox 2235 2253 2340 2292; x_wconf 90' lang='lat' dir='ltr'><strong>non</strong></span> <span class='ocrx_word' id='word_1_794' title='bbox 2376 2240 2445 2294; x_wconf 89' lang='lat' dir='ltr'><strong>de</strong></span> <span class='ocrx_word' id='word_1_795' title='bbox 2470 2239 2644 2293; x_wconf 70' lang='lat' dir='ltr'><strong>divini</strong></span> <span class='ocrx_word' id='word_1_796' title='bbox 2680 2240 2870 2309; x_wconf 84' lang='lat' dir='ltr'><strong>pagina</strong></span> <span class='ocrx_word' id='word_1_797' title='bbox 2906 2248 3080 2293; x_wconf 91' lang='lat' dir='ltr'><strong>sonet.</strong></span> <span class='ocrx_word' id='word_1_798' title='bbox 3111 2257 3133 2290; x_wconf 72' lang='grc' dir='ltr'><strong>ι</strong></span> 
     </span>
    </p>
   </div>
   <div class='ocr_carea' id='block_1_106' title="bbox 2022 2337 3540 2410">
    <p class='ocr_par' dir='ltr' id='par_1_106' title="bbox 2022 2337 3540 2410">
     <span class='ocr_line' id='line_1_109' title="bbox 2022 2337 3540 2410; baseline 0.001 -16"><span class='ocrx_word' id='word_1_799' title='bbox 2022 2338 2271 2410; x_wconf 78' lang='lat' dir='ltr'><strong>Perfectis</strong></span> <span class='ocrx_word' id='word_1_800' title='bbox 2313 2337 2627 2409; x_wconf 79' lang='lat' dir='ltr'><strong>discipulis.]</strong></span> <span class='ocrx_word' id='word_1_801' title='bbox 2672 2339 2949 2402; x_wconf 83' lang='lat' dir='ltr'><strong>Perfectis,</strong></span> <span class='ocrx_word' id='word_1_802' title='bbox 2983 2341 3170 2409; x_wconf 80' lang='lat' dir='ltr'><strong>inquit.</strong></span> <span class='ocrx_word' id='word_1_803' title='bbox 3208 2338 3540 2408; x_wconf 86' lang='lat' dir='ltr'><strong>Imperfectis</strong></span> 
     </span>
    </p>
   </div>
   <div class='ocr_carea' id='block_1_107' title="bbox 1947 2411 3543 2481">
    <p class='ocr_par' dir='ltr' id='par_1_107' title="bbox 1947 2411 3543 2481">
     <span class='ocr_line' id='line_1_110' title="bbox 1947 2411 3543 2481; baseline -0.003 -12"><span class='ocrx_word' id='word_1_804' title='bbox 1947 2427 2075 2481; x_wconf 77' lang='lat' dir='ltr'><strong>ergo</strong></span> <span class='ocrx_word' id='word_1_805' title='bbox 2106 2421 2162 2466; x_wconf 90' lang='lat' dir='ltr'><strong>et</strong></span> <span class='ocrx_word' id='word_1_806' title='bbox 2184 2411 2363 2465; x_wconf 81' lang='lat' dir='ltr'><strong>stultis</strong></span> <span class='ocrx_word' id='word_1_807' title='bbox 2394 2412 2532 2481; x_wconf 65' lang='lat' dir='ltr'><strong>nulla</strong></span> <span class='ocrx_word' id='word_1_808' title='bbox 2564 2425 2798 2479; x_wconf 88' lang='lat' dir='ltr'><strong>unquam</strong></span> <span class='ocrx_word' id='word_1_809' title='bbox 2824 2418 3174 2480; x_wconf 65' lang='lat' dir='ltr'><strong>praeterquam</strong></span> <span class='ocrx_word' id='word_1_810' title='bbox 3204 2412 3255 2465; x_wconf 91' lang='lat' dir='ltr'><strong>in</strong></span> <span class='ocrx_word' id='word_1_811' title='bbox 3295 2426 3543 2465; x_wconf 56' lang='lat' dir='ltr'><strong>necessav</strong></span> 
     </span>
    </p>
   </div>
   <div class='ocr_carea' id='block_1_108' title="bbox 1949 2480 3544 2551">
    <p class='ocr_par' dir='ltr' id='par_1_108' title="bbox 1949 2480 3544 2551">
     <span class='ocr_line' id='line_1_111' title="bbox 1949 2480 3544 2551; baseline -0.001 -14"><span class='ocrx_word' id='word_1_812' title='bbox 1949 2480 2051 2537; x_wconf 88' lang='lat' dir='ltr'><strong>riis</strong></span> <span class='ocrx_word' id='word_1_813' title='bbox 2085 2492 2194 2535; x_wconf 90' lang='lat' dir='ltr'><strong>tum</strong></span> <span class='ocrx_word' id='word_1_814' title='bbox 2245 2480 2596 2547; x_wconf 86' lang='lat' dir='ltr'><strong>spiritalibus,</strong></span> <span class='ocrx_word' id='word_1_815' title='bbox 2646 2491 2758 2535; x_wconf 89' lang='lat' dir='ltr'><strong>tum</strong></span> <span class='ocrx_word' id='word_1_816' title='bbox 2785 2481 3155 2550; x_wconf 82' lang='lat' dir='ltr'><strong>corporalibus</strong></span> <span class='ocrx_word' id='word_1_817' title='bbox 3198 2481 3449 2551; x_wconf 89' lang='lat' dir='ltr'><strong>loquendi</strong></span> <span class='ocrx_word' id='word_1_818' title='bbox 3480 2482 3544 2551; x_wconf 87' lang='lat' dir='ltr'><strong>li-</strong></span> 
     </span>
    </p>
   </div>
   <div class='ocr_carea' id='block_1_109' title="bbox 1951 2550 3550 2622">
    <p class='ocr_par' dir='ltr' id='par_1_109' title="bbox 1951 2550 3550 2622">
     <span class='ocr_line' id='line_1_112' title="bbox 1951 2550 3550 2622; baseline -0.001 -13"><span class='ocrx_word' id='word_1_819' title='bbox 1951 2555 2128 2609; x_wconf 87' lang='lat' dir='ltr'><strong>centia</strong></span> <span class='ocrx_word' id='word_1_820' title='bbox 2159 2551 2506 2607; x_wconf 89' lang='lat' dir='ltr'><strong>concedenda</strong></span> <span class='ocrx_word' id='word_1_821' title='bbox 2535 2562 2641 2616; x_wconf 88' lang='lat' dir='ltr'><strong>est,</strong></span> <span class='ocrx_word' id='word_1_822' title='bbox 2674 2562 2730 2606; x_wconf 91' lang='lat' dir='ltr'><strong>ut</strong></span> <span class='ocrx_word' id='word_1_823' title='bbox 2768 2554 2989 2622; x_wconf 84' lang='lat' dir='ltr'><strong>exponit</strong></span> <span class='ocrx_word' id='word_1_824' title='bbox 3022 2550 3384 2607; x_wconf 86' lang='lat' dir='ltr'><strong>llildemarus.</strong></span> <span class='ocrx_word' id='word_1_825' title='bbox 3422 2550 3550 2618; x_wconf 70' lang='lat' dir='ltr'><strong>Qti-</strong></span> 
     </span>
    </p>
   </div>
   <div class='ocr_carea' id='block_1_110' title="bbox 1950 2623 3543 2692">
    <p class='ocr_par' dir='ltr' id='par_1_110' title="bbox 1950 2623 3543 2692">
     <span class='ocr_line' id='line_1_113' title="bbox 1950 2623 3543 2692; baseline -0.001 -14"><span class='ocrx_word' id='word_1_826' title='bbox 1950 2640 2072 2678; x_wconf 90' lang='lat' dir='ltr'><strong>nam</strong></span> <span class='ocrx_word' id='word_1_827' title='bbox 2104 2639 2231 2678; x_wconf 88' lang='lat' dir='ltr'><strong>vero</strong></span> <span class='ocrx_word' id='word_1_828' title='bbox 2270 2624 2490 2691; x_wconf 82' lang='lat' dir='ltr'><strong>perfecti</strong></span> <span class='ocrx_word' id='word_1_829' title='bbox 2531 2623 2778 2692; x_wconf 80' lang='lat' dir='ltr'><strong>discipuli</strong></span> <span class='ocrx_word' id='word_1_830' title='bbox 2831 2624 3089 2678; x_wconf 82' lang='lat' dir='ltr'><strong>censendi</strong></span> <span class='ocrx_word' id='word_1_831' title='bbox 3144 2625 3252 2677; x_wconf 90' lang='lat' dir='ltr'><strong>sint</strong></span> <span class='ocrx_word' id='word_1_832' title='bbox 3304 2624 3543 2678; x_wconf 81' lang='lat' dir='ltr'><strong>declarat</strong></span> 
     </span>
    </p>
   </div>
   <div class='ocr_carea' id='block_1_111' title="bbox 1952 2693 3548 2750">
    <p class='ocr_par' dir='ltr' id='par_1_111' title="bbox 1952 2693 3548 2750">
     <span class='ocr_line' id='line_1_114' title="bbox 1952 2693 3548 2750; baseline -0.001 -1"><span class='ocrx_word' id='word_1_833' title='bbox 1952 2693 2217 2750; x_wconf 85' lang='lat' dir='ltr'><strong>Boherius</strong></span> <span class='ocrx_word' id='word_1_834' title='bbox 2261 2694 2344 2747; x_wconf 92' lang='lat' dir='ltr'><strong>his</strong></span> <span class='ocrx_word' id='word_1_835' title='bbox 2374 2695 2551 2748; x_wconf 79' lang='lat' dir='ltr'><strong>verbis</strong></span> <span class='ocrx_word' id='word_1_836' title='bbox 2581 2710 2594 2745; x_wconf 90' lang='lat'><strong>:</strong></span> <span class='ocrx_word' id='word_1_837' title='bbox 2634 2713 2652 2744; x_wconf 78' lang='grc' dir='ltr'><strong>ι</strong></span> <span class='ocrx_word' id='word_1_838' title='bbox 2694 2694 2919 2748; x_wconf 84' lang='lat' dir='ltr'><strong>Perfecti</strong></span> <span class='ocrx_word' id='word_1_839' title='bbox 2949 2694 3200 2749; x_wconf 90' lang='lat' dir='ltr'><strong>dicuntur</strong></span> <span class='ocrx_word' id='word_1_840' title='bbox 3225 2696 3311 2750; x_wconf 83' lang='lat' dir='ltr'><strong>nui</strong></span> <span class='ocrx_word' id='word_1_841' title='bbox 3348 2708 3548 2748; x_wconf 85' lang='lat' dir='ltr'><strong>renuu-</strong></span> 
     </span>
    </p>
   </div>
   <div class='ocr_carea' id='block_1_112' title="bbox 1958 2764 3551 2830">
    <p class='ocr_par' dir='ltr' id='par_1_112' title="bbox 1958 2764 3551 2830">
     <span class='ocr_line' id='line_1_115' title="bbox 1958 2764 3551 2830; baseline -0.003 -9"><span class='ocrx_word' id='word_1_842' title='bbox 1958 2766 2094 2821; x_wconf 89' lang='lat' dir='ltr'><strong>tiant</strong></span> <span class='ocrx_word' id='word_1_843' title='bbox 2121 2764 2372 2820; x_wconf 85' lang='lat' dir='ltr'><strong>omnibus</strong></span> <span class='ocrx_word' id='word_1_844' title='bbox 2415 2766 2731 2820; x_wconf 88' lang='lat' dir='ltr'><strong>substantiis</strong></span> <span class='ocrx_word' id='word_1_845' title='bbox 2761 2766 2896 2830; x_wconf 90' lang='lat' dir='ltr'><strong>suis,</strong></span> <span class='ocrx_word' id='word_1_846' title='bbox 2925 2776 2982 2820; x_wconf 89' lang='lat' dir='ltr'><strong>et</strong></span> <span class='ocrx_word' id='word_1_847' title='bbox 3024 2767 3185 2819; x_wconf 89' lang='lat' dir='ltr'><strong>vitam</strong></span> <span class='ocrx_word' id='word_1_848' title='bbox 3236 2764 3434 2818; x_wconf 83' lang='lat' dir='ltr'><strong>Christi</strong></span> <span class='ocrx_word' id='word_1_849' title='bbox 3465 2777 3551 2818; x_wconf 89' lang='lat' dir='ltr'><strong>se-</strong></span> 
     </span>
    </p>
   </div>
   <div class='ocr_carea' id='block_1_113' title="bbox 1956 2832 3549 2905">
    <p class='ocr_par' dir='ltr' id='par_1_113' title="bbox 1956 2832 3549 2905">
     <span class='ocr_line' id='line_1_116' title="bbox 1956 2832 3549 2905; baseline 0 -16"><span class='ocrx_word' id='word_1_850' title='bbox 1956 2845 2216 2905; x_wconf 89' lang='lat' dir='ltr'><strong>quuntur,</strong></span> <span class='ocrx_word' id='word_1_851' title='bbox 2245 2836 2435 2897; x_wconf 78' lang='lat' dir='ltr'><strong>quales</strong></span> <span class='ocrx_word' id='word_1_852' title='bbox 2464 2835 2662 2890; x_wconf 86' lang='lat' dir='ltr'><strong>debent</strong></span> <span class='ocrx_word' id='word_1_853' title='bbox 2686 2850 2807 2890; x_wconf 89' lang='lat' dir='ltr'><strong>esse</strong></span> <span class='ocrx_word' id='word_1_854' title='bbox 2836 2838 3018 2903; x_wconf 90' lang='lat' dir='ltr'><strong>utique</strong></span> <span class='ocrx_word' id='word_1_855' title='bbox 3048 2835 3430 2891; x_wconf 61' lang='lat' dir='ltr'><strong>committe...</strong></span> <span class='ocrx_word' id='word_1_856' title='bbox 3454 2832 3549 2889; x_wconf 86' lang='lat' dir='ltr'><strong>Vel</strong></span> 
     </span>
    </p>
   </div>
   <div class='ocr_carea' id='block_1_114' title="bbox 1956 2905 3549 2975">
    <p class='ocr_par' dir='ltr' id='par_1_114' title="bbox 1956 2905 3549 2975">
     <span class='ocr_line' id='line_1_117' title="bbox 1956 2905 3549 2975; baseline -0.001 -14"><span class='ocrx_word' id='word_1_857' title='bbox 1956 2907 2118 2962; x_wconf 89' lang='lat' dir='ltr'><strong>etiam</strong></span> <span class='ocrx_word' id='word_1_858' title='bbox 2143 2906 2389 2959; x_wconf 89' lang='lat' dir='ltr'><strong>dicuntur</strong></span> <span class='ocrx_word' id='word_1_859' title='bbox 2416 2905 2657 2975; x_wconf 82' lang='lat' dir='ltr'><strong>perfeCti,</strong></span> <span class='ocrx_word' id='word_1_860' title='bbox 2686 2907 2776 2974; x_wconf 90' lang='lat' dir='ltr'><strong>qui</strong></span> <span class='ocrx_word' id='word_1_861' title='bbox 2795 2907 2917 2975; x_wconf 12' lang='lat' dir='ltr'><strong>jam,</strong></span> <span class='ocrx_word' id='word_1_862' title='bbox 2936 2917 3288 2961; x_wconf 76' lang='lat' dir='ltr'><strong>tentatzonum</strong></span> <span class='ocrx_word' id='word_1_863' title='bbox 3314 2906 3549 2974; x_wconf 82' lang='lat' dir='ltr'><strong>pericula</strong></span> 
     </span>
    </p>
   </div>
   <div class='ocr_carea' id='block_1_115' title="bbox 1961 2976 3547 3045">
    <p class='ocr_par' dir='ltr' id='par_1_115' title="bbox 1961 2976 3547 3045">
     <span class='ocr_line' id='line_1_118' title="bbox 1961 2976 3547 3045; baseline -0.001 -14"><span class='ocrx_word' id='word_1_864' title='bbox 1961 2986 2276 3038; x_wconf 71' lang='lat' dir='ltr'><strong>evaserunt,</strong></span> <span class='ocrx_word' id='word_1_865' title='bbox 2320 2976 2458 3040; x_wconf 90' lang='lat' dir='ltr'><strong>apud</strong></span> <span class='ocrx_word' id='word_1_866' title='bbox 2486 2990 2621 3045; x_wconf 87' lang='lat' dir='ltr'><strong>quos</strong></span> <span class='ocrx_word' id='word_1_867' title='bbox 2648 2990 2755 3029; x_wconf 91' lang='lat' dir='ltr'><strong>non</strong></span> <span class='ocrx_word' id='word_1_868' title='bbox 2786 2986 2871 3029; x_wconf 90' lang='lat' dir='ltr'><strong>est</strong></span> <span class='ocrx_word' id='word_1_869' title='bbox 2917 2977 3019 3030; x_wconf 67' lang='lat' dir='ltr'><strong>nisi</strong></span> <span class='ocrx_word' id='word_1_870' title='bbox 3062 2977 3355 3045; x_wconf 81' lang='lat' dir='ltr'><strong>gratiarum</strong></span> <span class='ocrx_word' id='word_1_871' title='bbox 3384 2986 3547 3042; x_wconf 76' lang='lat' dir='ltr'><strong>actio,</strong></span> 
     </span>
    </p>
   </div>
   <div class='ocr_carea' id='block_1_116' title="bbox 1960 3044 3553 3113">
    <p class='ocr_par' dir='ltr' id='par_1_116' title="bbox 1960 3044 3553 3113">
     <span class='ocr_line' id='line_1_119' title="bbox 1960 3044 3553 3113; baseline 0.001 -13"><span class='ocrx_word' id='word_1_872' title='bbox 1960 3057 2014 3100; x_wconf 90' lang='lat' dir='ltr'><strong>et</strong></span> <span class='ocrx_word' id='word_1_873' title='bbox 2037 3062 2137 3101; x_wconf 82' lang='lat' dir='ltr'><strong>vox</strong></span> <span class='ocrx_word' id='word_1_874' title='bbox 2171 3047 2362 3100; x_wconf 90' lang='lat' dir='ltr'><strong>laudis.</strong></span> <span class='ocrx_word' id='word_1_875' title='bbox 2400 3044 2602 3100; x_wconf 86' lang='lat' dir='ltr'><strong>Deinde</strong></span> <span class='ocrx_word' id='word_1_876' title='bbox 2627 3047 2718 3113; x_wconf 90' lang='lat' dir='ltr'><strong>qui</strong></span> <span class='ocrx_word' id='word_1_877' title='bbox 2751 3048 2915 3101; x_wconf 88' lang='lat' dir='ltr'><strong>etiam</strong></span> <span class='ocrx_word' id='word_1_878' title='bbox 2947 3062 3052 3099; x_wconf 90' lang='lat' dir='ltr'><strong>non</strong></span> <span class='ocrx_word' id='word_1_879' title='bbox 3074 3044 3303 3101; x_wconf 86' lang='lat' dir='ltr'><strong>utuntur</strong></span> <span class='ocrx_word' id='word_1_880' title='bbox 3327 3061 3553 3102; x_wconf 80' lang='lat' dir='ltr'><strong>conces-</strong></span> 
     </span>
    </p>
   </div>
   <div class='ocr_carea' id='block_1_117' title="bbox 1962 3115 3554 3186">
    <p class='ocr_par' dir='ltr' id='par_1_117' title="bbox 1962 3115 3554 3186">
     <span class='ocr_line' id='line_1_120' title="bbox 1962 3115 3554 3186; baseline 0 -15"><span class='ocrx_word' id='word_1_881' title='bbox 1962 3120 2037 3172; x_wconf 90' lang='lat' dir='ltr'><strong>sis</strong></span> <span class='ocrx_word' id='word_1_882' title='bbox 2066 3132 2094 3170; x_wconf 85' lang='lat' dir='ltr'><strong>a</strong></span> <span class='ocrx_word' id='word_1_883' title='bbox 2125 3117 2239 3186; x_wconf 81' lang='lat' dir='ltr'><strong>lege</strong></span> <span class='ocrx_word' id='word_1_884' title='bbox 2272 3115 2490 3183; x_wconf 84' lang='lat' dir='ltr'><strong>perfecti</strong></span> <span class='ocrx_word' id='word_1_885' title='bbox 2520 3115 2832 3185; x_wconf 89' lang='lat' dir='ltr'><strong>probantur.</strong></span> <span class='ocrx_word' id='word_1_886' title='bbox 2886 3137 2905 3168; x_wconf 75' lang='grc' dir='ltr'><strong>ι</strong></span> <span class='ocrx_word' id='word_1_887' title='bbox 2940 3117 3333 3186; x_wconf 87' lang='lat' dir='ltr'><strong>Discipulorum</strong></span> <span class='ocrx_word' id='word_1_888' title='bbox 3376 3127 3554 3173; x_wconf 84' lang='lat' dir='ltr'><strong>autem</strong></span> 
     </span>
    </p>
   </div>
   <div class='ocr_carea' id='block_1_118' title="bbox 1965 3186 3550 3259">
    <p class='ocr_par' dir='ltr' id='par_1_118' title="bbox 1965 3186 3550 3259">
     <span class='ocr_line' id='line_1_121' title="bbox 1965 3186 3550 3259; baseline 0 -17"><span class='ocrx_word' id='word_1_889' title='bbox 1965 3189 2183 3242; x_wconf 88' lang='lat' dir='ltr'><strong>nomine</strong></span> <span class='ocrx_word' id='word_1_890' title='bbox 2204 3186 2450 3241; x_wconf 87' lang='lat' dir='ltr'><strong>Nicolaus</strong></span> <span class='ocrx_word' id='word_1_891' title='bbox 2481 3187 2680 3259; x_wconf 73' lang='lat' dir='ltr'><strong>Bravus</strong></span> <span class='ocrx_word' id='word_1_892' title='bbox 2703 3188 2951 3259; x_wconf 85' lang='lat' dir='ltr'><strong>intelligit</strong></span> <span class='ocrx_word' id='word_1_893' title='bbox 2985 3206 3003 3240; x_wconf 80' lang='grc' dir='ltr'><strong>ι</strong></span> <span class='ocrx_word' id='word_1_894' title='bbox 3037 3188 3550 3259; x_wconf 75' lang='lat' dir='ltr'><strong>maximejuniores,</strong></span> 
     </span>
    </p>
   </div>
   <div class='ocr_carea' id='block_1_119' title="bbox 1962 3257 3555 3329">
    <p class='ocr_par' dir='ltr' id='par_1_119' title="bbox 1962 3257 3555 3329">
     <span class='ocr_line' id='line_1_122' title="bbox 1962 3257 3555 3329; baseline -0.002 -16"><span class='ocrx_word' id='word_1_895' title='bbox 1962 3268 2017 3313; x_wconf 83' lang='lat' dir='ltr'><strong>et</strong></span> <span class='ocrx_word' id='word_1_896' title='bbox 2047 3274 2140 3312; x_wconf 89' lang='lat' dir='ltr'><strong>eos</strong></span> <span class='ocrx_word' id='word_1_897' title='bbox 2164 3260 2255 3329; x_wconf 87' lang='lat' dir='ltr'><strong>qui</strong></span> <span class='ocrx_word' id='word_1_898' title='bbox 2286 3259 2368 3312; x_wconf 91' lang='lat' dir='ltr'><strong>vel</strong></span> <span class='ocrx_word' id='word_1_899' title='bbox 2400 3258 2595 3313; x_wconf 88' lang='lat' dir='ltr'><strong>canitie</strong></span> <span class='ocrx_word' id='word_1_900' title='bbox 2624 3260 2703 3312; x_wconf 88' lang='lat' dir='ltr'><strong>vel</strong></span> <span class='ocrx_word' id='word_1_901' title='bbox 2751 3257 2913 3312; x_wconf 80' lang='lat' dir='ltr'><strong>ofﬁcii</strong></span> <span class='ocrx_word' id='word_1_902' title='bbox 2958 3259 3281 3314; x_wconf 82' lang='lat' dir='ltr'><strong>auctoritate</strong></span> <span class='ocrx_word' id='word_1_903' title='bbox 3322 3257 3555 3327; x_wconf 49' lang='lat' dir='ltr'><strong>discipu-</strong></span> 
     </span>
    </p>
   </div>
   <div class='ocr_carea' id='block_1_120' title="bbox 1962 3329 3556 3394">
    <p class='ocr_par' dir='ltr' id='par_1_120' title="bbox 1962 3329 3556 3394">
     <span class='ocr_line' id='line_1_123' title="bbox 1962 3329 3556 3394; baseline -0.001 -10"><span class='ocrx_word' id='word_1_904' title='bbox 1962 3329 2128 3384; x_wconf 90' lang='lat' dir='ltr'><strong>latum</strong></span> <span class='ocrx_word' id='word_1_905' title='bbox 2172 3330 2407 3383; x_wconf 86' lang='lat' dir='ltr'><strong>nondum</strong></span> <span class='ocrx_word' id='word_1_906' title='bbox 2438 3330 2739 3384; x_wconf 78' lang='lat' dir='ltr'><strong>excessisse</strong></span> <span class='ocrx_word' id='word_1_907' title='bbox 2770 3329 3037 3385; x_wconf 89' lang='lat' dir='ltr'><strong>videntur.</strong></span> <span class='ocrx_word' id='word_1_908' title='bbox 3079 3348 3097 3381; x_wconf 73' lang='grc' dir='ltr'><strong>ι</strong></span> <span class='ocrx_word' id='word_1_909' title='bbox 3153 3330 3257 3385; x_wconf 84' lang='lat' dir='ltr'><strong>Sed</strong></span> <span class='ocrx_word' id='word_1_910' title='bbox 3290 3330 3431 3383; x_wconf 89' lang='lat' dir='ltr'><strong>absit</strong></span> <span class='ocrx_word' id='word_1_911' title='bbox 3479 3338 3556 3394; x_wconf 79' lang='lat' dir='ltr'><strong>ut,</strong></span> 
     </span>
    </p>
   </div>
   <div class='ocr_carea' id='block_1_121' title="bbox 1964 3400 3555 3467">
    <p class='ocr_par' dir='ltr' id='par_1_121' title="bbox 1964 3400 3555 3467">
     <span class='ocr_line' id='line_1_124' title="bbox 1964 3400 3555 3467; baseline -0.001 -13"><span class='ocrx_word' id='word_1_912' title='bbox 1964 3400 2089 3455; x_wconf 90' lang='lat' dir='ltr'><strong>dum</strong></span> <span class='ocrx_word' id='word_1_913' title='bbox 2117 3400 2359 3467; x_wconf 77' lang='lat' dir='ltr'><strong>iuniores</strong></span> <span class='ocrx_word' id='word_1_914' title='bbox 2387 3400 2488 3454; x_wconf 91' lang='lat' dir='ltr'><strong>sub</strong></span> <span class='ocrx_word' id='word_1_915' title='bbox 2509 3400 2724 3454; x_wconf 88' lang='lat' dir='ltr'><strong>silentio</strong></span> <span class='ocrx_word' id='word_1_916' title='bbox 2757 3410 3023 3464; x_wconf 86' lang='lat' dir='ltr'><strong>tenemus,</strong></span> <span class='ocrx_word' id='word_1_917' title='bbox 3056 3401 3277 3455; x_wconf 86' lang='lat' dir='ltr'><strong>liberam</strong></span> <span class='ocrx_word' id='word_1_918' title='bbox 3313 3400 3555 3465; x_wconf 84' lang='lat' dir='ltr'><strong>senibus,</strong></span> 
     </span>
    </p>
   </div>
   <div class='ocr_carea' id='block_1_122' title="bbox 1963 3470 3533 3540">
    <p class='ocr_par' dir='ltr' id='par_1_122' title="bbox 1963 3470 3533 3540">
     <span class='ocr_line' id='line_1_125' title="bbox 1963 3470 3533 3540; baseline 0 -15"><span class='ocrx_word' id='word_1_919' title='bbox 1963 3484 2055 3525; x_wconf 85' lang='lat' dir='ltr'><strong>aut</strong></span> <span class='ocrx_word' id='word_1_920' title='bbox 2078 3472 2211 3527; x_wconf 88' lang='lat' dir='ltr'><strong>alias</strong></span> <span class='ocrx_word' id='word_1_921' title='bbox 2238 3472 2303 3525; x_wconf 90' lang='lat' dir='ltr'><strong>ad</strong></span> <span class='ocrx_word' id='word_1_922' title='bbox 2337 3470 2552 3540; x_wconf 85' lang='lat' dir='ltr'><strong>aliquod</strong></span> <span class='ocrx_word' id='word_1_923' title='bbox 2582 3470 2820 3525; x_wconf 78' lang='lat' dir='ltr'><strong>ofﬁcium</strong></span> <span class='ocrx_word' id='word_1_924' title='bbox 2865 3473 3072 3527; x_wconf 87' lang='lat' dir='ltr'><strong>evectis</strong></span> <span class='ocrx_word' id='word_1_925' title='bbox 3111 3472 3362 3540; x_wconf 76' lang='lat' dir='ltr'><strong>loquendi</strong></span> <span class='ocrx_word' id='word_1_926' title='bbox 3394 3473 3533 3527; x_wconf 88' lang='lat' dir='ltr'><strong>licen</strong></span> 
     </span>
    </p>
   </div>
   <div class='ocr_carea' id='block_1_123' title="bbox 1966 3542 3555 3623">
    <p class='ocr_par' dir='ltr' id='par_1_123' title="bbox 1966 3542 3555 3623">
     <span class='ocr_line' id='line_1_126' title="bbox 1966 3542 3555 3623; baseline -0.001 -27"><span class='ocrx_word' id='word_1_927' title='bbox 1966 3543 2095 3596; x_wconf 90' lang='lat' dir='ltr'><strong>tiam</strong></span> <span class='ocrx_word' id='word_1_928' title='bbox 2128 3543 2535 3623; x_wconf 86' lang='lat' dir='ltr'><strong>permittamus;</strong></span> <span class='ocrx_word' id='word_1_929' title='bbox 2559 3542 2809 3623; x_wconf 65' lang='lat' dir='ltr'><strong>cumipsi</strong></span> <span class='ocrx_word' id='word_1_930' title='bbox 2836 3543 3011 3623; x_wconf 80' lang='lat' dir='ltr'><strong>potius</strong></span> <span class='ocrx_word' id='word_1_931' title='bbox 3043 3543 3265 3623; x_wconf 72' lang='lat' dir='ltr'><strong>silentii,</strong></span> <span class='ocrx_word' id='word_1_932' title='bbox 3295 3543 3555 3597; x_wconf 76' lang='lat' dir='ltr'><strong>aliarum~</strong></span> 
     </span>
    </p>
   </div>
   <div class='ocr_carea' id='block_1_124' title="bbox 1965 3613 3559 3738">
    <p class='ocr_par' dir='ltr' id='par_1_124' title="bbox 1965 3613 3559 3738">
     <span class='ocr_line' id='line_1_127' title="bbox 1965 3613 3559 3738; baseline 0 -71"><span class='ocrx_word' id='word_1_933' title='bbox 1965 3628 2072 3738; x_wconf 57' lang='lat' dir='ltr'><strong>aue</strong></span> <span class='ocrx_word' id='word_1_934' title='bbox 2099 3613 2352 3669; x_wconf 90' lang='lat' dir='ltr'><strong>virtutum</strong></span> <span class='ocrx_word' id='word_1_935' title='bbox 2375 3615 2620 3681; x_wconf 80' lang='lat' dir='ltr'><strong>exempla</strong></span> <span class='ocrx_word' id='word_1_936' title='bbox 2642 3613 3161 3669; x_wconf 85' lang='lat' dir='ltr'><strong>adolescentioribus</strong></span> <span class='ocrx_word' id='word_1_937' title='bbox 3185 3618 3559 3668; x_wconf 75' lang='lat' dir='ltr'><strong>demonstrans</strong></span> 
     </span>
     <span class='ocr_line' id='line_1_128' title="bbox 2006 3683 3559 3738; baseline 0 0"><span class='ocrx_word' id='word_1_938' title='bbox 2006 3683 2220 3738; x_wconf 87' lang='lat' dir='ltr'><strong>ebeant.</strong></span> <span class='ocrx_word' id='word_1_939' title='bbox 2270 3684 2418 3738; x_wconf 80' lang='lat' dir='ltr'><strong>Adeo</strong></span> <span class='ocrx_word' id='word_1_940' title='bbox 2448 3684 2681 3738; x_wconf 87' lang='lat' dir='ltr'><strong>inentam</strong></span> <span class='ocrx_word' id='word_1_941' title='bbox 2713 3685 3127 3738; x_wconf 79' lang='lat' dir='ltr'><strong>exolicationem</strong></span> <span class='ocrx_word' id='word_1_942' title='bbox 3174 3686 3400 3738; x_wconf 83' lang='lat' dir='ltr'><strong>revincit</strong></span> <span class='ocrx_word' id='word_1_943' title='bbox 3445 3688 3559 3738; x_wconf 88' lang='lat' dir='ltr'><strong>inse</strong></span> 
     </span>
    </p>
   </div>
   <div class='ocr_carea' id='block_1_125' title="bbox 2006 3683 3560 3754">
    <p class='ocr_par' dir='ltr' id='par_1_125' title="bbox 2006 3683 3560 3754">
     <span class='ocr_line' id='line_1_129' title="bbox 2006 3683 3560 3754; baseline 0.001 -16"><span class='ocrx_word' id='word_1_944' title='bbox 2006 3683 2220 3742; x_wconf 87' lang='lat' dir='ltr'><strong>ebeant.</strong></span> <span class='ocrx_word' id='word_1_945' title='bbox 2270 3684 2418 3738; x_wconf 80' lang='lat' dir='ltr'><strong>Adeo</strong></span> <span class='ocrx_word' id='word_1_946' title='bbox 2448 3684 2681 3751; x_wconf 85' lang='lat' dir='ltr'><strong>ineptam</strong></span> <span class='ocrx_word' id='word_1_947' title='bbox 2713 3685 3127 3754; x_wconf 76' lang='lat' dir='ltr'><strong>explicationem</strong></span> <span class='ocrx_word' id='word_1_948' title='bbox 3174 3686 3400 3739; x_wconf 80' lang='lat' dir='ltr'><strong>revincit</strong></span> <span class='ocrx_word' id='word_1_949' title='bbox 3445 3688 3560 3751; x_wconf 88' lang='lat' dir='ltr'><strong>ipse</strong></span> 
     </span>
    </p>
   </div>
   <div class='ocr_carea' id='block_1_126' title="bbox 1967 3754 3560 3825">
    <p class='ocr_par' dir='ltr' id='par_1_126' title="bbox 1967 3754 3560 3825">
     <span class='ocr_line' id='line_1_130' title="bbox 1967 3754 3560 3825; baseline 0 -16"><span class='ocrx_word' id='word_1_950' title='bbox 1967 3754 2025 3809; x_wconf 91' lang='lat' dir='ltr'><strong>S.</strong></span> <span class='ocrx_word' id='word_1_951' title='bbox 2054 3758 2369 3812; x_wconf 80' lang='lat' dir='ltr'><strong>Benedictus</strong></span> <span class='ocrx_word' id='word_1_952' title='bbox 2407 3756 2457 3808; x_wconf 91' lang='lat' dir='ltr'><strong>in</strong></span> <span class='ocrx_word' id='word_1_953' title='bbox 2502 3756 2609 3809; x_wconf 89' lang='lat' dir='ltr'><strong>line</strong></span> <span class='ocrx_word' id='word_1_954' title='bbox 2659 3754 2815 3823; x_wconf 87' lang='lat' dir='ltr'><strong>hujus</strong></span> <span class='ocrx_word' id='word_1_955' title='bbox 2863 3756 3075 3825; x_wconf 85' lang='lat' dir='ltr'><strong>capitis,</strong></span> <span class='ocrx_word' id='word_1_956' title='bbox 3121 3756 3210 3809; x_wconf 92' lang='lat' dir='ltr'><strong>ubi</strong></span> <span class='ocrx_word' id='word_1_957' title='bbox 3269 3756 3560 3823; x_wconf 85' lang='lat' dir='ltr'><strong>prohibens</strong></span> 
     </span>
    </p>
   </div>
   <div class='ocr_carea' id='block_1_127' title="bbox 1970 3825 3563 3897">
    <p class='ocr_par' dir='ltr' id='par_1_127' title="bbox 1970 3825 3563 3897">
     <span class='ocr_line' id='line_1_131' title="bbox 1970 3825 3563 3897; baseline -0.001 -17"><span class='ocrx_word' id='word_1_958' title='bbox 1970 3828 2353 3891; x_wconf 66' lang='lat' dir='ltr'><strong>scutrilitates,</strong></span> <span class='ocrx_word' id='word_1_959' title='bbox 2404 3834 2451 3881; x_wconf 86' lang='lat' dir='ltr'><strong>et</strong></span> <span class='ocrx_word' id='word_1_960' title='bbox 2478 3826 2546 3878; x_wconf 83' lang='lat' dir='ltr'><strong>ad</strong></span> <span class='ocrx_word' id='word_1_961' title='bbox 2573 3827 2732 3894; x_wconf 85' lang='lat' dir='ltr'><strong>talia,</strong></span> <span class='ocrx_word' id='word_1_962' title='bbox 2778 3829 2969 3893; x_wconf 85' lang='lat' dir='ltr'><strong>inquit,</strong></span> <span class='ocrx_word' id='word_1_963' title='bbox 3000 3829 3197 3895; x_wconf 86' lang='lat' dir='ltr'><strong>eloquia</strong></span> <span class='ocrx_word' id='word_1_964' title='bbox 3248 3825 3563 3897; x_wconf 77' lang='lat' dir='ltr'><strong>discipulum</strong></span> 
     </span>
    </p>
   </div>
   <div class='ocr_carea' id='block_1_128' title="bbox 1967 3896 3560 3966">
    <p class='ocr_par' dir='ltr' id='par_1_128' title="bbox 1967 3896 3560 3966">
     <span class='ocr_line' id='line_1_132' title="bbox 1967 3896 3560 3966; baseline -0.001 -16"><span class='ocrx_word' id='word_1_965' title='bbox 1967 3900 2171 3965; x_wconf 83' lang='lat' dir='ltr'><strong>operire</strong></span> <span class='ocrx_word' id='word_1_966' title='bbox 2210 3916 2265 3952; x_wconf 89' lang='lat' dir='ltr'><strong>os</strong></span> <span class='ocrx_word' id='word_1_967' title='bbox 2326 3914 2427 3950; x_wconf 84' lang='lat' dir='ltr'><strong>non</strong></span> <span class='ocrx_word' id='word_1_968' title='bbox 2477 3898 2848 3965; x_wconf 84' lang='lat' dir='ltr'><strong>permittimus:</strong></span> <span class='ocrx_word' id='word_1_969' title='bbox 2904 3898 2994 3953; x_wconf 91' lang='lat' dir='ltr'><strong>ubi</strong></span> <span class='ocrx_word' id='word_1_970' title='bbox 3027 3902 3163 3952; x_wconf 88' lang='lat' dir='ltr'><strong>sicut</strong></span> <span class='ocrx_word' id='word_1_971' title='bbox 3207 3908 3261 3952; x_wconf 88' lang='lat' dir='ltr'><strong>et</strong></span> <span class='ocrx_word' id='word_1_972' title='bbox 3289 3896 3464 3966; x_wconf 83' lang='lat' dir='ltr'><strong>capite</strong></span> <span class='ocrx_word' id='word_1_973' title='bbox 3505 3896 3560 3964; x_wconf 80' lang='lat'><strong>5,</strong></span> 
     </span>
    </p>
   </div>
   <div class='ocr_carea' id='block_1_129' title="bbox 1970 3969 3564 4037">
    <p class='ocr_par' dir='ltr' id='par_1_129' title="bbox 1970 3969 3564 4037">
     <span class='ocr_line' id='line_1_133' title="bbox 1970 3969 3564 4037; baseline -0.003 -12"><span class='ocrx_word' id='word_1_974' title='bbox 1970 3972 2070 4025; x_wconf 89' lang='lat' dir='ltr'><strong>sub</strong></span> <span class='ocrx_word' id='word_1_975' title='bbox 2120 3969 2371 4037; x_wconf 89' lang='lat' dir='ltr'><strong>discipuli</strong></span> <span class='ocrx_word' id='word_1_976' title='bbox 2427 3969 2641 4023; x_wconf 87' lang='lat' dir='ltr'><strong>nomine</strong></span> <span class='ocrx_word' id='word_1_977' title='bbox 2694 3969 3072 4036; x_wconf 87' lang='lat' dir='ltr'><strong>complectitur</strong></span> <span class='ocrx_word' id='word_1_978' title='bbox 3102 3983 3289 4023; x_wconf 86' lang='lat' dir='ltr'><strong>omnes</strong></span> <span class='ocrx_word' id='word_1_979' title='bbox 3337 3969 3564 4022; x_wconf 91' lang='lat' dir='ltr'><strong>omnino</strong></span> 
     </span>
    </p>
   </div>
   <div class='ocr_carea' id='block_1_130' title="bbox 1970 4038 3555 4108">
    <p class='ocr_par' dir='ltr' id='par_1_130' title="bbox 1970 4038 3555 4108">
     <span class='ocr_line' id='line_1_134' title="bbox 1970 4038 3555 4108; baseline -0.004 -11"><span class='ocrx_word' id='word_1_980' title='bbox 1970 4041 2281 4103; x_wconf 88' lang='lat' dir='ltr'><strong>monachos,</strong></span> <span class='ocrx_word' id='word_1_981' title='bbox 2320 4054 2455 4108; x_wconf 91' lang='lat' dir='ltr'><strong>quos</strong></span> <span class='ocrx_word' id='word_1_982' title='bbox 2486 4038 2575 4093; x_wconf 91' lang='lat' dir='ltr'><strong>hic</strong></span> <span class='ocrx_word' id='word_1_983' title='bbox 2624 4040 2889 4107; x_wconf 88' lang='lat' dir='ltr'><strong>perfectos</strong></span> <span class='ocrx_word' id='word_1_984' title='bbox 2934 4038 3227 4106; x_wconf 87' lang='lat' dir='ltr'><strong>discipulos</strong></span> <span class='ocrx_word' id='word_1_985' title='bbox 3286 4038 3555 4107; x_wconf 84' lang='lat' dir='ltr'><strong>appellat,</strong></span> 
     </span>
    </p>
   </div>
   <div class='ocr_carea' id='block_1_131' title="bbox 1968 4109 3565 4183">
    <p class='ocr_par' dir='ltr' id='par_1_131' title="bbox 1968 4109 3565 4183">
     <span class='ocr_line' id='line_1_135' title="bbox 1968 4109 3565 4183; baseline -0.003 -17"><span class='ocrx_word' id='word_1_986' title='bbox 1968 4116 2094 4183; x_wconf 88' lang='lat' dir='ltr'><strong>quia</strong></span> <span class='ocrx_word' id='word_1_987' title='bbox 2126 4127 2232 4165; x_wconf 90' lang='lat' dir='ltr'><strong>non</strong></span> <span class='ocrx_word' id='word_1_988' title='bbox 2262 4111 2422 4164; x_wconf 90' lang='lat' dir='ltr'><strong>modo</strong></span> <span class='ocrx_word' id='word_1_989' title='bbox 2451 4112 2861 4178; x_wconf 82' lang='lat' dir='ltr'><strong>perfectionem,</strong></span> <span class='ocrx_word' id='word_1_990' title='bbox 2892 4109 2986 4165; x_wconf 88' lang='lat' dir='ltr'><strong>sed</strong></span> <span class='ocrx_word' id='word_1_991' title='bbox 3017 4110 3358 4178; x_wconf 88' lang='lat' dir='ltr'><strong>perfectionis</strong></span> <span class='ocrx_word' id='word_1_992' title='bbox 3387 4110 3565 4179; x_wconf 81' lang='lat' dir='ltr'><strong>perfe-</strong></span> 
     </span>
    </p>
   </div>
   <div class='ocr_carea' id='block_1_132' title="bbox 1971 4184 2511 4238">
    <p class='ocr_par' dir='ltr' id='par_1_132' title="bbox 1971 4184 2511 4238">
     <span class='ocr_line' id='line_1_136' title="bbox 1971 4184 2511 4238; baseline -0.006 -1"><span class='ocrx_word' id='word_1_993' title='bbox 1971 4184 2201 4238; x_wconf 85' lang='lat' dir='ltr'><strong>ctionem</strong></span> <span class='ocrx_word' id='word_1_994' title='bbox 2229 4189 2511 4235; x_wconf 81' lang='lat' dir='ltr'><strong>voverunt.</strong></span> 
     </span>
    </p>
   </div>
   <div class='ocr_carea' id='block_1_133' title="bbox 2047 4269 3554 4344">
    <p class='ocr_par' dir='ltr' id='par_1_133' title="bbox 2047 4269 3554 4344">
     <span class='ocr_line' id='line_1_137' title="bbox 2047 4269 3554 4344; baseline -0.001 -17"><span class='ocrx_word' id='word_1_995' title='bbox 2047 4274 2268 4344; x_wconf 83' lang='lat' dir='ltr'><strong>Propter</strong></span> <span class='ocrx_word' id='word_1_996' title='bbox 2298 4271 2656 4325; x_wconf 78' lang='lat' dir='ltr'><strong>taciturnitatis</strong></span> <span class='ocrx_word' id='word_1_997' title='bbox 2686 4269 3032 4344; x_wconf 81' lang='lat' dir='ltr'><strong>gravitatetn.]</strong></span> <span class='ocrx_word' id='word_1_998' title='bbox 3080 4271 3136 4326; x_wconf 91' lang='lat' dir='ltr'><strong>Id</strong></span> <span class='ocrx_word' id='word_1_999' title='bbox 3182 4279 3264 4327; x_wconf 91' lang='lat' dir='ltr'><strong>est</strong></span> <span class='ocrx_word' id='word_1_1000' title='bbox 3308 4272 3554 4329; x_wconf 85' lang='lat' dir='ltr'><strong>eminen-</strong></span> 
     </span>
    </p>
   </div>
   <div class='ocr_carea' id='block_1_134' title="bbox 1974 4343 3127 4415">
    <p class='ocr_par' dir='ltr' id='par_1_134' title="bbox 1974 4343 3127 4415">
     <span class='ocr_line' id='line_1_138' title="bbox 1974 4343 3127 4415; baseline -0.003 -15"><span class='ocrx_word' id='word_1_1001' title='bbox 1974 4346 2121 4405; x_wconf 76' lang='lat' dir='ltr'><strong>tiam,</strong></span> <span class='ocrx_word' id='word_1_1002' title='bbox 2150 4343 2564 4415; x_wconf 72' lang='lat' dir='ltr'><strong>dignitatetn,.et</strong></span> <span class='ocrx_word' id='word_1_1003' title='bbox 2591 4344 2874 4398; x_wconf 81' lang='lat' dir='ltr'><strong>utilitatem</strong></span> <span class='ocrx_word' id='word_1_1004' title='bbox 2903 4343 3127 4397; x_wconf 86' lang='lat' dir='ltr'><strong>silentii.</strong></span> 
     </span>
    </p>
   </div>
   <div class='ocr_carea' id='block_1_135' title="bbox 2045 4434 3568 4509">
    <p class='ocr_par' dir='ltr' id='par_1_135' title="bbox 2045 4434 3568 4509">
     <span class='ocr_line' id='line_1_139' title="bbox 2045 4434 3568 4509; baseline 0.005 -21"><span class='ocrx_word' id='word_1_1005' title='bbox 2045 4435 2187 4509; x_wconf 68' lang='lat' dir='ltr'><strong>Rara</strong></span> <span class='ocrx_word' id='word_1_1006' title='bbox 2215 4437 2527 4509; x_wconf 81' lang='lat' dir='ltr'><strong>concedatur</strong></span> <span class='ocrx_word' id='word_1_1007' title='bbox 2552 4436 2790 4509; x_wconf 78' lang='lat' dir='ltr'><strong>loquendi</strong></span> <span class='ocrx_word' id='word_1_1008' title='bbox 2821 4434 3073 4509; x_wconf 67' lang='lat' dir='ltr'><strong>licentia]</strong></span> <span class='ocrx_word' id='word_1_1009' title='bbox 3112 4434 3169 4509; x_wconf 84' lang='lat' dir='ltr'><strong>In</strong></span> <span class='ocrx_word' id='word_1_1010' title='bbox 3201 4452 3358 4505; x_wconf 91' lang='lat' dir='ltr'><strong>quem</strong></span> <span class='ocrx_word' id='word_1_1011' title='bbox 3388 4437 3568 4495; x_wconf 87' lang='lat' dir='ltr'><strong>locum</strong></span> 
     </span>
    </p>
   </div>
   <div class='ocr_carea' id='block_1_136' title="bbox 1972 4504 3565 4578">
    <p class='ocr_par' dir='ltr' id='par_1_136' title="bbox 1972 4504 3565 4578">
     <span class='ocr_line' id='line_1_140' title="bbox 1972 4504 3565 4578; baseline -0.001 -15"><span class='ocrx_word' id='word_1_1012' title='bbox 1972 4504 2028 4563; x_wconf 92' lang='lat' dir='ltr'><strong>S.</strong></span> <span class='ocrx_word' id='word_1_1013' title='bbox 2063 4508 2399 4578; x_wconf 79' lang='lat' dir='ltr'><strong>litldegardis</strong></span> <span class='ocrx_word' id='word_1_1014' title='bbox 2432 4524 2445 4560; x_wconf 88' lang='lat'><strong>:</strong></span> <span class='ocrx_word' id='word_1_1015' title='bbox 2487 4526 2506 4560; x_wconf 75' lang='grc' dir='ltr'><strong>ι</strong></span> <span class='ocrx_word' id='word_1_1016' title='bbox 2542 4504 2756 4562; x_wconf 81' lang='lat' dir='ltr'><strong>Scilicet</strong></span> <span class='ocrx_word' id='word_1_1017' title='bbox 2786 4517 2912 4563; x_wconf 91' lang='lat' dir='ltr'><strong>tunc</strong></span> <span class='ocrx_word' id='word_1_1018' title='bbox 2932 4504 3072 4561; x_wconf 60' lang='lat' dir='ltr'><strong>cum&#39;</strong></span> <span class='ocrx_word' id='word_1_1019' title='bbox 3096 4504 3273 4578; x_wconf 87' lang='lat' dir='ltr'><strong>aliqua</strong></span> <span class='ocrx_word' id='word_1_1020' title='bbox 3303 4510 3353 4562; x_wconf 91' lang='lat' dir='ltr'><strong>in</strong></span> <span class='ocrx_word' id='word_1_1021' title='bbox 3379 4511 3565 4564; x_wconf 87' lang='lat' dir='ltr'><strong>conci-</strong></span> 
     </span>
    </p>
   </div>
   <div class='ocr_carea' id='block_1_137' title="bbox 1978 4579 3568 4660">
    <p class='ocr_par' dir='ltr' id='par_1_137' title="bbox 1978 4579 3568 4660">
     <span class='ocr_line' id='line_1_141' title="bbox 1978 4579 3568 4660; baseline 0.002 -27"><span class='ocrx_word' id='word_1_1022' title='bbox 1978 4580 2085 4660; x_wconf 80' lang='lat' dir='ltr'><strong>liis,</strong></span> <span class='ocrx_word' id='word_1_1023' title='bbox 2114 4582 2291 4660; x_wconf 77' lang='lat' dir='ltr'><strong>aliqua</strong></span> <span class='ocrx_word' id='word_1_1024' title='bbox 2322 4579 2374 4632; x_wconf 90' lang='lat' dir='ltr'><strong>in</strong></span> <span class='ocrx_word' id='word_1_1025' title='bbox 2404 4579 2654 4660; x_wconf 66' lang='lat' dir='ltr'><strong>negotiis,</strong></span> <span class='ocrx_word' id='word_1_1026' title='bbox 2688 4596 2783 4660; x_wconf 76' lang='lat' dir='ltr'><strong>seu</strong></span> <span class='ocrx_word' id='word_1_1027' title='bbox 2812 4579 2865 4632; x_wconf 88' lang='lat' dir='ltr'><strong>in</strong></span> <span class='ocrx_word' id='word_1_1028' title='bbox 2906 4579 3202 4660; x_wconf 81' lang='lat' dir='ltr'><strong>majoribus</strong></span> <span class='ocrx_word' id='word_1_1029' title='bbox 3233 4581 3568 4660; x_wconf 50' lang='lat' dir='ltr'><strong>necessitati-</strong></span> 
     </span>
    </p>
   </div>
   <div class='ocr_carea' id='block_1_138' title="bbox 618 4626 3571 4723">
    <p class='ocr_par' dir='ltr' id='par_1_138' title="bbox 618 4626 3571 4723">
     <span class='ocr_line' id='line_1_142' title="bbox 618 4626 3571 4723; baseline 0.001 -18"><span class='ocrx_word' id='word_1_1030' title='bbox 618 4626 1037 4719; x_wconf 63' lang='grc' dir='ltr'><strong>οιῖἑὲηἱῖη’ὶίὲιί</strong></span> <span class='ocrx_word' id='word_1_1031' title='bbox 1071 4626 1649 4723; x_wconf 56' lang='lat' dir='ltr'><strong>iiuj&#39;JéiiiBEii&quot;eiBﬁlii;</strong></span> <span class='ocrx_word' id='word_1_1032' title='bbox 1674 4626 1868 4719; x_wconf 55' lang='grc' dir='ltr'><strong>’ὲῆμῶ</strong></span> <span class='ocrx_word' id='word_1_1033' title='bbox 1896 4626 1959 4693; x_wconf 68' lang='grc' dir='ltr'><strong>θ’</strong></span> <span class='ocrx_word' id='word_1_1034' title='bbox 1978 4626 2085 4705; x_wconf 49' lang='lat' dir='ltr'><strong>bus,</strong></span> <span class='ocrx_word' id='word_1_1035' title='bbox 2112 4626 2315 4723; x_wconf 66' lang='lat' dir='ltr'><strong>agenda</strong></span> <span class='ocrx_word' id='word_1_1036' title='bbox 2354 4626 2579 4705; x_wconf 41' lang='lat' dir='ltr'><strong>suntoivii-</strong></span> <span class='ocrx_word' id='word_1_1037' title='bbox 2602 4626 2855 4707; x_wconf 72' lang='lat' dir='ltr'><strong>invicem.</strong></span> <span class='ocrx_word' id='word_1_1038' title='bbox 2903 4661 2955 4723; x_wconf 81' lang='lat' dir='ltr'><strong>et</strong></span> <span class='ocrx_word' id='word_1_1039' title='bbox 2990 4626 3109 4705; x_wconf 76' lang='grc' dir='ltr'><strong>ἰιοιι</strong></span> <span class='ocrx_word' id='word_1_1040' title='bbox 3153 4626 3571 4722; x_wconf 51' lang='grc' dir='ltr'><strong>δίιιεῖιιξῖὶιιῗίδτ</strong></span> 
     </span>
    </p>
   </div>
   <div class='ocr_carea' id='block_1_139' title="bbox 1974 4720 3572 4792">
    <p class='ocr_par' dir='ltr' id='par_1_139' title="bbox 1974 4720 3572 4792">
     <span class='ocr_line' id='line_1_143' title="bbox 1974 4720 3572 4792; baseline 0.003 -15"><span class='ocrx_word' id='word_1_1041' title='bbox 1974 4720 2186 4792; x_wconf 72' lang='lat' dir='ltr'><strong>quendo</strong></span> <span class='ocrx_word' id='word_1_1042' title='bbox 2236 4724 2357 4777; x_wconf 89' lang='lat' dir='ltr'><strong>data</strong></span> <span class='ocrx_word' id='word_1_1043' title='bbox 2391 4722 2639 4786; x_wconf 86' lang='lat' dir='ltr'><strong>licentia,</strong></span> <span class='ocrx_word' id='word_1_1044' title='bbox 2699 4732 2752 4776; x_wconf 89' lang='lat' dir='ltr'><strong>et</strong></span> <span class='ocrx_word' id='word_1_1045' title='bbox 2800 4720 3031 4787; x_wconf 86' lang='lat' dir='ltr'><strong>modice,</strong></span> <span class='ocrx_word' id='word_1_1046' title='bbox 3061 4737 3124 4777; x_wconf 90' lang='lat' dir='ltr'><strong>ac</strong></span> <span class='ocrx_word' id='word_1_1047' title='bbox 3175 4720 3408 4778; x_wconf 61' lang='lat' dir='ltr'><strong>breviter</strong></span> <span class='ocrx_word' id='word_1_1048' title='bbox 3450 4738 3572 4792; x_wconf 65' lang='lat' dir='ltr'><strong>qua:</strong></span> 
     </span>
    </p>
   </div>
   <div class='ocr_carea' id='block_1_140' title="bbox 1973 4792 3569 4863">
    <p class='ocr_par' dir='ltr' id='par_1_140' title="bbox 1973 4792 3569 4863">
     <span class='ocr_line' id='line_1_144' title="bbox 1973 4792 3569 4863; baseline -0.001 -14"><span class='ocrx_word' id='word_1_1049' title='bbox 1973 4810 2141 4863; x_wconf 89' lang='lat' dir='ltr'><strong>opus;</strong></span> <span class='ocrx_word' id='word_1_1050' title='bbox 2173 4804 2223 4849; x_wconf 81' lang='lat' dir='ltr'><strong>et</strong></span> <span class='ocrx_word' id='word_1_1051' title='bbox 2255 4793 2451 4848; x_wconf 91' lang='lat' dir='ltr'><strong>deinde</strong></span> <span class='ocrx_word' id='word_1_1052' title='bbox 2474 4792 2610 4847; x_wconf 86' lang='lat' dir='ltr'><strong>facto</strong></span> <span class='ocrx_word' id='word_1_1053' title='bbox 2639 4792 2792 4861; x_wconf 86' lang='lat' dir='ltr'><strong>signo</strong></span> <span class='ocrx_word' id='word_1_1054' title='bbox 2818 4808 3004 4847; x_wconf 86' lang='lat' dir='ltr'><strong>omnes</strong></span> <span class='ocrx_word' id='word_1_1055' title='bbox 3033 4794 3085 4847; x_wconf 91' lang='lat' dir='ltr'><strong>in</strong></span> <span class='ocrx_word' id='word_1_1056' title='bbox 3131 4793 3349 4848; x_wconf 82' lang='lat' dir='ltr'><strong>silentio</strong></span> <span class='ocrx_word' id='word_1_1057' title='bbox 3378 4808 3569 4848; x_wconf 70' lang='lat' dir='ltr'><strong>secuno</strong></span> 
     </span>
    </p>
   </div>
   <div class='ocr_carea' id='block_1_141' title="bbox 1973 4863 3565 4929">
    <p class='ocr_par' dir='ltr' id='par_1_141' title="bbox 1973 4863 3565 4929">
     <span class='ocr_line' id='line_1_145' title="bbox 1973 4863 3565 4929; baseline 0 -10"><span class='ocrx_word' id='word_1_1058' title='bbox 1973 4867 2097 4919; x_wconf 90' lang='lat' dir='ltr'><strong>dum</strong></span> <span class='ocrx_word' id='word_1_1059' title='bbox 2119 4866 2433 4920; x_wconf 79' lang='lat' dir='ltr'><strong>consuetum</strong></span> <span class='ocrx_word' id='word_1_1060' title='bbox 2467 4878 2671 4918; x_wconf 88' lang='lat' dir='ltr'><strong>morem</strong></span> <span class='ocrx_word' id='word_1_1061' title='bbox 2703 4865 2917 4918; x_wconf 79' lang='lat' dir='ltr'><strong>sileant.</strong></span> <span class='ocrx_word' id='word_1_1062' title='bbox 2967 4864 3230 4929; x_wconf 87' lang='lat' dir='ltr'><strong>Quoniam</strong></span> <span class='ocrx_word' id='word_1_1063' title='bbox 3271 4865 3410 4919; x_wconf 90' lang='lat' dir='ltr'><strong>idem</strong></span> <span class='ocrx_word' id='word_1_1064' title='bbox 3460 4863 3565 4919; x_wconf 86' lang='lat' dir='ltr'><strong>Be-</strong></span> 
     </span>
    </p>
   </div>
   <div class='ocr_carea' id='block_1_142' title="bbox 1974 4934 3570 5007">
    <p class='ocr_par' dir='ltr' id='par_1_142' title="bbox 1974 4934 3570 5007">
     <span class='ocr_line' id='line_1_146' title="bbox 1974 4934 3570 5007; baseline 0.001 -16"><span class='ocrx_word' id='word_1_1065' title='bbox 1974 4936 2218 4993; x_wconf 85' lang='lat' dir='ltr'><strong>nedictus</strong></span> <span class='ocrx_word' id='word_1_1066' title='bbox 2246 4935 2512 4990; x_wconf 88' lang='lat' dir='ltr'><strong>licentiam</strong></span> <span class='ocrx_word' id='word_1_1067' title='bbox 2540 4936 2677 5007; x_wconf 86' lang='lat' dir='ltr'><strong>hanc</strong></span> <span class='ocrx_word' id='word_1_1068' title='bbox 2702 4943 2901 5007; x_wconf 60' lang='lat' dir='ltr'><strong>stituta</strong></span> <span class='ocrx_word' id='word_1_1069' title='bbox 2943 4934 3076 4990; x_wconf 87' lang='lat' dir='ltr'><strong>hora</strong></span> <span class='ocrx_word' id='word_1_1070' title='bbox 3120 4936 3171 4990; x_wconf 91' lang='lat' dir='ltr'><strong>in</strong></span> <span class='ocrx_word' id='word_1_1071' title='bbox 3214 4937 3453 5007; x_wconf 88' lang='lat' dir='ltr'><strong>qualibet</strong></span> <span class='ocrx_word' id='word_1_1072' title='bbox 3479 4935 3570 4992; x_wconf 88' lang='lat' dir='ltr'><strong>die</strong></span> 
     </span>
    </p>
   </div>
   <div class='ocr_carea' id='block_1_143' title="bbox 1974 5006 3569 5078">
    <p class='ocr_par' dir='ltr' id='par_1_143' title="bbox 1974 5006 3569 5078">
     <span class='ocr_line' id='line_1_147' title="bbox 1974 5006 3569 5078; baseline -0.001 -16"><span class='ocrx_word' id='word_1_1073' title='bbox 1974 5022 2079 5063; x_wconf 91' lang='lat' dir='ltr'><strong>non</strong></span> <span class='ocrx_word' id='word_1_1074' title='bbox 2114 5008 2436 5076; x_wconf 73' lang='lat' dir='ltr'><strong>przefiserat,</strong></span> <span class='ocrx_word' id='word_1_1075' title='bbox 2474 5006 2568 5062; x_wconf 90' lang='lat' dir='ltr'><strong>sed</strong></span> <span class='ocrx_word' id='word_1_1076' title='bbox 2599 5020 2715 5078; x_wconf 84' lang='lat' dir='ltr'><strong>eam</strong></span> <span class='ocrx_word' id='word_1_1077' title='bbox 2765 5006 2819 5060; x_wconf 90' lang='lat' dir='ltr'><strong>in</strong></span> <span class='ocrx_word' id='word_1_1078' title='bbox 2862 5006 3282 5078; x_wconf 83' lang='lat' dir='ltr'><strong>potestatesua,</strong></span> <span class='ocrx_word' id='word_1_1079' title='bbox 3316 5008 3569 5078; x_wconf 83' lang='lat' dir='ltr'><strong>quemad-</strong></span> 
     </span>
    </p>
   </div>
   <div class='ocr_carea' id='block_1_144' title="bbox 1975 5077 3564 5148">
    <p class='ocr_par' dir='ltr' id='par_1_144' title="bbox 1975 5077 3564 5148">
     <span class='ocr_line' id='line_1_148' title="bbox 1975 5077 3564 5148; baseline -0.001 -15"><span class='ocrx_word' id='word_1_1080' title='bbox 1975 5079 2190 5133; x_wconf 90' lang='lat' dir='ltr'><strong>modum</strong></span> <span class='ocrx_word' id='word_1_1081' title='bbox 2224 5079 2481 5148; x_wconf 89' lang='lat' dir='ltr'><strong>oportuit,</strong></span> <span class='ocrx_word' id='word_1_1082' title='bbox 2508 5077 2771 5143; x_wconf 87' lang='lat' dir='ltr'><strong>habebat;</strong></span> <span class='ocrx_word' id='word_1_1083' title='bbox 2816 5093 2938 5132; x_wconf 90' lang='lat' dir='ltr'><strong>nam</strong></span> <span class='ocrx_word' id='word_1_1084' title='bbox 2969 5077 3242 5134; x_wconf 80' lang='lat' dir='ltr'><strong>licentiam</strong></span> <span class='ocrx_word' id='word_1_1085' title='bbox 3277 5077 3415 5135; x_wconf 85' lang='lat' dir='ltr'><strong>hanc</strong></span> <span class='ocrx_word' id='word_1_1086' title='bbox 3457 5095 3564 5135; x_wconf 90' lang='lat' dir='ltr'><strong>non</strong></span> 
     </span>
    </p>
   </div>
   <div class='ocr_carea' id='block_1_145' title="bbox 1975 5148 3565 5221">
    <p class='ocr_par' dir='ltr' id='par_1_145' title="bbox 1975 5148 3565 5221">
     <span class='ocr_line' id='line_1_149' title="bbox 1975 5148 3565 5221; baseline -0.002 -16"><span class='ocrx_word' id='word_1_1087' title='bbox 1975 5150 2134 5205; x_wconf 86' lang='lat' dir='ltr'><strong>dabat</strong></span> <span class='ocrx_word' id='word_1_1088' title='bbox 2164 5151 2281 5205; x_wconf 89' lang='lat' dir='ltr'><strong>sine</strong></span> <span class='ocrx_word' id='word_1_1089' title='bbox 2321 5149 2464 5217; x_wconf 90' lang='lat' dir='ltr'><strong>justa</strong></span> <span class='ocrx_word' id='word_1_1090' title='bbox 2521 5148 2693 5221; x_wconf 89' lang='lat' dir='ltr'><strong>aliqua</strong></span> <span class='ocrx_word' id='word_1_1091' title='bbox 2750 5148 3090 5221; x_wconf 83' lang='lat' dir='ltr'><strong>necessitate,</strong></span> <span class='ocrx_word' id='word_1_1092' title='bbox 3138 5166 3234 5205; x_wconf 89' lang='lat' dir='ltr'><strong>seu</strong></span> <span class='ocrx_word' id='word_1_1093' title='bbox 3269 5150 3446 5221; x_wconf 89' lang='lat' dir='ltr'><strong>aliqua</strong></span> <span class='ocrx_word' id='word_1_1094' title='bbox 3479 5150 3565 5219; x_wconf 88' lang='lat' dir='ltr'><strong>pia</strong></span> 
     </span>
    </p>
   </div>
   <div class='ocr_carea' id='block_1_146' title="bbox 1975 5220 3570 5291">
    <p class='ocr_par' dir='ltr' id='par_1_146' title="bbox 1975 5220 3570 5291">
     <span class='ocr_line' id='line_1_150' title="bbox 1975 5220 3570 5291; baseline -0.001 -17"><span class='ocrx_word' id='word_1_1095' title='bbox 1975 5221 2199 5277; x_wconf 84' lang='lat' dir='ltr'><strong>utilitate</strong></span> <span class='ocrx_word' id='word_1_1096' title='bbox 2238 5221 2571 5290; x_wconf 78' lang='lat' dir='ltr'><strong>compulsus.</strong></span> <span class='ocrx_word' id='word_1_1097' title='bbox 2621 5220 2873 5275; x_wconf 88' lang='lat' dir='ltr'><strong>Attamen</strong></span> <span class='ocrx_word' id='word_1_1098' title='bbox 2920 5220 3045 5291; x_wconf 90' lang='lat' dir='ltr'><strong>quia</strong></span> <span class='ocrx_word' id='word_1_1099' title='bbox 3092 5220 3445 5276; x_wconf 82' lang='lat' dir='ltr'><strong>inhumanum</strong></span> <span class='ocrx_word' id='word_1_1100' title='bbox 3485 5228 3570 5275; x_wconf 88' lang='lat' dir='ltr'><strong>est</strong></span> 
     </span>
    </p>
   </div>
   <div class='ocr_carea' id='block_1_147' title="bbox 1975 5290 3577 5361">
    <p class='ocr_par' dir='ltr' id='par_1_147' title="bbox 1975 5290 3577 5361">
     <span class='ocr_line' id='line_1_151' title="bbox 1975 5290 3577 5361; baseline -0.002 -15"><span class='ocrx_word' id='word_1_1101' title='bbox 1975 5294 2245 5348; x_wconf 87' lang='lat' dir='ltr'><strong>hominem</strong></span> <span class='ocrx_word' id='word_1_1102' title='bbox 2276 5296 2329 5346; x_wconf 88' lang='lat' dir='ltr'><strong>in</strong></span> <span class='ocrx_word' id='word_1_1103' title='bbox 2359 5292 2722 5347; x_wconf 83' lang='lat' dir='ltr'><strong>taciturnitate</strong></span> <span class='ocrx_word' id='word_1_1104' title='bbox 2750 5290 2965 5361; x_wconf 85' lang='lat' dir='ltr'><strong>semper</strong></span> <span class='ocrx_word' id='word_1_1105' title='bbox 2990 5306 3132 5360; x_wconf 88' lang='lat' dir='ltr'><strong>esse,</strong></span> <span class='ocrx_word' id='word_1_1106' title='bbox 3164 5302 3217 5347; x_wconf 89' lang='lat' dir='ltr'><strong>et</strong></span> <span class='ocrx_word' id='word_1_1107' title='bbox 3241 5310 3346 5348; x_wconf 90' lang='lat' dir='ltr'><strong>non</strong></span> <span class='ocrx_word' id='word_1_1108' title='bbox 3380 5290 3525 5359; x_wconf 85' lang='lat' dir='ltr'><strong>loqui</strong></span> <span class='ocrx_word' id='word_1_1109' title='bbox 3548 5316 3577 5355; x_wconf 60' lang='grc' dir='ltr'><strong>,ρ</strong></span> 
     </span>
    </p>
   </div>
   <div class='ocr_carea' id='block_1_148' title="bbox 1974 5361 3561 5421">
    <p class='ocr_par' dir='ltr' id='par_1_148' title="bbox 1974 5361 3561 5421">
     <span class='ocr_line' id='line_1_152' title="bbox 1974 5361 3561 5421; baseline -0.003 -2"><span class='ocrx_word' id='word_1_1110' title='bbox 1974 5365 2117 5421; x_wconf 88' lang='lat' dir='ltr'><strong>idem</strong></span> <span class='ocrx_word' id='word_1_1111' title='bbox 2151 5362 2309 5419; x_wconf 88' lang='lat' dir='ltr'><strong>Pater</strong></span> <span class='ocrx_word' id='word_1_1112' title='bbox 2349 5364 2400 5418; x_wconf 92' lang='lat' dir='ltr'><strong>in</strong></span> <span class='ocrx_word' id='word_1_1113' title='bbox 2425 5371 2687 5421; x_wconf 78' lang='lat' dir='ltr'><strong>potestate</strong></span> <span class='ocrx_word' id='word_1_1114' title='bbox 2719 5374 2772 5417; x_wconf 91' lang='lat' dir='ltr'><strong>et</strong></span> <span class='ocrx_word' id='word_1_1115' title='bbox 2803 5363 3127 5418; x_wconf 90' lang='lat' dir='ltr'><strong>discretione</strong></span> <span class='ocrx_word' id='word_1_1116' title='bbox 3153 5364 3360 5418; x_wconf 87' lang='lat' dir='ltr'><strong>abbatis</strong></span> <span class='ocrx_word' id='word_1_1117' title='bbox 3383 5361 3561 5415; x_wconf 87' lang='lat' dir='ltr'><strong>dimit-</strong></span> 
     </span>
    </p>
   </div>
   <div class='ocr_carea' id='block_1_149' title="bbox 1974 5432 3564 5506">
    <p class='ocr_par' dir='ltr' id='par_1_149' title="bbox 1974 5432 3564 5506">
     <span class='ocr_line' id='line_1_153' title="bbox 1974 5432 3564 5506; baseline -0.004 -16"><span class='ocrx_word' id='word_1_1118' title='bbox 1974 5436 2057 5503; x_wconf 90' lang='lat' dir='ltr'><strong>tit,</strong></span> <span class='ocrx_word' id='word_1_1119' title='bbox 2087 5432 2535 5506; x_wconf 86' lang='lat' dir='ltr'><strong>quemadmodum</strong></span> <span class='ocrx_word' id='word_1_1120' title='bbox 2564 5436 2664 5489; x_wconf 89' lang='lat' dir='ltr'><strong>alia</strong></span> <span class='ocrx_word' id='word_1_1121' title='bbox 2698 5435 2927 5503; x_wconf 89' lang='lat' dir='ltr'><strong>plurima</strong></span> <span class='ocrx_word' id='word_1_1122' title='bbox 2943 5435 2993 5489; x_wconf 88' lang='lat' dir='ltr'><strong>ei</strong></span> <span class='ocrx_word' id='word_1_1123' title='bbox 3017 5436 3285 5499; x_wconf 82' lang='lat' dir='ltr'><strong>concedit,</strong></span> <span class='ocrx_word' id='word_1_1124' title='bbox 3317 5444 3369 5487; x_wconf 91' lang='lat' dir='ltr'><strong>ut</strong></span> <span class='ocrx_word' id='word_1_1125' title='bbox 3400 5432 3564 5506; x_wconf 42' lang='lat' dir='ltr'><strong>discif</strong></span> 
     </span>
    </p>
   </div>
   <div class='ocr_carea' id='block_1_150' title="bbox 1974 5502 3568 5578">
    <p class='ocr_par' dir='ltr' id='par_1_150' title="bbox 1974 5502 3568 5578">
     <span class='ocr_line' id='line_1_154' title="bbox 1974 5502 3568 5578; baseline -0.004 -16"><span class='ocrx_word' id='word_1_1126' title='bbox 1974 5502 2119 5578; x_wconf 76' lang='lat' dir='ltr'><strong>pulis</strong></span> <span class='ocrx_word' id='word_1_1127' title='bbox 2157 5508 2268 5562; x_wconf 87' lang='lat' dir='ltr'><strong>suis</strong></span> <span class='ocrx_word' id='word_1_1128' title='bbox 2313 5507 2497 5560; x_wconf 85' lang='lat' dir='ltr'><strong>horam</strong></span> <span class='ocrx_word' id='word_1_1129' title='bbox 2538 5502 2932 5575; x_wconf 79' lang='lat' dir='ltr'><strong>conipetentem</strong></span> <span class='ocrx_word' id='word_1_1130' title='bbox 2964 5507 3263 5578; x_wconf 80' lang='lat' dir='ltr'><strong>provideat,</strong></span> <span class='ocrx_word' id='word_1_1131' title='bbox 3307 5519 3409 5578; x_wconf 82' lang='lat' dir='ltr'><strong>qua</strong></span> <span class='ocrx_word' id='word_1_1132' title='bbox 3463 5502 3568 5578; x_wconf 83' lang='lat' dir='ltr'><strong>ipsi</strong></span> 
     </span>
    </p>
   </div>
   <div class='ocr_carea' id='block_1_151' title="bbox 1976 5574 3566 5649">
    <p class='ocr_par' dir='ltr' id='par_1_151' title="bbox 1976 5574 3566 5649">
     <span class='ocr_line' id='line_1_155' title="bbox 1976 5574 3566 5649; baseline -0.004 -16"><span class='ocrx_word' id='word_1_1133' title='bbox 1976 5574 2089 5634; x_wconf 74' lang='lat' dir='ltr'><strong>lucc</strong></span> <span class='ocrx_word' id='word_1_1134' title='bbox 2116 5592 2234 5649; x_wconf 59' lang='lat' dir='ltr'><strong>quae</strong></span> <span class='ocrx_word' id='word_1_1135' title='bbox 2264 5584 2485 5633; x_wconf 88' lang='lat' dir='ltr'><strong>honesta</strong></span> <span class='ocrx_word' id='word_1_1136' title='bbox 2529 5588 2583 5633; x_wconf 91' lang='lat' dir='ltr'><strong>et</strong></span> <span class='ocrx_word' id='word_1_1137' title='bbox 2611 5574 2913 5649; x_wconf 69' lang='lat' dir='ltr'><strong>necessaria</strong></span> <span class='ocrx_word' id='word_1_1138' title='bbox 2953 5574 3077 5649; x_wconf 82' lang='lat' dir='ltr'><strong>sunt</strong></span> <span class='ocrx_word' id='word_1_1139' title='bbox 3119 5574 3460 5649; x_wconf 26' lang='lat' dir='ltr'><strong>ad‘invicem</strong></span> <span class='ocrx_word' id='word_1_1140' title='bbox 3484 5575 3566 5627; x_wconf 90' lang='lat' dir='ltr'><strong>lo-</strong></span> 
     </span>
    </p>
   </div>
   <div class='ocr_carea' id='block_1_152' title="bbox 1972 5644 3567 5721">
    <p class='ocr_par' dir='ltr' id='par_1_152' title="bbox 1972 5644 3567 5721">
     <span class='ocr_line' id='line_1_156' title="bbox 1972 5644 3567 5721; baseline -0.004 -16"><span class='ocrx_word' id='word_1_1141' title='bbox 1972 5644 2224 5721; x_wconf 57' lang='lat' dir='ltr'><strong>quant&#39;ur.</strong></span> <span class='ocrx_word' id='word_1_1142' title='bbox 2250 5660 2302 5705; x_wconf 84' lang='lat' dir='ltr'><strong>et</strong></span> <span class='ocrx_word' id='word_1_1143' title='bbox 2334 5666 2400 5705; x_wconf 88' lang='lat' dir='ltr'><strong>ne</strong></span> <span class='ocrx_word' id='word_1_1144' title='bbox 2431 5650 2485 5703; x_wconf 90' lang='lat' dir='ltr'><strong>in</strong></span> <span class='ocrx_word' id='word_1_1145' title='bbox 2514 5651 2806 5721; x_wconf 85' lang='lat' dir='ltr'><strong>indiscreto</strong></span> <span class='ocrx_word' id='word_1_1146' title='bbox 2855 5648 3067 5721; x_wconf 75' lang='lat' dir='ltr'><strong>Silentia</strong></span> <span class='ocrx_word' id='word_1_1147' title='bbox 3113 5644 3273 5721; x_wconf 70' lang='lat' dir='ltr'><strong>tmdio</strong></span> <span class='ocrx_word' id='word_1_1148' title='bbox 3324 5644 3567 5721; x_wconf 75' lang='lat' dir='ltr'><strong>affician-</strong></span> 
     </span>
    </p>
   </div>
   <div class='ocr_carea' id='block_1_153' title="bbox 1972 5716 3561 5791">
    <p class='ocr_par' dir='ltr' id='par_1_153' title="bbox 1972 5716 3561 5791">
     <span class='ocr_line' id='line_1_157' title="bbox 1972 5716 3561 5791; baseline -0.005 -14"><span class='ocrx_word' id='word_1_1149' title='bbox 1972 5716 2096 5789; x_wconf 48' lang='lat' dir='ltr'><strong>t&#39;ur;</strong></span> <span class='ocrx_word' id='word_1_1150' title='bbox 2154 5726 2404 5791; x_wconf 87' lang='lat' dir='ltr'><strong>quoniam</strong></span> <span class='ocrx_word' id='word_1_1151' title='bbox 2467 5732 2586 5790; x_wconf 91' lang='lat' dir='ltr'><strong>post</strong></span> <span class='ocrx_word' id='word_1_1152' title='bbox 2643 5719 2951 5789; x_wconf 88' lang='lat' dir='ltr'><strong>hujusmodi</strong></span> <span class='ocrx_word' id='word_1_1153' title='bbox 3025 5716 3561 5791; x_wconf 81' lang='lat' dir='ltr'><strong>loquendi_invicem</strong></span> 
     </span>
    </p>
   </div>
   <div class='ocr_carea' id='block_1_154' title="bbox 1973 5786 3567 5864">
    <p class='ocr_par' dir='ltr' id='par_1_154' title="bbox 1973 5786 3567 5864">
     <span class='ocr_line' id='line_1_158' title="bbox 1973 5786 3567 5864; baseline -0.006 -15"><span class='ocrx_word' id='word_1_1154' title='bbox 1973 5786 2407 5864; x_wconf 62' lang='lat' dir='ltr'><strong>perinisSionem,</strong></span> <span class='ocrx_word' id='word_1_1155' title='bbox 2452 5786 2861 5847; x_wconf 76' lang='lat' dir='ltr'><strong>conveniendus</strong></span> <span class='ocrx_word' id='word_1_1156' title='bbox 2885 5799 2945 5864; x_wconf 83' lang='lat' dir='ltr'><strong>_et</strong></span> <span class='ocrx_word' id='word_1_1157' title='bbox 2971 5787 3212 5841; x_wconf 85' lang='lat' dir='ltr'><strong>severius</strong></span> <span class='ocrx_word' id='word_1_1158' title='bbox 3243 5786 3567 5864; x_wconf 85' lang='lat' dir='ltr'><strong>ad_tacitur-</strong></span> 
     </span>
    </p>
   </div>
   <div class='ocr_carea' id='block_1_155' title="bbox 1973 5860 3566 5930">
    <p class='ocr_par' dir='ltr' id='par_1_155' title="bbox 1973 5860 3566 5930">
     <span class='ocr_line' id='line_1_159' title="bbox 1973 5860 3566 5930; baseline -0.005 -10"><span class='ocrx_word' id='word_1_1159' title='bbox 1973 5860 2197 5925; x_wconf 75' lang='lat' dir='ltr'><strong>nitatem</strong></span> <span class='ocrx_word' id='word_1_1160' title='bbox 2250 5864 2528 5920; x_wconf 87' lang='lat' dir='ltr'><strong>admoneri</strong></span> <span class='ocrx_word' id='word_1_1161' title='bbox 2571 5872 2625 5920; x_wconf 89' lang='lat' dir='ltr'><strong>et</strong></span> <span class='ocrx_word' id='word_1_1162' title='bbox 2661 5860 2899 5918; x_wconf 86' lang='lat' dir='ltr'><strong>coerceri</strong></span> <span class='ocrx_word' id='word_1_1163' title='bbox 2933 5866 3202 5930; x_wconf 83' lang='lat' dir='ltr'><strong>poterunt.</strong></span> <span class='ocrx_word' id='word_1_1164' title='bbox 3242 5878 3260 5911; x_wconf 71' lang='grc' dir='ltr'><strong><em>υ</em></strong></span> <span class='ocrx_word' id='word_1_1165' title='bbox 3295 5860 3566 5914; x_wconf 67' lang='lat' dir='ltr'><strong>llaatenus</strong></span> 
     </span>
    </p>
   </div>
  </div>
