4074 6356
546 323 650 377 πθ

1904 317 1960 372 S.
2001 317 2064 373 Ρ.
2106 316 2459 374 BENEDICTI

3750 311 3879 365 δα

544 442 600 492 S.
649 430 1001 504 Hildegardis,
1044 428 1196 498 cujus
1242 444 1309 484 ex
1352 428 1530 484 verbis
1563 429 1663 484 tria
1692 426 1953 497 colligere
1985 444 2115 497 pos-
2146 432 2199 491 Α
2228 431 2467 509 ΙὸΙὶδρ
2515 428 2650 483 Hist.
2689 424 2942 509 bleubrig.
2984 420 3112 477 Vide
3142 420 3207 477 S.
3237 420 3494 509 Stephani
3528 422 3720 478 Obaz.
3762 425 3851 480 Vi

544 522 752 565 sumus.

624 578 778 649 181
809 575 1068 649 Primum,
1099 572 1299 649 nullum
1324 587 1388 626 ex
1414 571 1613 649 Regula
1641 573 1801 625 fixum
1831 578 2117 649 aestatum

548 641 868 705 ess-ciuium
897 643 1145 713 colloquii
1178 654 1383 708 tempus
1423 641 1771 712 asSignatum,
1821 642 1913 695 sed
1968 641 2121 713 quasi

550 729 862 788 perpetuum
893 712 1449 788 monacliis‘indictum
1477 728 1597 788 esse
1638 713 1943 788 silentium;
1983 712 2126 788 unde

548 782 820 845 Cilbertus
845 788 911 840 de
942 783 1233 839 Hoillaudia
1274 784 1469 855 (Serm.
1514 784 1544 836 7
1576 786 1627 835 in
1671 782 1848 852 Cant.)
1896 801 1915 855 :7
1941 802 1958 833 ι
1995 784 2128 855 λΜο..

550 862 845 915 narbormn
895 866 997 919 est,
1050 855 1238 924 inquit,
1287 853 1397 908 non
1427 855 1773 924 colloquium,
1826 854 1921 908 sed
1962 853 2129 908 silen-

551 930 703 984 tium.
741 948 759 981 ι
797 929 859 984 Et
887 941 1017 980 sane
1056 923 1429 995 (Egyptiormn
1464 923 1846 979 monachorum
1880 924 2127 991 vestigiis

550 1010 805 1069 quantum
828 999 994 1067 potuit
1015 995 1073 1050 S.
1104 996 1259 1069 Pater
1288 996 1519 1058 inhaesit,
1549 995 1657 1063 qui,
1680 1003 1735 1069 ιιι
1755 1003 1977 1069 testatur
2002 998 2131 1069 Cas-

550 1064 775 1133 sianus,
829 1064 1088 1137 perpetuo
1161 1068 1446 1137 silebant;
1492 1081 1613 1118 nam
1637 1084 1662 1137 ι
1702 1064 1865 1137 finitis
1898 1106 1912 1129 ,
1960 1066 2132 1137 inquit

552 1135 845 1195 CaSsianus
890 1136 1029 1207 (Lib.
1083 1152 1151 1202 tt,
1205 1154 1319 1206 cap.
1379 1135 1487 1204 15),
1536 1136 1791 1205 psalmis,
1844 1144 1897 1190 et
1953 1136 2130 1203 quoti-

554 1211 712 1264 diana
756 1208 1198 1277 congregatione,
1252 1208 1392 1261 sicut
1444 1207 1688 1275 superius
1741 1220 2133 1277 commemora-

552 1280 744 1346 vimus,
788 1276 1028 1334 abSoluta
1065 1320 1079 1340 ,
1144 1278 1321 1330 nulltts
1369 1291 1556 1330 eorum
1612 1277 1694 1329 vel
1749 1277 1814 1329 ad
1863 1276 2133 1330 modicum

552 1353 865 1413 subsustere,
916 1359 1005 1402 aut
1050 1348 1380 1401 sermocinari
1418 1349 1585 1414 laudet
1630 1363 1745 1399 cum
1804 1348 1991 1410 altera;
2036 1346 2133 1399 sed

553 1424 835 1486 nequidem
872 1436 966 1486 per
999 1429 1165 1472 totum
1198 1418 1305 1472 diei
1350 1421 1580 1486 spatium
1630 1434 1662 1471 e
1705 1418 1837 1473 cella
1870 1433 1963 1468 sua
2009 1430 2132 1484 pro-

552 1493 743 1562 gredi,
796 1500 887 1544 aut
940 1489 1193 1543 deserere
1241 1504 1388 1562 Opus
1423 1488 1672 1562 quodin
1724 1504 1787 1562 ea
1837 1487 2027 1562 solitus
2051 1495 2135 1562 est

560 1556 841 1622 Exercere,
872 1569 1146 1629 prtcsuintt
1171 1576 1184 1622 ;
1209 1556 1349 1627 quod
1380 1556 1454 1612 ita
1476 1559 1694 1629 explent
1717 1559 1857 1611 fores
1879 1556 2131 1628 ingressi,

555 1644 610 1687 ut
671 1635 812 1686 nulla
862 1634 993 1683 inter
1040 1646 1124 1683 eos
1173 1632 1531 1683 sermocinatio
1579 1632 1779 1697 penitus
1809 1630 2072 1681 audiatur.
2109 1646 2129 1677 ι

554 1703 740 1757 Refert
766 1704 927 1757 etiam
963 1701 1227 1755 Palladius
1253 1701 1318 1755 de
1345 1701 1535 1755 abbate
1564 1701 1782 1753 'l‘beona
1808 1698 1989 1769 (Laus.
2015 1714 2132 1767 cap.

554 1772 624 1828 50
644 1784 691 1827 et
718 1772 831 1843 85),
868 1771 1007 1839 quod
1039 1772 1250 1840 triginta
1274 1771 1509 1840 quinque
1535 1772 1689 1843 annis
1719 1772 1956 1832 siluerit;
1987 1770 2137 1843 etde

556 1840 1033 1909 quadatn'virgine,
1086 1843 1225 1909 quod
1272 1858 1426 1895 anuis
1461 1841 1905 1909 vigintiquinque
1933 1840 2131 1894 nemini

554 1914 814 1967 collocuta
843 1914 931 1967 sit.
970 1932 986 1961 ι
1046 1912 1303 1966 Dicebant
1330 1914 1490 1965 etiam
1524 1911 1695 1978 (Tom.
1729 1914 1742 1964 l
1785 1911 1931 1964 Mou.
1983 1909 2129 1963 Eccl.

557 1984 747 2046 (Irrue,
781 2000 898 2053 pag.
928 1984 1053 2050 δη)
1086 1984 1152 2036 de
1178 1983 1370 2037 abbate
1418 1985 1697 2049 Agathone
1745 1999 1838 2050 per
1877 1993 1989 2036 tres
2018 1998 2137 2053 ran-

561 2070 657 2107 nos
679 2055 826 2108 illum
852 2052 1101 2122 lapidem
1132 2069 1226 2109 ore
1261 2064 1500 2123 gestasse
1521 2055 1691 2108 donec
1730 2055 1889 2108 silere
1919 2052 2136 2107 didicis-

556 2136 654 2179 set.
688 2144 705 2175 ι
735 2126 839 2179 Sed
864 2127 960 2177 hos
989 2141 1176 2178 omnes
1221 2127 1492 2193 superavit
1513 2124 1746 2179 Joannes
1780 2136 2138 2193 cognomento

555 2196 908 2258 Silentiarius,
938 2196 1028 2263 qui
1055 2211 1118 2248 ex
1147 2196 1400 2264 episcopo
1425 2198 1594 2249 factus
1623 2198 1941 2260 monachus,
1990 2203 2136 2247 totos

555 2266 899 2332 quadraginta
935 2274 1140 2334 septem
1173 2282 1342 2318 annos
1394 2268 1443 2319 in
1494 2267 1704 2319 silentio
1734 2268 1933 2327 exerit.
1991 2265 2133 2330 Quid

556 2336 625 2391 de
670 2337 883 2406 Virgine
935 2336 1158 2405 Deipara
1217 2338 1421 2399 loquar,
1474 2352 1615 2400 ιιιιιῐι,
1658 2348 1710 2389 ιιι
1742 2346 1892 2388 notat
1942 2336 2131 2387 doctor

554 2407 839 2462 melliﬂuus
855 2408 1051 2475 (Serm.
1077 2408 1131 2458 in
1154 2406 1405 2458 Dominic.
1433 2406 1571 2473 infra
1585 2415 1684 2458 ort.
1704 2406 2013 2473 Assumpt.),
2033 2421 2137 2457 nun

553 2478 656 2532 nisi
684 2487 872 2544 quater
903 2479 954 2530 in
989 2486 1101 2530 toto
1135 2477 1539 2544 Evangeliorum
1572 2480 1799 2529 decursu
1838 2476 2012 2529 locuta
2060 2476 2140 2528 leo

553 2550 725 2618 gitur?
760 2547 1345 2618 Hujusmodirexempla
1377 2548 1439 2597 ad
1474 2548 1822 2600 imitationem
1865 2546 2136 2618 proposita

554 2616 830 2684 discipulis
864 2619 1017 2681 Lhaud
1064 2617 1282 2670 dubium
1318 2618 1482 2670 voluit
1526 2631 1645 2670 ess-2
1692 2629 1907 2670 sanctus
1958 2616 2139 2678 Pater,

557 2704 679 2743 cum
711 2690 910 2742 nullum
961 2690 1013 2741 in
1070 2688 1266 2753 Regula
1300 2698 1507 2756 tempus
1540 2689 1784 2756 loquendi
1821 2689 2139 2755 proposuit:

556 2758 713 2829 cujus
752 2760 890 2812 votis
928 2768 985 2810 ut
1012 2759 1447 2829 obsecundarent
1472 2759 1806 2811 dilectissimi
1850 2758 2142 2811 liliiconti-

558 2828 723 2884 nuum
758 2844 893 2896 pene
935 2829 985 2882 in
1014 2831 1277 2884 caenobiis
1305 2828 1576 2883 silentium
1608 2830 1894 2882 observare
1924 2831 2140 2881 studue-

555 2911 703 2955 runt.
748 2900 855 2953 Hos
884 2900 1021 2952 inter
1050 2899 1290 2953 euituere
1321 2915 1429 2967 prae
1460 2899 1712 2953 oumihus
1758 2899 2140 2953 Cluniaceuses

562 2972 836 3033 monachi,
860 2974 947 3038 qui
979 2970 1080 3024 sibi
1104 2971 1253 3038 quasi
1298 2973 1353 3023 in
1384 2983 1695 3040 perpetuum
1729 2986 1822 3022 ore
1854 2972 2138 3036 prmcluso,

552 3056 742 3095 manus
767 3042 821 3093 in
853 3040 1061 3111 linguas
1103 3054 1463 3095 commutasse
1503 3041 1839 3100 videbantur,
1873 3039 2139 3092 adinvcn-—

554 3112 623 3167 tis
650 3113 817 3183 signis
837 3114 866 3145 "
895 3115 1110 3181 quibus,
1139 3112 1264 3183 dum
1294 3115 1473 3177 lingua
1502 3120 1725 3172 taceret,
1750 3126 1867 3183 quae
1900 3125 2142 3163 necessa-

554 3183 635 3236 rio
684 3183 1001 3250 requirenda
1041 3191 1194 3235 erant
1232 3182 1458 3236 invicem
1513 3182 1903 3250 exprimebaut.
1939 3187 2006 3233 At
2035 3197 2139 3233 nou

557 3256 675 3308 sine
726 3255 1083 3307 admiratione
1119 3256 1294 3322 legere
1326 3267 1607 3318 possumus
1646 3252 1788 3321 quod
1841 3253 1907 3304 de
1933 3252 2139 3305 Cister-

552 3324 822 3378 cicnsium
864 3324 1079 3377 silentio
1108 3326 1294 3375 scribit
1321 3323 1637 3377 Guillelmus
1664 3324 1827 3376 abbas
1871 3322 1927 3375 S.
1964 3324 2139 3374 'l'bco-

553 3394 721 3449 derici
764 3396 817 3448 in
859 3394 997 3447 libro
1026 3410 1040 3447 t
1071 3393 1137 3448 de
1171 3394 1283 3447 Vita
1316 3395 1372 3447 5.
1404 3393 1682 3459 Bernardi,
1717 3408 1835 3463 cap.
1888 3395 1938 3444 7.
1980 3411 1995 3439 ι
2041 3393 2141 3445 Dc-

555 3467 717 3534 nique
745 3465 798 3518 in
827 3465 964 3518 valle
996 3464 1083 3518 illa
1117 3466 1269 3531 plena
1325 3464 1618 3527 hominum,
1676 3467 1727 3518 in
1785 3480 1886 3532 qua
1935 3465 2137 3519 nemini

551 3538 785 3590 otiosum
807 3550 925 3588 esse
952 3536 1163 3600 licebat,
1189 3536 1434 3589 omnibus
1457 3536 1841 3597 laborantibus,
1869 3546 1921 3587 et
1953 3535 2138 3602 singu-

555 3606 625 3659 iis
663 3607 809 3660 circa
853 3604 1092 3673 injuncta
1129 3608 1419 3673 occupatis,
1470 3607 1643 3667 media
1674 3606 1761 3660 dic
1813 3604 2001 3659 media:
2043 3622 2137 3658 no-

556 3676 660 3730 ctis
698 3674 969 3728 silentium
1008 3691 1039 3729 ιι
1069 3678 1575 3745 supervenientibus
1602 3678 1970 3732 inveniebatur
2004 3692 2138 3741 pne-

557 3754 644 3800 ter
665 3745 909 3799 laborum
954 3746 1181 3811 sonitus,
1215 3748 1295 3800 Vel
1337 3749 1382 3801 si
1432 3749 1623 3802 fratres
1664 3750 1714 3801 in
1764 3746 2011 3800 laudibus
2045 3746 2135 3801 Dei

554 3825 964 3883 occuparentur.
996 3819 1159 3887 Porro
1186 3818 1381 3871 silentii
1416 3820 1581 3887 ipsius
1610 3819 1743 3873 ordo
1769 3834 1819 3872 et
1855 3819 1991 3869 lauta
2022 3828 2135 3870 tm-

556 3894 662 3941 tam
688 3887 847 3940 etiam
887 3886 1023 3953 apud
1075 3889 1363 3943 saeculares
1412 3886 1654 3944 homines
1694 3889 2137 3956 supervenientes

552 3959 634 4012 sui
666 3958 889 4011 iaciebat
914 3960 1285 4025 reverentiam,
1317 3970 1372 4013 ut
1396 3971 1449 4014 et
1481 3964 1580 4028 ipsi
1614 3976 1718 4015 non
1742 3961 1914 4013 dicant
1950 3974 2130 4025 prava,

554 4030 642 4083 vel
690 4028 882 4101 otiosa,
921 4030 1013 4082 sed
1045 4030 1245 4098 aliquid
1291 4032 1451 4084 etiam
1481 4033 1622 4101 quod
1653 4033 1716 4084 ad
1742 4048 1851 4084 rem
1879 4046 1983 4082 non
2011 4032 2137 4083 atti-

556 4110 731 4164 neret,
762 4099 835 4153 ibi
868 4101 1011 4169 loqui
1039 4112 1373 4156 vererentur.
1418 4123 1434 4152 ι
1467 4099 1590 4155 llaec
1618 4103 1900 4156 confirmat
1931 4102 2044 4169 ipse
2073 4102 2128 4156 S.

553 4170 854 4225 Bernardus
878 4186 997 4225 cum
1025 4186 1151 4225 suos
1172 4177 1432 4241 hortatur,
1467 4184 1522 4226 ut
1546 4175 1741 4227 bonum
1770 4173 1868 4225 sibi
1901 4172 2131 4225 invicem

554 4242 744 4297 darent
764 4243 1082 4305 consdtutn;
1114 4252 1169 4297 et
1216 4245 1314 4297 hac
1362 4245 1459 4297 sibi
1493 4248 1763 4313 preposita
1790 4244 2130 4311 objectioue:

557 4329 577 4363 ι
615 4313 766 4379 Quod
810 4327 910 4382 ego
951 4313 1235 4366 censilium
1276 4314 1415 4367 dabo
1467 4316 1637 4381 fratri,
1685 4317 1768 4368 cui
1813 4331 1911 4368 nec
1968 4329 2131 4367 unum

552 4384 768 4452 quidem
798 4384 1017 4436 verbum
1045 4383 1224 4438 dicere
1247 4384 1324 4438 las
1350 4396 1431 4438 est
1477 4388 1677 4453 absque
1704 4385 1955 4439 licentia?
1988 4402 2006 4433 ι
2049 4400 2133 4437 re-

552 4453 814 4521 spondet,
840 4463 894 4504 ut
916 4458 1195 4507 consulant
1233 4455 1382 4507 fratri
1416 4473 1433 4504 ι
1473 4471 1578 4508 non
1611 4457 1792 4520 verbo,
1825 4470 1997 4521 neque
2032 4455 2145 4508 Iin-r

552 4536 678 4594 gua,
704 4524 803 4594 sed
827 4538 989 4592 opere
1019 4528 1346 4594 etveritate.
1386 4545 1404 4576 ι
1440 4526 1581 4577 bono
1630 4527 1833 4579 scilicet
1857 4526 2127 4593 exemplo.

559 4593 734 4649 Simili
759 4593 871 4647 fere
892 4593 1090 4648 silentii
1116 4598 1400 4650 severitate
1421 4595 1641 4663 hujusce
1667 4597 1845 4649 saeculi
1872 4597 2133 4664 principio

550 4677 611 4720 se
644 4664 998 4719 devinxeruut
1035 4665 1315 4721 strictioris
1364 4667 1722 4720 oh~ervantiaz
1780 4668 1830 4719 in
1882 4668 2132 4735 lltspanta

549 4736 985 4790 sanctimoniales
1036 4736 1239 4790 ordinis
1301 4736 1691 4793 Cistercieusis.
1751 4738 1855 4790 Sed
1919 4753 2133 4793 onmem

549 4818 770 4876 prorsus
794 4812 914 4860 hom
940 4821 1065 4861 num
1092 4807 1466 4875 cogitationem
1485 4823 1735 4875 superare
1764 4808 1968 4863 videtur
1995 4810 2134 4877 quod

551 4880 620 4931 de
677 4878 1105 4933 Fontis-Ebraldi
1158 4878 1653 4933 sanctimonialibus
1696 4879 1879 4933 scribit
1934 4880 2131 4935 Wiltel-

549 4961 669 5023 mus
724 4948 1211 5003 Maltncsburieusis
1248 4947 1382 5023 (Lib.
1425 4965 1458 5023 _v
1514 4948 1575 5000 de
1633 4950 1849 5023 Regibus
1898 4951 2133 5023 Angl.):

560 5035 577 5068 ι
634 5018 836 5073 l’raner
885 5028 1200 5073 caeterarum
1258 5018 1638 5073 ‘illecebrarmu
1711 5018 2124 5089 abdicationem,

552 5090 869 5159 quantulum
921 5091 1050 5146 illud
1082 5101 1187 5155 est,
1218 5092 1373 5164 quod
1406 5092 1456 5144 in
1514 5092 1657 5164 nullo
1709 5095 1861 5164 182
1894 5096 2011 5147 loco
2047 5097 2127 5148 lo—

550 5170 783 5234 quantur
809 5170 1006 5234 praeter
1034 5161 1368 5234 in‘capitulo,
1399 5162 1668 5231 proposita
1697 5161 2007 5232 a'tiiaqgistro
2037 5180 2128 5234 pe-

548 5230 734 5302 rennis
766 5231 1137 5286 taciturnitatis
1188 5234 1399 5298 regula,
1444 5230 1566 5302 quia
1617 5235 1781 5289 semel
1837 5230 2010 5289 laxato
2037 5230 2128 5289 'si-

552 5299 722 5356 lentio
743 5302 953 5357 femina:
976 5318 1160 5373 pronae
1191 5314 1315 5358 sunt
1343 5304 1408 5358 ad
1430 5299 1815 5359 nittssitauduin
1850 5306 2072 5371 frivola;
2104 5326 2121 5357 ι

549 5374 794 5440 quamvis
820 5386 1033 5442 postea,
1068 5374 1167 5429 hoc
1192 5386 1272 5429 est
1309 5391 1450 5429 anno
1490 5376 1645 5437 1450,
1683 5378 1796 5430 lucc
1824 5377 2019 5430 silentii
2050 5380 2131 5429 di-

552 5443 758 5498 suictio
802 5446 1121 5500 auctoritate
1162 5448 1354 5500 summi
1404 5448 1671 5516 pootilicis
1715 5447 1784 5499 ita
1835 5459 2127 5514 temperata

551 5522 650 5587 est,
690 5533 709 5587 ς
744 5526 799 5569 ιιι
828 5517 986 5570 liceat
1007 5517 1148 5585 loqui
1180 5528 1297 5587 post
1324 5534 1529 5586 preces,
1561 5531 1617 5571 ιιι
1647 5530 1861 5582 vocant,
1894 5533 2127 5585 primas;

552 5584 746 5658 deinde
777 5596 893 5655 post
936 5584 1143 5658 signum
1175 5584 1239 5642 ad
1283 5584 1518 5644 laborent
1562 5593 1775 5649 factum,
1822 5608 1838 5638 ι
1878 5592 2131 5656 quoniad-

552 5655 769 5711 modum
797 5655 1047 5713 observat
1085 5658 1317 5715 Joannes
1361 5660 1610 5716 l’icardus
1644 5662 1694 5714 in
1743 5655 1975 5714 notis'ad
2005 5674 2128 5729 cap.

2159 4563 2212 4623 D

2231 511 2360 561 tam,
2390 500 2483 554 lib.
2517 515 2567 561 ι.
2600 514 2655 551 ιι.
2688 499 2744 551 9.

2642 540 2899 635 Qbamvis
2912 565 3117 619 nullum
3133 563 3333 634 Regula
3352 567 3739 621 determinabit
3758 566 3875 623 de»

2228 642 2399 713 signet
2424 654 2630 709 tempus
2654 653 2760 713 quo
2782 638 2976 713 fratres
2997 637 3134 713 inter
3152 651 3211 690 se
3238 638 3609 713 conveniant,_
3630 654 3875 713 conve-

2229 707 2462 770 nientius
2488 707 2663 766 tamen
2696 709 2825 778 ipsis
2844 707 3108 762 interdum
3134 708 3330 760 mutuis
3358 708 3651 776 colloquiis
3680 712 3877 762 animi

2230 784 2502 840 relaxandi
2518 780 2895 847 indulgentiam
2917 793 3035 832 esse
3046 778 3441 833 concedendam
3456 793 3473 845 ;
3490 778 3875 832 iit/tunsam":

2232 869 2303 909 es!
2340 856 2475 908 enim
2504 854 2755 907 hominem
2800 867 2852 903 tn
2884 850 3231 903 taciturnitate
3268 866 3463 919 semper
3492 866 3623 914 esse,
3660 859 3721 902 et
3758 867 3875 902 non

2233 926 2401 997 loqui,
2443 925 2613 997 inquit
2642 924 2711 997 8;
2734 919 3089 997 Hildegardis,
3135 920 3401 997 atqueAita
3432 930 3766 997 senserunt
3804 920 3873 975 S.

2234 989 2641 1064 Antonius'ﬂn
2672 991 2891 1046 Constit.
2924 998 3146 1064 manust.
3179 1006 3240 1064 c._
3262 989 3371 1055 1‘2),
3398 1001 3452 1042 et
3477 991 3873 1064 S._‘Basili_trs,

2235 1068 2471 1133 insignes
2491 1059 2651 1119 ambo
2674 1064 2795 1117 vitae
2821 1063 3129 1116 monasticae
3158 1062 3392 1114 cultores
3426 1077 3440 1112 :
3471 1080 3489 1111 ι
3541 1059 3701 1116 Utile
3751 1062 3874 1117 fue-

2234 1140 2306 1193 rit
2335 1139 2501 1205 loqui,
2550 1136 2594 1188 si
2648 1139 2713 1205 de
2736 1138 2941 1205 virtute
2971 1142 3273 1205 opportuno
3319 1140 3563 1205 tempore
3590 1133 3870 1205 dissera-

2238 1218 2343 1275 tur,
2383 1200 2418 1257 ι’
2438 1207 2610 1275 inquit
2636 1202 2986 1275 S.ABasilms._
3019 1203 3086 1256 Et
3113 1200 3507 1275 S.7_antoni_us,
3560 1202 3870 1259 referente

2237 1279 2296 1334 S.
2334 1271 2634 1331 'Atban'asio
2676 1273 2765 1338 (In
2787 1276 2899 1345 ejus
2946 1272 3064 1325 Vita
3093 1271 3283 1345 (.115),
3306 1291 3335 1345 _¢
3374 1272 3589 1327 dicebat
3620 1275 3700 1327 ad
3740 1290 3868 1329 om—

2241 1365 2364 1403 nem
2420 1349 2633 1416 quidem
2691 1342 3062 1398 mandatorum
3128 1342 3465 1416 disciplinam
3524 1347 3867 1412 Scripturas

2238 1434 2398 1489 posse
2434 1414 2706 1479 auflicerc,
2750 1416 2842 1468 sed
2872 1422 2927 1468 et
2970 1417 3070 1489 hoc
3099 1414 3362 1489 optimum
3396 1417 3529 1479 fore,
3563 1417 3611 1469 si
3640 1420 3869 1471 mutuis

2238 1485 2296 1544 se
2329 1491 2555 1542 invicem
2578 1490 2769 1541 fratres
2795 1486 3132 1539 sermonibus
3154 1485 3587 1539 eottsolarentur.
3620 1505 3639 1537 ι
3667 1491 3867 1548 Atque

2240 1577 2357 1615 eam
2403 1560 2569 1613 fuisse
2596 1559 2653 1613 S.
2705 1556 2973 1610 Benedicti
3020 1564 3253 1610 mentem
3283 1564 3446 1623 patet,
3479 1565 3592 1609 tum
3635 1572 3717 1611 ex
3759 1558 3867 1613 hoc

2240 1633 2437 1699 capite,
2470 1646 2578 1700 quo
2605 1628 2804 1697 aliqua,
2838 1627 2962 1700 licet
2991 1643 3114 1678 rara
3141 1626 3390 1700 concedit
3419 1628 3658 1695 eloquia,
3704 1630 3867 1682 vult-

2241 1719 2344 1769 que
2374 1703 2458 1755 ori
2493 1699 2754 1767 exemplo
2802 1699 3082 1769 prophetat
3127 1699 3319 1769 apponi
3368 1700 3677 1769 cuSIodiam
3742 1702 3866 1754 sive

2243 1767 2440 1827 Ostium
2466 1775 2604 1841 quod
2631 1770 2910 1838 aliquando
2940 1767 3192 1833 aperitur,
3234 1768 3514 1841 aliquando
3542 1767 3857 1835 clauditur,

2248 1854 2305 1898 ut
2332 1845 2407 1897 ait
2441 1838 2806 1903 Hildemarus;
2841 1846 2952 1892 tum
2978 1854 3042 1893 ex
3067 1841 3241 1905 capite
3268 1838 3361 1901 48,
3395 1841 3443 1891 in
3477 1855 3586 1908 quo
3612 1844 3863 1897 mentio-

2245 1932 2366 1971 nem
2396 1914 2521 1967 [ιιοιι
2549 1913 2794 1965 horarum
2828 1910 3294 1979 incompelentium,
3327 1910 3521 1977 quibus
3570 1911 3735 1965 fratri
3793 1914 3861 1967 ad

2245 1986 2467 2040 fratrem
2498 2000 2556 2038 se
2576 1984 2868 2051 adjuugere
2898 1980 3302 2047 haudquaquam
3334 1981 3509 2046 liceat,
3535 1982 3685 2047 quod
3714 1997 3859 2046 sup-

2244 2062 2393 2127 ponit
2436 2056 2588 2108 Itoras
2616 2050 2988 2127 competentes,
3044 2050 3541 2127 quibustratribus
3575 2053 3734 2127 loqui
3775 2056 3862 2107 in-

2246 2122 2455 2181 dultum
2484 2126 2575 2179 sit.
2614 2125 2679 2177 Et
2728 2138 2910 2176 revera
2940 2124 3116 2191 capite
3146 2122 3209 2175 51
3243 2122 3394 2189 jubet
3437 2136 3493 2174 ut
3522 2122 3670 2177 horis
3707 2140 3860 2177 com

2247 2199 2536 2266 petentibus
2568 2197 2752 2266 dentur
2778 2208 2889 2266 quia
2916 2192 3089 2266 danda
3126 2202 3266 2266 sunt,
3318 2201 3554 2266 petantur
3611 2211 3743 2266 ᾳιιφ
3774 2210 3857 2263 ρρ.

2242 2262 2397 2322 tendo
2424 2276 2561 2333 sunt,
2591 2264 2735 2335 quod
2765 2272 2833 2316 de
2862 2262 3161 2335 hyjnstnodi
3196 2264 3361 2335 mutui
3401 2263 3660 2332 eulloqnii
3698 2262 3856 2320 boris

2244 2332 2622 2393 intellexeruni
2653 2335 2852 2401 antiqui
2888 2332 3073 2386 Patres
3099 2334 3299 2394 nostri;
3343 2335 3481 2387 unde
3520 2344 3575 2387 et
3610 2337 3856 2390 cellera-

2244 2411 2357 2464 rius
2369 2422 2423 2462 et
2441 2407 2770 2462 carnerarius
2790 2406 2854 2459 iis
2870 2404 3129 2457 interesse
3154 2405 3487 2465 tenebantur,
3507 2419 3634 2458 cum
3650 2407 3855 2461 fratres

2246 2480 2300 2533 in
2316 2483 2549 2532 claustro
2568 2479 2795 2531 invicem
2820 2473 3351 2543 loquebantur,utqui
3366 2475 3541 2547 aliqua
3558 2491 3620 2529 re
3639 2476 3853 2547 indige-

2244 2559 2388 2612 rent,
2411 2558 2811 2618 praesenteseos
2840 2548 3119 2608 haberent,
3136 2557 3189 2597 et
3213 2547 3376 2617 libere
3389 2548 3458 2618 ab
3477 2546 3557 2599 eis
3581 2546 3783 2612 petere
3796 2558 3853 2604 et

2246 2617 2491 2688 accipere
2513 2624 2773 2672 valerent.
2801 2618 2974 2681 Atque
2994 2618 3133 2688 hunc
3154 2630 3273 2671 esse
3300 2617 3515 2682 llegulte
3541 2624 3850 2686 genuinum

2246 2686 2463 2745 sensum
2498 2700 2639 2754 patet
2664 2706 2731 2743 ex
2760 2691 2816 2742 5.
2863 2686 3129 2740 Adalardo
3156 2696 3265 2740 tum
3298 2689 3348 2739 in
3383 2688 3476 2740 lib.
3524 2704 3558 2739 ιι
3606 2688 3851 2745 Staluto-

2250 2778 2388 2825 runt,
2419 2780 2469 2815 c.
2502 2763 2556 2823 6,
2587 2760 2673 2812 tibi
2707 2761 2821 2813 haec
2851 2760 3009 2811 habet
3046 2757 3216 2825 (Tam.
3246 2757 3311 2829 ιν
3344 2757 3556 2829 Spicil.)
3593 2776 3609 2814 :
3650 2780 3668 2810 ι
3713 2760 3850 2815 Cum

2246 2848 2377 2885 vero
2402 2832 2546 2885 liora:
2574 2831 2998 2899 incumpetentes
3027 2828 3551 2890 transierint,ettatn
3577 2831 3846 2900 loquendi

2247 2919 2410 2971 quam
2439 2904 2796 2970 conjungeudi
2830 2910 3039 2964 tempus
3071 2900 3373 2962 advenerit,
3401 2908 3543 2962 ctc.;
3586 2920 3606 2951 ι
3642 2913 3759 2955 tum
3782 2920 3844 2957 ex

2246 2970 2490 3041 ejusdem
2520 2972 2767 3039 capitulis
2793 2970 2862 3024 de
2889 2970 3344 3042 admonitioaibt-zs
3386 2971 3437 3023 iit
3464 2975 3843 3042 congregatio»

2248 3040 2352 3107 ne,
2384 3044 2650 3111 inquibus
2678 3044 2748 3097 45
2775 3050 2878 3101 est,
2918 3058 2935 3090 ι
2968 3040 3037 3092 de
3064 3042 3212 3093 horis
3236 3040 3755 3109 incompetentihus,
3793 3045 3842 3099 id

2248 3117 2428 3168 estde
2457 3114 2671 3184 silentio
2704 3130 2714 3163 :
2754 3130 2772 3161 ι
2811 3112 3239 3176 competentibus
3280 3126 3409 3179 ergo
3434 3114 3628 3184 licebat
3672 3114 3842 3184 loqui.

2170 3188 2221 3253 ο
2254 3185 2362 3237 Nec
2392 3192 2476 3237 est
2496 3183 2639 3250 quod
2684 3184 2879 3250 aliquis
2906 3183 3067 3246 dicat,
3091 3197 3157 3237 ex
3179 3197 3246 3237 eo
3282 3186 3423 3249 quod
3446 3182 3505 3239 5.
3560 3184 3623 3236 Β.
3655 3182 3816 3253 probi

2252 3255 2397 3317 beat,
2443 3268 2514 3308 ne
2563 3255 2726 3326 frater
2761 3253 3015 3323 jungatur
3042 3253 3110 3307 ad
3147 3260 3361 3326 fratrem
3395 3256 3541 3308 boris
3564 3255 3840 3326 incompe—

2250 3328 2507 3387 tetttibus,
2536 3325 2943 3392 haudquaquam
2970 3325 3086 3377 erui
3118 3340 3275 3392 posse
3302 3324 3505 3379 dandas
3529 3340 3652 3380 esse
3677 3324 3841 3385 horas

2248 3405 2639 3463 competentes,
2672 3396 2866 3462 quibus
2925 3395 3067 3448 licite
3112 3394 3320 3462 p0ssint
3365 3399 3557 3450 fratres
3600 3398 3836 3455 invicem

2243 3470 2395 3537 juugt
2427 3477 2479 3542 et
2507 3480 2734 3520 nnscere
2762 3466 3049 3542 colloquia,
3090 3467 3241 3533 quasi
3293 3466 3434 3542 idern
3460 3478 3647 3542 essent
3682 3473 3841 3542 jungi

2248 3550 2304 3592 et
2331 3539 2492 3605 loqui,
2520 3552 2639 3590 cuin
2672 3547 2725 3590 ct
2753 3538 2807 3590 5.
2843 3537 2998 3590 Pater
3025 3547 3310 3605 utrumque
3356 3538 3655 3607 distinguat
3683 3537 3838 3595 infra

2246 3626 2366 3677 cap.
2392 3609 2479 3669 26,
2506 3608 2595 3661 ubi
2623 3607 2690 3661 de
2718 3607 3238 3663 cominunicantibus
3257 3622 3378 3663 cum
3401 3611 3837 3665 excommunica.

2250 3683 2316 3735 tis
2342 3682 2410 3732 ita
2441 3679 2601 3732 habet
2630 3696 2646 3734 :
2678 3697 2695 3729 ι
2732 3680 2790 3732 Si
2820 3678 2939 3745 quis
2960 3680 3123 3733 frater
3146 3681 3547 3747 praesumpserit
3567 3681 3688 3736 sine
3720 3682 3821 3747 jus

2246 3751 2400 3805 sione
2443 3749 2651 3804 abbatis
2696 3748 2846 3802 fratri
2902 3754 3365 3804 exconnuunicato
3403 3750 3647 3817 quolibet
3676 3754 3835 3806 modo

2247 3838 2301 3874 se
2322 3822 2566 3889 fungere,
2597 3830 2686 3873 aut
2717 3820 2857 3889 loqui
2902 3835 3017 3871 cum
3037 3836 3117 3884 eo,
3156 3820 3240 3873 vel
3285 3821 3593 3874 inlaudatum
3623 3823 3674 3876 ei
3707 3824 3840 3877 diri-

2247 3907 2395 3961 gere.
2447 3892 2674 3944 similem
2722 3892 2978 3944 sortiatur
3038 3892 3610 3945 exmmmuuicationis
3674 3894 3840 3950 vindi-

2243 3972 2405 4016 ctam.
2448 3981 2466 4013 ι
2521 3962 2671 4026 Non,
2706 3961 2951 4028 inquam,
3000 3962 3050 4013 id
3096 3964 3299 4015 obstat.
3341 3963 3476 4016 Nam
3514 3963 3561 4015 si
3590 3967 3733 4031 quod
3765 3968 3837 4020 sit

2243 4034 2578 4098 discrimen,
2625 4033 2752 4104 illud
2787 4047 2947 4104 unum
2979 4043 3092 4104 est,
3134 4032 3276 4103 quod
3312 4033 3557 4104 jungide
3598 4035 3751 4100 longa
3784 4047 3836 4090 et

2242 4104 2459 4173 prolixa
2504 4102 2938 4157 confabulatione
2958 4102 3206 4167 dieatur;
3249 4102 3386 4169 loqui
3410 4119 3535 4158 vero
3566 4104 3634 4158 de
3660 4115 3834 4161 trans-

2239 4185 2404 4229 eunte
2457 4182 2512 4228 et
2563 4174 2709 4229 brevi
2758 4176 2899 4227 sicut
2918 4173 2985 4227 de
3027 4175 3181 4244 longa
3224 4175 3577 4242 intelligatur.
3610 4176 3676 4228 Et
3704 4194 3834 4233 sane

2239 4246 2298 4302 S.
2336 4246 2655 4299 Benedictus
2698 4244 2786 4315 qui
2835 4244 2925 4315 illo
2980 4244 3136 4315 183
3190 4246 3367 4314 capite
3399 4262 3558 4300 omne
3598 4262 3718 4300 cum
3738 4263 3835 4304 ex-

2239 4316 2650 4370 communicatis
2679 4313 3017 4384 colloquium
3042 4313 3326 4384 prohibet,
3383 4320 3575 4384 capitis
3621 4319 3830 4374 titulum

2240 4389 2310 4440 ita
2341 4388 2495 4442 elfert
2519 4405 2531 4438 :
2554 4388 2665 4461 _l)e_
2688 4386 2767 4438 Itis
2788 4388 2876 4454 qui
2909 4388 3016 4461 sine
3052 4388 3288 4461 jussione
3328 4387 3523 4461 abbatis
3536 4390 3829 4461 junguntur

2238 4458 2692 4512 exconmtunicatis
2716 4472 2733 4521 ,'
2782 4472 2885 4519 non
2911 4457 3041 4512 dicit
3082 4459 3375 4527 junguntur
3404 4459 3481 4511 vel
3508 4457 3830 4528 loquuntur;

2237 4531 2358 4597 quia
2390 4544 2671 4598 utrutnquc
2718 4530 2818 4582 sub
2846 4529 3010 4582 verbo
3028 4528 3319 4599 junguntur
3340 4528 3679 4598 intell-gitur.
3718 4532 3825 4586 Ad-

2243 4600 2335 4654 det
2363 4600 2556 4669 aliquis
2585 4603 2759 4653 locum
2807 4616 2871 4653 ex
2896 4614 3014 4668 cap.
3063 4598 3132 4653 49
3167 4601 3235 4653 de
3268 4599 3642 4656 observatione
3686 4604 3826 4670 Qua-

2246 4672 2587 4741 dragesnuae,
2619 4672 2671 4722 in
2701 4684 2805 4735 qua
2826 4672 2885 4724 5.
2920 4670 3075 4723 Pater
3098 4670 3338 4737 prmcipit
3362 4671 3431 4724 ali
3454 4672 3558 4738 luid
3588 4672 3828 4729 subtrahi

2248 4743 2309 4795 de
2340 4742 2651 4814 loquacitate
2672 4741 2899 4794 aliorum
2932 4748 3263 4814 temporum;
3290 4744 3739 4814 contirmaturque
3764 4762 3827 4800 es

2249 4826 2510 4881 perpetua
2542 4810 2745 4881 ordinis
2774 4814 2924 4879 praxi
2944 4855 2958 4877 ,
3010 4812 3163 4878 cujus
3209 4815 3514 4881 exemplum
3545 4810 3727 4869 videte
3747 4827 3827 4871 est

2249 4880 2304 4937 in
2338 4883 2450 4936 Vita
2494 4883 2552 4937 5.
2586 4880 2905 4953 Frodoberti
2943 4882 3151 4935 abbatis
3181 4880 3441 4938 Celleusis
3468 4885 3631 4953 (διες.
3667 4901 3703 4939 ιι
3732 4886 3826 4941 Βε-

2252 4957 2394 5018 ned.,
2437 4970 2490 5023 p.
2540 4952 2687 5022 650),
2738 4955 2823 5007 ubi
2853 4953 3173 5022 quandoque
3199 4969 3317 5007 cum
3347 4952 3617 5024 discipulis
3664 4958 3826 5011 collo-

2253 5041 2428 5093 quium
2459 5025 2716 5093 familiare
2763 5026 3014 5079 habuisse
3063 5026 3277 5079 dicitur.
3315 5027 3448 5080 llinc
3485 5028 3544 5079 lit
3573 5040 3630 5079 ut
3676 5031 3827 5083 taedio

2242 5110 2348 5149 nou
2377 5094 2469 5148 alii
2493 5098 2681 5149 iantur
2714 5099 2981 5163 monachi,
3014 5105 3070 5150 et
3095 5096 3335 5150 severius
3365 5106 3484 5164 post
3516 5104 3630 5150 nam
3666 5099 3822 5154 silen-

2240 5169 2370 5220 tium
2398 5170 2734 5231 observetur,
2782 5178 2837 5221 ut
2880 5168 3039 5222 docet
3067 5166 3127 5220 S.
3171 5168 3525 5237 Hildcgardis.
3565 5168 3821 5225 Pertune—

2238 5237 2603 5305 sceudmnque
2632 5250 2716 5293 cst
2746 5254 2811 5293 ne
2852 5240 2897 5292 si
2925 5238 3126 5293 diutius
3173 5250 3267 5292 aut
3305 5240 3543 5305 silentio,
3573 5251 3667 5294 aut
3705 5257 3816 5296 ora-

2239 5311 2367 5362 tiom
2397 5322 2687 5382 occupetur
2709 5312 2942 5382 animus,
2972 5310 3184 5364 tandem
3206 5308 3442 5371 deficiat,
3471 5314 3611 5365 sicut
3641 5327 3813 5382 arcus,

2238 5385 2349 5447 qui,
2391 5395 2510 5433 cum
2553 5381 2710 5433 nimis
2740 5393 2827 5434 aut
2860 5380 3061 5435 diutius
3088 5382 3434 5446 distenditur,
3466 5383 3547 5437 ve|
3574 5380 3812 5438 dcbilitaé

2241 5460 2347 5523 tur,
2389 5451 2471 5503 vel
2498 5449 2776 5520 frangitur.
2814 5452 2923 5507 Nec
2952 5454 3119 5508 refert
3148 5453 3289 5519 quod
3332 5453 3533 5523 Regula
3592 5469 3709 5523 cap.
3748 5456 3812 5510 62

2237 5521 2390 5587 jubet
2414 5525 2554 5574 omni
2581 5535 2818 5590 tempore
2847 5523 3061 5579 silentio
3088 5523 3307 5579 studere
3334 5521 3670 5589 incumbas;
3700 5542 3811 5580 nam

2242 5592 2465 5644 multum
2495 5594 2744 5664 dill'eruut
2772 5611 2969 5663 semper
3012 5596 3179 5664 silere,
3226 5606 3280 5649 et
3311 5598 3450 5650 omni
3496 5607 3717 5663 tempore
3744 5598 3811 5651 si-

2242 5664 2392 5715 lentio
2423 5663 2663 5729 studere;
2715 5682 2926 5728 semper
2956 5668 3112 5722 silere
3140 5676 3225 5722 est
3250 5682 3521 5737 nunquam
3557 5668 3729 5737 loqui,
3766 5678 3811 5724 at

625 5816 653 5850 "‘
695 5814 819 5872 Ha’c
857 5819 1002 5889 signa
1035 5817 1182 5872 habes
1215 5820 1264 5870 in
1296 5821 1422 5873 libro
1458 5836 1484 5871 v
1512 5816 1573 5874 ilo:
1614 5816 1841 5883 .lntiquis
1878 5814 2019 5893 λίψ.
2056 5818 2233 5873 ritibus
2257 5862 2270 5887 ,
2304 5839 2349 5873 ι’.
2401 5823 2479 5874 l8.
