4074 6356
276 278 379 333 δδὶ

1341 273 1614 329 REGULA
1655 268 2150 329 ΟΟΜΜΕΝΤΑΤΛ.
2188 269 2341 328 CAP.
2384 269 2473 327 Vl.

3443 265 3554 328 ’ὀῦέ

277 409 408 451 vero
438 373 615 465 potest
634 372 828 465 aliquis
854 388 1017 446 etiam
1061 386 1330 465 loquendo
1373 387 1851 465 silentiostudere,
1882 395 1934 454 Α
1960 386 2153 465 quibus
2181 385 2407 465 dum_a_d
2442 365 2739 465 utramque
2775 384 2993 465 missam
3020 368 3264 465 offertur,
3294 382 3424 465 dum
3448 400 3554 453 pax

278 475 408 534 puta
433 458 1013 520 necessaria'duntaxat
1044 458 1388 534 proferendo,
1411 458 1853 534 idque_breviter,

274 528 335 591 ct
387 536 655 591 submissa
684 548 817 590 voce
866 551 879 586 :
924 528 1169 601 quamvis
1215 529 1516 593 laudemus,
1568 528 1860 599 beatosque

278 607 638 677 prardicemus
667 620 761 661 eos
801 605 889 677 qui
920 611 1144 670 possunt
1170 601 1465 677 valentque
1497 602 1569 654 ita
1604 610 1861 669 perpetuo

275 671 460 743 silere,
488 690 545 732 ut
574 677 717 731 nullo
750 671 1022 730 hominum
1056 672 1333 728 consortio
1358 671 1665 741 indigeant;
1697 681 1861 738 atque

277 758 338 802 ut
366 749 469 804 hoc
498 748 653 804 nobis
696 744 980 818 aliquando
1024 744 1221 800 donum
1270 743 1411 799 Deus
1456 743 1738 810 concedat,
1768 745 1864 799 ob-

276 821 402 875 nixc
423 820 789 887 deprecamur.
952 872 961 877 _
1168 885 1177 887 _
1221 820 1225 863 ζ
1685 844 1695 887 λη

352 885 629 957 Tertium,
687 905 755 943 ex
804 887 1012 943 abbatis
1043 885 1279 957 pendere
1312 887 1552 957 arbitrio
1590 885 1867 957 assignare

279 962 422 1024 dies,
458 954 640 1026 horas,
675 969 883 1029 tempus
905 973 999 1013 seu
1030 954 1287 1027 spatium,
1310 956 1509 1026 locum,
1542 954 1866 1029 modumque

278 1032 554 1101 colloquii.
588 1026 913 1101 Communis
932 1026 1113 1101 tamen
1142 1028 1347 1101 ordinis
1373 1043 1504 1101 usus
1525 1026 1775 1101 obtinuit,
1807 1034 1868 1081 ut

279 1116 391 1157 non
428 1097 528 1156 nisi
555 1103 775 1171 privatis
815 1100 1005 1155 diebus
1034 1100 1202 1171 abbas
1230 1097 1869 1171 colloquiumipermitte-

280 1168 687 1233 ret.dominicis
716 1172 969 1241 festisque
1016 1169 1207 1224 diebus
1237 1168 1523 1241 duodecim
1573 1169 1866 1241 lectionum

281 1244 540 1300 continuo
568 1243 786 1298 silentio
815 1240 1162 1298 consecratis.
1193 1241 1261 1296 Et
1289 1250 1437 1295 certe
1466 1240 1607 1295 inter
1635 1240 1871 1309 quinque

281 1314 513 1382 capitula
558 1328 679 1384 quae
725 1313 956 1381 receptis
984 1311 1196 1384 concﬂii
1250 1308 1872 1384 Aquisgran.gcapi_tulis

282 1379 602 1441 addiderunt
630 1379 1032 1440 Centuriatores
1091 1380 1261 1451 (Tom.
1312 1379 1624 1453 llﬂCapitul.
1657 1379 1869 1453 Batus”

325 1492 340 1509 .
374 1456 531 1526 l092)
553 1496 568 1520 ,
600 1467 845 1525 quartum
875 1454 945 1509 ita
976 1450 1205 1526 habetur
1238 1472 1251 1508 :
1299 1470 1318 1505 ι
1359 1451 1428 1508 Ut
1457 1450 1514 1526 in
1540 1450 1873 1526 hebdomada

325 1492 340 1509 ο
374 1474 531 1526 1032)
553 1496 568 1520 ,
600 1474 845 1525 quartum
875 1474 945 1509 lla
976 1474 1205 1508 llﬂDClUl‘
1238 1474 1251 1508 Ξ
1299 1474 1318 1505 ι
1361 1474 1428 1508 υι
1458 1474 1511 1507 ιιι
1540 1474 1873 1507 υθυυυιηὶιυδ

283 1474 506 1582 ἔθεειιιε
530 1528 582 1580 in
620 1529 857 1581 claustro
896 1539 1001 1581 non
1035 1524 1346 1593 loquantur,
1376 1523 1469 1579 sed
1502 1522 1664 1579 lectio
1691 1522 1875 1593 divina

284 1597 356 1651 ab
384 1597 635 1652 onmibus
665 1604 913 1653 teneatur
943 1636 959 1661 ,
988 1592 1238 1651 similiter
1268 1597 1320 1649 in
1352 1594 1690 1649 hebdomada
1734 1592 1875 1648 Pen-

287 1677 541 1733 tecostes,
576 1676 631 1723 et
660 1668 712 1723 itt
739 1667 989 1722 omnibus
1030 1665 1219 1721 diebus
1244 1664 1550 1732 dominicis,
1575 1679 1671 1720 seu
1697 1664 1748 1718 in
1773 1665 1879 1717 Na-

285 1738 380 1792 tali
413 1738 643 1804 Domini,
676 1748 729 1794 et
759 1739 813 1792 in
844 1736 1093 1792 omnibus
1147 1738 1242 1791 SS.
1298 1734 1450 1791 festis
1501 1735 1805 1804 praecipuis.
1844 1752 1865 1786 ι

285 1808 550 1865 Similiter
576 1810 808 1878 antiqua
836 1805 1266 1863 Consuetudines
1302 1805 1398 1878 SS.
1428 1806 1648 1878 Benigni
1692 1804 1877 1878 pivio-

284 1879 472 1934 nensis
499 1878 653 1949 (Cap.
686 1874 815 1947 (is):
856 1898 872 1930 ι
905 1878 1005 1949 Per
1030 1887 1152 1933 octo
1182 1877 1298 1949 dies
1334 1874 1582 1949 Pascha},
1606 1884 1662 1933 et
1687 1874 1880 1949 Pente-

284 1960 488 2015 costes,
509 1947 575 2005 et
598 1950 796 2004 Natalis
823 1948 1052 2015 Domini,
1085 1956 1139 2003 et
1169 1949 1220 2002 in
1244 1947 1626 2017 Rogationibus
1656 1988 1673 2012 ,
1721 1956 1777 2001 et
1824 1947 1879 2003 in

286 2021 440 2075 omni
467 2020 725 2085 secunda,
758 2028 969 2089 quarta,
1001 2029 1053 2073 et
1078 2027 1225 2075 sexta
1258 2016 1392 2073 feria
1420 2016 1880 2089 Quadragesimze,

285 2099 343 2145 et
371 2091 425 2145 in
448 2092 698 2146 omnibus
724 2088 791 2144 12
814 2090 1149 2153 lectionibus,
1167 2089 1310 2143 nulla
1337 2089 1394 2142 lit
1424 2088 1623 2143 locutio
1654 2091 1706 2142 in
1725 2090 1878 2143 clau-

285 2169 422 2216 stro.
456 2178 476 2212 ι
519 2162 649 2229 Quae
692 2162 911 2215 totidem
959 2160 1138 2215 verbis
1182 2168 1394 2229 exstant
1440 2160 1494 2214 in
1544 2159 1707 2213 veteri
1743 2158 1881 2213 Cor-

286 2230 494 2288 beiensi
508 2228 791 2286 ordinario
805 2246 906 2286 ms.
918 2274 931 2296 ,
948 2231 1136 2299 quibus
1148 2228 1383 2285 concinit
1396 2230 1530 2284 liber
1545 2228 1744 2284 Usuum
1762 2230 1885 2285 Bec-

286 2304 555 2367 ceusium,
586 2303 847 2371 loquelam
880 2302 933 2355 in
958 2304 1196 2355 claustro
1229 2302 1449 2366 privatis
1478 2302 1738 2371 duntaxat
1767 2300 1883 2371 die-

288 2372 392 2427 bus
420 2367 719 2442 indulgetis.
766 2374 996 2426 Econtra
1023 2372 1229 2426 Statuta
1256 2371 1511 2439 Guigonis
1554 2367 1639 2440 (C.
1659 2372 1710 2435 7,
1743 2386 1797 2442 η.
1824 2369 1882 2440 9)

288 2440 928 2509 dominicis—colloquium
959 2454 1076 2510 post
1104 2456 1299 2496 nonam
1326 2442 1658 2509 permittunt;
1688 2440 1883 2509 quibus

290 2513 508 2582 antiqua
537 2513 999 2583 Carthusiensium
1031 2522 1227 2568 statuta
1273 2512 1532 2581 adjiciunt
1561 2511 1882 2583 festarcapi-

292 2584 420 2647 tuli;
454 2585 548 2639 sed
582 2585 632 2638 iu
685 2584 828 2638 Nova
872 2583 1205 2639 Statutornm
1236 2583 1572 2638 Collectioue
1600 2582 1885 2651 excipiun-

292 2664 382 2708 tur
406 2655 689 2720 Nativitas,
720 2654 882 2710 Canta
930 2653 1161 2719 Domini,
1194 2652 1416 2717 Pascha,
1449 2662 1506 2706 et
1534 2653 1884 2708 Pentecostes

293 2741 415 2780 cum
447 2726 598 2781 feSIis
622 2725 759 2780 intra
792 2725 1179 2780 hebdomadam
1226 2726 1278 2778 in
1307 2723 1723 2793 Quadragesima
1752 2738 1887 2778 cou-

296 2795 673 2863 tingentibns:
733 2809 990 2866 pranerea
1046 2793 1272 2866 singulis
1317 2794 1633 2867 septimanis
1682 2794 1887 2863 spatia-

292 2877 533 2922 mentum
566 2868 890 2922 concedunt.

372 2936 565 2991 lloratn
591 2939 857 3007 duplicem
888 2937 942 2992 in
970 2936 1057 2992 die
1089 2934 1155 2990 ad
1190 2934 1517 3007 colloquium
1549 2934 1883 3006 designatam

293 3019 415 3063 esse
442 3009 581 3077 apud
609 3006 987 3064 Clonii-censes
1017 3007 1273 3063 discimus
1300 3006 1365 3063 ex
1408 3006 1660 3063 Uldarico
1680 3046 1696 3069 ,
1743 3009 1886 3061 scili-

294 3088 387 3150 cet
413 3089 598 3135 aestate
620 3088 742 3150 post
771 3079 1064 3149 capitulum
1093 3087 1148 3133 et
1171 3092 1365 3150 nonam
1390 3096 1406 3144 ;
1439 3078 1615 3150 hieme
1646 3088 1768 3150 post
1789 3092 1883 3150 ca-

1960 456 2117 512 datur
2138 466 2194 512 et
2218 459 2491 528 accipitur,
2524 455 2719 513 dumin
2749 458 2980 527 capitulo
3003 455 3071 512 de
3100 470 3207 528 uno
3258 464 3349 510 aut
3379 457 3554 515 altero

1960 528 2065 583 hoc
2090 536 2146 584 et
2174 528 2302 583 illud
2324 526 2667 591 reclamatur,
2702 526 2829 583 dum
2856 529 3016 583 tantis
3047 529 3100 582 in
3123 526 3408 583 refectorio
3430 542 3550 580 ser-

1962 602 2122 670 vitur,
2159 614 2262 654 non
2288 600 2505 655 minima
2531 615 2655 670 pars
2674 599 2997 669 expenditur
3021 598 3125 653 diei
3150 615 3166 664 ;
3215 613 3335 669 quae
3375 606 3555 653 tamen

1965 669 2174 739 singula
2201 709 2217 735 ,
2247 670 2436 726 ordine
2470 669 2653 727 nostro
2673 673 2823 726 salvo
2853 679 2908 725 et
2958 670 3165 739 integro
3196 709 3211 731 .
3270 683 3555 726 remanere

1964 756 2073 795 non
2099 751 2339 813 possunt;
2363 752 2580 813 propter
2607 742 2750 813 quod
2783 743 2916 796 liora
2964 740 3216 813 loquendi
3247 741 3555 813 necessario

1965 813 2138 881 magis
2157 823 2239 869 est
2267 810 2479 878 brevisi
2502 822 2557 868 et
2577 810 2821 869 si’minus
2849 812 3235 882 aliquantulum
3260 810 3555 879 loquimur,

1968 884 2021 937 in
2047 887 2147 939 hoc
2174 883 2380 954 ordinis
2428 884 2643 954 quidem
2674 898 2831 939 nemo
2853 885 3023 938 sensit
3045 883 3209 936 ullum
3235 895 3355 936 esse
3382 882 3553 954 dett'io

1968 963 2224 1025 mentum.
2258 972 2279 1007 ι
2316 952 2455 1010 Cum
2473 970 2604 1025 ergo
2633 956 2806 1009 nullus
2830 955 3024 1008 existat
3048 954 3137 1022 qui
3164 954 3298 1007 infra
3326 952 3560 1025 mediam

1969 1024 2157 1080 horam
2184 1025 2441 1088 privatam
2458 1023 2673 1081 missam
2689 1033 2906 1080 cantare
2935 1025 3072 1078 haud
3087 1032 3267 1093 queat,
3291 1023 3427 1076 ultra
3459 1026 3563 1077 hoc

1973 1097 2229 1166 temporis
2276 1100 2540 1163 spatium,
2598 1096 2739 1165 quod
2765 1104 2947 1163 postea
2975 1097 3136 1150 etiam
3189 1095 3563 1166 abbreviatutn

1972 1164 2263 1237 est,’prima
2290 1168 2571 1222 locutionis
2590 1164 2716 1220 hora
2740 1181 2845 1221 non
2876 1166 3280 1221 extendebatur.
3314 1164 3566 1237 Secunda

1973 1236 2137 1292 etiam
2167 1253 2236 1293 cx
2260 1240 2449 1293 eodem
2474 1237 2724 1293 Udalrico
2755 1238 2914 1307 longe
2936 1236 3148 1291 brevior
3179 1246 3291 1290 erat
3329 1254 3338 1287 :
3381 1236 3567 1290 thna

1976 1318 2156 1382 autem
2180 1349 2198 1376 ,
2230 1310 2402 1382 inquit
2427 1308 2670 1382 (Ibidem)
2694 1349 2710 1374 ,
2736 1310 2799 1362 ad
2833 1323 2994 1382 quam
3028 1315 3154 1382 sunt
3189 1322 3247 1382 se
3291 1307 3515 1382 levaturi
3544 1348 3561 1373 ,

1976 1380 2114 1434 adeo
2142 1377 2451 1449 tarda'erit,
2475 1389 2533 1435 ut
2589 1377 2867 1449 po'stquani
2903 1380 2955 1433 in
2990 1378 3275 1433 relectorio
3306 1377 3563 1449 biberint,

1976 1459 2033 1505 et
2058 1451 2251 1506 iterum
2280 1448 2529 1521 loquendi
2574 1448 2841 1506 licentiam
2872 1450 3178 1514 habuerint,
3213 1449 3459 1503 eamdem
3489 1448 3572 1500 lo-

1978 1522 2175 1587 quendi
2210 1523 2417 1591 horam,
2457 1533 2511 1577 et
2539 1523 2637 1576 hoc.
2662 1522 3002 1577 intervallum
3023 1529 3147 1575 ante
3170 1534 3423 1588 veSperas
3456 1533 3568 1573 non

1981 1591 2251 1648 immerito
2281 1595 2455 1662 potius
2476 1595 2704 1649 dixerim
2734 1593 2939 1647 nullum
2986 1606 3141 1660 quam
3174 1605 3393 1659 parvum
3425 1608 3435 1641 :
3467 1605 3574 1643 sae-

1983 1667 2102 1734 pius
2122 1661 2308 1735 autem
2340 1667 2647 1735 priusquam
2665 1679 2851 1719 omnes
2883 1666 2934 1717 in
2953 1661 3570 1735 plaustroconsideant,

1984 1732 2038 1791 et
2064 1734 2256 1804 aliquis
2290 1732 2522 1791 fratrum
2538 1737 2624 1790 vel
2652 1750 2822 1790 unum
2853 1733 3074 1790 verbum
3120 1732 3301 1796 faciat,
3328 1733 3572 1804 pulsatur

1981 1802 2192 1877 signum
2223 1806 2289 1861 ad
2316 1822 2569 1877 vesperas
2600 1848 2613 1863 .
2661 1816 2715 1860 et
2775 1820 2900 1860 cccc
2949 1804 3200 1877 loquendi
3254 1803 3394 1856 ﬁnis.
3436 1820 3457 1853 ι
3486 1802 3577 1877 ΛΕι

1984 1872 2109 1931 alibi
2139 1876 2279 1946 (Lib.
2314 1892 2354 1941 ι,
2385 1872 2499 1948 cap.
2526 1878 2640 1948 40)!
2672 1878 2738 1932 de
2761 1877 2948 1931 eadem
2984 1872 3283 1948 Incutione,
3312 1889 3441 1948 cum
3479 1872 3575 1948 lie:

1984 1957 2068 2003 ret
2091 1940 2208 2016 post
2236 1940 2482 2004 sextam":
2541 1967 2560 2000 ι
2598 1940 2713 2002 Non
2744 1948 2914 2001 solum
2966 1956 3083 2014 post
3124 1945 3439 2013 capitulum,
3475 1940 3578 1998 sed

1982 2020 2146 2074 etiam
2196 2028 2313 2087 post
2362 2029 2567 2074 sextam
2619 2018 2878 2073 habemus
2953 2017 3201 2085 loquendi
3259 2016 3580 2077 licrnliam;

1983 2104 2287 2159 quanquam
2320 2090 2447 2145 illud
2492 2091 2719 2159 spatium
2766 2090 2933 2143 soleat
2988 2102 3109 2159 esse
3160 2087 3578 2159 brevissimum;

1985 2156 2107 2215 tiam
2134 2156 2238 2215 non
2269 2163 2498 2230 amplius
2524 2156 2631 2215 erit
2652 2174 2809 2229 quam
2842 2169 2899 2212 ut
2921 2158 3170 2213 sacerdos
3203 2168 3256 2210 ct
3298 2158 3477 2230 caeteri
3509 2156 3580 2213 atl

1985 2232 2245 2300 majorem
2277 2228 2493 2286 miSsam
2524 2231 2777 2286 servituti
2809 2232 2989 2284 lavent
3032 2242 3254 2300 manus,_
3280 2237 3333 2281 et
3378 2228 3485 2281 sint
3518 2242 3580 2282 se

1984 2302 2053 2355 ad
2072 2295 2413 2373 induendum
2437 2305 2625 2373 parati.
2663 2320 2681 2352 ι
2988 2371 2997 2373 μ
3182 2371 3189 2373 _
3230 2295 3254 2305 γ’

2064 2373 2222 2444 185
2253 2370 2642 2428 Cistercienses
2665 2389 2727 2426 ex
2752 2372 2953 2444 Jacobo
2969 2371 3035 2426 dc
3060 2370 3297 2444 Yitriaco
3315 2371 3580 2444 integrant

1987 2444 2037 2496 in
2065 2442 2335 2509 colloquio
2366 2446 2548 2498 horam
2584 2443 2959 2498 iusumebant:
3000 2461 3018 2494 ι
3050 2442 3353 2504 Silentium,
3410 2442 3583 2509 inquit

1984 2514 2121 2583 (Lib.
2148 2529 2184 2569 ιι
2219 2514 2419 2569 Histor.
2459 2515 2636 2568 Occid.
2669 2531 2781 2582 (np.
2818 2516 2929 2583 Η),
2970 2530 3064 2579 pcr
3094 2522 3255 2565 totatn
3293 2514 3402 2564 fore
3434 2514 3582 2565 diem

1982 2588 2356 2650 observantes,
2390 2590 2588 2639 mutuis
2636 2584 3083 2639 collocutionibus
3113 2592 3167 2637 et
3198 2584 3584 2636 collationibus

1984 2670 2144 2711 unam
2168 2658 2266 2712 sibi
2295 2658 2478 2710 horam
2507 2665 2804 2718 reservant,
2840 2656 3067 2710 invicem
3111 2656 3477 2717 consolantes,
3523 2665 3582 2708 οι

1986 2728 2217 2782 invicem
2268 2728 2619 2781 instruentes.
2658 2745 2676 2778 ι
2727 2726 2877 2791 Quod
2933 2727 3002 2778 ita
3055 2726 3285 2793 exiilicat
3339 2726 3586 2778 Julianus

1989 2797 2217 2852 Varnier
2250 2798 2351 2865 (De
2377 2800 2496 2853 Ant.
2533 2797 2696 2852 Praxi
2722 2798 2904 2869 Regni.
2933 2798 2993 2851 S.
3031 2794 3120 2861 B.,
3155 2812 3269 2863 cap.
3321 2795 3427 2861 16),
3476 2811 3587 2869 non

1983 2870 2137 2938 quasi
2165 2869 2388 2936 singulis
2419 2869 2610 2923 diebus
2640 2884 2795 2922 unam
2831 2869 3018 2921 horam
3049 2870 3112 2919 ad
3148 2878 3382 2918 mutuam
3412 2868 3583 2938 collu-

1986 2937 2257 2995 cutionetn
2288 2949 2627 2993 reservarem
2658 2956 2670 3003 ;
2705 2938 2800 2992 sed
2832 2938 2995 3007 quod,
3030 2952 3150 2992 cunt
3199 2938 3362 2989 abbas
3395 2937 3585 2990 fratri-

1985 3008 2089 3064 bus
2134 3010 2385 3077 louttendi
2426 3010 2692 3065 licentiam
2736 3008 3371 3079 indulgeret,ititcgrant
3423 3007 3472 3060 in
3500 3078 3503 3079 ν
3532 3008 3591 3063 id

1983 3082 2230 3137 exercitii
2275 3081 2463 3135 horam
2494 3077 2972 3150 impenderentfm
3002 3079 3069 3132 dc
3094 3077 3194 3131 hac
3232 3082 3359 3150 hora
3386 3078 3589 3133 intelli-

295 3148 524 3227 gituium
565 3148 635 3227 et:
670 3148 895 3227 sextam.
927 3150 1070 3227 idem
1126 3149 1340 3227 videre__
1361 3159 1444 3204 est
1484 3148 1534 3202 in
1566 3148 1799 3227 antiquis
1907 3149 1957 3227 ο
1987 3152 2193 3227 gendus
2217 3151 2279 3227 S._
2307 3148 2631 3227 Bernardtis,
2663 3151 2749 3227 ubi
2789 3149 3079 3227 superbum
3110 3148 3441 3227 monachum
3472 3151 3587 3227 _d_e-

296 3217 520 3289 Benigni
567 3219 908 3276 Divionensis
936 3219 1425 3276 Consuetudinibus
1448 3260 1464 3285 ,
1495 3227 1551 3274 et
1595 3217 1884 3277 Ordinario

293 3287 607 3362 gurbeiensi
622 3294 839 3361 passim.
852 3291 1010 3362 184
1025 3294 1092 3346 At
1104 3290 1388 3345 secundam
1413 3299 1593 3360 postea
1615 3290 1887 3362 subtraxit

298 3359 494 3416 Petrus
526 3359 892 3424 Venerabilis,—
910 3359 1057 3417 εἷάῖιο
1087 3370 1307 3425 statuto,
1344 3379 1363 3414 ι
1400 3359 1459 3416 ut
1484 3362 1551 3415 de
1581 3361 1792 3416 usitatis
1822 3362 1882 3417 in

294 3430 536 3486 claustro
565 3432 704 3486 binis
732 3432 1085 3488 loculionibus
1115 3432 1350 3489 secunda
1390 3431 1536 3487 omni
1569 3433 1729 3487 totius
1757 3432 1885 3490 anni

298 3512 547 3571 tempore
572 3502 934 3558 subtrahatur.
969 3522 987 3555 ι
1025 3503 1160 3559 Usus
1192 3502 1512 3568 Beccenses,
1540 3502 1717 3558 habita
1742 3510 1884 3559 tem-

297 3585 490 3644 porum
522 3574 751 3641 ratione,
783 3576 964 3630 volunt
992 3582 1052 3629 ut
1085 3592 1103 3626 ι
1133 3574 1393 3629 Omnibus
1424 3573 1643 3644 privatis
1666 3574 1880 3644 diebus,

296 3643 495 3711 quibus
525 3652 647 3710 post
670 3644 958 3713 capitulum
986 3646 1144 3701 tertia
1192 3644 1392 3700 dicitur
1416 3643 1438 3709 ,ί
1459 3645 1623 3701 semel
1654 3643 1883 3711 tantum,

298 3713 354 3768 id
380 3726 469 3787 est
489 3725 608 3787 post
629 3715 919 3785 capitulum
970 3717 1257 3787 loquantur
1297 3715 1350 3770 iu
1383 3718 1648 3781 claustro,
1682 3715 1785 3771 nisi
1813 3716 1884 3773 ab

299 3786 506 3839 octavis
536 3785 946 3858 Pascbteusque
972 3785 1055 3842 ad
1072 3787 1191 3842 idus
1221 3787 1577 3855 Septembris,
1610 3801 1718 3857 quo
1741 3794 1883 3843 tem-

298 3869 437 3925 pore
467 3857 691 3926 privatis
720 3857 911 3914 diebus
943 3868 1063 3927 post
1091 3872 1287 3912 nonam
1324 3859 1612 3927 loquuntur
1636 3858 1691 3913 in
1738 3859 1885 3914 clau-

298 3934 436 4008 stro.
467 3928 691 4008 Quando
716 3943 843 3983 vero
889 3930 1043 3984 tertia
1073 3937 1203 4008 ante
1223 3930 1515 4008 capitulum
1544 3928 1768 4008 dicitur,
1800 3928 1884 3986 bis

300 3997 355 4069 in
372 3997 604 4053 claustro
622 4000 929 4069 loquuntur,
946 4008 1065 4068 post
1088 3997 1379 4069 capitulum
1396 4008 1450 4053 et
1474 4008 1593 4069 post
1613 4006 1840 4055 sextam.
1854 4017 1876 4053 ι

298 4065 359 4141 in
381 4065 704 4141 quibusdam
722 4086 851 4126 vero
879 4065 1084 4141 Angli-ac
1128 4065 1627 4126 monasteriisihora
1652 4069 1721 4125 ad
1744 4140 1749 4141 ί
1772 4070 1888 4141 col-

298 4137 538 4206 loquium
562 4150 698 4197 stata
727 4150 843 4197 erat
872 4137 990 4212 post
1019 4141 1326 4212 prandium;
1353 4141 1445 4195 sed
1477 4158 1496 4192 ι
1522 4154 1644 4212 cum
1666 4140 1883 4212 quidam

301 4217 425 4277 post
447 4213 726 4277 prandium
779 4210 1058 4282 proniores
1088 4220 1215 4267 sunt
1261 4211 1326 4266 ad
1374 4211 1696 4281 loquendum
1723 4210 1884 4282 quod

302 4293 412 4361 non
436 4282 870 4361 prodest,_quam_
898 4283 1037 4361 quod
1067 4281 1295 4361 aediﬁcat
1322 4282 1624 4361 audientes,
1670 4281 1737 4337 ad
1753 4296 1883 4361 _am-

301 4349 580 4419 pliandum
608 4349 809 4409 cultum
851 4349 1074 4423 justiti:e
1097 4394 1111 4416 ,
1146 4352 1312 4423 quiin
1339 4352 1554 4408 silentio
1593 4352 1881 4423 reperitur,

300 4430 563 4502 statutum
591 4433 694 4502 est,
727 4425 869 4502 quod
926 4426 1315 4502 parlanicnntutn
1362 4423 1505 4493 quod
1554 4435 1678 4502 post
1722 4438 1885 4502 pran-

299 4491 533 4574 diumin
563 4491 878 4574 quibusdam
908 4491 1155 4574 claustris
1182 4496 1305 4551 ﬁeri
1347 4491 1643 4574 consuevit,
1674 4491 1883 4574 penitus

300 4564 674 4636 interdicatttr,
699 4576 751 4623 et
780 4568 898 4623 loco
927 4566 1091 4636 ipsius
1131 4577 1351 4623 vacetur
1382 4566 1599 4623 uberius
1655 4566 1885 4622 medita-

302 4633 537 4707 tionibus
580 4648 644 4707 et
678 4633 992 4695 lectionibus
1023 4637 1347 4707 repetendis,
1387 4656 1407 4689 ι
1452 4637 1698 4706 inquiunt
1718 4636 1883 4692 abba-

302 4711 388 4759 tes
415 4706 619 4761 ordinis
652 4710 819 4764 nostri
845 4708 896 4763 itt
928 4706 1097 4764 editis
1125 4723 1267 4763 anno
1290 4708 1427 4764 1249
1457 4708 1691 4763 statutis.
1718 4707 1883 4764 Casa-

302 4774 396 4829 lini
423 4775 609 4850 jejunii
639 4779 828 4835 diebus
855 4789 975 4850 post
1002 4794 1273 4848 vesperas,
1301 4779 1490 4850 diebus
1518 4778 1728 4850 prandii
1762 4788 1884 4848 post

301 4859 513 4927 arenam
541 4849 915 4927 loquebantur.
951 4850 1171 4907 Plurimi
1195 4864 1294 4906 nec
1332 4849 1511 4916 diem,
1562 4863 1663 4905 nec
1693 4849 1880 4927 horam

301 4920 627 4998 assignatam
662 4921 948 4998 habebant,
978 4936 1207 4993 quorum
1238 4934 1325 4978 res
1345 4935 1533 4978 omnes
1561 4934 1629 4977 ex
1655 4935 1760 4978 uno
1784 4920 1879 4977 ab-

300 4987 444 5044 batis
472 5000 603 5045 nutu
633 4991 959 5060 pendebant.

372 5060 585 5136 Quanto
605 5077 731 5119 vero
760 5063 1017 5135 temporis
1053 5064 1225 5136 spatio
1247 5064 1411 5121 mutui
1456 5062 1706 5136 colloquii
1748 5062 1884 5120 hora

301 5132 726 5203 protraheretur,
762 5132 998 5191 non‘una
1028 5132 1126 5192 fuit
1151 5138 1391 5192 omnium
1419 5132 1749 5192 consuetudo
1765 5150 1883 5190 mo-

299 5208 685 5282 nasteriorum.
720 5207 795 5282 lie
815 5206 1254 5282 Cluniacensibus
1275 5248 1294 5282 ,_
1323 5205 1414 5279 qui
1428 5206 1676 5282 _binas_in
1694 5206 1782 5282 die
1805 5207 1889 5261 Io-

299 5276 549 5347 cutiones
602 5276 889 5344 habebant,
940 5279 1235 5334 audiendus
1284 5276 1879 5347 imprimisUdalricus.

301 5341 383 5399 De
407 5344 574 5418 prima
591 5362 711 5417 qua:
742 5341 904 5402 ﬁebat
925 5359 1044 5418 post
1065 5341 1463 5417 capitulum-sic
1493 5341 1709 5404 diSserit
1739 5348 1883 5417 (Lib.

301 5429 349 5496 ιῑ
369 5430 487 5486 cap.
513 5415 653 5496 l8_)':
712 5436 733 5470 α
774 5419 855 5496 Eo
883 5415 1254 5496 te'mpore'quo
1282 5422 1506 5496 primum
1526 5419 1593 5473 ad
1617 5415 1887 5475 monaste-

302 5489 447 5567 rium
478 5489 617 5555 veni,
666 5489 923 5567 sacerdos
968 5494 1057 5567 qui
1106 5492 1362 5567 privatam
1414 5490 1631 5567 missam
1666 5500 1887 5567 cantare

300 5557 494 5625 voluit,
530 5560 699 5627 potuit
728 5576 846 5616 eam
886 5557 1285 5617 interim’linirc
1309 5577 1326 5625 ;
1353 5560 1494 5629 quod
1525 5570 1702 5615 tamen
1728 5561 1890 5616 modo

299 5640 429 5686 raro
455 5632 740 5703 contingit,
790 5633 912 5703 quia
961 5632 1243 5689 multitudo
1266 5632 1488 5688 fratrum
1528 5633 1831 5698 acervavit;
1858 5647 1890 5687 a

1908 4538 1968 4605 D

1986 3219 2250 3287 scribens,
2269 3224 2381 3278 haec
2399 3222 2665 3291 habetUn
2686 3219 2872 3275 Tractf
2887 3222 2952 3274 de
2975 3219 3140 3275 Grad.
3167 3219 3375 3291 ltuntil.,
3398 3236 3442 3273 c.
3465 3219 3585 3291 14);

1993 3310 2013 3344 ι
2051 3295 2181 3349 Cum
2228 3301 2405 3348 autem
2437 3290 2644 3362 pulsato
2695 3295 2847 3361 signo
2878 3306 3100 3347 necesse
3132 3303 3215 3346 eSt
3266 3290 3588 3361 interrumpi

1985 3364 2521 3433 colloquiumJtoram
2535 3365 2739 3435 longam
2754 3366 2915 3435 breve
2927 3364 3165 3435 queritur
3180 3362 3542 3435 intervallum.
3559 3381 3585 3414 ι

1988 3435 2083 3490 llis
2111 3432 2166 3490 in
2215 3435 2524 3505 colloquiis,
2558 3432 2641 3490 ut'
2671 3434 2720 3489 id
2751 3434 2926 3505 obitcr
2950 3434 3257 3499 observem,
3291 3432 3588 3501 aliquando

1985 3520 2167 3578 sermo
2187 3504 2443 3578 agebatur
2496 3506 2565 3561 de
2618 3506 2813 3578 litteris
2838 3522 2852 3560 :
2888 3504 2948 3561 Si
2979 3507 3041 3557 de
3068 3505 3250 3558 litteris
3281 3518 3445 3556 sermo
3472 3521 3587 3558 exo-

1984 3578 2139 3649 ritur,
2158 3577 2330 3649 inquit
2355 3580 2411 3632 S.
2446 3577 2769 3642 Bernardus,
2796 3587 2960 3632 vetera
2988 3577 3333 3649 proferuntur
3344 3584 3393 3649 et
3417 3591 3589 3649 nova;

1984 3646 2159 3701 volant
2179 3645 2462 3714 sententiis,
2475 3649 2624 3703 verba
2645 3658 2885 3702 resonant
2914 3645 3204 3716 ampullam
3230 3662 3248 3710 ;
3289 3645 3585 3714 aliquando

1984 3718 2056 3801 de
2075 3719 2337 3801 religione
2365 3734 2396 3801 ε.
2415 3719 2567 3801 Quod
2610 3721 2655 3773 si
2690 3720 2753 3774 de
2781 3719 3028 3801 religione
3068 3720 3240 3801 ag‘itur
3264 3756 3281 3798 ε
3309 3719 3482 3797 statim
3508 3719 3588 3771 vi-

1983 3790 2149 3862 siones
2171 3788 2218 3845 ἐι
2230 3789 2430 3862 somnia
2441 3794 2793 3862 proferuntur,
2811 3788 2998 3862 deinde
3011 3790 3189 3862 laudat
3204 3788 3426 3859 jejunio,
3451 3796 3587 3855 etc.;

1983 3861 2271 3931 aliquando
2297 3861 2366 3916 de
2394 3860 2553 3916 rebus
2576 3861 2779 3929 jocosis
2808 3879 2821 3914 :
2849 3861 2909 3916 Si
2931 3860 2999 3914 ad
3030 3860 3235 3931 ludicra
3264 3874 3430 3912 sermo
3458 3875 3587 3913 con-

1980 3930 2213 3995 vertitur,
2252 3933 2309 3986 in
2334 3932 2413 3985 Itis
2445 3942 2636 4001 quanto
2662 3934 2931 3995 assuetior,
2960 3940 3103 3984 tanta
3133 3930 3588 4001 loquaciorrinre-

1983 4003 2146 4058 nitur.
2181 4004 2258 4057 Ex
2278 4002 2401 4057 hinc
2415 4000 2956 4072 celligeshujusmodi
2985 4000 3249 4068 colloquia
3276 4015 3381 4052 non
3410 4000 3584 4056 fuisse

1984 4074 2308 4135 communia,
2344 4071 2446 4128 hoc
2473 4071 2564 4128 est
2580 4074 2829 4127 omnibus
2860 4072 3017 4126 simul
3048 4072 3099 4124 in
3143 4085 3304 4124 unum
3337 4074 3589 4125 coeunti-

1983 4144 2100 4217 bus,
2137 4147 2232 4199 sed
2282 4144 2422 4217 inter
2451 4157 2510 4217 se
2551 4143 2635 4217 ad
2662 4142 2941 4217 propri_um_
2971 4140 3181 4217 libitum
3213 4140 3462 4217 divisis,
3490 4150 3587 4196 aut

1981 4211 2049 4269 ad
2078 4224 2266 4270 nutum
2296 4214 2541 4277 abbatis;
2569 4211 2805 4283 aliaquin
2830 4213 2884 4269 S.
2911 4212 3239 4283 Bernardus,
3270 4211 3360 4280 qui
3394 4211 3587 4269 luisset

1985 4299 2223 4354 praesens
2255 4326 2270 4351 ,
2319 4286 2364 4340 si
2389 4282 2707 4340 communia
2740 4285 3104 4351 exstitissent,
3139 4282 3340 4337 ludicra
3379 4298 3589 4352 nequa-

1981 4370 2145 4426 quam
2204 4369 2392 4426 passus
2438 4355 2647 4411 fuisset.
2699 4358 2869 4423 Quam
2900 4357 3209 4423 frequenter
3256 4364 3437 4426 autem
3489 4356 3588 4412 illa

1984 4423 2114 4481 liora
2144 4423 2454 4484 occurreret
2484 4441 2580 4481 nos
2603 4428 2771 4482 latet:
2824 4426 3259 4482 sanctimoniales
3280 4423 3592 4483 Strictioris

1984 4498 2351 4554 Observantiaa
2397 4498 2603 4554 ordinis
2656 4496 3028 4553 Cisterciensis
3064 4497 3129 4566 in
3186 4496 3438 4564 llispauia
3489 4496 3591 4566 (In

1986 4567 2203 4625 Constit.
2234 4569 2340 4640 c.72
2366 4571 2515 4636 et“,
2544 4568 2685 4640 apud
2719 4568 2931 4640 Henriq.
2969 4571 3021 4622 in
3045 4565 3193 4621 Liliis
3221 4566 3372 4640 οἰδα,
3405 4586 3458 4636 ρ.
3492 4565 3592 4639 26)

1987 4642 2154 4698 semel
2193 4644 2246 4695 in
2279 4638 2615 4696 hebdomada
2640 4650 2790 4695 extra
2820 4639 3117 4696 Adventum
3148 4647 3239 4693 aut
3266 4638 3592 4707 Quadrage'o

1987 4712 2392 4781 simamjuncta:
2417 4712 2808 4767 recreationem
2832 4710 3032 4766 habent
3064 4718 3187 4766 ante
3220 4712 3303 4763 vel
3347 4720 3468 4779 post
3496 4725 3591 4766 ve-

1987 4796 2175 4851 speras
2198 4781 2264 4836 ad
2296 4792 2482 4837 nutum
2520 4781 2845 4846 abbatissae;
2874 4781 3167 4836 dummodo
3198 4782 3314 4836 dies
3346 4781 3439 4834 ille
3476 4796 3592 4842 non

1989 4854 2061 4908 sit
2089 4853 2502 4908 communionis.
2549 4852 2807 4908 Similiter
2848 4853 2901 4907 in
2962 4852 3195 4922 antiquis
3245 4851 3591 4911 Fuliensium

1985 4922 2492 4985 Constitutionibus,
2526 4937 2645 4993 cap.
2677 4926 2709 4977 6
2740 4939 2755 4977 :
2795 4941 2813 4974 ι
2852 4923 3033 4980 Semel
3058 4931 3263 4977 tantum
3299 4924 3351 4977 in
3382 4922 3591 4979 hebdo-

1989 4995 2148 5051 mada
2180 4994 2267 5050 die
2292 4994 2427 5050 festo
2466 4994 2723 5050 fratribus
2768 4994 2987 5063 aliquod
3017 5009 3081 5049 ex
3135 4993 3218 5048 his
3244 4994 3539 5052 intervallis
3568 5037 3587 5063 ,

1988 5066 2185 5136 quibus
2210 5066 2403 5121 absunt
2432 5080 2460 5118 a
2482 5065 2672 5137 choro,
2697 5065 2788 5136 pio
2810 5075 2862 5121 et
2878 5064 3130 5137 religioso
3160 5066 3429 5136 colloquio
3456 5081 3590 5121 con-

1988 5135 2202 5193 sumere
2233 5155 2252 5190 ι
2300 5135 2623 5206 permittitur
2652 5144 2689 5190 '.

2060 5208 2205 5264 Idem
2258 5205 2372 5264 fere
2418 5208 2628 5278 vigebat
2679 5207 2819 5273 apud
2866 5205 3111 5278 insignes
3162 5207 3285 5265 illos
3332 5206 3592 5278 eremitas

1992 5280 2308 5351 quibuscum
2359 5276 2577 5351 vivebat
2604 5278 2663 5335 S.
2701 5276 3011 5351 Dominicu's
3033 5278 3344 5351 Loricatus.
3383 5276 3448 5332 lli
3503 5279 3591 5351 ni-

1991 5347 2207 5416 mirum,
2229 5357 2365 5406 teste
2395 5349 2553 5407 Petro
2573 5350 2810 5405 Damiani
2837 5348 2926 5419 (In
2970 5348 3070 5403 Vit.
3101 5349 3163 5405 S.
3192 5348 3400 5403 Domiti.
3428 5363 3475 5399 ε.
3500 5347 3585 5414 6),

2001 5440 2021 5475 ι
2061 5422 2316 5478 tenebant
2338 5435 2434 5491 per
2462 5429 2629 5477 totam
2659 5420 3051 5477 hebdomadam
3075 5420 3326 5475 districta
3351 5432 3587 5474 censura

1994 5493 2290 5557 silentium,
2328 5493 2471 5562 quod
2502 5493 2685 5563 utique
2704 5492 2970 5549 dominica
2996 5492 3083 5546 die
3110 5500 3245 5563 post
3266 5502 3579 5563 vestierum,

1995 5564 2283 5634 cibumque
2310 5560 2632 5631 solventes,
2666 5564 2933 5634 habebant
2952 5560 3203 5629 loquendi
3238 5561 3465 5615 invicem
3488 5574 3587 5616 us-

1995 5649 2102 5706 que
2127 5636 2194 5692 ad
2230 5635 2603 5707 completionis
2631 5634 2867 5692 ofﬁcium
2906 5633 3228 5690 libertatem.
3268 5648 3288 5682 ι

359 5786 397 5857 .,’
432 5782 494 5844 In
515 5784 673 5845 editis
705 5799 833 5843 vero
860 5800 951 5842 an.
972 5787 1133 5857 1651,
1161 5788 1378 5863 singulis
1404 5786 1578 5845 diebus
1605 5801 1695 5861 per
1718 5788 1943 5861 spatium
1980 5791 2133 5848 unius
2159 5792 2362 5847 circiter
2387 5795 2530 5850 Itan:
2557 5808 2591 5848 a
2617 5791 2879 5865 superiore
2901 5791 3248 5865 assignandw.

584 5878 862 5944 PATROL.
896 5878 1124 5946 LXVI.

2994 5888 3072 5951 12
