4074 6356
555 340 660 398 365

1895 345 1956 403 S.
1999 344 2064 402 P.
2105 340 2460 408 BENEDICTI

3745 348 3884 411 261

545 497 596 533 ._
625 454 852 533 Tantam
881 450 1277 533 indulgentiam
1295 453 1406 533 suis
1423 469 1528 533 no_n
1569 453 1818 533 videntur
1841 455 2133 533 indulsisse
2160 462 2211 523 Α
2241 456 2605 533 διθιιιιιιιρίὺ.
2625 473 2681 523 ιι,
2701 474 2816 531 cap.
2836 455 2891 526 6,
2909 456 3118 533 tam.”
3130 441 3345 533 spicit.)
3364 475 3379 514 :
3401 473 3423 512 ι
3443 448 3682 529 Quando
3698 461 3876 533 loqui

552 523 912 598 (Iassineuses
937 569 952 593 ,
981 523 1205 596 quorum
1248 528 1641 583 Declarationes
1665 527 1719 581 in
1750 525 1967 596 Regulae
2007 543 2130 598 cap.

552 594 628 661 6,
662 599 775 650 haec
829 594 1071 652 habent:
1130 615 1153 652 ι
1185 599 1264 654 Ad
1312 598 1662 666 elfugiendam
1709 594 2136 667 enervationem,

551 669 762 742 praelati
784 677 840 726 et
887 669 980 724 alii
1027 671 1345 742 superiores
1361 685 1467 742 non
1508 669 1811 725 concedant
1834 671 2022 724 solatia
2046 683 2140 726 aut

548 740 940 808 recreationes,
966 743 1068 796 nisi
1090 741 1312 796 alternis
1335 740 1779 811 hebdomadibus,
1808 753 2032 810 excepta
2057 753 2141 797 ta-

473 816 481 824 ‘
553 829 679 866 men
727 812 1142 878 Quadragesima
1171 821 1227 868 et
1263 812 1540 876 Adventu,
1568 812 1763 881 quibus
1809 814 2137 881 temporibus

456 879 477 895 '
548 886 700 938 nefas
734 895 817 938 est
845 884 968 936 talia
998 883 1251 952 cogitare,
1287 883 1480 936 nedum
1508 879 1832 952 permittere.
1875 901 1894 935 ι
1922 879 1999 936 Ἰιι
2030 884 2138 938 im-

550 954 753 1022 pressis
783 963 958 1007 tamen
989 968 1130 1008 anno
1176 954 1312 1007 1642’.
1343 953 1822 1014 Declaratiouibus.
1855 969 1951 1022 pro
1989 955 2138 1008 alter-

463 1003 483 1092 ε,
549 1003 2141 1093 ςέέείιῑέεάειῆᾱάιοῑέῑ,’*ιε-ιιῑδτ-έεῑεῖᾱιιιςι-ιίειῖιδῖηῑάευηςςέι

481 1097 484 1100 ’
551 1098 773 1164 insuper
803 1105 908 1148 tam
958 1108 1288 1162 novmquatn
1337 1099 1574 1163 antiqua:
1620 1096 2020 1149 Declarationes
2065 1096 2135 1150 ad

469 1196 480 1224 η,
546 1178 670 1232 cap.
701 1164 772 1218 48
801 1166 1086 1220 hortantur
1105 1165 1437 1234 superiores,
1481 1174 1538 1217 ut
1567 1165 1776 1231 benigni
1807 1166 1914 1219 sint
1952 1167 2017 1219 ad
2043 1181 2135 1220 re-

477 1233 481 1254 '
548 1237 850 1289 crcationcs
876 1235 1148 1299 fratribus,
1173 1233 1437 1302 pra3cipue
1452 1235 1882 1290 solemnitatibus
1903 1236 2136 1300 duplici-

543 1302 670 1377 bus,
694 1321 814 1372 qua:
835 1321 940 1377 non
979 1317 1271 1361 occurrunt
1320 1308 1374 1359 ιιι
1404 1308 1648 1361 Adventu
1687 1316 1780 1361 aut
1822 1307 2136 1377 Quadrage-

544 1375 702 1439 sima,
734 1376 1127 1431 coneedendas.

548 1445 550 1447 ’
614 1445 1054 1519 Camaldulenses
1084 1446 1235 1519 (Lib.
1285 1463 1296 1499 ι
1331 1445 1544 1519 Constit.
1573 1446 1850 1515 Camald.)
1877 1462 2001 1502 cum
2028 1447 2137 1502 dis-

543 1529 774 1583 pensant
811 1534 841 1571 a
869 1517 1102 1572 silentio
1132 1533 1224 1586 per
1257 1517 1486 1571 mediam
1519 1519 1776 1572 duntaxat
1821 1519 2006 1573 limam
2040 1532 2137 1585 per

542 1587 886 1652 viridarium,
917 1599 1009 1641 aut
1030 1589 1264 1657 aliquam
1298 1590 1455 1641 aliam
1491 1589 1797 1644 monasterii
1831 1600 2058 1657 partem,
2080 1593 2132 1643 in

539 1672 644 1726 qua
672 1669 984 1729 perpetuum
1011 1676 1115 1714 non
1138 1661 1313 1728 vigeat
1343 1661 1636 1722 silentium,
1659 1661 1988 1728 colloquium
2014 1675 2136 1728 pero

538 1730 781 1794 mittunt.
813 1731 1043 1784 Casalini
1086 1731 1324 1799 quotidie
1362 1731 1521 1801 186
1562 1747 1587 1782 a
1613 1746 1766 1787 coena
1796 1732 1860 1784 ad
1889 1732 2132 1799 comple-

539 1801 761 1871 torium,
798 1803 876 1856 vel
907 1801 1094 1856 diebus
1135 1801 1323 1871 jejunii
1376 1819 1404 1853 a
1434 1817 1650 1869 vespera
1692 1803 1937 1856 etiamad
1980 1817 2131 1854 cum.

539 1869 831 1940 pletorium
864 1869 1310 1941 colloqnebantur
1331 1912 1348 1934 ,
1380 1873 1450 1925 ita
1479 1882 1652 1926 tamen
1687 1884 1740 1925 ut
1772 1873 1862 1925 illo
1893 1881 2134 1942 tempore

537 1953 762 2008 possvrnt
785 1942 849 1995 ad
881 1945 1044 1999 cellas
1066 1944 1338 2008 secedere,
1372 1952 1427 1997 et
1454 1943 1666 1998 lectioni
1721 1954 1878 2011 atque
1900 1945 2133 1998 orationi

539 2024 735 2084 vacare
762 2028 776 2065 :
802 2023 920 2080 post
943 2016 1218 2084 prandium
1248 2029 1376 2067 vero
1406 2014 1502 2067 sub
1534 2014 1749 2068 silentio
1771 2029 1865 2082 per
1896 2015 2128 2069 inediam

477 2125 493 2147 ,,
540 2080 728 2134 horam
761 2080 1172 2140 deambulabam
1202 2087 1253 2138 in
1285 2087 1460 2139 horto.

491 2153 494 2156 ’
548 2198 551 2200 .
619 2153 1024 2210 Bursfcldeusos
1055 2170 1151 2210 nec
1178 2155 1318 2209 diem
1346 2195 1364 2219 ,
1396 2170 1495 2209 nec
1527 2154 1713 2209 horam
1743 2197 1756 2216 ,
1788 2171 1887 2211 nec
1920 2165 2132 2224 tempus

451 3060 478 3090 Is

459 3135 494 3182 ,λ

451 3235 501 3313 ’τι

535 2229 635 2276 aeu
671 2228 896 2292 spatium
934 2228 1184 2296 coIIOquii
1213 2227 1626 2280 delermiuatum
1659 2227 1908 2281 habuisse
1939 2228 2129 2280 viden-

536 2300 648 2359 tur,
668 2296 760 2348 sed
795 2298 844 2350 in
867 2298 1240 2352 Caeremouiali
1275 2297 1376 2349 hoc
1410 2307 1612 2351 tantum
1644 2298 1935 2351 decernunt
1966 2297 2127 2360 (Dist.

537 2364 593 2428 3,
621 2381 731 2436 cap.
769 2368 900 2436 to):
967 2387 986 2420 ι
1025 2371 1070 2423 Λ
1099 2369 1214 2421 solo
1247 2369 1442 2421 abbate
1494 2377 1548 2421 et
1580 2368 1754 2434 priore
1778 2407 1792 2429 ,
1842 2383 1934 2422 seu
1967 2367 2132 2421 etiatn

536 2437 820 2503 subpriorc
860 2439 913 2492 in
967 2439 1159 2507 prioris
1199 2438 1463 2498 absentia,
1510 2437 1762 2504 loquendi
1813 2438 2021 2491 licentia
2076 2440 2130 2492 in

533 2511 870 2562 monasterio
903 2521 991 2562 aut
1023 2518 1174 2563 extra
1203 2509 1547 2572 concedatur,
1579 2509 1678 2561 nisi
1705 2507 1841 2562 forte
1865 2509 2024 2562 alicui
2045 2510 2129 2562 al-

533 2579 638 2628 tcii
694 2593 789 2648 pro
821 2579 937 2633 vice
969 2581 1148 2648 aliqua
1193 2579 1412 2647 speciali
1446 2594 1608 2640 super
1636 2579 1738 2631 hoc
1768 2579 1835 2632 ab
1855 2579 2046 2632 abbate
2074 2588 2132 2634 et

533 2648 718 2714 priore
741 2647 1175 2703 fueritconcessa
1212 2657 1465 2712 potestas.
1505 2649 1643 2702 Datis
1675 2650 1922 2717 loqurntli
1958 2652 2128 2704 licett-

539 2718 670 2787 tiam
701 2719 958 2774 fratribus
978 2720 1125 2773 dicat
1151 2737 1163 2771 :
1194 2719 1522 2783 Benetficite;
1553 2720 1695 2774 etilli
1723 2720 2081 2787 reSpondeant
2109 2738 2123 2772 :

532 2786 679 2840 licus
705 2805 719 2840 :
747 2803 799 2843 et
820 2805 882 2844 ex
917 2801 1040 2844 tmte
1065 2791 1266 2844 licitum
1291 2792 1390 2844 erit
1409 2793 1473 2844 tle
1500 2789 1776 2858 permissis
1807 2786 1871 2845 ad
1900 2792 2128 2846 invicem

535 2859 784 2931 conferre
811 2877 978 2931 usque
999 2862 1064 2916 ad
1084 2862 1537 2916 iteratamsileutii
1564 2861 1976 2927 imposilioncm,
2005 2876 2131 2930 quas

531 2928 674 3003 ﬁeri
712 2933 848 2986 solet
879 2928 973 3001 per
1028 2937 1143 2986 hmc
1173 2932 1334 2986 verba
1369 2950 1380 2984 :
1418 2933 1746 3003 Adjtttorium
1796 2928 2035 2986 nortrttnt
2075 2934 2129 2984 in

531 3001 742 3054 nontine
794 3003 1021 3058 Domini.
1077 3003 1217 3057 Nulli
1247 3019 1376 3073 ergo
1401 3001 1600 3070 alisque
1629 3002 1842 3056 licentia
1875 3003 2016 3072 loqui
2048 3003 2133 3057 fas

535 3082 638 3134 est,
671 3074 758 3127 sed
791 3075 965 3128 habita
995 3074 1211 3129 licentia
1235 3116 1252 3143 ,
1281 3086 1376 3143 aut
1408 3075 1661 3128 facultate
1690 3075 1940 3142 loquendi
1968 3114 1982 3136 ,
2018 3088 2128 3128 non

532 3143 785 3216 loquatur
825 3145 929 3200 nisi
982 3142 1299 3216 prmtuisso:
1345 3142 1676 3209 Benedicite,
1717 3155 1771 3198 et
1813 3157 2077 3213 responso
2110 3162 2125 3198 :

449 3224 484 3270 τι
533 3209 809 3270 Dotttittus.
850 3235 870 3268 ι

610 3284 685 3340 De
729 3285 979 3356 colloquii
1031 3287 1150 3342 loco
1196 3287 1357 3340 variae
1394 3286 1622 3356 fuerunt
1664 3285 2119 3343 monasteriorum

470 3371 472 3373 ’
531 3355 994 3423 consuetudines;
1028 3373 1149 3412 nam
1181 3358 1239 3412 S.
1274 3355 1574 3410 Adalardus
1601 3357 1652 3408 in
1683 3356 1906 3411 Statntis
1932 3357 2027 3413 lib.
2055 3373 2116 3423 ιι,

469 3451 472 3453 ·
535 3435 658 3495 Cap.
698 3428 752 3494 6,
783 3428 1152 3483 dormitorium
1183 3427 1416 3496 assignat
1445 3441 1460 3490 ;
1493 3423 1900 3492 Cluuianenses,
1935 3428 2117 3482 Divio-

475 3504 485 3566 χ
529 3511 756 3562 menses,
787 3499 1143 3564 Parisienses,
1179 3500 1506 3559 Beccenses,
1550 3507 1603 3550 et
1629 3497 1719 3551 alii
1757 3499 2121 3555 communiter

531 3569 785 3621 monachi
831 3586 950 3622 cum
993 3567 1464 3623 Carthusiensibus
1494 3569 1849 3636 loquebantur
1889 3571 1938 3624 in
1966 3570 2118 3625 clau-

532 3647 689 3703 stro;
720 3636 1156 3695 Camaldulenses
1185 3642 1236 3692 in
1273 3637 1544 3692 viridario.
1576 3640 1643 3691 At
1674 3654 1794 3692 raro
1823 3648 1971 3693 extra
2005 3655 2120 3694 mo-

531 3710 1200 3780 nasteriuinrecreationis
1215 3710 1388 3780 gratia
1405 3707 1815 3765 deambulantes
1827 3713 2124 3767 monachos

470 3777 1030 3856 evetﬁeresollendes.

508 3851 516 3881 ι
609 3849 760 3916 Quod
788 3860 996 3919 spectat
1041 3853 1108 3907 ad
1156 3850 1371 3906 modum
1407 3849 1521 3907 sive
1572 3852 1814 3908 ordinem
1848 3854 1901 3908 in
1951 3852 2119 3908 collo-

531 3921 1000 3992 quietenendum,
1032 3926 1092 3978 10
1117 3923 1249 3977 illud
1279 3938 1382 3977 non
1407 3922 1731 3992 incipiebant
1753 3923 1854 3978 nisi
1881 3924 2122 3992 praemis-

471 3993 483 4045 ί.
528 4006 633 4047 so:
664 3989 977 4050 Beuedicite.
1006 4012 1026 4046 ι
1065 3995 1191 4050 Post
1217 3989 1532 4063 capitulum,
1560 3995 1730 4063 inquit
1754 4009 1856 4049 ms.
1882 3989 1938 4048 S.
1975 3992 2122 4049 Petri

531 4077 692 4132 supra
720 4065 904 4119 Divam
933 4065 1274 4122 Urdiuarium
1295 4105 1310 4129 ,
1353 4064 1575 4120 sedeant
1602 4080 1790 4120 oinnes
1813 4066 2122 4122 inclaustro

532 4139 600 4200 a_:l
652 4135 1000 4204 colloquium.
1050 4137 1247 4192 Audito
1276 4138 1454 4205 itaque
1501 4146 1754 4206 tympano
1799 4145 2023 4205 pergant
2051 4136 2121 4191 ad

529 4215 761 4272 sextam;
791 4222 895 4277 qua
921 4217 1154 4271 cantata.
1186 4217 1527 4263 revertantur
1569 4210 1632 4277 ad
1658 4207 2006 4275 colloquium,
2037 4208 2123 4260 di-

531 4287 725 4346 catque
755 4276 1042 4334 ultimusiu
1069 4281 1258 4334 ordine
1293 4280 1527 4333 novitius
1561 4293 1575 4331 :
1609 4276 1930 4341 Benedicite,
1961 4286 2014 4333 et
2042 4277 2123 4333 sic

529 4346 827 4417 loquantur
855 4349 923 4403 de
940 4350 1522 4417 consuetudinibus,de
1546 4349 1702 4406 bonis
1728 4359 1782 4403 et
1807 4348 2123 4403 aediﬁcatio-

532 4416 620 4470 nis
661 4419 908 4488 eloquiis.
954 4439 972 4472 ι
1011 4421 1162 4489 Apud
1220 4419 1626 4474 Bursl‘eldenses
1653 4431 1707 4475 et
1737 4419 2121 4489 Carthusianos

529 4502 642 4559 lion
670 4491 911 4556 ultimus,
941 4490 1037 4545 sed
1059 4488 1174 4557 ipse
1205 4489 1296 4559 qui
1323 4490 1589 4558 colloquio
1618 4499 1870 4558 praeerat.
1901 4488 2124 4545 Benedi—

533 4558 632 4609 cite
654 4559 889 4614 dicebat.
922 4560 984 4614 lli
1013 4563 1174 4615 etiam
1223 4558 1508 4628 antequam
1532 4561 1820 4629 quidquam
1854 4561 2000 4629 loqui
2032 4563 2117 4614 iti-

533 4629 801 4697 ciperent,
830 4630 1064 4701 aliquam
1087 4631 1372 4685 lectionem
1398 4632 1811 4699 pricmittebant.
1845 4649 1864 4684 ι
1895 4631 2123 4698 Quando

532 4709 659 4767 post
703 4717 897 4755 nonam
947 4703 999 4756 in
1030 4702 1258 4758 ecclesia
1316 4702 1510 4756 dictam
1551 4702 1740 4758 diebus
1795 4703 2012 4769 capituli
2069 4703 2122 4756 in

534 4771 772 4842 claustro
800 4774 1154 4828 convenimus
1178 4819 1191 4838 ,
1227 4775 1474 4842 inquiunt
1525 4774 1578 4827 iu
1626 4790 1763 4830 nova
1790 4773 2124 4829 Collectione

536 4840 890 4914 Statutorum,
926 4840 1368 4914 tuneantequam
1415 4844 1738 4913 sedeamus,
1779 4845 1870 4914 qui
1932 4852 2127 4912 [irteest

534 4915 824 4968 muventui
855 4913 984 4968 dicit
1010 4913 1349 4970 :Benedicite.
1372 4915 1577 4971 Deinde
1604 4913 1846 4983 sequitur
1871 4915 2032 4970 lectio
2055 4915 2126 4972 de

533 4986 763 5052 Slattttis
787 4985 1220 5055 velEvangeliis;
1266 5001 1367 5056 qua
1394 4987 1564 5052 ﬁnita,
1593 4987 1922 5054 colloquium
1951 4985 2118 5041 habe-

441 5091 447 5124 ,
533 5070 688 5119 inus,
710 5055 889 5124 inquo
920 5058 1102 5112 nullus
1129 5055 1416 5113 consulere
1445 5058 1607 5112 debet
1636 5067 1846 5112 secreto
1868 5095 1882 5118 ,
1916 5057 2002 5110 vel
2033 5072 2123 5111 sn-

528 5135 774 5193 Mll‘l‘al'e,
807 5129 889 5199 vel
936 5127 1118 5184 dicere
1161 5128 1368 5199 aliquid
1415 5129 1555 5199 quod
1603 5128 1736 5182 nolit
1777 5127 1844 5182 ab
1872 5127 2127 5199 oniuibus

531 5199 759 5267 intelligi
808 5198 893 5255 vel
921 5200 1118 5255 audiri.
1164 5196 1806 5267 Eaiiidem'disciplinam
1835 5196 2129 5254 obscurare
2173 5254 2176 5258 ,

528 5269 785 5324 videntur
814 5271 1254 5327 sanctimoniales
1285 5269 1587 5338 Strictioris
1625 5267 1994 5338 Observantiae
2041 5283 2132 5322 or-

526 5339 673 5411 dinis
697 5341 1070 5398 Cistcrciensis
1087 5343 1141 5398 in
1167 5336 1444 5410 Hispania,
1465 5354 1691 5410 quarum
1706 5336 2131 5411 ConStitutiones

529 5410 720 5484 volunt
748 5412 896 5484 (Cap.
921 5414 1105 5484 il),ut
1132 5432 1151 5466 ι
1179 5413 1270 5467 ubi
1290 5415 1565 5484 abbatissa
1595 5410 1866 5484 licentiam
1887 5424 2132 5484 recreau-

530 5483 598 5553 ilij
621 5485 702 5538 vel
729 5481 1066 5551 colloquendi
1115 5483 1349 5553 dederit,
1383 5484 1492 5538 sint
1521 5482 1788 5552 colloquia
1829 5481 2077 5552 religiosa
2106 5521 2124 5547 ,

534 5551 601 5606 ad
621 5559 765 5626 quod
792 5558 994 5611 servire
1020 5557 1216 5626 poterit
1261 5551 1380 5626 pius
1405 5551 1778 5626 aliquisliber.
1814 5569 1836 5605 ι

613 5625 737 5680 Data
763 5635 938 5681 autem
955 5623 1122 5684 semel
1153 5623 1406 5694 loquendi
1446 5623 1682 5691 licentia,
1710 5624 1840 5692 duo,
1873 5625 1959 5679 vel
1991 5634 2119 5692 tres,

541 5695 788 5762 pluresve
819 5698 976 5770 simul
1003 5715 1031 5753 a
1063 5696 1743 5770 superiorejungebantur;
1769 5697 2117 5770 quibuscum,

541 5783 643 5817 non
661 5785 777 5819 cum
800 5769 1021 5832 :iliis,de
1040 5768 1450 5824 rebushonestis
1466 5771 1632 5838 etpiis
1656 5784 1960 5824 sermonem
1978 5768 2119 5820 iuvi-

537 5851 655 5894 cem
691 5838 1003 5896 miscebant.
1031 5842 1105 5896 lta
1138 5844 1493 5910 praescribunt
1528 5837 1745 5914 antiqua
1770 5843 1826 5898 S.
1864 5837 2115 5918 Adalardi

2154 4593 2220 4656 Β,

2247 531 2392 595 licet,
2415 530 2540 602 quia
2565 532 2766 586 locutio
2787 545 3003 600 semper
3021 531 3094 586 ibi
3116 533 3137 600 (
3143 530 3192 602 in
3208 532 3550 602 dormitorio)
3570 530 3870 590 servanda

2243 611 2348 664 est,
2373 603 2488 656 sive
2507 600 2638 673 duo,
2670 615 2766 656 seu
2794 611 2902 657 tres
2923 644 2936 667 ,
2960 617 3058 658 seu
3078 601 3242 658 etiam
3273 605 3451 673 plures
3477 646 3492 671 ,
3527 600 3700 659 sicuti
3738 607 3873 662 ﬁeri

2245 673 2406 743 187
2423 672 2576 745 solet
2605 673 2822 745 quando
2847 673 2917 728 de
2945 674 3185 745 capitulo
3210 672 3469 744 surgunt,
3503 675 3874 745 coniungan-

2241 742 2516 815 μιῇ-»νει
2558 743 2885 812 promiscue,
2917 753 2978 800 ut
3006 742 3212 801 ferebat
3241 742 3476 807 animus.
3509 742 3869 815 quibuscum

2239 813 2499 881 cupiebat
2541 815 2912 883 unusquisque
2955 816 3314 883 loquebatur:
3357 826 3412 872 et
3456 813 3574 870 huic
3623 817 3874 875 videtur

2246 883 2411 938 fuisse
2452 885 2881 941 tlluniacensium
2904 928 2918 949 ,
2950 886 3415 944 Carthusiensium
3437 930 3451 949 ,
3489 887 3600 941 imo
3629 897 3691 943 et
3735 888 3872 943 Cis-

2237 954 2594 1027 terciensium
2619 963 2725 1027 tut
2758 970 2920 1026 supra
2961 956 3274 1027 collegimus
3316 973 3379 1013 ex
3424 959 3482 1014 S.
3519 959 3864 1026 Bernardo,

2241 1026 2598 1098 consuetudo.
2638 1025 2794 1082 Tune
2833 1025 2926 1096 qui
2973 1025 3148 1096 aliqua
3193 1044 3252 1082 re
3298 1029 3644 1098 indigebant,
3709 1025 3869 1085 hanc

2243 1097 2580 1164 potissimum
2621 1110 2689 1152 eo
2731 1110 2972 1166 tempore
3004 1098 3289 1165 petebant,
3326 1109 3384 1153 ut
3413 1097 3481 1154 de
3507 1097 3865 1155 Cluniacen-

2237 1167 2394 1238 sibus
2421 1166 2609 1238 scribit
2635 1166 2948 1226 Udalricus.
2980 1178 3034 1223 et
3061 1169 3532 1224 Carthusiensibus
3559 1174 3676 1224 suis
3714 1186 3868 1238 pra-

2242 1237 2432 1292 Icribit
2467 1237 2641 1292 Guido
2665 1239 2748 1292 his
2788 1240 3007 1294 verbis:
3039 1258 3060 1290 ‹
3098 1240 3223 1294 Post
3245 1255 3438 1295 nonam
3480 1237 3865 1298 convenimus

2243 1310 2298 1360 in
2327 1310 2559 1362 claustro
2599 1310 2667 1364 de
2715 1311 2932 1365 utilibus
2971 1309 3244 1366 locuturi:
3289 1312 3342 1366 in
3387 1314 3488 1366 hoc
3527 1313 3718 1378 spatio
3774 1314 3864 1367 in-

2239 1387 2520 1450 caustum,
2552 1393 2967 1450 pet-garrieniim,
2997 1394 3230 1450 pennas,
3263 1389 3502 1445 cretam,
3537 1383 3719 1436 libros
3754 1398 3859 1438 seu

2242 1449 2500 1517 legendos
2530 1466 2624 1504 seu
2655 1449 3088 1505 transcribendos
3115 1467 3143 1504 a
3170 1453 3427 1516 sacrista;
3457 1467 3487 1505 a
3517 1454 3862 1520 coquinaria

2241 1534 2372 1572 vero
2404 1521 2669 1593 legumina
2695 1553 2715 1584 ,η
2742 1522 2819 1593 sal
2841 1562 2866 1593 ,ί
2886 1530 2942 1574 et
2971 1532 3161 1576 ca-trra
3196 1522 3502 1593 hujusmodi
3533 1523 3857 1593 poscimus,

2241 1600 2298 1645 et
2327 1591 2637 1659 accipimus.
2665 1611 2684 1644 ι
2713 1592 2807 1646 Vel
2839 1592 3073 1661 denique
3102 1591 3290 1646 omnes
3319 1609 3426 1647 uno
3457 1595 3510 1646 in
3537 1591 3664 1648 loco
3699 1591 3857 1649 resi+

2242 1663 2468 1723 dentes,
2496 1677 2556 1717 so.
2587 1664 2814 1716 invicem
2848 1665 3125 1732 loquentes
3156 1664 3528 1718 auscultabunt
3548 1706 3562 1726 ,
3602 1675 3665 1718 ut
3701 1667 3856 1722 velle

2243 1733 2452 1786 videtur
2499 1734 2555 1786 S.
2602 1733 2961 1799 Hildegardis.
3008 1736 3181 1804 Atque
3226 1736 3292 1789 ad
3338 1735 3434 1788 hos
3484 1735 3849 1804 potissimum

2240 1812 2453 1876 spectat
2478 1805 2735 1876 pratclara
2766 1805 2853 1858 illa
2877 1806 2934 1860 S.
2963 1804 3144 1858 Basilii
3168 1805 3461 1859 admonitio
3490 1804 3693 1876 (Serm.
3725 1806 3765 1858 Ξ
3787 1811 3855 1862 de

2241 1872 2418 1927 Instit.
2444 1875 2748 1944 monach.):
2777 1893 2795 1925 ε
2825 1876 3033 1929 Inutilis
3063 1889 3270 1936 sermo,
3302 1885 3356 1929 et
3386 1872 3510 1945 qua!
3533 1892 3602 1930 ex
3637 1880 3855 1932 mutuis

2239 1945 2742 2016 eolloquiisioritur
2790 1948 3095 2012 importuna
3141 1947 3304 2000 elatio
3347 1957 3451 2000 noli
3499 1946 3850 2016 proferatur,

2239 2017 2334 2069 sed
2374 2018 2419 2070 si
2461 2015 2588 2083 quid
2630 2017 2760 2069 utile
2799 2020 2864 2069 ad
2906 2017 3312 2071 aediﬁcationem
3355 2015 3705 2085 animarum,
3746 2019 3851 2074 hoc

2238 2087 2415 2141 solum
2445 2088 2696 2141 convenit
2728 2088 2868 2156 loqui
2896 2105 2910 2150 ;
2944 2097 2999 2142 et
3031 2090 3144 2140 haec
3185 2088 3296 2156 ipsa
3329 2101 3448 2156 qum
3480 2090 3636 2141 utilia
3668 2101 3849 2157 sunt,

2237 2172 2362 2229 cum
2390 2158 2611 2221 ordine,
2644 2167 2696 2229 et
2725 2157 2938 2229 decenti
2968 2167 3244 2229 tempore,
3266 2160 3330 2229 et
3361 2157 3542 2229 abhis
3575 2174 3607 2212 a
3640 2163 3850 2229 quibus

2236 2228 2344 2282 dici
2392 2237 2621 2296 oportet.
2653 2227 2708 2283 Si
2746 2229 2864 2294 quis
2908 2228 2979 2282 de
3020 2228 3363 2282 inferioribus
3406 2227 3510 2294 sit,
3554 2227 3851 2298 exspectet

2237 2297 2415 2353 donec
2443 2299 2698 2352 invitetur
2725 2301 2790 2352 ad
2823 2301 3143 2369 loquendum
3173 2315 3202 2351 a
3235 2299 3552 2367 superiore;
3583 2315 3848 2355 susurra-

2240 2369 2418 2423 tiones
2447 2383 2580 2424 vero
2609 2382 2767 2438 atque
2810 2370 2876 2422 ad
2910 2384 3067 2424 aures
3097 2369 3427 2434 locutiones,
3457 2379 3513 2423 et
3546 2385 3644 2437 per
3674 2383 3850 2426 nutus

2240 2439 2668 2507 signiﬁcationes
2715 2439 3166 2506 submoventur,
3217 2439 3342 2510 quia
3388 2443 3692 2494 susurratio
3749 2457 3847 2495 su-

2233 2513 2538 2576 spicionem
2584 2511 2930 2564 detractionis
2958 2513 3138 2573 habet.
3182 2520 3236 2565 et
3275 2524 3394 2579 quae
3425 2525 3521 2576 per
3549 2519 3745 2565 nutum
3784 2516 3846 2566 tit

2239 2582 2596 2648 signiﬁcatio,
2631 2582 2812 2635 dolum
2844 2581 3074 2650 alicujus
3107 2582 3184 2635 rei
3228 2583 3393 2635 latere
3434 2581 3680 2636 indicat:
3729 2583 3843 2637 fra-

2240 2655 2308 2705 tri
2339 2665 2500 2719 porro
2537 2667 2602 2706 ex
2649 2652 2732 2706 his
2761 2652 2954 2708 talibus
2984 2661 3278 2706 nascuntur
3302 2651 3421 2706 oilia
3463 2661 3519 2706 et
3557 2655 3842 2723 suspirio-

2238 2737 2356 2776 nes.
2382 2723 2600 2788 Quoties
2627 2736 2754 2776 vero
2783 2723 2923 2778 inter
2947 2736 3005 2777 se
3029 2723 3350 2792 colloquium
3381 2723 3576 2778 habere
3607 2738 3841 2778 necesse

2237 2802 2323 2848 est
2344 2834 2359 2857 ,
2391 2794 2606 2846 modum
2637 2794 2781 2847 vocis
2811 2795 3105 2848 necessitas
3133 2793 3387 2851 deliniat.
3423 2802 3481 2847 ut
3510 2795 3725 2848 scilicet
3757 2795 3840 2849 illi

2237 2863 2326 2931 qui
2357 2878 2524 2932 prepe
2552 2873 2634 2918 est
2655 2903 2668 2927 ,
2699 2863 2921 2919 dulciori
2951 2878 3083 2918 voce
3121 2864 3441 2932 loquantur;
3486 2879 3611 2919 eum
3645 2874 3836 2920 autem

2237 2935 2327 3003 qui
2359 2935 2517 3004 longe
2546 2942 2662 2999 est,
2695 2935 2868 2988 altiori
2899 2949 3030 2989 voce
3070 2935 3369 3004 appellent,
3401 2942 3459 2988 ut
3485 2939 3574 3004 qui
3608 2936 3704 2989 dat
3736 2939 3836 2990 ali-

2235 3005 2325 3059 cui
2365 3005 2685 3072 consilium,
2730 3014 2821 3058 aut
2863 3006 3096 3071 aliquam
3145 3006 3211 3059 de
3251 3020 3310 3060 re
3349 3005 3524 3073 aliqua
3565 3008 3837 3060 exhorta-

2236 3076 2439 3130 tionem
2473 3075 2692 3146 habet.
2717 3077 2906 3138 majori
2947 3085 3004 3130 et
3043 3076 3304 3146 asperiori
3349 3089 3479 3129 voce
3517 3086 3723 3142 utatur,
3773 3088 3836 3131 ut

2237 3146 2372 3200 nihil
2427 3145 2877 3202 contumeliosum
2935 3147 2986 3200 in
3017 3145 3286 3201 conventu
3314 3147 3636 3214 reperiatur.
3679 3167 3697 3197 ι
3746 3149 3833 3202 An

2153 3210 2220 3279 ϐπ
2239 3232 2370 3271 vero
2414 3217 2482 3271 de
2530 3216 2836 3286 hujusmodi
2882 3217 3168 3287 colloquio
3195 3210 3570 3284 intelligendus
3616 3217 3691 3272 sit
3742 3219 3834 3273 hic

2231 3291 2382 3347 locus
2412 3303 2476 3342 ex
2510 3287 2630 3341 Vita
2659 3289 2718 3343 S.
2753 3287 3024 3343 Pacliomii
3044 3286 3064 3340 ’:
3093 3306 3114 3339 ι
3138 3286 3482 3342 Consuetudo
3503 3297 3684 3341 auta-m
3718 3288 3831 3344 illis

2232 3369 2348 3416 erat
2386 3359 2494 3429 jam
2527 3359 2652 3413 inde
2698 3358 2766 3412 ab
2807 3359 2993 3426 initio,
3038 3358 3178 3414 circa
3216 3372 3498 3428 vesperam
3525 3399 3538 3421 ,
3586 3361 3832 3413 manuali

2231 3445 2396 3493 onere
2431 3445 2496 3484 ac
2544 3444 2697 3486 omna
2745 3431 3014 3497 peractis,
3047 3431 3100 3483 in
3131 3443 3295 3484 unum
3336 3429 3494 3482 simul
3535 3430 3830 3483 considere

2228 3501 2297 3557 ad
2328 3503 2648 3556 scrutandas
2676 3501 3020 3569 Scripturas,
3052 3500 3118 3555 ab
3146 3499 3294 3554 omni
3326 3500 3426 3553 alia
3457 3499 3830 3556 sollicitudine

2228 3583 2362 3628 tunc
2390 3572 2581 3637 liberi,
2620 3581 2971 3641 prieterquam
2997 3572 3066 3626 ab
3093 3583 3158 3626 ea
3195 3584 3315 3640 quae
3359 3571 3586 3626 salutem
3632 3586 3826 3626 eorum

2230 3643 2616 3700 eoucernebat.
2644 3661 2662 3692 ι

2265 3755 2274 3764 .
2307 3715 2475 3768 l’orro
2501 3723 2676 3768 utrum
2705 3711 2892 3767 istluec
2913 3711 3176 3782 colloquia
3199 3711 3565 3768 recreationes
3593 3720 3687 3766 aut
3713 3713 3824 3767 alio

2229 3785 2452 3841 nemine
2480 3783 2751 3852 appellare
2775 3784 2932 3838 liceat
2951 3824 2966 3848 ,
2998 3797 3179 3850 parum
3204 3783 3395 3848 refert,
3425 3797 3546 3836 cum
3573 3797 3682 3836 non
3713 3793 3824 3836 tam

2231 3859 2298 3910 ad
2331 3856 2739 3924 delectationem
2768 3868 2927 3924 quam
2957 3856 3023 3908 ad
3055 3854 3391 3908 inﬁrmorum
3437 3855 3692 3907 solatium
3734 3855 3824 3907 in-

2231 3927 2380 3981 dulta
2422 3929 2546 3980 sint.
2590 3923 2789 3982 Certe.
2840 3925 2978 3978 sicut
3021 3937 3217 3991 corpus
3262 3936 3512 3978 recreare
3549 3924 3826 3991 dicimus,

2230 4011 2355 4052 cum
2386 4004 2505 4063 post
2533 3996 2748 4064 longum
2772 3994 3032 4065 jejunium
3064 3995 3339 4049 vilissimis
3369 3995 3502 4047 cibis
3527 3996 3824 4063 vescimur,

2230 4068 2304 4123 ita
2335 4081 2454 4120 cum
2489 4076 2609 4134 post
2640 4067 2904 4135 prolixum
2936 4066 3204 4119 silentiunt
3235 4065 3303 4119 de
3335 4065 3488 4119 bonis
3515 4073 3570 4118 et
3596 4066 3662 4116 ad
3693 4068 3828 4118 aedi-

2231 4139 2539 4193 ﬁcationem
2583 4138 2812 4205 eloquiis
2856 4137 3144 4205 loquimur,
3197 4137 3298 4191 hoc
3339 4138 3660 4190 exhaustum
3707 4137 3833 4189 ani—

2231 4223 2380 4263 inum
2411 4222 2694 4274 recreare,
2729 4206 2859 4262 nihil
2892 4215 3034 4263 vetat
3063 4208 3336 4276 appellare
3363 4247 3378 4271 ,
3413 4205 3706 4260 dummodo
3735 4207 3831 4260 ab-

2231 4283 2304 4333 sit
2330 4280 2504 4333 omnis
2535 4279 2603 4333 de
2631 4280 2865 4344 smculo,
2897 4278 2966 4332 de
2998 4280 3212 4348 regibus
3233 4318 3248 4342 ,
3283 4277 3645 4346 principibus.
3685 4291 3827 4345 prae-

2231 4350 2390 4415 latis,
2421 4350 2646 4419 aliisque
2673 4349 2975 4416 hujusmodi
3000 4391 3014 4413 ,
3048 4363 3168 4418 quae
3198 4349 3396 4416 possint
3421 4355 3605 4402 vetant
3630 4359 3830 4402 omnes

2231 4430 2344 4478 tam
2389 4431 2598 4474 veteres
2635 4434 2794 4488 quam
2834 4430 3082 4475 recentes
3123 4421 3509 4474 monachorum
3552 4419 3828 4473 constitu-

2239 4490 2448 4557 tiones,
2481 4503 2681 4544 sermo.
2725 4490 2895 4546 Recte
2923 4492 3144 4545 omnino
3174 4504 3275 4545 ms.
3310 4489 3442 4544 liber
3466 4489 3535 4543 de
3570 4489 3826 4544 Doctrina

2233 4561 2558 4617 novitiorum
2591 4573 2599 4614 l
2631 4561 2757 4628 Cap.
2789 4561 2896 4629 14)
2924 4579 2934 4614 :
2965 4579 2984 4612 ‹
3013 4561 3292 4631 Nunquam
3340 4562 3575 4629 loquaris
3613 4560 3684 4614 de
3722 4576 3830 4614 szc-

2233 4633 2396 4697 cnlo,
2441 4632 2526 4686 vel
2565 4632 2634 4684 de
2670 4633 2914 4700 guerris;
2957 4647 3057 4686 nec
3098 4633 3284 4686 audias
3321 4631 3651 4694 referentes,
3699 4641 3826 4684 cum

2235 4703 2368 4757 illud
2399 4703 2469 4756 sit
2497 4717 2765 4756 venenum
2797 4704 3136 4758 mortilerum
3168 4705 3528 4756 animarum.»
3559 4701 3695 4755 Vide
3723 4702 3852 4767 Per

2235 4777 2318 4830 tri
2340 4773 2579 4827 Damiani
2608 4788 2793 4842 opusc.
2822 4775 2914 4838 49,
2942 4789 3062 4843 cap.
3096 4773 3184 4828 10.

2309 4845 2573 4915 Οαιιριυυιιι
2616 4855 2766 4899 extra
2815 4845 3118 4915 hujusmodi
3165 4843 3465 4914 colloquia,
3511 4844 3579 4898 de
3620 4843 3822 4912 quibus

2236 4917 2502 4972 hactenus
2531 4914 2646 4969 fuse
2670 4914 3049 4981 disseruimus,
3081 4930 3307 4984 quisque
3336 4925 3488 4971 erant
3517 4928 3632 4968 rara
3655 4955 3672 4978 ,
3703 4930 3826 4983 per-

2236 4998 2456 5056 petuum
2490 4986 2738 5040 monachi
2769 4987 3360 5041 silentiumservabaut
3381 5030 3394 5049 ,
3435 4986 3593 5056 188
3619 4987 3826 5050 gravis-

2237 5059 2390 5112 simis
2419 5057 2580 5126 etiam
2609 5056 2959 5125 subjicicntes
3000 5058 3173 5126 pinnis
3214 5056 3344 5110 illttd
3380 5065 3581 5110 temere
3613 5058 3821 5109 violan-

2237 5134 2342 5184 tes.
2380 5129 2450 5182 De
2484 5125 2571 5182 his
2612 5129 2784 5196 pomis
2822 5125 3079 5182 adversus
3118 5127 3319 5182 silentii
3364 5127 3678 5196 infractores
3722 5129 3823 5180 lte-

2236 5200 2365 5270 gnla
2394 5195 2680 5266 Cuiusdam
2700 5200 2785 5270 ad,
2809 5198 3102 5253 Monachos
3131 5199 3201 5252 ita
3231 5195 3652 5270 decernittCap.
3688 5197 3776 5270 lﬁ)
3804 5214 3819 5249 :

2245 5267 2351 5324 i-ln
2379 5270 2632 5324 omnibus
2660 5267 2790 5323 nihil
2832 5269 3192 5339 loquendum;
3225 5271 3324 5324 nisi
3359 5269 3499 5338 quod
3532 5269 3826 5322 necessitas

2239 5340 2572 5413 poposcerit.
2618 5339 2673 5396 Si
2713 5341 2832 5413 quis
2874 5349 3071 5410 praeter
3113 5340 3251 5395 hanc
3291 5341 3666 5413 disciplinam,
3699 5353 3822 5392 cum

2240 5410 2478 5472 clamore
2505 5420 2561 5467 et
2588 5411 2862 5466 acerbiore
2901 5425 3152 5467 sermone
3195 5410 3564 5476 responderit,
3611 5417 3830 5463 notetur

2238 5497 2523 5553 usquequo
2552 5483 2871 5553 corrigatur.
2917 5484 2972 5537 Si
3013 5493 3191 5538 autem
3225 5485 3324 5537 hoc
3349 5482 3480 5536 vita)
3509 5483 3696 5535 curari
3716 5494 3834 5543 non;

2236 5556 2468 5625 poterit,
2498 5554 2742 5621 ejiciatur
2767 5553 2838 5607 ab
2869 5557 3072 5610 unitate
3104 5554 3346 5608 fratrum.
3371 5553 3601 5625 iPoana'e
3631 5553 3819 5605 incerti
3853 5619 3860 5625 κ

2235 5623 2474 5695 auctoris
2503 5626 2641 5692 apud
2674 5625 2730 5679 S.
2762 5625 3048 5690 Basilium,
3084 5641 3137 5678 ιι.
3174 5627 3239 5679 15
3266 5644 3276 5677 :
3309 5637 3338 5675 ι’
3357 5624 3416 5679 Si
3448 5623 3569 5695 quis
3610 5637 3813 5691 vesper
3852 5623 3864 5694 ζ

2233 5706 2359 5766 post
2404 5693 2566 5750 Pater
2590 5705 2765 5750 noster
2801 5695 3110 5750 inveniatur
3135 5693 3479 5764 colloquens,
3512 5707 3835 5766 execution--

2230 5764 2492 5823 ilicetum
2521 5767 2680 5840 Liber
2709 5767 3062 5840 Alitiquarum
3095 5767 3466 5840 Deﬁnitionum
3499 5765 3677 5840 ordiri.
3701 5764 3816 5840 Cis-

2227 5840 2511 5911 terciensis
2540 5838 2708 5911 (υἱεῖ.
2735 5838 2788 5906 7,
2812 5833 2866 5896 οξ
2885 5837 2952 5911 5)
2979 5855 3041 5893 Η
3069 5837 3167 5907 ραι
3187 5847 3192 5852 ’
3213 5839 3450 5896 scienter
3487 5837 3557 5892 de
3598 5833 3820 5892 silentii)
