4074 6356
554 331 652 383 5ϋῖ

1900 327 1957 383 8.
2001 327 2059 383 P.
2103 321 2460 383 BENEDlCTI

3723 317 3852 374 563

551 450 768 504 verbum
809 453 999 517 turpe,
1049 438 1319 509 turpisque
1354 437 1457 509 joci
1481 480 1497 506 ,
1537 438 1618 492 vel
1661 438 1998 510 improbum,
2044 442 2123 498 vel
2155 446 2206 505 Α
2232 442 2552 517 detineatur,
2582 452 2636 498 et
2672 443 2804 499 alias
2849 456 2947 513 pro
2982 440 3162 517 eulpre
3202 440 3393 498 merito
3435 440 3501 517 ad
3533 441 3847 517 arbitrium

546 519 791 576 irrisione
817 519 1055 589 dignum.
1088 536 1106 568 ι

621 584 934 660 ΙΙιιῙυειιῖυῖΙί
958 588 1321 660 scnrrili'atcs
1342 593 1541 660 attenta
1563 584 1809 660 clausura
1830 584 2043 638 damnat
2063 584 2122 640 S.

547 655 887 725 Benedictus,
914 672 967 716 et
994 672 1118 715 ante
1142 674 1261 713 eum
1290 658 1347 713 S.
1382 659 1418 709 ll
1456 657 1624 721 silius,
1655 656 1709 711 S.
1743 655 2122 727 Hieronymus,

547 736 606 791 S.
634 734 899 799 Nicetius,
924 747 970 787 et
1003 732 1110 785 alii.
1144 734 1199 783 S.
1228 729 1450 783 Basilius
1480 727 1678 799 (Const.
1706 738 1924 781 monast.
1944 745 1991 782 c.
2016 729 2125 797 15).

552 825 573 860 ι
601 806 843 859 Vitanda:
874 797 994 857 Sunt
1016 846 1031 867 ,
1066 801 1229 869 inquit
1253 841 1269 865 ,
1301 797 1495 853 omnes
1527 797 1745 852 omnino
1788 802 1837 851 itt
1879 815 2128 854 sermone

546 878 788 941 facetite,
820 885 875 931 et
910 874 1151 928 scurrilis
1191 870 1482 941 dicat-itas;
1528 870 1791 941 siquidem
1835 869 1953 923 fieri
1991 870 2129 925 solet

547 950 885 1017 plerumque,
914 954 969 998 ιιι
992 944 1077 1013 qui
1106 958 1227 1017 sese
1258 944 1307 995 in
1336 940 1493 995 rebus
1520 940 1814 1017 l‘lUjllrmOdl
1842 951 2125 1017 occupant,

547 1012 586 1073 ii
620 1012 817 1073 rectam
847 1012 1102 1071 rationem
1130 1016 1381 1067 deserant
1407 1029 1420 1077 ;
1452 1012 1647 1080 quippe
1670 1026 1789 1065 cum
1816 1027 1878 1066 ex
1907 1027 1971 1066 eo
1996 1013 2127 1066 illud

548 1091 677 1152 liat,
720 1099 776 1143 ιιι
817 1090 1024 1141 animus
1052 1086 1118 1139 ad
1153 1085 1379 1138 ridicula
1411 1082 1761 1145 diffundatur,
1791 1095 1841 1136 et
1878 1084 1930 1136 in
1962 1083 2125 1137 tacita

548 1178 733 1216 secum
789 1158 1111 1228 cogitatione
1160 1155 1433 1228 gravitatis
1478 1158 1884 1228 severitatisque
1934 1169 2127 1228 nervos

546 1248 736 1286 omnes
767 1224 950 1284 elidat.
980 1250 996 1280 ι
1027 1228 1261 1282 Sanctus
1292 1226 1646 1294 lleronytnus
1676 1224 1740 1279 ad
1770 1224 2127 1293 Nepotianum

543 1303 787 1355 scribens
820 1300 1013 1371 (Epist.
1039 1299 1133 1362 ‘2):
1172 1298 1411 1350 ιΟιιιιιιιε
1441 1297 1684 1371 delicias,
1716 1306 1769 1349 et
1803 1298 2035 1371 lepores,
2067 1306 2125 1351 et

546 1375 658 1426 risu
693 1368 1275 1440 dignas'urbanitatos,
1310 1381 1361 1421 et
1393 1378 1617 1440 ca-teras
1657 1368 1883 1440 ineptias
1925 1379 2129 1440 amati»

545 1458 664 1498 rum
685 1483 700 1506 ,
733 1437 786 1496 iit
814 1441 1072 1496 comoedis
1099 1439 1467 1494 erttbesdmus
1487 1478 1501 1502 ,
1532 1437 1581 1490 ia
1612 1438 1789 1491 s:rculi
1824 1438 2129 1492 hominibus

545 1514 908 1573 detestamur;
934 1523 1133 1581 quanto
1160 1509 1331 1580 magis
1357 1510 1410 1563 in
1437 1508 1709 1562 monachis
1736 1518 1791 1563 et
1818 1510 1866 1562 in
1884 1509 2125 1581 (clericis,

546 1601 773 1655 quormn
800 1592 855 1638 et
882 1580 1650 1655 sacerdotiumpronosito,_et
1680 1580 2009 1647 propositum
2040 1594 2130 1655 or-

545 1651 705 1710 natur
734 1654 1065 1709 sacerdotio!
1101 1673 1116 1703 ι
1150 1653 1205 1706 8.
1242 1651 1477 1705 Nicetius
1506 1651 1669 1703 abbas
1718 1660 1771 1705 et
1806 1663 1985 1717 poStea
2015 1652 2131 1716 epi-

546 1741 744 1795 scopus
773 1726 947 1795 (Apud
972 1723 1189 1795 Gregor.
1215 1720 1415 1795 Turott.
1446 1724 1483 1774 Ι.
1512 1723 1573 1795 de
1592 1720 1707 1795 Δγὶι.
1744 1720 1888 1784 PaL,
1917 1736 1962 1772 c.
1995 1721 2084 1789 17)
2114 1739 2125 1773 ;

550 1816 573 1847 ι
601 1792 851 1878 Cavenda
878 1806 959 1850 est
985 1792 1279 1873 scurrilitas
1302 1833 1316 1855 ,
1346 1792 1713 1855 dilectissimi,
1746 1802 1798 1845 ct
1825 1807 2127 1886 οιιιιιιεῚνεξιό
2160 1824 2209 1886 Β

548 1871 676 1924 bum
707 1870 937 1923 otiosum
960 1908 973 1930 ,
1006 1875 1061 1919 ut
1088 1864 1225 1918 sicut
1250 1876 1443 1932 corpus
1470 1877 1629 1915 Omne
1656 1877 1845 1931 purtntt
1873 1864 2128 1918 exhibere

549 1940 813 1994 debemus
841 1938 981 2000 Deo,
1006 1937 1075 1990 ita
1103 1935 1261 1989 etiam
1291 1944 1345 2005 et
1370 1949 1429 1987 os
1456 1948 1558 1987 non
1584 1935 1648 1985 ad
1678 1933 1820 1986 aliud
1849 1935 2001 2005 191
2027 1934 2128 1986 nisi

549 2010 617 2063 ad
653 2010 865 2064 laudem
898 2007 1013 2061 Dei.
1047 2028 1065 2059 ι
1099 2006 1190 2059 llis
1217 2004 1352 2059 adde
1383 2006 1751 2074 gravissimam
1784 2010 1837 2056 8.
1877 2004 2130 2058 lletitardi

548 2080 871 2137 sententiam
905 2078 1059 2149 (Lib.
1089 2093 1123 2131 ιι
1155 2077 1217 2131 de
1246 2075 1454 2149 Consid.
1490 2093 1535 2128 ο.
1564 2076 1670 2143 15)
1700 2092 1713 2149 :_
1745 2093 1760 2124 t
1782 2075 1936 2149 inter
1962 2091 2129 2149 Siccu-

550 2153 691 2207 lares
722 2166 874 2221 nugae
896 2145 923 2221 ,ί
943 2164 1096 2218 nugae
1127 2157 1249 2221 sunt
1276 2163 1293 2221 ;
1326 2148 1377 2200 itt
1406 2161 1499 2221 ore
1530 2145 1825 2221 sacerdotis
1857 2146 1874 2217 (
1902 2161 2012 2221 nec
2032 2146 2131 2221 mi-

550 2240 651 2277 nus
682 2216 969 2289 monachi)
1002 2216 1395 2289 lilaspltemiae._
1415 2217 1685 2270 Interdum
1715 2225 1893 2270 tamen
1925 2216 2133 2289 siiinci-

548 2295 710 2357 dant,
738 2287 969 2347 ferenda}
992 2287 1266 2353 fortassis,
1312 2287 1607 2342 referendae
1649 2302 1939 2355 nunquam.
1968 2288 2133 2357 Magis

548 2363 1011 2419 interveniendum
1058 2371 1213 2414 taute
1253 2368 1303 2412 et
1346 2360 1638 2427 prudenter
1658 2358 1970 2427 nttgacitati.
2004 2358 2135 2413 Pro-

549 2434 905 2504 rumpendum
936 2447 1068 2504 sane
1097 2432 1150 2483 itt
1192 2432 1392 2504 serium
1434 2428 1599 2498 quid,
1642 2430 1783 2504 quod
1825 2445 1929 2482 non
1973 2434 2133 2504 modo

551 2499 772 2571 utiliier,
798 2503 890 2559 sed
918 2502 1144 2557 libenter
1170 2499 1486 2571 audiant.et
1511 2500 1894 2571 supersedeant
1923 2500 2132 2555 otiosis.

549 2569 891 2632 Consecrasti
925 2588 986 2627 os
1016 2583 1163 2627 tuum
1198 2570 1485 2636 Evangelio
1506 2609 1521 2633 ,
1555 2569 1746 2624 talibus
1781 2569 1892 2639 jam
1924 2573 2135 2641 aperire

552 2648 802 2705 illicitum
823 2686 838 2708 ,
868 2656 1178 2697 assuescere
1206 2641 1542 2710 sacrilegium
1572 2650 1687 2701 est.
1720 2650 1824 2694 etc.
1859 2658 1880 2693 ι

625 2719 741 2772 Νοιι
770 2716 961 2770 miruut
992 2723 1073 2767 est
1104 2713 1283 2782 igitur,
1310 2711 1354 2765 si
1384 2712 1709 2776 gravissimis
1742 2712 1913 2779 poenis
1945 2720 2049 2766 tam
2082 2714 2135 2767 in

551 2787 832 2844 monachis
859 2801 1017 2853 quam
1050 2786 1102 2838 in
1132 2784 1340 2837 clericis
1370 2782 1651 2836 damnatas
1677 2782 2032 2836 scutrilitates
2062 2784 2137 2839 le-

550 2875 774 2931 gamus;
808 2872 951 2931 nam,
977 2856 1127 2931 verbi
1154 2854 1346 2925 gratia,
1376 2853 1665 2931 concilium
1694 2853 2137 2931 Carthaginiense

552 2924 609 2986 ῖν
643 2931 794 3003 (Con.
818 2927 934 3003 UO),
966 2924 1216 3003 Clericunt
1246 2926 1530 3003 scurrilem,
1558 2934 1606 2976 et
1623 2924 2136 3003 iit-verbisturpibus

551 2994 834 3074 jarularem
857 2994 933 3074 ab
961 2996 1138 3074 ofﬁcio
1166 2996 1545 3074 retrahendum
1570 2994 1766 3074 edicit;
1797 2997 2015 3074 et_ittter
2043 3011 2141 3050 ex-

550 3065 732 3143 cerpta
760 3088 824 3127 ex
856 3070 952 3125 lib.
984 3085 1019 3123 ιι
1050 3069 1245 3125 Potuit.
1279 3066 1499 3143 Egberti
1527 3066 1786 3143 episcopi,
1821 3065 2139 3143 vigesimum

550 3137 837 3216 septimum
882 3142 956 3197 ita
1004 3143 1228 3216 habetur
1260 3157 1274 3193 :
1305 3137 1344 3216 ι
1366 3138 1423 3194 Si
1454 3139 1574 3208 quis
1617 3137 1916 3216 presbyter,
1950 3138 2135 3191 diaco-

552 3198 685 3280 iiiis,
711 3223 804 3270 aut
832 3212 1126 3269 monachus
1160 3198 1507 3273 otiositateui,
1538 3198 1949 3277 stu'ltiloq'ttiutit,
1984 3223 2137 3263 scttr-
2167 3198 2217 3263 C

550 3290 830 3351 tilitatem,
878 3285 1267 3354 garrulitatem,
1308 3296 1577 3354 somnum,
1626 3280 1913 3349 pigritiam,
1961 3288 2143 3354 torpo-

551 3376 692 3425 rem,
725 3367 783 3412 et
812 3352 904 3410 his
919 3355 1112 3409 similia
1139 3352 1405 3417 dilexerit,
1431 3352 1610 3425 triduo
1639 3360 1916 3425 ptemtrat.
1958 3370 1976 3401 ι
2013 3352 2144 3425 Qui-

552 3430 659 3486 bus
681 3422 1209 3503 accedunthanntiquae
1236 3422 1619 3503 monachorum
1647 3422 1875 3503 regulae;
1905 3438 2043 3503 quas
2064 3424 2144 3503 itt-

554 3514 637 3559 ter
667 3501 866 3568 Regula
899 3497 998 3552 SS.
1030 3492 1358 3568 Serapionis,
1390 3492 1959 3568 Macariipl’aphnutii,
1987 3495 2145 3568 etal-

551 3562 980 3646 teriuslllacarii
1015 3568 1088 3646 ita
1115 3562 1355 3646 decernit
1394 3562 1565 3646 (Cap.
1600 3565 1705 3634 15)
1744 3583 1812 3646 :__t
1853 3567 1909 3619 Si
1948 3564 2143 3634 aliquis

555 3641 926 3711 deprehensus
957 3636 1117 3711 fuerit
1144 3638 1202 3711 in_
1227 3636 1359 3697 risu,
1392 3637 1473 3691 vel
1506 3636 1559 3711 in
1596 3636 1916 3690 scnrrilitate
1941 3651 2145 3711 sermo-

555 3706 667 3777 nis,
700 3714 836 3767 sicut
880 3711 952 3763 ait
984 3706 1292 3774 Apostolus,
1324 3723 1442 3775 qua:
1483 3708 1549 3759 ad
1594 3722 1705 3761 rem
1752 3723 1856 3760 tton
1889 3708 2140 3777 pertinet,

554 3776 804 3868 iubemus
849 3778 1155 3868 ιιυιιιεηεςξίέί
1177 3776 2141 3868 999?“!!!“13?.11d2'llﬂi'ﬂf'l.FWll?’

556 3848 613 3913 in
660 3854 876 3909 notninc
916 3849 1124 3904 Domini
1168 3851 1311 3901 omni
1352 3848 1562 3918 flagello
1601 3848 1948 3903 humanitatis
1985 3865 2141 3903 coer-

556 3927 691 3982 ceri.
723 3944 740 3977 ι
770 3922 969 3991 [tegula
995 3919 1338 3975 Tarnatensis
1361 3920 1515 3991 (Cap.
1544 3919 1633 3990 15)
1666 3936 1680 3975 :
1719 3938 1737 3971 t
1778 3919 1876 3986 Qui
1901 3920 2145 3989 joculare

557 3997 781 4066 aliquid,
810 3994 891 4050 vel
923 3992 1051 4048 risui
1079 4003 1259 4066 aptum
1284 3992 1335 4044 in
1366 3991 1884 4066 conventuiratrtnn
1908 3992 2144 4066 proferre

554 4062 983 4140 praesumpserit,
1015 4064 1100 4140 vel
1143 4064 1234 4133 qui
1267 4077 1403 4140 _cu_m
1432 4062 1731 4140 junioribus
1777 4062 1939 4140 verba
1968 4063 2145 4140 otiosa

556 4133 1053 4197 narrare—voluerit
1077 4177 1092 4201 ,
1126 4144 1216 4187 aut
1265 4134 1462 4188 habere
1490 4133 1754 4188 amicitias
1781 4134 1952 4187 artatis
1996 4133 2147 4186 infir-

556 4227 684 4279 mte,
715 4209 1062 4277 increpationi
1108 4216 1164 4260 ut
1192 4204 1385 4279 dignus
1420 4214 1504 4260 est
1530 4204 1863 4279 Stthjacebit._
1888 4223 1906 4254 ι
1944 4203 2145 4272 Regula

557 4282 617 4339 S.
640 4274 900 4342 Ferreoli,
933 4288 1210 4348 postquam
1224 4274 1392 4345 jocos,
1415 4282 1630 4344 plausus
1643 4287 1693 4331 et
1712 4274 2005 4348 cachinnos
2024 4289 2146 4348 pro-

556 4354 755 4418 hibuit,
774 4345 1004 4406 maxime
1030 4345 1084 4401 in
1112 4348 1346 4402 oratorio
1367 4356 1423 4403 et
1446 4348 1509 4399 ad
1536 4362 1795 4409 mensam,
1816 4345 1965 4401 addit
1987 4346 2141 4418 (Cap.

557 4423 663 4493 24)
698 4441 710 4476 :
743 4417 768 4475 ι
806 4422 957 4489 Quod
1002 4420 1047 4474 si
1077 4420 1195 4493 quis
1227 4436 1330 4472 non
1374 4418 1687 4493 custodierit
1709 4458 1722 4481 ,
1775 4417 2021 4493 praesenti
2054 4419 2147 4493 de-

560 4488 896 4548 nuntiatione
925 4490 1307 4552 commmtitus,
1344 4489 1573 4542 triduani
1622 4504 1743 4542 eum
1772 4488 1962 4557 jejunii
2010 4490 2147 4542 ntul-

561 4566 725 4620 ctatio
751 4565 991 4633 castiget.
1034 4579 1051 4611 ι
1090 4559 1332 4633 Deqique
1373 4559 1573 4633 Regula
1618 4559 1673 4614 S.
1710 4559 1895 4612 Donati
1926 4560 1993 4613 ad
2028 4561 2145 4633 vir-

561 4637 715 4706 gines
742 4630 907 4706 (Capi
934 4631 1029 4706 28)
1062 4646 1075 4685 :
1116 4649 1134 4681 t
1172 4630 1398 4706 Fabulas
1440 4630 1640 4706 otiosas
1671 4630 2042 4706 p_rolerens_ad
2072 4633 2151 4685 al-

563 4701 761 4772 ieram,
778 4701 1030 4759 et'statim
1048 4702 1390 4770 semetipsam
1411 4701 1834 4768 reprehendens,
1855 4702 2009 4756 venia
2033 4710 2149 4758 tan-

561 4789 675 4833 tum
703 4776 919 4832 sufficit.
952 4773 1006 4827 Si
1035 4784 1210 4827 autem
1235 4789 1293 4827 se
1322 4787 1427 4827 non
1461 4773 1885 4841 reprehenderit,
1912 4782 2145 4828 tractan-

562 4861 646 4905 tes
675 4864 767 4905 eas
796 4844 1224 4915 superpositioue
1251 4844 1472 4907 silentii,
1499 4858 1590 4896 aut
1619 4845 2000 4915 quinquaginta
2028 4860 2150 4914 per-

563 4918 905 4977 cussionibus
936 4916 1246 4987 ptenitcant.
1289 4935 1306 4968 ι
1344 4915 1435 4969 llis
1467 4915 1675 4987 addere
1707 4930 2001 4987 possemus
2029 4932 2150 4987 gra-

563 4992 813 5046 vissimas
836 5002 1040 5061 ptenas,
1071 4986 1264 5061 quibus
1289 4985 1643 5061 scurrilitates
1670 4986 1957 5061 aliquando
1977 4985 2149 5043 Ju‘dex

480 5058 497 5118 ἐ
559 5064 738 5132 jusms
765 5057 1021 5132 Dominus
1047 5058 1350 5132 mul_c_t_avit,_
1372 5057 1653 5132 exquibus
1686 5058 1906 5127 lugubre
1930 5072 2151 5132 prorsus

563 5128 872 5200 exemplum
902 5130 1055 5184 nobis
1079 5129 1295 5184 exhibet
1327 5128 1629 5192 Durandus,
1656 5143 1725 5200 ex,
1752 5129 2017 5183 monacho
2037 5131 2154 5185 Clu-

563 5199 803 5259 niacensi
831 5206 1113 5270 episcopus
1137 5201 1456 5264 Tolosanus,
1474 5200 1615 5270 quod
1646 5199 1825 5254 videre
1854 5213 1933 5255 est
1959 5201 2010 5255 in
2031 5202 2151 5257 Vita

562 5278 625 5331 S.
680 5274 914 5345 llugonis
945 5280 1163 5345 auctore
1193 5271 1488 5343 Raynaldo,
1539 5288 1592 5326 ιι.
1630 5270 1716 5338 18,
1768 5274 1905 5342 apud
1937 5272 2151 5327 Bollan-

563 5348 714 5413 dum,
746 5343 815 5399 ‘2‘.)
844 5343 1056 5414 Aprilis.

637 5418 807 5472 Porro
849 5418 914 5470 ad
959 5415 1228 5470 vitandam
1272 5429 1485 5470 omnem
1531 5414 1870 5471 scurrilitatis
1908 5415 2151 5470 occasio-

566 5504 690 5544 nem
723 5487 1074 5544 Cassinenses
1098 5498 1278 5542 vetant
1310 5488 1477 5541 teneri
1507 5502 1634 5543 aves
1664 5496 1757 5541 aut
1801 5484 2050 5540 animalia
2081 5486 2150 5541 ad

562 5559 745 5630 jocum
777 5569 831 5614 et
870 5560 1139 5614 levitatem
1175 5559 1570 5628 promoventia;
1602 5573 1763 5613 omne
1788 5572 1999 5627 quoque
2038 5558 2151 5611 ludi

569 5646 737 5702 genus
781 5631 1184 5702 interdicuntq
1222 5630 1397 5683 Ludos
1441 5632 1599 5702 etiam
1641 5632 2001 5698 cujuscunque
2047 5630 2155 5702 sint

567 5698 804 5771 generis,
833 5704 1005 5770 jocos,
1039 5711 1091 5755 tt
1120 5700 1344 5767 fabulas,
1375 5710 1424 5755 et
1456 5701 1625 5771 verba
1657 5702 1907 5764 obscena,
1941 5708 1995 5753 et
2023 5698 2156 5771 cho-

568 5769 694 5827 ieas
729 5775 798 5827 ita
830 5769 1110 5840 prohibent
1150 5772 1422 5828 Coelestiui
1458 5772 1546 5841 (In
1591 5770 1767 5828 Const.
1813 5788 1860 5826 c.
1900 5772 1979 5837 19.,
2014 5770 2040 5841 §
2070 5769 2146 5840 ὃ),

570 5847 704 5903 utsi
749 5845 870 5917 quis
897 5859 1055 5906 secus
1099 5844 1318 5907 fectrit,
1372 5859 1463 5916 per
1490 5857 1730 5899 mensem
1762 5845 1813 5900 in
1844 5845 2153 5901 carectibus

1621 6029 1631 6038 β
1672 6024 1870 6045 r‘v—M
1908 6047 1945 6052 Α-

2176 4600 2231 4663 D

2233 515 2523 586 superioris
2560 511 2880 586 corrigatur.
2923 535 2941 567 ι
2980 513 3257 569 Fulienses
3284 530 3411 569 vero
3434 511 3525 586 (In
3557 512 3748 567 Const.
3783 529 3847 565 ι’.

2233 584 2287 655 6)
2320 601 2466 650 aves,
2501 600 2682 649 canes,
2712 584 2825 641 “aut
2875 586 3019 640 aliud
3064 586 3262 639 animal
3309 586 3374 638 ad
3413 585 3635 640 delicias
3670 601 3849 639 com-

2234 659 2697 725 paratumalentes
2723 658 2929 725 jejunio
2950 658 3003 712 in
3037 671 3169 724 lane
3184 666 3239 709 et
3266 672 3400 727 aqua
3422 660 3701 721 plectunt;
3726 672 3848 723 qua

2232 728 2393 781 etiam
2441 744 2593 797 poena
2624 728 3024 794 dissolutiones,
3071 744 3320 781 manuum
3348 727 3699 797 injectiones,
3735 729 3851 781 im-

2233 799 2525 867 pulsiones,
2548 811 2600 855 et
2624 798 2925 869 ltujusutodi
2941 800 3094 868 jocos
3118 800 3339 867 puniunt
3360 800 3747 855 Cassinettses.

2311 872 2467 941 192
2497 871 2891 927 Scurrititatum
2942 881 3118 926 tamen
3151 873 3364 924 nomine
3393 885 3497 924 non
3524 870 3852 941 prohiben-

2233 948 2319 993 tur
2341 939 2557 995 lt’otTesti
2578 942 2705 1010 joci,
2734 941 2926 1009 quibus
2958 957 3336 1009 nonnunquam
3368 957 3492 995 ustis
3515 939 3693 995 fuisse
3719 944 3849 1007 pios

2234 1013 2379 1083 viros
2406 1014 2651 1077 legimus.
2672 1022 2727 1067 et
2755 1013 2942 1080 quales
2971 1021 3123 1067 erant
3154 1013 3295 1083 l’etri
3314 1010 3673 1078 Venerabilis,
3695 1027 3849 1083 quos

2232 1082 2413 1137 laudat
2456 1084 2511 1138 S.
2550 1085 2851 1139 Beroat'dtts
2881 1085 2945 1139 ad
2975 1100 3095 1138 cum
3120 1082 3197 1136 sic
3236 1085 3473 1137 scribens
3505 1100 3517 1137 :
3557 1101 3578 1133 ι
3618 1082 3845 1142 Placet.

2234 1154 2427 1220 fati-or,
2449 1154 2624 1223 joeus.
2645 1164 2727 1209 est
2754 1156 2894 1209 enim
2912 1165 2965 1211 et
2984 1154 3318 1222 jucunditate
3338 1164 3541 1223 gratus,
3568 1163 3623 1207 et
3650 1155 3847 1209 serius

2232 1227 2529 1289 gravitate;
2564 1226 2744 1279 nescio
2771 1226 3029 1294 siquidem
3058 1225 3328 1294 quomodo
3362 1229 3499 1279 inter
3528 1225 3846 1294 jocandutn

2234 1296 2303 1349 ita
2333 1296 2613 1365 disponitis
2641 1313 2919 1352 sermones
2948 1308 3155 1352 vestros
3178 1296 3229 1350 itt
3257 1296 3479 1366 judicio,
3505 1306 3561 1350 ut
3591 1305 3650 1351 et
3674 1296 3847 1363 jocos

2235 1366 2503 1421 levitatem
2538 1384 2642 1422 non
2695 1368 2951 1427 redoleat.
2986 1380 3039 1422 et
3067 1372 3356 1423 auctoritas
3384 1379 3715 1422 conservata
3750 1368 3843 1421 hi-

2232 1438 2462 1509 laritatis
2492 1455 2595 1493 tton
2629 1438 2831 1493 minuat
2859 1440 3103 1509 gratiam.
3138 1459 3157 1490 ι

2307 1507 2389 1581 Et
2422 1509 2568 1562 verba
2598 1510 2805 1581 otiosa.)
2842 1507 3073 1565 Verbum
3105 1511 3335 1565 Otiosum
3366 1509 3425 1565 S.
3473 1508 3677 1581 Basilio
3708 1508 3847 1578 (Re-

2232 1581 2345 1653 gttl.
2374 1579 2514 1653 brev.
2541 1598 2655 1653 cap.
2688 1579 2892 1649 23)_cst
2916 1601 2942 1653 ,ι
2981 1597 3140 1637 omne
3168 1581 3387 1636 verbum
3418 1582 3559 1653 quod
3606 1580 3677 1634 ad
3713 1595 3844 1648 pro-

2236 1652 2465 1721 positum
2504 1651 2553 1704 in
2599 1650 2826 1706 Domino
2853 1650 3006 1706 usum
3038 1669 3141 1707 non
3172 1654 3316 1707 facit.
3358 1671 3377 1703 ι
3412 1657 3468 1706 8.
3501 1650 3847 1721 Hieronymo

2234 1718 2325 1789 (In
2355 1719 2541 1775 Matth.
2572 1723 2701 1793 tu),
2738 1742 2755 1774 t
2793 1726 2933 1793 quod
2964 1723 3084 1779 sine
3111 1724 3339 1778 utilitate
3364 1732 3419 1777 et
3446 1718 3731 1793 loquentis
3754 1722 3845 1776 di-

2236 1792 2374 1845 citur
2400 1800 2454 1845 et
2478 1792 2779 1857 audientis;
2814 1792 2856 1848 Si
2888 1796 3103 1850 omissis
3133 1796 3313 1860 seriis,
3340 1793 3408 1848 de
3433 1793 3597 1847 rebus
3625 1792 3846 1847 frivolis

2237 1863 2541 1934 loquamur,
2576 1873 2630 1934 ct
2667 1865 2869 1919 fabulas
2914 1881 3193 1920 narremus
3235 1865 3501 1934 antiquas.
3542 1883 3562 1915 ι
3600 1865 3660 1919 8.
3697 1864 3847 1919 Gre-

2235 1934 2388 2008 gorio
2415 1932 2508 2008 (In
2566 1932 2843 1999 Pastorali,
2894 1951 2951 1991 ιιι
3000 1947 3165 2005 parte,
3207 1951 3323 2008 cap.
3362 1932 3529 2008 1.3),}
3568 1936 3721 2008 quod
3759 1950 3849 1989 ra-

2237 2006 2381 2058 tione
2415 2006 2576 2073 justze
2608 2008 2961 2073 necessitatis,
3010 2017 3103 2063 aut
3130 2006 3426 2062 intentione
3453 2007 3552 2073 pia:
3582 2007 3846 2061 utilitatis

2236 2088 2405 2129 caret.
2436 2094 2454 2126 ι
2482 2074 2795 2144 Huiusmodi
2827 2079 2985 2133 verba
3013 2094 3114 2132 una
3136 2094 3258 2133 eum
3290 2077 3716 2148 scurrilitatibqs
3741 2078 3846 2131 sub

2235 2148 2421 2217 eadem
2450 2148 2696 2202 clausura
2724 2148 2943 2204 damnat
2972 2150 3028 2205 S.
3065 2148 3416 2212 Benedictus,
3447 2164 3475 2201 a
3506 2149 3711 2217 quibus
3743 2164 3847 2203 nos

2237 2216 2452 2270 aliunde
2480 2217 2612 2272 satis
2640 2220 2913 2274 deterrere
2940 2222 3163 2275 deberet
3195 2220 3449 2275 terribilis
3479 2216 3682 2273 Christi
3711 2235 3847 2275 sen-

2243 2288 2403 2359 tentia
2434 2288 2679 2353 dicentis,
2711 2292 2961 2359 quoniam
2990 2308 3140 2345 omne
3177 2292 3379 2345 verbum
3423 2290 3643 2343 otiosum
3701 2292 3847 2358 quod

2238 2358 2395 2411 locuti
2439 2359 2627 2427 fuerint
2654 2358 2904 2427 homines,
2938 2364 3147 2417 reddent
3188 2364 3437 2416 rationem
3472 2361 3536 2414 de
3574 2376 3640 2414 eo
3668 2364 3728 2414 in
3762 2365 3852 2417 die

2230 2430 2441 2501 judicii.
2491 2430 2659 2496 Quam
2689 2432 2753 2483 ad
2805 2434 3125 2488 sententiam
3175 2432 3457 2487 attendens
3485 2431 3678 2485 Petrus
3735 2433 3847 2486 Da-

2240 2500 2403 2554 miani
2435 2500 2573 2571 (Lib.
2604 2518 2657 2564 v,
2686 2520 2765 2569 rp.
2798 2503 2875 2571 2),
2916 2522 2935 2555 ι
2971 2504 3104 2559 Dutn
3150 2504 3283 2569 haec,
3317 2504 3509 2569 inquit,
3554 2503 3849 2571 Evangelii

2240 2571 2403 2645 verba
2419 2571 2722 2632 considero.
2743 2574 2866 2641 quid
2890 2575 3029 2628 aliud
3046 2590 3204 2645 quam
3221 2574 3497 2645 quoddam,
3512 2573 3671 2628 nobis
3687 2590 3849 2628 eom-

2241 2643 2499 2695 merciutu
2551 2646 2878 2711 propositum
2908 2659 3030 2700 esse
3066 2643 3385 2715 perpendo?
3414 2644 3535 2713 quia
3574 2644 3845 2699 nimirum

2241 2722 2297 2767 et
2326 2721 2704 2767 montentaneo
2728 2715 2834 2767 risu
2864 2727 3152 2784 perpetuus
3179 2717 3334 2771 fletus
3355 2716 3579 2778 eruitur.
3616 2725 3672 2769 et
3702 2726 3849 2770 tem-

2243 2784 2413 2856 porali
2446 2784 2570 2856 fletu
2618 2795 2867 2853 perpetua
2898 2786 3079 2840 laetitia
3111 2800 3473 2856 comparatur.
3516 2805 3534 2837 ι
3572 2786 3685 2840 llac
3712 2802 3845 2841 sea-

2244 2852 2408 2925 tentia
2440 2852 2851 2925 deferrebautur
2881 2852 3263 2924 Pacltomiani',
3304 2858 3443 2924 apud
3485 2871 3622 2925 quos
3648 2896 3665 2920 ,
3698 2868 3845 2912 teste

2242 2924 2437 2979 Bttlitto
2469 2920 2606 2992 (Lib.
2644 2939 2699 2978 ιιι
2721 2925 2782 2978 de
2813 2924 2917 2981 Vit.
2948 2926 3097 2980 Patr.
3122 2920 3583 2994 55),'im'possib'tlc
3609 2939 3731 2983 erat
3753 2928 3847 2983 ali-

2244 3011 2403 3063 quem
2421 2997 2651 3068 (verbum
2680 2998 2910 3068 Otiosum
2942 2998 3107 3068 loqui.
3154 2998 3263 3053 Hac
3292 2998 3707 3053 deterrebaotur
3738 2999 3841 3054 SS.

2244 3066 2526 3133 Serapion,
2570 3065 2849 3128 Macarius.
2884 3065 3236 3137 Paplinutius.
3287 3079 3341 3125 et
3369 3071 3503 3125 alter
3548 3070 3839 3136 Macarius,

2245 3152 2471 3211 quorum
2502 3137 2552 3190 itt
2583 3137 2934 3211 Regulailego
2975 3138 3124 3211 (Cap.
3160 3140 3253 3210 15)
3288 3158 3300 3194 :
3339 3157 3357 3192 t
3394 3141 3448 3197 Si
3484 3142 3605 3211 quis
3632 3156 3700 3195 ex
3735 3141 3845 3195 fra-

2248 3208 2419 3263 tribus
2448 3222 2765 3281 sermonem
2789 3210 2842 3263 itt
2873 3208 3287 3281 congregatione
3309 3208 3540 3267 otiosum
3570 3214 3839 3276 emiserit,

2247 3294 2315 3333 ne
2339 3295 2462 3333 reus
2485 3284 2553 3333 sit
2578 3280 2811 3346 concilii,
2847 3283 3186 3351 prrecipimus
3211 3298 3331 3337 eum
3361 3284 3535 3338 triduo
3555 3302 3583 3337 a
3612 3284 3840 3338 fratrum

2247 3351 2661 3423 congregatione
2697 3352 2779 3405 vel
2810 3352 3079 3423 c'olloquio
3107 3369 3226 3408 esse
3253 3354 3484 3408 alienum
3510 3396 3525 3415 ,
3573 3363 3635 3408 ut
3662 3356 3842 3407 nullus

2245 3437 2368 3494 cum
2414 3437 2479 3475 eo
2521 3421 2795 3491 jungatur.
2836 3442 2853 3473 ι
2891 3421 3056 3479 Multo
3104 3425 3343 3481 severior
3391 3426 3599 3480 videtur
3630 3425 3840 3494 Regula

2245 3492 2533 3565 Cuiusdam
2562 3494 2627 3547 ad
2667 3494 2953 3548 Monachos
2983 3495 3131 3565 (Cap.
3166 3496 3223 3561 8)
3259 3516 3271 3548 :
3311 3515 3329 3546 (
3370 3492 3735 3561 Mendacium,
3760 3497 3842 3550 in-

2246 3564 2381 3633 quit,
2414 3565 2870 3631 etjttramentttm,
2900 3564 3013 3620 sive
3040 3567 3259 3621 verbum
3289 3566 3521 3622 otiosum
3555 3582 3652 3635 per
3679 3581 3843 3623 omne

2247 3650 2444 3709 corpus
2492 3636 2838 3691 fraternitatis
2870 3636 3231 3692 damnandum
3262 3650 3362 3691 est.
3409 3638 3465 3693 Si
3509 3640 3632 3709 quis
3674 3637 3745 3692 sit
3774 3652 3843 3692 ex

2250 3708 2501 3779 fratribus
2529 3720 2649 3760 cum
2695 3721 2800 3779 quo
2846 3709 3045 3779 aliquid
3094 3710 3281 3764 horum
3314 3708 3585 3765 inventum
3635 3708 3841 3773 fuerit,

2248 3778 2543 3850 mittendus
2568 3787 2650 3831 est
2695 3778 2745 3831 in
2788 3792 3091 3845 carcerem,
3121 3790 3174 3834 et
3202 3780 3457 3849 poeniteat
3495 3795 3781 3850 usquequo
3808 3794 3843 3833 a

2191 3904 2202 3915 _
2248 3848 2380 3901 vitio
2407 3848 2772 3916 corrigatur...
2800 3851 2855 3905 Si
2880 3852 2999 3919 quis
3036 3867 3097 3906 ex
3131 3848 3383 3906 fratribus
3409 3862 3528 3920 post
3554 3848 3840 3905 exztniina-

2250 3920 2448 3973 tiooetn
2475 3920 2706 3992 carceris
2728 3935 2917 3976 cavere
2949 3922 3065 3977 hazc
3081 3922 3204 3975 vitia
3239 3937 3341 3976 non
3376 3924 3588 3992 poterit,
3611 3922 3844 3991 ejicien-

2249 3992 2351 4044 dus
2382 4000 2463 4044 est
2494 4005 2521 4042 a
2558 3990 2830 4059 fratribus,
2860 4003 2913 4047 et
2941 3994 3275 4049 damnandus
3302 3990 3403 4047 est.
3444 4013 3463 4046 ι

2323 4060 2389 4115 Et
2417 4062 2577 4135 risum
2608 4062 2898 4135 nrgventim]
2931 4064 3073 4119 Inter
3100 4080 3221 4135 qum
3248 4073 3303 4119 et
3330 4064 3715 4120 scurrilitatem
3740 4064 3845 4120 hoc

2250 4131 2576 4185 discriminis
2603 4132 2832 4187 afferunt
2872 4131 3206 4190 Hildetnarus
3232 4146 3285 4190 et
3314 4136 3615 4190 Bcrnaru’us
3661 4137 3845 4190 Cassi-

2250 4205 2454 4269 nensis,
2484 4204 2623 4273 quod
2655 4205 2949 4277 scurrilitas
2975 4206 3038 4261 ad
3074 4207 3343 4261 lasciviam
3368 4212 3650 4277 pertint-at,
3678 4207 3845 4262 verba

2251 4278 2417 4327 risum
2456 4277 2750 4348 moventia
2786 4275 2944 4329 etiam
2978 4277 3264 4348 aliquando
3292 4275 3379 4332 ad
3409 4278 3685 4348 sapientes
3714 4292 3842 4348 spe-

2252 4356 2418 4417 etatu.
2454 4344 2528 4399 De
2560 4344 2640 4397 liis
2670 4345 2875 4412 egimus
2903 4344 3158 4417 supra'ad
3190 4364 3309 4417 cap.
3342 4348 3397 4404 4.

2326 4414 2398 4492 1E
2405 4426 2546 4469 terna
2576 4417 2894 4492 clausuram
2924 4414 3155 4492 omnibus
3191 4414 3315 4474 locis
3346 4422 3677 4492 damnamus,
3710 4420 3847 4492 etc.]

2252 4485 2352 4540 llic
2384 4488 2575 4541 iterum
2606 4501 2725 4540 eum
2758 4486 3061 4544 Hildentaro
3092 4491 3397 4546 Bernartius
3423 4491 3763 4545 CaSsinensis
3792 4485 3850 4546 εἰ

2259 4557 2830 4630 ΒιιιιριὶυεΑοιιεθιντιιιι
2852 4561 3028 4615 verbis
3056 4561 3275 4615 utilibus
3297 4580 3326 4615 a
3351 4564 3407 4619 8.
3438 4564 3730 4617 Benedicto
3749 4578 3848 4630 ap-

2257 4630 2482 4699 positam
2516 4628 2679 4683 fuisse
2706 4632 3025 4697 custodiant,
3067 4634 3403 4699 scurrilibus,
3434 4636 3642 4697 otiosis,
3684 4644 3738 4687 et
3765 4628 3846 4687 ri-

2254 4716 2373 4755 sum
2420 4703 2757 4773 movcntibus
2786 4717 3020 4773 murum,
3071 4713 3385 4773 perpetuum
3435 4705 3845 4760 velutoltieem.

2254 4773 2407 4838 Quod
2435 4772 2583 4827 addit
2618 4790 2629 4823 :
2665 4772 2730 4826 In
2765 4772 2997 4827 omnibus
3028 4774 3172 4840 lacis,
3204 4776 3441 4830 ostendit
3479 4775 3625 4830 utilia
3655 4790 3719 4829 ac
3747 4791 3846 4829 ne-

2254 4844 2491 4898 cessaria
2519 4842 2678 4898 verba
2708 4859 2812 4898 non
2858 4846 3107 4899 omnibus
3149 4861 3270 4901 esse
3305 4847 3357 4901 in
3390 4846 3525 4901 locis
3565 4848 3845 4911 damnata,

2254 4916 2500 4989 quamvis
2526 4930 2626 4970 nec
2652 4915 2705 4969 in
2732 4915 2981 4970 omnibus
3002 4918 3174 4989 licita;
3200 4932 3367 4986 quare
3393 4933 3489 4989 pro
3514 4916 3708 4987 capitis
3730 4918 3848 4971 hu-

2251 4988 2341 5054 jus
2376 4988 2609 5041 clausula
2642 5001 2821 5059 operte
2849 4989 3073 5055 pretium
3108 4987 3353 5043 fortassis
3379 4987 3503 5054 erit,
3536 4991 3729 5059 quibus
3760 5002 3849 5058 po-

2254 5059 2518 5130 tissimum
2552 5059 2605 5111 in
2649 5056 2779 5113 locis
2824 5059 2969 5129 loqui
3015 5061 3295 5116 monachis
3335 5069 3484 5117 esset
3512 5056 3847 5130 prohibitum

2252 5129 2406 5201 brevi
2437 5129 2722 5184 disserere.
3517 5129 3526 5130 “
3901 5195 3907 5201 ο

2329 5199 2442 5254 Duo
2486 5201 2779 5269 praesertim
2809 5201 2923 5256 loca
2963 5202 3104 5271 apud
3134 5210 3341 5258 veteres
3367 5202 3664 5257 monachos
3706 5201 3849 5257 adeo

2255 5285 2408 5344 saera
2439 5280 2612 5339 erant,
2645 5280 2703 5344 ut
2731 5274 2782 5326 in
2819 5272 2973 5344 193
3001 5272 3062 5326 iis
3102 5274 3315 5329 solvere
3340 5274 3612 5329 silentiuttt
3640 5273 3846 5344 nemini

2256 5343 2461 5408 liceret,
2489 5342 2782 5397 oratorium
2813 5342 3020 5397 scilicet
3044 5354 3099 5399 et
3126 5345 3490 5400 refectoritttn.
3535 5344 3610 5397 lta
3640 5346 3702 5399 S.
3738 5342 3847 5397 Eu-

2257 5414 2511 5485 t_h_ymius,
2536 5414 2802 5485 referente
2822 5414 3024 5485 Cyrillo
3048 5414 3137 5484 (In
3160 5418 3271 5485 ejus
3304 5414 3417 5468 Vita
3439 5434 3490 5469 tt.
3520 5415 3607 5479 l7,
3632 5423 3756 5469 tam.
3798 5414 3846 5468 ιι

2261 5430 2511 5482 tnytmus,
2539 5430 2802 5469 reterente
2822 5430 2861 5468 ι.
2904 5430 3024 5468 rtno
3048 5430 3137 5484 (tu
3160 5432 3271 5485 ejus
3305 5430 3417 5468 Vita
3439 5434 3490 5469 tt.
3520 5430 3541 5467 ι
3561 5430 3607 5479 l,
3632 5430 3756 5469 tam.
3798 5430 3846 5468 ιι

2261 5482 2494 5538 Monum.
2526 5483 2669 5539 Eccl.
2698 5430 2915 5555 ϐιαία),
2951 5503 2967 5535 t
3002 5488 3260 5541 suadebat
3286 5488 3569 5542 honestum
3595 5486 3846 5551 amplecti

2260 5556 2532 5628 silentium
2563 5557 2614 5609 itt
2647 5556 2844 5624 templo
2876 5556 3108 5624 Domini,
3134 5574 3274 5613 neve
3301 5559 3426 5627 quis
3457 5560 3765 5628 loqueretur
3786 5557 3846 5611 in

2260 5628 2447 5697 synaxi
2477 5627 2697 5699 fratrum
2730 5628 2853 5699 dum
2896 5642 3046 5681 sacra
3077 5641 3401 5699 peraguntur
3432 5627 3717 5699 mySteria;
3747 5627 3847 5683 sed

2263 5696 2362 5752 nec
2410 5699 2460 5750 in
2494 5696 2779 5751 refectorio
2821 5696 3166 5754 fratribusad
3212 5696 3423 5757 coenam
3466 5696 3709 5756 collectis
3745 5700 3847 5751 lm-
3896 5716 3903 5722 ·

2261 5784 2417 5841 guatn
2444 5769 2645 5841 laxare,
2674 5784 2855 5841 verum
2890 5769 2938 5841 in
2964 5771 3203 5841 utrisque
3233 5788 3451 5828 manere
3479 5773 3531 5827 itt
3562 5770 3751 5826 eodem
3770 5770 3845 5841 si-

2263 5840 2449 5899 lentio.
2474 5858 2492 5891 ι
2516 5840 2590 5896 Ita
2619 5840 2817 5911 [tegula
2842 5837 3130 5911 Cujusdaui
3145 5844 3213 5900 ad
3230 5845 3522 5903 Monacbos
3540 5841 3689 5914 (Cap.
3718 5837 3840 5909 iii):
