4074 6356
249 324 354 383 369

1322 314 1596 375 REGE-LA
1638 315 2127 375 COMMENTATA.
2172 317 2323 375 CAP.
2365 316 2452 372 Vl.

3427 314 3532 374 370

255 456 276 490 ι
306 432 611 497 Silentium,
642 434 832 504 inquit,
861 432 914 489 iit
946 433 1192 489 omnibus
1214 432 1527 487 sectandum
1557 442 1656 497 ρει,
1685 440 1738 486 et
1762 442 1839 485 ta-
1867 438 1914 495 Α
1947 431 2012 487 lis
2058 431 2202 504 loqui
2233 430 2540 502 supradicto
2585 429 2743 485 modo
2790 428 2992 504 licebit.
3031 446 3049 483 ι
3086 429 3311 504 Tantam
3350 440 3532 504 tamen

249 509 407 563 centli
442 507 721 574 disciplina
755 523 848 574 per
875 509 1052 561 omnia
1086 506 1325 561 faciemla
1353 514 1456 565 est,
1489 506 1721 558 maxime
1747 520 1841 555 au-

250 588 360 634 tem
386 577 537 647 juxta
571 578 787 632 missam
815 589 867 633 et
898 593 1160 633 mensam.
1200 595 1219 629 ›
1264 579 1334 630 lla
1364 579 1523 630 etiam
1557 575 1613 631 S.
1647 576 1705 629 Ρ.
1745 577 1843 629 8e-

159 670 183 715 δ
251 651 497 705 nedictus
526 665 791 702 summum
830 648 895 702 ad
943 664 1181 703 mensam
1227 647 1494 701 silentium
1544 648 1845 715 prrescribit

163 724 167 728 ’
251 736 369 790 cap.
405 720 472 775 ’.58
498 761 513 783 ,
547 730 601 773 et
630 720 693 772 ad
724 718 1014 773 oratorium
1060 734 1179 788 cap.
1225 718 1292 772 52
1317 762 1329 783 ,
1368 718 1455 790 ubi
1497 719 1597 772 sub
1621 718 1843 790 nomine

251 789 472 845 oratorii
518 790 858 858 intelligenda
889 801 971 845 est
1013 791 1172 845 etiam
1203 789 1441 844 saeri~tia
1478 807 1490 841 :
1526 789 1665 843 unde
1706 789 1845 843 inter

253 862 313 918 S.
361 861 612 916 Adalardi
643 862 876 926 capitula
911 863 1119 916 tertium
1170 862 1395 915 habetur
1440 858 1517 914 De
1562 861 1761 913 silentio
1791 861 1843 913 in

253 932 544 995 secretario,
576 948 663 986 seu
695 934 748 985 in
798 930 1041 986 ecclesiis.
1079 932 1363 987 Existimat
1403 933 1564 985 etiam
1614 930 1846 986 Benedi-

254 1013 373 1057 rtus
424 1002 716 1058 llaeftenus
743 1003 1013 1057 silentium
1045 1018 1072 1054 a
1104 1004 1162 1057 S.
1207 1003 1496 1056 Benedicto
1540 1002 1842 1056 institutum

254 1072 422 1127 fuisse
450 1075 500 1127 in
526 1075 863 1140 dormitorio,
894 1074 1035 1143 quod
1057 1089 1121 1128 ex
1152 1089 1218 1130 eo
1246 1074 1447 1142 colligit
1473 1074 1613 1141 quod
1643 1072 1843 1127 nemini

254 1156 376 1213 post
419 1145 826 1213 completorium
869 1146 1009 1215 loqui
1055 1147 1221 1213 permi
1253 1155 1328 1197 tat
1357 1145 1415 1201 S.
1462 1144 1639 1206 Pater,
1672 1151 1728 1199 et
1756 1144 1846 1198 vix

252 1216 363 1269 alio
392 1226 632 1285 tempore
659 1216 899 1271 siderent
942 1220 1136 1271 fratres
1165 1216 1537 1271 dormitorium
1581 1216 1841 1268 habitare.

254 1284 597 1340 Contrarium
621 1297 793 1341 tamen
826 1286 1036 1342 videtur
1059 1289 1107 1341 in
1136 1286 1359 1343 Statutis
1385 1287 1443 1341 S.
1476 1286 1727 1340 Adalardi
1753 1285 1843 1339 lib.

257 1372 317 1421 ιι,
346 1372 462 1426 cap.
496 1360 549 1410 6.
585 1357 691 1411 Sed
731 1372 903 1427 neque
935 1358 984 1412 id
1016 1367 1228 1426 apparet
1262 1373 1327 1412 ex
1361 1357 1849 1412 Consuetudiuibus

257 1428 320 1501 _S.
353 1428 623 1501 Benedicti
662 1429 982 1501 Anianensis
1010 1429 1182 1501 (Tom.
1218 1430 1281 1483 lV
1316 1430 1577 1496 Analect.)
1602 1472 1615 1493 ,
1650 1429 1700 1481 in
1726 1428 1848 1501 qui-

257 1497 359 1554 bus
384 1500 690 1554 decernitur
724 1518 743 1549 ‹
781 1500 833 1554 in
863 1497 1098 1555 oratorio
1127 1515 1391 1555 summum
1425 1497 1768 1555 silentium...
1796 1499 1848 1553 in

257 1570 499 1624 sacrario
527 1585 775 1638 magnum
806 1570 1146 1626 silentium...
1181 1573 1233 1626 in
1273 1572 1558 1626 refectorio
1580 1585 1849 1623 summum

257 1640 602 1695 silentium...
627 1644 678 1694 in
705 1642 953 1696 claustris
974 1644 1102 1696 hora
1127 1644 1371 1698 lectionis
1400 1658 1667 1696 summum
1686 1642 1851 1694 silen-

258 1712 417 1773 tium,
461 1731 479 1763 ο
519 1712 657 1765 nulla
689 1712 986 1767 dormitorii
1020 1713 1155 1767 facta
1186 1716 1478 1768 mentione.
1516 1713 1590 1767 De
1624 1712 1854 1765 nonnul-

258 1780 328 1837 lis
381 1791 557 1838 tamen
609 1783 948 1838 monasteriis
1000 1784 1197 1839 ibidem
1249 1785 1511 1839 additur:
1552 1801 1567 1834 t
1609 1783 1854 1836 Vidimus

1946 502 2143 557 silentii
2171 503 2559 559 districtiouetn
2592 504 2641 555 in
2674 504 2848 568 parvis
2877 502 3027 556 cellis
3051 518 3145 556 seu
3186 502 3531 569 prioratibus,

1947 585 2006 628 ut
2034 586 2226 628 voeant
2251 616 2265 635 ,
2316 576 2452 628 baud
2484 575 2730 643 exigebat
2768 574 2905 627 idem
2940 574 3127 627 Petrus
3155 572 3489 629 Venerabilis
3516 592 3531 638 ;

1948 661 2071 699 nam
2113 655 2313 699 statuto
2346 645 2416 698 42
2458 646 2719 711 decernit,
2755 664 2772 695 t
2811 655 2865 699 ut
2898 644 2984 698 ubi
3029 644 3308 698 duodecim
3342 644 3537 699 fratres

1948 731 2070 771 esse
2097 732 2200 770 non
2231 717 2520 783 potuerint,
2551 718 2739 771 saltem
2772 717 2824 771 in
2852 717 3158 777 relectorio,
3186 724 3241 770 et
3275 716 3539 771 dormito-

1950 788 2031 843 rio
2060 803 2301 856 semper;
2324 788 2374 840 in
2403 788 2635 841 claustro
2653 803 2778 843 vero
2805 787 2871 841 ab
2890 786 3016 839 hora
3047 789 3538 855 vespertinau-‘que
3600 852 3603 856 ι

1950 859 2016 912 ad
2049 860 2234 911 horam
2280 860 2490 929 tertiam
2522 859 2742 913 alterius
2785 858 2889 912 diei
2939 858 3229 924 perfectum
3262 859 3535 929 silentium
3593 912 3605 929 ι

1951 937 2215 1008 teneatur.
2247 928 2377 983 Nam
2414 930 2561 1008 quod
2593 930 2964 1008 uttiversaliter
2999 930 3049 983 iu
3080 929 3328 983 omnibus
3358 928 3538 983 eccle-

1948 1001 2047 1071 siis
2067 1016 2281 1068 semper
2303 1012 2351 1054 ιιι
2377 1002 2572 1071 ubique
2598 1002 2764 1054 teneri
2789 1000 3001 1065 debeat,
3026 1010 3228 1053 certum
3253 1009 3351 1055 est.
3377 1018 3417 1071 ιγ
3589 1000 3607 1023 ³

2025 1069 2082 1125 ln
2112 1071 2405 1141 Anglicaoo
2437 1069 2499 1126 Si
2539 1071 2731 1126 Albani
2764 1070 3114 1134 monasterio,
3146 1080 3263 1140 post
3302 1070 3538 1126 medium

1952 1142 2205 1196 Sle‘lllllm
2252 1159 2324 1205 xt,
2365 1142 2561 1196 Paulus
2588 1143 2754 1195 abbas
2784 1143 3023 1208 ejusdem
3074 1142 3173 1196 loci
3213 1160 3231 1191 ι
3269 1142 3538 1195 silentium

1953 1213 2322 1268 omnimodum
2352 1216 2400 1266 in
2433 1212 2682 1276 ecclesia,
2708 1214 2758 1265 in
2788 1216 3045 1281 claustro,
3075 1213 3125 1265 iu
3156 1215 3459 1278 relectorio,
3487 1222 3544 1267 ct

1956 1286 2190 1338 maxime
2216 1288 2265 1337 in
2293 1286 2505 1338 dormiit
2530 1286 2609 1337 rio
2638 1284 3007 1337 iniiolabzliter
3031 1284 3303 1338 observari
3337 1284 3542 1338 eonsti-

1956 1358 2073 1421 tuit,
2116 1373 2137 1409 ι
2174 1367 2227 1408 ttt
2257 1358 2441 1411 scribit
2482 1356 2759 1426 lllatthzrus
2792 1355 3021 1426 Parisius
3053 1352 3144 1423 (In
3192 1354 3325 1408 Viu’s
3365 1353 3546 1426 viginti

1955 1428 2113 1501 (riunt
2136 1427 2376 1501 abbatum
2394 1425 2713 1501 S._Albnni),
2734 1425 2825 1493 qui
2845 1428 3003 1501 etiam
3035 1428 3193 1494 paulo
3220 1436 3340 1501 post
3359 1425 3505 1501 addit
3526 1442 3555 1501 ἱ

1964 1517 1982 1549 ι
2022 1500 2075 1551 1η
2104 1499 2395 1551 inlirmaria
2422 1497 2716 1561 silentium,
2745 1497 3011 1565 principue
3039 1507 3215 1551 autem
3244 1499 3293 1551 in
3316 1497 3544 1567 capella,

1957 1579 2013 1623 ct
2041 1569 2237 1637 ubique
2275 1579 2394 1637 post
2424 1570 2828 1633 eontpletoriom
2862 1568 3028 1622 teneri
3059 1568 3356 1622 constituit.
3391 1587 3409 1619 ι
3444 1568 3550 1621 Ea~

1957 1640 2079 1693 dem
2109 1640 2245 1703 loca,
2278 1641 2613 1693 inlirmitorio
2640 1648 2885 1705 excepto,
2916 1638 3131 1693 silentio
3167 1650 3423 1708 perpetuo
3452 1637 3551 1693 de-

1959 1721 2148 1779 putant
2197 1711 2391 1765 summi
2442 1711 2720 1779 pontiﬁces
2752 1711 3092 1763 Innocentius
3140 1710 3202 1762 lll
3257 1720 3308 1764 et
3340 1708 3549 1779 Grego-

1961 1782 2072 1835 rius
2106 1781 2169 1835 ΙΧ
2192 1823 2207 1846 ,
2239 1784 2290 1835 in
2322 1782 2480 1835 editis
2523 1797 2618 1850 pro
2664 1780 3023 1835 Benedictinis
3050 1779 3547 1835 constitutionibus.

257 1852 420 1906 etiam
452 1828 520 1908 et,
545 1828 693 1908 illud
724 1828 1157 1919 oliservabil-e',vsi
1208 1854 1326 1922 quis
1355 1855 1420 1909 ad
1440 1828 1849 1924 -perlectinnem
1883 1828 1933 1890 Β
1958 1828 2218 1906 Similiter
2247 1852 2302 1906 S.
2336 1828 2669 1922 Stepbarnus,
2696 1853 2912 1924 ordinis
2943 1850 3440 1924 Grandimontensis
3469 1851 3552 1904 in-

257 1924 489 1994 taciturn
514 1926 638 1978 tatis
668 1925 851 1979 venire
892 1925 1199 1989 desideret,
1236 1925 1376 1994 quod
1421 1926 1596 1979 nullus
1626 1925 1851 1978 fratrum

255 1993 315 2050 in
345 1994 585 2065 quolibet
636 1995 752 2049 loco
800 1996 940 2064 loqui
973 1996 1171 2063 aliquid
1225 1993 1581 2065 p’rwsumebat
1608 2037 1623 2059 ,
1657 2004 1856 2065 prmter

254 2066 371 2137 duo
407 2066 473 2128 ad
518 2063 622 2119 hoc
668 2063 940 2135 deputata.
979 2085 999 2118 ι
1036 2063 1290 2132 Quaenam
1337 2082 1501 2137 porro
1529 2063 1713 2122 essent
1762 2066 1853 2120 illa

254 2135 370 2207 duo
415 2138 528 2190 loca
556 2136 811 2191 locutioni
854 2136 1117 2191 destinata
1145 2135 1352 2193 ibidem
1374 2153 1479 2192 non
1511 2137 1851 2207 exprimitur,

255 2205 689 2277 sedobservatu
729 2207 1099 2277 dignissimum
1152 2223 1371 2277 prmsus
1416 2205 1666 2263 existimo
1712 2208 1855 2277 quod

256 2274 547 2347 subjicitur
578 2294 590 2330 :
632 2296 650 2328 t
688 2277 741 2330 In
772 2274 997 2332 Ecclesia
1039 2274 1241 2332 nullum
1274 2287 1471 2348 prmter
1501 2274 1741 2332 officium
1769 2279 1855 2333 di-

256 2348 463 2420 vinum,
496 2355 551 2401 ct
570 2348 731 2402 verba
763 2350 1043 2402 orationis.
1068 2350 1124 2404 Si
1152 2351 1307 2403 alietti
1339 2350 1562 2405 cuilibet
1593 2350 1738 2420 loqui
1764 2363 1857 2401 ne-

256 2419 483 2490 cessitas
510 2428 648 2484 erat,
682 2428 838 2490 tacto
850 2420 1173 2490 vestimento
1196 2420 1425 2485 abbatis,
1458 2421 1539 2475 vel
1568 2420 1856 2490 cujuslibet

258 2488 462 2561 fratris,
496 2490 679 2543 annuit
712 2488 776 2543 ad
810 2488 894 2561 illa
938 2492 1084 2557 loca;
1122 2492 1487 2561 expositisque
1519 2488 1856 2561 paucissimis

260 2560 474 2626 verbis,
509 2561 592 2614 vel
637 2560 1077 2628 rationabilibus,
1122 2562 1303 2617 statim
1345 2560 1750 2628 abscesserunt,
1786 2563 1857 2614 ti-

261 2640 472 2685 mentes
503 2645 569 2685 ne
591 2641 811 2700 propter
830 2633 1133 2700 necessaria
1158 2635 1341 2700 verba,
1366 2635 1421 2689 in
1451 2635 1637 2689 nociva
1666 2643 1717 2686 et
1740 2635 1859 2687 inu-

262 2701 376 2755 tilia
408 2699 722 2757 inciderent.
756 2720 775 2754 ι
811 2699 976 2771 Cujus
1006 2699 1364 2758 observantia:
1396 2706 1622 2771 praxim,
1648 2704 1693 2758 si
1718 2704 1858 2759 bene

262 2771 505 2844 tuemini,
540 2773 722 2826 videre
767 2782 850 2828 est
894 2777 945 2826 in
979 2773 1094 2828 Vita
1126 2774 1347 2829 Notkeri
1392 2776 1599 2829 Balbuli
1642 2789 1769 2829 saec.
1799 2791 1855 2844 v,

263 2841 510 2913 liancque
563 2846 789 2898 fortasse
842 2845 1061 2906 respicit
1113 2847 1262 2900 locus
1293 2862 1358 2900 ex
1410 2847 1546 2900 libro
1578 2846 1762 2900 Mira“.
1796 2841 1855 2900 S.

264 2912 523 2968 Dunstani
553 2930 606 2968 n.
634 2917 705 2970 20
739 2932 751 2968 :
789 2933 808 2966 ι
849 2916 941 2969 Ille
979 2916 1155 2971 sciens
1186 2917 1350 2970 moris
1381 2932 1485 2970 non
1516 2932 1637 2972 esse
1674 2932 1863 2971 mona-

262 2984 397 3040 chos
418 2986 729 3058 inoratorio
758 2984 921 3058 loqui,
950 2986 1128 3056 digitis
1160 2988 1332 3041 innuzt
1358 2989 1531 3056 ipsum
1560 2987 1631 3040 ibi
1656 3003 1858 3058 nequa-

261 3056 647 3127 quamdebere
678 3057 842 3126 loqui,
876 3076 894 3109 ι
931 3068 1061 3123 etc.,
1090 3074 1213 3127 qua).
1241 3059 1412 3113 obiter
1432 3060 1570 3113 dicta
1602 3056 1861 3114 sint.'Ve-.

263 3126 356 3197 nio
382 3126 447 3180 ad
477 3128 881 3192 Cluniacenses,
908 3126 1134 3197 quorum
1170 3130 1415 3196 antiquas
1443 3129 1860 3184 consuetudines

1958 1931 2196 1983 stztutor,
2243 1924 2294 1975 in
2341 1925 2535 1984 [tegula
2564 1938 2681 1992 cap.
2730 1922 2822 1981 47.
2865 1922 2916 1975 id
2948 1923 3088 1989 quod
3133 1932 3252 1990 post
3283 1923 3551 1977 Innocen-

1960 1994 2090 2048 titttn
2123 1993 2188 2045 IV
2220 1995 2494 2048 renovavit
2515 1995 2766 2049 Clemens
2782 1993 2847 2058 V,
2866 2002 3062 2047 statuta
3091 2008 3269 2061 paena,
3301 2004 3358 2047 ut
3385 2012 3402 2043 t
3432 1992 3555 2063 qui-

1959 2078 2171 2133 t-unque
2198 2064 2363 2119 frater
2392 2066 2652 2119 fractione
2677 2064 2804 2118 dicti
2830 2064 3027 2118 silentii
3053 2066 3392 2120 considerate
3414 2065 3552 2119 facta

1959 2150 2085 2189 reus
2110 2136 2356 2190 inventus
2384 2137 2564 2199 fuerit,
2586 2151 2680 2204 pro
2705 2136 3137 2203 transgressione
3159 2135 3412 2204 qualibet,
3434 2136 3554 2189 sine

1959 2205 2325 2260 misericordia
2359 2216 2414 2260 et
2441 2206 2862 2274 dispensatione,
2890 2206 2960 2258 sit
2989 2220 3090 2259 una
3122 2207 3207 2259 die
3239 2208 3289 2259 in
3334 2221 3469 2275 pane
3498 2215 3557 2261 et

1960 2292 2117 2343 aqua,
2152 2285 2207 2332 et
2252 2278 2302 2331 in
2334 2278 2568 2346 capitulo
2611 2277 2943 2339 verberetur,
2980 2277 3079 2331 nisi
3110 2277 3259 2345 prius
3287 2278 3555 2343 completa

1961 2356 2111 2417 parte
2140 2349 2467 2416 pmnitcntias
2494 2358 2651 2416 potus
2680 2363 2855 2415 aqum,
2886 2358 2940 2401 et
2970 2348 3196 2402 aliorum
3227 2348 3553 2402 cibariorum

1961 2419 2299 2474 abstinentim
2322 2422 2391 2472 de
2409 2434 2531 2472 vera
2554 2418 2854 2473 humilitate
2878 2418 3208 2485 paenitentis,
3228 2419 3365 2473 etde
3390 2420 3558 2487 ipsius

1963 2491 2118 2542 lirmo
2148 2490 2424 2559 proposito
2452 2490 2770 2544 emendandi
2805 2490 2966 2556 priori
3000 2490 3085 2545 vel
3115 2490 3233 2559 ejus
3263 2490 3435 2544 locum
3470 2499 3557 2544 te-

1962 2561 2257 2635 nenti_lore
2286 2576 2415 2635 cum
2436 2576 2504 2615 eo
2534 2577 2697 2630 super
2719 2560 2955 2635 residuo
2984 2560 3312 2635 poenitentia:
3342 2560 3581 2635 videbis

1964 2641 2052 2686 tur
2094 2630 2553 2698 dispensandum;
2587 2643 2642 2686 et
2687 2632 2730 2685 si
2779 2630 3099 2701 sa-pittssic
3142 2641 3418 2687 correctus
3448 2647 3557 2686 non

1962 2702 2350 2771 emendaverit,
2378 2718 2439 2757 ex
2473 2714 2595 2758 tunc
2627 2718 2721 2769 pro
2744 2705 2981 2768 qualibet
3006 2704 3430 2771 transgressione
3461 2717 3560 2771 per

1964 2772 2100 2826 duos
2125 2773 2240 2828 dies
2279 2776 2330 2827 in
2376 2775 2493 2827 solo
2522 2773 2814 2836 relectorii,
2844 2774 2963 2828 aliis
3007 2773 3435 2840 comedentibus,
3470 2788 3561 2828 ser

1964 2843 2099 2897 dens
2129 2859 2265 2911 pane
2294 2860 2481 2911 gross-i
2506 2846 2715 2898 lanulire
2744 2854 2797 2899 et
2826 2859 2963 2914 aqua
2994 2854 3282 2899 contentus
3324 2848 3560 2898 existat-

1964 2930 2028 2967 ac
2056 2916 2159 2969 illis
2187 2914 2397 2969 duobus
2423 2914 2612 2969 diebus
2647 2919 2697 2968 in
2726 2916 2961 2984 capitulo
2989 2918 3235 2983 vapulet;
3271 2930 3370 2969 nec
3397 2928 3557 2984 supe;

1965 2985 2077 3038 iisa
2102 2987 2276 3053 priore
2305 2987 2386 3041 vel
2415 2987 2523 3040 alio
2553 2986 2873 3054 przesidente
2900 2985 3077 3039 valeat
3096 2985 3418 3055 dispenSari,
3446 3000 3561 3038 tua-

1960 3054 2067 3126 jori
2098 3071 2252 3125 poma
2279 3073 2373 3127 per
2400 3058 2630 3124 priorem
2656 3056 2877 3110 ulterius
2910 3054 3227 3123 puniendus,
3254 3056 3299 3111 si
3325 3056 3425 3111 hoc
3449 3072 3562 3108 tne-

1966 3128 2074 3180 rnit
2101 3129 2423 3194 protervitas
2449 3130 2803 3182 contumacis.
2833 3146 2850 3179 ι
2875 3127 3152 3182 Ριωὼριίε
3179 3137 3406 3196 quatuor
3430 3127 3563 3183 locis

264 3195 578 3288 describens
595 3195 1408 3288 Udalricusnsric.loquitur(f1ib.
1440 3216 1498 3265 ll,
1519 3203 1687 3288 c..5):
1714 3219 1731 3252 t
1756 3201 1859 3254 Ta-
1889 3224 1935 3288 ο
1968 3199 2482 3288 εἰιᾳηιίιλόίέδιῇηειῑξξ
2501 3200 2885 3288 Cistercieuses
2902 3199 3397 3288 adduntscriptoria
3414 3198 3558 3269 (Lib.

263 3266 346 3322 les
372 3270 421 3322 in
452 3270 690 3323 claustro
718 3278 844 3324 sunt
865 3266 1114 3335 officium,
1148 3272 1199 3326 in
1230 3266 1422 3339 quibus
1453 3266 1701 3326 traditum
1724 3282 1805 3326 est
1828 3287 1856 3325 a

266 3339 508 3407 patribus
538 3341 736 3412 nostris
758 3350 813 3395 et
841 3342 1113 3406 praeﬁxum
1161 3351 1219 3396 ut
1247 3352 1560 3412 perpetuum
1593 3343 1860 3397 silentium

266 3419 514 3464 teneatur
540 3427 554 3474 ;
588 3411 642 3463 in
672 3411 894 3466 ecclesia
919 3453 935 3476 ,
967 3411 1287 3467 dormitorio
1313 3454 1329 3478 ,
1349 3411 1649 3467 refectorio
1673 3454 1686 3477 ,
1720 3424 1776 3469 et
1807 3415 1862 3468 in

265 3479 501 3549 coquina
536 3482 805 3551 regulari;
838 3484 889 3535 iu
941 3484 1020 3537 bis
1066 3484 1196 3538 locis
1222 3496 1349 3537 -tam
1401 3485 1454 3537 in
1488 3486 1573 3539 die
1601 3500 1757 3549 quam
1808 3484 1864 3538 in

266 3562 429 3605 nocte
450 3591 466 3615 ,
498 3552 566 3624 si_
596 3552 680 3606 vel
715 3567 873 3606 unum
925 3556 1144 3608 verbum
1176 3570 1389 3624 quoquo
1417 3555 1666 3609 audiente
1693 3555 1870 3622 loqui-

266 3631 374 3695 tur,
410 3638 513 3695 non
548 3622 716 3695 facile
733 3624 939 3678 veniam
972 3626 1173 3695 absque
1196 3622 1400 3695 judicio
1432 3635 1685 3680 meretur.
1712 3645 1731 3677 ι
1761 3627 1864 3681 Ea-

265 3692 395 3767 dem
424 3692 753 3767 legutitur_itt
786 3708 928 3767 mss.
960 3692 1543 3767 Benigni'lliviouensis
1569 3697 1866 3752 Consuetu-

266 3763 481 3836 dinibus
508 3778 630 3832 cap.
655 3765 745 3819 51.
769 3764 837 3818 At
864 3766 1030 3820 inulto
1054 3763 1204 3836 pt'ura
1234 3770 1446 3821 silentio
1469 3768 1676 3823 addicta
1703 3769 1866 3822 fuisse

268 3834 384 3908 loca
412 3846 556 3908 patet
581 3850 644 3908 ex
677 3837 922 3908 sequenti
952 3834 1091 3891 Petri
1116 3838 1453 3892 Venerabilis
1479 3848 1678 3893 statuto
1701 3839 1865 3908 (Stat.

271 3904 363 3979 ψ)
398 3922 410 3957 :
451 3924 481 3979 ς
510 3905 564 3958 ln
610 3906 900 3979 inlirmaria
931 3908 1312 3973 Cluniacensi,
1344 3925 1461 3974 qua:
1506 3904 1741 3979 quinque
1774 3910 1871 3964 ha—

266 3974 514 4049 bitaculis
544 3976 642 4049 sub
662 3992 768 4030 uno
799 3988 938 4032 tecto
968 3979 1152 4032 divisis
1169 3974 1536 4049 distinguitur,
1560 3974 1871 4035 tali'discre-

268 4046 414 4121 tione
442 4046 711 4101 silentium
745 4058 1010 4113 teneatur,
1041 4059 1095 4103 ut
1123 4051 1175 4104 in
1204 4066 1265 4105 ea
1292 4046 1440 4117 parte
1472 4054 1521 4105 in
1546 4066 1646 4121 qua
1671 4053 1866 4106 fratres

269 4116 655 4191 defunguntur,
680 4134 798 4187 qua:
821 4120 991 4173 media
1018 4131 1117 4176 est.
1147 4131 1200 4175 et
1222 4123 1273 4174 in
1294 4116 1382 4175 illa
1424 4137 1543 4191 qua:
1563 4116 1816 4191 superior
1836 4137 1866 4175 a

269 4199 422 4261 parte
448 4188 746 4243 meridiana
780 4199 883 4255 est,
934 4191 1208 4246 silentium
1238 4202 1291 4247 et
1321 4188 1607 4247 collocutio
1639 4188 1869 4261 antiquo

276 4257 437 4329 194
464 4275 611 4313 more
639 4270 914 4323 servetur;
951 4263 1001 4315 in
1036 4264 1203 4316 tribus
1235 4277 1363 4317 vero
1393 4262 1513 4317 aliis
1542 4263 1759 4317 claustri
1782 4257 1874 4319 re-

269 4336 473 4398 gutaris
515 4330 787 4384 silentium
822 4340 1087 4387 teneatur.
1119 4333 1209 4389 Sic
1250 4336 1301 4387 in
1343 4333 1481 4388 cella
1518 4335 1866 4399 novitiorum,

270 4409 327 4454 et
351 4399 613 4468 adjacenli
653 4406 912 4471 c'austro,
942 4403 1056 4457 sive
1093 4404 1343 4466 officinis,
1374 4405 1612 4473 exceptis
1653 4407 1869 4461 novitiis

270 4485 537 4546 eteorum
569 4474 845 4542 magistro,
891 4473 981 4546 qui
1014 4474 1101 4528 ubi
1145 4484 1199 4529 et
1240 4476 1454 4545 quando
1485 4476 1626 4546 loqui
1669 4478 1867 4543 solent,

272 4543 591 4615 loquentur;
625 4546 863 4613 exceptis
892 4545 1053 4600 etiam
1081 4543 1349 4615 episcopis
1382 4556 1437 4601 et
1461 4543 1745 4603 abbatibus
1772 4564 1864 4601 su-

1964 3270 2124 3337 amiq.
2156 3269 2390 3339 Dte/iniu,
2421 3273 2539 3323 dist.
2568 3272 2617 3334 7,
2644 3286 2759 3339 cap.
2788 3270 2868 3339 5),
2915 3271 3221 3339 ubicunque
3243 3286 3305 3324 ex
3334 3283 3564 3324 consue-

1968 3341 2151 3394 tudine
2199 3341 2440 3395 scribont
2486 3342 2754 3396 monachi.
2800 3340 3094 3395 Addcndus
3143 3344 3363 3409 insuper
3412 3340 3562 3395 focus

1966 3414 2290 3472 communis,
2316 3416 2367 3465 in
2385 3427 2512 3478 quo,
2535 3427 2600 3468 ex
2622 3413 2842 3479 antiquo
2867 3411 3072 3465 ordinis
3090 3414 3255 3466 nOStri
3286 3427 3454 3477 more,
3484 3415 3564 3467 in-

1969 3481 2218 3537 \i03abile
2241 3484 2511 3537 silentium
2531 3483 2870 3547 servabatur,
2888 3495 2947 3537 ut
2970 3493 3114 3551 patet
3130 3498 3197 3537 ex
3226 3482 3560 3551 llildemaro,

1968 3554 2339 3622 antiquissimo
2363 3555 2581 3625 Regula:
2605 3564 3045 3609 commentatore.
3078 3554 3129 3608 in
3165 3554 3320 3624 195
3351 3554 3449 3606 hoc
3471 3568 3565 3608 ca-

1968 3633 2063 3695 put
2090 3627 2157 3677 ita
2189 3626 2458 3680 scribente
2493 3644 2504 3676 :
2545 3643 2563 3675 ι
2600 3625 2656 3680 Si
2686 3626 2880 3678 hiemis
2908 3636 3116 3695 tempus
3149 3625 3325 3688 luerit,
3356 3634 3410 3677 et
3434 3639 3564 3692 pro-

1971 3706 2089 3763 pter
2120 3694 2284 3764 frigus
2331 3697 2681 3751 convenerint
2726 3711 2913 3751 omnes
2950 3694 3216 3750 in'unum
3264 3696 3329 3748 ad
3360 3698 3566 3750 calela-

1968 3766 2216 3819 ciendum
2248 3782 2323 3830 se,
2358 3766 2628 3821 silentium
2659 3766 2819 3821 debet
2849 3767 2920 3822 ibi
2948 3781 3089 3835 esse,
3120 3776 3174 3821 et
3204 3767 3382 3821 nullus
3404 3767 3568 3821 debet

1970 3836 2044 3890 ibi
2094 3837 2257 3907 lnqui.
2298 3855 2318 3889 ›
2356 3839 2421 3891 Et
2464 3854 2529 3892 ex
2557 3838 2615 3892 S.
2667 3838 2923 3893 Dunstani
2970 3838 3268 3892 Concordia
3302 3853 3316 3890 :
3353 3856 3371 3888 t
3415 3844 3450 3891 Α
3481 3853 3567 3891 ca-

1970 3907 2147 3962 lendis
2190 3907 2506 3963 Novembris
2541 3909 2871 3969 concedatur
2912 3910 3164 3963 fratribus
3200 3922 3449 3963 accessus
3497 3908 3563 3962 ad

1969 3978 2147 4048 ignem
2178 3979 2305 4033 dum
2338 3982 2631 4034 necessitas
2658 3980 2997 4048 compulerit,
3030 3991 3082 4033 et
3126 3979 3339 4047 frigoris
3370 3978 3567 4034 nimie-

1971 4058 2053 4103 tas
2077 4050 2401 4113 incubuerit,
2424 4053 2565 4119 quod
2588 4061 2764 4103 tamen
2786 4053 2885 4103 sub
2906 4051 3120 4103 silentio
3146 4052 3256 4104 fiat.
3287 4067 3304 4098 ›
3576 4108 3579 4109 ν

2043 4121 2197 4186 Quod
2229 4130 2434 4188 spectat
2460 4123 2525 4173 ad
2562 4124 2890 4175 recentiores
2920 4121 3387 4189 congregatioues,
3426 4119 3566 4177 Cas-

1972 4191 2213 4245 sinenses
2245 4194 2431 4245 volunt
2460 4191 2690 4263 (Dec/ar.
2734 4190 2936 4245 Camin.
2967 4197 3035 4263 ad
3083 4192 3236 4261 lleg.,
3264 4206 3315 4263 rc.
3346 4189 3469 4259 52),
3503 4202 3565 4247 ut

1980 4280 1999 4311 ‹
2034 4263 2292 4316 Servetur
2321 4277 2537 4332 semper
2566 4263 2837 4316 silentitnn
2863 4263 2913 4316 in
2945 4262 3135 4326 choro,
3164 4264 3217 4315 in
3243 4262 3567 4319 dormitorio

1975 4345 2021 4386 et
2060 4334 2112 4385 in
2146 4334 2634 4397 rcfectorio,ctiam
2668 4343 2817 4388 extra
2843 4334 3029 4387 horam
3061 4332 3395 4398 refectionis,
3427 4342 3483 4387 et
3508 4334 3565 4388 in

1973 4403 2203 4471 quadam
2244 4416 2393 4474 parte
2443 4404 2663 4460 claustri
2700 4407 2842 4461 circa
2880 4406 3207 4475 capitulum,
3249 4415 3476 4473 excepto
3513 4406 3565 4461 si

1977 4475 2028 4529 in
2058 4476 2216 4529 dictis
2244 4476 2378 4530 locis
2406 4486 2681 4545 oporteret
2702 4476 2876 4547 aliqua
2908 4477 3049 4547 loqui
3076 4476 3331 4540 breviter,
3354 4487 3407 4530 ct
3435 4477 3568 4531 sub-

1980 4547 2146 4601 missa
2174 4561 2324 4602 voce.
2362 4548 2677 4616 llujusmodi
2714 4549 2877 4602 etiam
2907 4548 3182 4602 silentium
3220 4558 3469 4602 servetur
3496 4548 3566 4603 ad

272 4614 730 4688 pervenientibus,
779 4616 970 4685 majori
1000 4614 1201 4686 priore,
1243 4614 1295 4672 et
1324 4618 1694 4687 subprioribus
1725 4621 1868 4673 ordi-
1893 4619 1948 4681 D
1972 4618 2155 4688 ignem
2201 4614 2542 4673 communem
2577 4620 2821 4673 fratrum.
2866 4638 2886 4671 ι
2916 4619 3150 4674 Calasini
3195 4628 3455 4673 renovant
3482 4618 3538 4673 In
3569 4650 3579 4659 -

272 4684 358 4738 nis
387 4685 721 4758 custodibus,
766 4684 951 4757 quiin
983 4684 1221 4756 partibus
1253 4684 1605 4758 ipsius’cella:
1632 4691 1863 4744 novitio-

271 4771 415 4829 rum,
445 4766 498 4811 et
525 4756 623 4821 ipsi
649 4757 793 4829 loqui
823 4766 1096 4826 poterunt,
1129 4769 1183 4813 ct
1217 4756 1586 4829 inpraasentia
1630 4771 1866 4816 tantum-

270 4827 436 4881 modo
462 4842 649 4881 eorum
687 4828 797 4882 alii.
838 4829 895 4883 ln
926 4829 1247 4898 operatoriis
1287 4827 1416 4886 vero
1446 4832 1710 4886 universis
1739 4847 1866 4887 con-

270 4900 481 4971 tinuum
522 4907 765 4971 teneatur
804 4900 1097 4966 silentium,
1128 4914 1355 4971 excepto
1383 4918 1491 4958 uno
1520 4913 1724 4957 tantum
1758 4919 1870 4957 ma-

271 4969 442 5036 gistro
470 4967 889 5045 uniuscujusque
921 4967 1507 5045 oneratoriae'domus,
1535 4984 1590 5028 et
1631 4978 1869 5045 exceptis

270 5040 594 5115 operatoriis
641 5055 792 5094 novre
822 5042 1104 5115 ecclesiae,
1154 5053 1207 5099 et
1234 5046 1555 5114 operatoriis
1603 5040 1865 5115 ipsorum.

272 5110 542 5183 Tenentur
568 5109 791 5180 insuper
818 5113 1039 5167 claustri
1071 5109 1341 5169 silentium
1377 5118 1427 5168 in
1457 5109 1789 5183 cmttte'terio,
1815 5126 1871 5172 et

270 5182 509 5235 claustro
537 5183 831 5237 cmmeterii
858 5222 874 5249 ,
919 5187 971 5238 in
1002 5186 1335 5241 sacristaniis
1364 5189 1615 5243 omnibus
1640 5230 1654 5253 ,
1700 5197 1755 5243 et
1782 5182 1865 5243 via

271 5268 395 5329 qua;
424 5254 489 5329 ad
534 5253 723 5307 domos
753 5256 1059 5329 superiores
1086 5257 1253 5322 ducit,
1283 5274 1401 5327 qua:
1424 5259 1576 5327 juxta
1607 5258 1867 5329 majorem

272 5323 560 5398 ecclesiam
587 5332 749 5398 sunt,
770 5334 825 5379 et
847 5326 899 5379 in
928 5323 1478 5393 adjacentibus'loci's,
1511 5323 1755 5398 exceptis
1775 5346 1867 5385 su-

272 5393 530 5465 pradictis
552 5393 837 5455 abbatibus
856 5404 911 5452 et
932 5398 1221 5468 prioribus,
1251 5400 1443 5470 quibus
1467 5402 1519 5456 in
1546 5393 1783 5472 partibus
1801 5402 1865 5456 il-

1979 4690 2212 4744 uocentii
2258 4690 2415 4757 Papm
2468 4690 2530 4744 Ill
2573 4688 3061 4755 Constitutionem,
3102 4704 3207 4760 qua
3256 4690 3580 4758 praecipitur

1983 4778 2002 4811 ι
2051 4760 2323 4813 silentium
2355 4760 2630 4815 observari
2660 4761 2715 4815 iu
2757 4770 2986 4831 quatuor
3015 4761 3147 4815 locis
3191 4760 3529 4831 regularibus
3561 4798 3579 4824 .

1978 4831 2184 4886 scilicet
2216 4831 2270 4884 in
2300 4831 2552 4900 ecclesia,
2582 4830 2844 4893 claustro,
2883 4831 3193 4894 refectorio,
3224 4841 3279 4883 et
3305 4830 3568 4884 dormito-

1979 4903 2082 4957 rio.
2135 4920 2154 4952 ι
2188 4901 2330 4955 Idem
2380 4902 2564 4956 videre
2595 4912 2676 4957 est
2706 4905 2758 4957 in
2785 4902 2942 4958 editis
2983 4917 3125 4958 anno
3160 4902 3297 4956 1556
3338 4903 3565 4958 Statutis

1978 4973 2367 5027 reformatoriis
2396 4988 2493 5043 pro
2520 4976 2851 5029 monasterio
2891 4975 2952 5029 S.
2983 4975 3230 5029 l’orciani
3254 5012 3291 5043 ,ί
3322 4982 3375 5027 et
3421 4990 3566 5029 anno

1980 5044 2119 5099 1549
2152 5059 2247 5111 pro
2274 5044 2604 5099 monas'erio
2633 5045 2695 5099 S.
2720 5045 3015 5101 Columbae.
3060 5042 3389 5099 Fuliensium
3417 5048 3566 5099 Con-

1977 5116 2287 5170 stitutiones
2316 5129 2436 5184 cap.
2464 5116 2538 5170 4?.
2565 5115 2806 5171 addunt:
2838 5114 2905 5169 In
2936 5116 3185 5187 capitulo.
3221 5114 3461 5187 Denique
3508 5117 3566 5172 in
3621 5116 3625 5124 ’

1976 5201 2111 5240 nova
2130 5186 2452 5241 collectione
2474 5187 2805 5242 Statutorum
2828 5185 3294 5243 Carthasiensium
3315 5185 3565 5241 decerni-

1977 5267 2063 5312 tur
2094 5256 2277 5330 (Parte
2304 5274 2359 5322 tt,
2388 5273 2437 5310 ε.
2470 5260 2559 5327 14,
2584 5276 2638 5311 n.
2667 5259 2748 5330 9),
2776 5266 2836 5313 ut
2864 5276 2884 5311 ι
2920 5260 3197 5315 silentium
3226 5257 3440 5330 ubique,
3466 5256 3565 5312 sed

1975 5327 2209 5384 maxime
2236 5329 2288 5411 in
2314 5330 2565 5411 ecclesia,
2589 5327 2845 5399 capitulo,
2877 5332 3197 5397 relectorio,
3230 5327 3468 5383 clat'Stro
3505 5336 3566 5384 os

1975 5415 2158 5458 rasura
2187 5409 2427 5456 Sll‘lCllllS
2447 5411 2714 5459 SCI‘VCIUI‘.
