4074 6356
1859 286 1913 340 S.
1964 286 2022 341 I‘.
2065 288 2238 344 BENE
2251 289 2426 344 DICTI

3699 295 3830 351 573

1499 417 1907 420 __,-.W,WF,
1937 417 2340 422 __-____m__-.-_
2701 417 2726 422 _.
2829 417 3794 428 _.___________________

1711 501 2212 592 CAPU.T
2330 503 2583 587 VII.

1886 645 1977 707 De
2021 617 2419 706 Humilitate.

572 765 782 824 Clamat
824 769 980 827 nobis
1009 771 1187 829 divina
1237 771 1546 845 Scriptura,
1586 772 1815 844 fratres,
1862 775 2050 832 dicens
2077 793 2090 828 :
2123 780 2180 839 Α
2205 773 2438 828 tionibus
2478 773 2678 830 nostris
2709 773 2781 828 ita
2811 772 2976 830 Deum
3007 787 3230 846 semper
3259 787 3582 845 praesentem
3613 790 3816 837 osten-

551 860 686 914 mnis
715 862 804 932 qui
827 879 881 918 se
905 864 1096 918 exaltat
1145 864 1533 935 humiliabitur,
1565 879 1614 922 et
1651 869 1737 937 qui
1765 885 1820 924 se
1857 867 2099 922 humiliat

497 954 816 1009 exaltabitur
841 956 993 1027 (Luc.
1029 957 1160 1031 xlv).
1194 958 1326 1014 Cum
1364 959 1481 1015 lucc
1507 977 1637 1032 ergo
1666 963 1816 1030 dicit,
1861 963 2097 1020 ostendit

501 1043 660 1099 nobis
706 1060 919 1107 omnem
977 1049 1362 1107 esaltationcm
1408 1066 1580 1122 genus
1627 1069 1749 1108 esse
1785 1055 2093 1125 superbia?

509 1139 652 1192 ruod
702 1155 763 1196 se
786 1156 980 1198 cavere
1012 1144 1283 1214 Propheta
1335 1147 1568 1214 indicat,
1606 1146 1792 1203 dicens
1843 1147 2092 1214 Domine,

494 1245 601 1284 non
638 1242 710 1285 est
738 1233 1023 1289 exaltatum
1070 1253 1158 1290 cor
1201 1255 1400 1303 meum,
1434 1255 1594 1310 neque
1621 1241 1746 1295 elati
1788 1253 1907 1296 sunt
1960 1245 2098 1298 oculi

495 1324 614 1396 mei,
651 1341 808 1394 neque
838 1327 1096 1383 ambulavi
1140 1331 1194 1386 in
1225 1323 1460 1402 magnis,
1491 1351 1651 1405 neque
1680 1336 1735 1390 in
1776 1336 2093 1393 mirabilibus

449 1485 460 1494 '
495 1431 653 1514 super
691 1434 770 1472 me
804 1417 980 1491 (Psal.
1034 1423 1222 1491 ειη).
1255 1423 1360 1478 Sed
1388 1424 1562 1494 quid?
1593 1426 1654 1482 Si
1690 1445 1791 1483 non
1834 1428 2098 1483 Itum—alim-

495 1509 793 1574 sintiebam,
813 1513 905 1565 sed
922 1513 1141 1566 ρεπιιηυὶ
1155 1516 1379 1569 animam
1403 1533 1587 1583 meam,
1605 1519 1737 1572 sicut
1762 1517 2048 1574 ablactatus
2067 1531 2093 1558 τι

403 1645 408 1648 ,
493 1615 648 1668 super
677 1610 839 1670 matre
861 1619 956 1656 sua
978 1602 1030 1669 δ,
1060 1605 1133 1658 ita
1164 1605 1409 1662 retribues
1438 1609 1490 1660 in
1528 1610 1754 1663 animum
1782 1627 1965 1665 meam.

529 1681 543 1761 ξ
573 1687 748 1759 Unde,
784 1693 998 1758 fratres,
1030 1696 1073 1748 si
1102 1710 1326 1752 summa:
1359 1699 1676 1754 humilitatis
1707 1703 1954 1758 volumus
1981 1706 2096 1760 cul-

491 1800 620 1844 men
648 1787 946 1857 attingere,
979 1799 1032 1843 et
1077 1790 1143 1843 ad
1171 1793 1555 1849 exultationem
1586 1795 1731 1850 illam
1782 1797 2093 1866 emicetem,

490 1877 554 1929 ad
587 1895 745 1945 quam
780 1897 874 1949 per
903 1897 1057 1950 prmi
1079 1888 1182 1939 ntis
1219 1889 1339 1941 vita:
1373 1887 1730 1944 humilitatem
1753 1893 2088 1962 ascenditur,

495 1969 746 2026 volumus
777 1973 1034 2029 velociter
1064 1981 1349 2043 pervenire
1375 1999 1387 2032 :
1417 1983 1624 2038 actibus
1658 1987 1858 2042 nostris
1901 2002 2091 2044 ascen-

496 2061 752 2119 dentibus
780 2076 827 2130 ε,
856 2067 997 2121 scala
1047 2067 1137 2122 illa
1185 2070 1438 2140 erigenda
1469 2082 1553 2128 est
1591 2091 1712 2146 qua:
1743 2077 1795 2131 in
1822 2079 2034 2132 somnio
2062 2075 2089 2116 ἀ

2203 865 2302 930 dit,
2334 865 2518 919 dicens
2546 883 2560 918 :
2597 866 2850 919 Scrutans
2880 869 3037 918 corda
3057 876 3104 920 et
3135 882 3280 922 renes
3314 868 3449 923 Deus
3475 869 3658 939 (Psal.
3685 876 3815 930 vni.

2206 956 2270 1010 Et
2295 957 2485 1010 iterum
2514 972 2528 1010 :
2568 956 2817 1010 Dominus
2846 957 2984 1011 novit
3009 957 3342 1028 cogitationes
3365 961 3656 1030 hominum,
3678 982 3819 1033 quo-

2202 1051 2342 1112 niam
2375 1066 2517 1105 vana:
2545 1059 2662 1106 sunt
2694 1060 2718 1087 °
2753 1050 2927 1120 (Psal.
2959 1053 3136 1121 xcnt).
3171 1052 3238 1107 Et
3274 1055 3397 1110 item
3428 1055 3597 1111 dicit:
3632 1055 3816 1114 Intel-

2200 1142 2371 1198 lexisti
2397 1141 2729 1211 cogitationes
2754 1159 2891 1198 meas
2917 1161 2948 1198 a
2977 1142 3126 1212 longe
3153 1145 3330 1215 (Psal.
3376 1152 3640 1216 cum")
3666 1167 3680 1205 :
3712 1160 3816 1216 et,

2204 1233 2340 1299 Quia
2364 1235 2604 1302 cogitatio
2624 1235 2850 1288 hominis
2874 1235 3200 1304 conﬁtebitur
3217 1237 3308 1290 tibi
3326 1237 3496 1308 (Psal.
3515 1242 3811 1310 cunni).

2199 1323 2357 1391 Nam,
2388 1333 2448 1380 ut
2475 1323 2741 1381 sollicitus
2767 1325 2834 1380 sit
2864 1327 3007 1381 circa
3039 1329 3395 1401 cogitationes
3424 1346 3552 1386 suas
3583 1349 3813 1401 perver-

2200 1430 2317 1478 sas.
2349 1416 2492 1472 dicat
2536 1432 2751 1486 semper
2782 1418 2930 1476 utilis
2980 1418 3148 1476 frater
3179 1420 3231 1476 in
3261 1423 3428 1478 corde
3467 1438 3568 1480 suo
3601 1441 3618 1479 :
3652 1425 3816 1482 Tunc

2199 1525 2297 1566 ero
2347 1508 2730 1566 immaculatus
2771 1527 2954 1567 coram
2991 1528 3092 1579 eo,
3120 1515 3165 1568 si
3212 1516 3574 1574 observavero
3603 1535 3692 1576 me
3737 1521 3816 1577 ab

2197 1604 2485 1674 iniquitate
2515 1620 2633 1661 mea
2666 1605 2840 1676 (Psal.
2872 1606 3027 1678 xvn).

2277 1699 2432 1770 197
2465 1697 2810 1754 Voluntatem
2851 1713 2982 1754 vero
3015 1699 3313 1770 propriam,
3345 1701 3418 1757 ita
3452 1702 3630 1763 facere
3670 1721 3810 1777 pro-

2199 1791 2473 1857 liibemur,
2504 1806 2626 1846 cum
2655 1790 2787 1846 dicit
2815 1791 3097 1862 Scriptura
3126 1793 3279 1849 nobis
3308 1813 3320 1848 :
3362 1793 3431 1848 Et
3457 1813 3487 1850 a
3518 1799 3814 1853 voluntatis

2199 1883 2289 1936 bus
2315 1884 2416 1938 tuis
2436 1894 2659 1937 avertere
2677 1893 2705 1933 ιι
2729 1881 2921 1955 (Eccli.
2939 1884 3153 1954 xxvm).
3181 1886 3247 1941 Et
3266 1891 3456 1942 iterum
3482 1907 3496 1945 :
3529 1892 3830 1960 Rogamus.

2199 1971 2368 2027 Deum
2399 1983 2424 2023 ίι
2452 1974 2504 2026 in
2529 1976 2806 2042 oratione,
2836 1987 2892 2029 ut
2925 1976 3017 2032 liat
3069 1977 3211 2034 illius
3250 1980 3500 2036 voluntas
3548 1982 3602 2038 in
3649 1984 3832 2051 nobis

2200 2062 2416 2134 (Matth.
2440 2065 2536 2132 vt).
2565 2065 2835 2122 Docemur
2853 2081 2985 2135 ergo
3008 2069 3202 2122 merito
3227 2084 3335 2124 non
3365 2072 3540 2126 facere
3564 2085 3828 2130 nostram.

492 2150 664 2208 Jacoh
717 2157 963 2226 apparuit
994 2159 1148 2227 (Gen.
1182 2165 1400 2232 xxviii),
1435 2181 1530 2235 per
1567 2183 1726 2236 quam
1772 2171 1820 2224 ei
1867 2171 2090 2224 ἀρεοεη-
2123 2159 2174 2219 Β
2198 2157 2549 2220 voluntatem,
2589 2172 2709 2210 cum
2730 2171 2981 2212 cavemus
3011 2158 3173 2224 illud,
3209 2160 3350 2229 quod
3382 2161 3513 2217 dicit
3553 2175 3743 2220 sancta
3782 2174 3810 2204 τ

497 2245 688 2301 dentes
728 2251 885 2322 196
927 2261 980 2306 et
1010 2255 1365 2312 ascendentes
1411 2259 1584 2327 angeli
1635 2261 2092 2317 monstrabantur.

491 2337 610 2393 Non
642 2342 782 2396 aliud
815 2346 932 2401 sine
953 2346 1116 2402 dubio
1141 2348 1437 2406 descensus
1468 2352 1560 2406 ille
1583 2361 1638 2407 et
1666 2368 1923 2410 ascensus
1945 2371 1975 2408 a
1999 2371 2094 2410 no-

491 2433 577 2487 bis
601 2434 947 2504 intelligitur,
978 2437 1085 2491 nisi
1110 2441 1434 2495 exultatione
1456 2443 1812 2513 descendere,
1838 2455 1892 2500 et
1921 2447 2095 2502 humi-

491 2524 641 2580 litate
666 2529 979 2584 ascendere.
1000 2529 1151 2584 Scala
1173 2547 1300 2586 vero
1323 2533 1437 2603 ipsa
1458 2545 1658 2599 erecta,
1686 2547 1864 2593 nostra
1885 2551 1966 2594 εει
1987 2541 2110 2604 vita.

491 2619 548 2674 in
596 2621 829 2696 sauculo:
858 2638 978 2692 qua:
1024 2623 1306 2681 humiliato
1343 2629 1506 2683 corde
1542 2645 1574 2683 a
1601 2629 1826 2685 Domino
1871 2630 2096 2700 erigitur

495 2710 562 2765 ad
591 2715 808 2767 caelum.
839 2714 1033 2770 Latera
1060 2718 1202 2772 enim
1233 2719 1473 2788 ejusdem
1507 2721 1687 2788 scalae,
1721 2721 1952 2776 dicimus
1993 2741 2092 2777 no-

492 2813 666 2857 strum
694 2819 812 2859 esse
835 2821 1031 2878 corpus
1060 2818 1114 2863 et
1137 2809 1407 2875 animant;
1441 2811 1494 2865 in
1526 2827 1629 2882 qua
1663 2811 1827 2867 latera
1859 2824 1882 2850 ο
1915 2814 2095 2869 diver-

492 2905 584 2952 sos
608 2893 805 2962 gradus
831 2895 1146 2952 humilitatis
1169 2900 1253 2954 vel
1277 2898 1574 2970 disciplina:
1591 2904 1839 2958 evocatio
1867 2900 1883 2942 ί
1911 2887 2115 2960 divina

493 2991 868 3048 ascendendus
896 2993 1143 3049 inseruit.

568 3081 776 3137 Primus
807 3085 983 3154 itaque
1016 3085 1332 3143 humilitatis
1380 3089 1578 3159 gradus
1612 3101 1691 3145 cst
1718 3133 1732 3157 ,
1767 3091 1814 3146 si
1845 3092 2091 3146 timorem

492 3169 587 3226 Dei
625 3181 650 3216 κ
692 3171 791 3226 sibi
843 3186 969 3230 ante
999 3177 1184 3230 oculos
1220 3192 1436 3248 semper
1487 3195 1730 3248 ponens,
1762 3181 2089 3236 oblivionem

497 3266 722 3322 omnino
751 3263 918 3336 fugiat
942 3262 1010 3333 h;
1039 3278 1093 3322 et
1130 3284 1346 3338 semper
1373 3271 1444 3325 sit
1470 3285 1678 3328 memor
1703 3275 1941 3327 omnium
1973 3289 2094 3344 qua:

495 3358 758 3428 Ρταιευρίι
783 3358 956 3413 Deus:
991 3368 1046 3414 et
1074 3361 1302 3430 qualiter
1330 3359 1347 3401 ί
1383 3371 1792 3419 contemnentes
1822 3364 2008 3430 Deum,
2036 3366 2088 3420 in

498 3451 800 3518 gehennam
836 3467 931 3520 pro
954 3452 1187 3520 peccatis
1214 3453 1493 3508 incidunt!
1523 3464 1616 3520 ;et
1643 3457 1805 3512 vitam
1833 3466 2088 3512 teter-nam

2198 2243 2475 2323 Scriptura
2512 2267 2523 2301 :
2551 2247 2688 2302 Sunt
2716 2249 2808 2303 vite
2829 2266 2945 2322 qua:
2974 2251 3210 2305 videntur
3247 2252 3534 2309 hominibus
3568 2263 3590 2290 ⁸
3616 2267 3810 2327 recte;

2196 2357 2419 2409 quarum
2459 2341 2582 2410 ﬁnis
2635 2359 2798 2413 usque
2837 2343 2905 2397 ad
2938 2346 3257 2412 profundunt
3309 2346 3500 2414 inferni
3549 2349 3814 2421 demergit

2197 2433 2377 2506 (Prov.
2415 2435 2552 2506 xvi).
2590 2435 2656 2490 Et
2687 2451 2809 2490 cum
2856 2436 2983 2491 item
3015 2451 3272 2491 cavemus
3309 2440 3327 2477 ί
3365 2439 3517 2506 illud,
3559 2441 3705 2512 quod
3731 2443 3824 2498 de‘

2198 2526 2588 2596 negligentibus
2619 2528 2819 2584 dictum
2851 2540 2933 2585 est
2955 2538 2982 2564 υ
3011 2546 3024 2584 :
3058 2527 3302 2601 Corrupti
3330 2540 3481 2596 sunt,
3512 2542 3560 2587 et
3595 2535 3806 2590 abomi-

2197 2619 2394 2676 nabiles
2425 2618 2552 2687 facti
2581 2630 2698 2674 sunt
2724 2620 2779 2675 in
2808 2619 3154 2678 voluntatibus
3184 2630 3211 2660 ν
3250 2623 3356 2684 suis
3383 2622 3560 2693 (Psal.
3591 2625 3708 2695 ur).
3740 2626 3812 2683 In

2199 2711 2484 2768 desideriis
2505 2728 2636 2768 vero
2659 2713 2838 2770 carnis
2865 2715 2936 2768 ita
2967 2714 3122 2768 nobis
3147 2716 3314 2769 Deum
3349 2715 3632 2772 credamus
3654 2733 3807 2772 sem-

2200 2821 2295 2878 per
2315 2822 2436 2861 csse
2453 2816 2797 2876 prtesentem,
2814 2823 2932 2861 cum
2953 2808 3079 2861 dicit
3095 2807 3359 2878 Propheta
3379 2809 3640 2865 Domino:
3667 2813 3820 2866 Ante-

2197 2909 2245 2964 te
2277 2910 2348 2954 est
2380 2916 2527 2953 ontne
2557 2899 2870 2953 desiderium
2911 2916 3078 2954 meum
3112 2899 3290 2966 (Psal.
3322 2901 3554 2972 xxxvn).
3586 2902 3801 2959 Caven-

2198 2991 2325 3046 dum
2352 3006 2480 3060 ergo
2527 2991 2646 3045 ideo
2675 2991 2876 3045 malum
2906 2990 3256 3058 desiderium,
3276 3025 3284 3030 -
3304 2993 3426 3063 quia
3459 3009 3604 3048 mors
3636 3009 3802 3051 secus

2197 3085 2476 3140 introitum
2525 3083 2896 3140 delectationis
2946 3085 3118 3154 posita
3169 3095 3270 3140 est.
3327 3085 3479 3142 Unde
3517 3085 3829 3158 Scriptura’

2200 3177 2476 3248 praecipit,
2508 3177 2693 3232 dicens
2727 3196 2738 3230 :
2777 3176 2903 3232 Post
2951 3178 3388 3248 concupiscentias
3427 3190 3540 3234 tuas
3581 3195 3687 3233 non
3712 3196 3805 3236 cae

2199 3268 2392 3342 (Eccli.
2416 3272 2592 3338 XVIII).
2625 3270 2764 3339 Ergo
2789 3269 2834 3324 si
2852 3269 2990 3325 oculi
3020 3269 3232 3324 Domini
3257 3271 3605 3337 speculantur
3621 3270 3826 3326 bonos:

2197 3372 2253 3417 et
2281 3363 2481 3428 malos,
2509 3370 2561 3416 el
2598 3362 2853 3415 Dominus
2879 3363 2946 3416 de
2976 3362 3116 3417 caelo
3138 3377 3351 3431 semper
3380 3363 3600 3432 respicit
3631 3377 3805 3433 super

2200 3453 2338 3507 filios
2371 3454 2645 3507 hominum
2673 3451 2846 3521 (Psal.
2882 3453 3113 3525 χχχιιι),
3145 3467 3196 3508 ιιι
3232 3455 3412 3510 videat
3442 3456 3486 3510 si
3517 3465 3602 3510 est
3629 3455 3799 3510 intel-

496 3547 617 3610 q'ua:
649 3543 959 3596 timentibus
983 3543 1148 3598 Deum
1175 3555 1471 3614 przeparata
1494 3559 1597 3611 εει,
1625 3549 1803 3601 animo
1825 3562 1924 3602 suo
1950 3563 2092 3603 sem-
2119 3548 2166 3611 C
2199 3547 2401 3618 ligens,
2431 3557 2524 3602 aut
2558 3550 2840 3616 requirens
2870 3546 3038 3602 Deum
3065 3565 3078 3601 :
3109 3556 3163 3602 et
3206 3548 3253 3602 si
3283 3548 3351 3603 ab
3389 3549 3594 3616 angelis
3639 3548 3820 3604 nobisa

495 3647 600 3703 per
628 3636 842 3689 evolvat
863 3632 914 3689 ιι.
941 3636 1005 3689 Ει
1033 3638 1343 3691 custodiens
1367 3652 1426 3690 sc
1449 3638 1596 3692 omni
1631 3638 1760 3692 hora
1790 3654 1819 3692 a
1852 3640 2090 3708 peccatis

495 3734 554 3782 et
585 3727 761 3793 vitiis,
807 3726 856 3780 id
901 3735 986 3782 est
1015 3728 1430 3798 cogitationum,
1465 3728 1692 3798 linguae,
1726 3729 2004 3783 oculorum
2045 3729 2088 3796 ι,

494 3833 777 3886 manuum,
813 3820 1029 3890 pedum,
1063 3821 1145 3874 vel
1176 3821 1465 3877 voluntatis
1497 3822 1729 3894 proprite
1757 3839 1770 3877 :
1800 3823 1893 3878 sed
1919 3834 1972 3879 et
1998 3815 2113 3879 de?

495 3914 695 3971 Blderia
729 3916 904 3969 carnis
938 3921 1216 3984 amputare
1243 3914 1458 3970 festinet
1489 3924 1550 3967 ω.

575 4006 828 4062 ίΕειίιιιει
857 4021 914 4061 se
949 4005 1109 4061 homo
1138 4006 1206 4061 de
1250 4005 1404 4062 caelis
1441 4020 1658 4078 semper
1681 4021 1708 4060 a
1744 4006 1854 4062 Deo
1892 4005 2090 4072 respici

495 4101 645 4174 omni
680 4086 831 4166 hora,
871 4108 923 4154 et
975 4099 1109 4154 facta
1144 4113 1239 4154 sua
1294 4101 1344 4153 in
1377 4099 1522 4153 unmi
1565 4099 1684 4154 loco
1709 4106 1737 4134 ιι
1769 4099 1838 4153 ab
1868 4106 2086 4167 aSpectu

496 4193 803 4259 Divinitatis
850 4193 1058 4260 videri,
1091 4205 1145 4250 et
1184 4194 1250 4250 ab
1281 4195 1486 4264 angelis
1516 4193 1662 4249 omni
1712 4193 1839 4248 hora
1890 4208 2088 4248 renun-

494 4290 634 4343 tiari.
675 4289 1016 4345 Demonstrat
1038 4289 1188 4344 nobis
1217 4290 1318 4344 hoc
1339 4287 1630 4358 Propheta,
1653 4303 1775 4343 eum
1805 4288 1856 4342 in
1884 4288 2085 4358 cogita-

531 4467 536 4472 .
567 4431 595 4458 ⁸·
640 4423 745 4484 AL,
772 4423 1099 4476 ablactatum.

521 4523 526 4529 -
566 4491 595 4530 δ
637 4495 743 4555 AL,
779 4509 990 4546 matrem
1021 4510 1183 4546 suam.

574 4575 596 4603 ο
641 4565 803 4619 Deest
831 4566 967 4632 apud
999 4565 1142 4620 Hild.
1166 4563 1577 4619 ascendentibus.

567 4633 595 4671 d
638 4635 750 4704 AL,
780 4651 979 4689 somno.

571 4717 594 4745 ε
637 4707 744 4768 AL.
776 4708 829 4762 in
851 4723 964 4774 qna:
1001 4705 1327 4769 latera.'A|.,
1377 4707 1510 4760 inter
1537 4721 1654 4778 qua:
1679 4705 1863 4761 latera.
1896 4706 2009 4774 AL,
2031 4707 2085 4759 in

493 4780 701 4846 quibus.
728 4779 836 4843 AL,
857 4779 912 4831 in
938 4779 1116 4847 quibus
1145 4779 1402 4832 lateribus.

526 4882 534 4884 η
575 4849 594 4888 τ
629 4853 700 4902 Ita
728 4865 912 4904 onmes
940 4864 1104 4910 mss.;
1135 4851 1226 4902 sed
1261 4848 1396 4902 Hild.
1423 4863 1542 4902 cum
1565 4848 1740 4913 editis,
1773 4851 1987 4902 uacatio.

576 4931 597 4964 β
631 4921 789 4973 Deest
815 4921 952 4988 apud
985 4921 1126 4973 liild.
1151 4927 1205 4974 et
1230 4918 1280 4971 in
1310 4935 1413 4972 uno
1444 4936 1567 4985 tns.,
1609 4919 1723 4972 Dei.

570 4987 599 5028 δ
626 4990 788 5064 HiltL,
810 4987 1110 5044 oblivionem
1125 5000 1492 5064 prteceplortttn
1521 4990 1612 5044 Dei
1635 4993 1840 5046 omnino
1858 4993 2077 5064 fugiens.

497 5064 706 5128 Alﬂig.,
735 5062 1010 5116 elationem
1036 5063 1244 5116 omnino
1271 5062 1433 5131 fugiat
1464 5065 1759 5117 monachus.

580 5131 594 5171 ί
629 5137 826 5198 Uxon.,
855 5134 1150 5204 Concord.,
1182 5131 1352 5196 Flor.,
1386 5144 1440 5186 ut
1468 5134 1704 5202 qualiter.

586 5209 830 5271 JUxon.,
857 5204 1142 5277 gehennam
1182 5207 1244 5258 de
1272 5205 1491 5274 peccatis
1521 5207 1778 5260 incedunt.
1823 5205 1989 5275 Flor.,
2029 5208 2082 5261 in

538 5281 735 5334 ehenna
766 5277 827 5330 de
865 5278 1084 5348 peccatis
1111 5278 1360 5330 incidunt.
1391 5277 1624 5342 (Jassin.,
1657 5277 1847 5340 Conc.,
1885 5281 2080 5348 liegula

557 5348 740 5419 ag‘istri
783 5363 908 5420 ms.,
933 5349 1161 5420 geheuna
1191 5348 1252 5420 de
1279 5349 1495 5420 peccatis
1524 5348 1794 5414 incendat;
1821 5364 1980 5420 quam
2009 5351 2084 5404 le-

502 5417 737 5474 ctionem
771 5417 986 5481 prmfert
1009 5419 1307 5473 Menardus.
1349 5417 1608 5473 lioherius
1649 5429 1822 5472 tamen
1842 5417 1921 5474 ita
1949 5421 2083 5475 scri-

503 5492 617 5546 hit:
657 5509 676 5541 ς
716 5490 1041 5559 Smaragdus
1085 5500 1137 5542 et
1187 5489 1347 5542 Italici
1406 5488 1645 5544 habent:
1682 5490 1975 5545 Gehennam
2020 5493 2082 5546 de

505 5563 725 5645 peccatis
749 5560 1267 5645 incendttrtt‘."i’r.itti:i_
1282 5560 1456 5645 littera
1478 5561 1671 5645 inagis.
1686 5562 1858 5645 plana,
1889 5563 2077 5645 minori

504 5631 697 5704 indiget
734 5636 929 5703 glossa.
963 5652 981 5684 ι
1019 5631 1375 5704 Nilt'lnminus
1403 5633 1575 5685 ttalica
1603 5631 1731 5686 nihil
1763 5633 1920 5686 habet
1941 5633 2082 5688 diffi-

503 5708 739 5764 cultatis,
770 5720 863 5757 nec
885 5705 1000 5759 sine
1027 5704 1074 5756 fu
1118 5703 1370 5757 damento
1397 5705 1658 5773 vulgatam
1692 5705 1971 5758 lectionem
1995 5721 2076 5761 re-

503 5776 616 5846 jicit
650 5776 953 5842 Menardus,
987 5785 1235 5845 tauquam
1260 5774 1326 5828 ab
1355 5772 1606 5846 imperito
1625 5787 1931 5832 correcwre
1956 5792 2078 5847 pro-

505 5851 718 5906 lectam.

2200 3638 2472 3708 deputatis
2503 3638 2743 3706 quotidie
2785 3637 2874 3693 die
2906 3646 3173 3707 noctuque
3206 3639 3432 3693 Domino
3475 3639 3662 3694 facturi
3692 3649 3823 3694 no-'

2197 3739 2313 3785 s'tro
2345 3738 2371 3765 κ
2404 3745 2566 3800 opera
2618 3739 2803 3785 nostra
2853 3731 3194 3795 nuntiantur,
3222 3730 3517 3784 cavendum
3553 3738 3638 3784 est
3665 3745 3799 3800 ergo

2199 3823 2346 3878 omni
2372 3826 2521 3889 hora,
2549 3821 2770 3890 fratres,
2795 3823 2932 3878 sicut
2953 3822 3086 3878 dicit
3113 3823 3161 3876 in
3188 3822 3394 3892 psalmo
3415 3822 3698 3892 Propheta,
3728 3839 3814 3890 ne,

2200 3930 2300 3973 nos
2321 3916 2655 3972 declinantes
2683 3916 2736 3970 in
2766 3917 2908 3970 malo
2935 3925 2990 3970 et
3010 3916 3226 3970 inutiles
3257 3916 3428 3970 factos
3453 3915 3627 3987 (Psal.
3661 3915 3790 3984 LII),

2201 4008 2377 4078 aliqua
2411 4009 2538 4063 hora
2571 4009 2795 4077 aspiciat
2824 4009 2996 4075 Deus,
3040 4017 3097 4064 ct
3127 4009 3393 4079 parcendo
3424 4008 3576 4064 nobis
3606 4010 3658 4065 in
3690 4008 3818 4078 hoc.

2201 4110 2466 4172 tempore,
2491 4100 2617 4171 quia
2643 4101 2762 4170 pius
2810 4111 2913 4167 est,
2959 4110 3016 4155 et
3067 4109 3344 4170 exspectat
3363 4111 3390 4150 3'
3421 4117 3518 4157 nos
3547 4099 3818 4170 converti:

2195 4179 2249 4250 in
2281 4197 2493 4260 melius,
2525 4210 2591 4250 ne
2613 4195 2758 4251 dicat
2785 4196 2938 4251 nobis
2958 4195 3012 4250 in
3045 4195 3224 4254 futuro
3255 4213 3268 4248 :
3301 4194 3433 4250 Hae
3457 4197 3620 4266 fecisti
3651 4206 3672 4232 ι
3694 4236 3712 4264 ,
3742 4205 3795 4250 et

2196 4290 2335 4343 tacui
2360 4286 2532 4358 (Paul.
2564 4289 2747 4358 xux).'

2273 4419 2298 4458 ¹ί
2333 4421 2702 4488 Recentiores,
2736 4425 2977 4478 revolvat.

2276 4490 2293 4530 ¹
2329 4492 2489 4547 Deest
2516 4496 2782 4548 oculorum
2813 4497 2862 4548 in
2893 4495 3084 4561 Conc.,
3105 4497 3251 4551 Flor.
3278 4508 3333 4552 et
3365 4512 3492 4552 mss.
3523 4499 3736 4556 Cassin.
3815 4521 3818 4523 ·

2269 4570 2310 4640 ξπ
2334 4565 2618 4640 Menardus
2643 4567 2756 4620 btec
2779 4571 2937 4621 verba
2956 4580 3224 4640 amputare
3240 4570 3442 4636 festinet
3463 4571 3786 4640 amputanda

2196 4633 2504 4688 existimat:
2536 4647 2752 4691 exstant
2781 4649 2956 4691 tamen
2989 4633 3189 4694 in'cod.
3216 4633 3388 4694 Oxon.

2270 4715 2298 4743 η
2328 4705 2440 4772 AL,
2466 4708 2605 4759 omni
2623 4709 2768 4771 loco,
2798 4711 3000 4762 omisso
3023 4710 3098 4763 in.
3811 4739 3814 4742 ·

2270 4786 2294 4813 ο
2324 4778 2448 4831 Haec
2477 4779 2662 4842 verba,
2686 4781 2931 4846 quoniam
2961 4796 3103 4833 nauta
3130 4790 3270 4846 sunt,
3295 4781 3487 4844 desunt
3512 4784 3562 4836 in
3586 4782 3783 4850 0mm,
3807 4803 3812 4810 ·

2193 4846 2427 4912 Cassin.,
2447 4850 2839 4922 (Soiie.,_l-lild..
2871 4850 2996 4922 Lyr.
3021 4851 3313 4922 Compend.
3342 4865 3393 4907 et
3415 4855 3535 4909 aliis
3562 4871 3576 4913 :
3610 4869 3671 4909 ea
3697 4846 3784 4910 ta;
3815 4855 3819 4858 ’

2113 4908 2166 4968 Ῑ)
2193 4935 2316 4974 ιιιειι
2343 4908 2564 4988 exponit
2589 4908 2946 4976 llildema‘rus'.

2266 5002 2293 5041 ιι
2320 4993 2518 5055 Oxon.,
2547 5001 2733 5045 averte.

2265 5073 2292 5112 ει
2319 5063 2480 5116 Deest
2513 5060 2679 5116 Deum
2706 5064 2757 5115 in
2783 5063 2947 5118 Cone.
2983 5073 3038 5119 et
3073 5065 3213 5118 Flor.

2267 5144 2288 5170 τ
2320 5135 2478 5188 Deest
2502 5144 2683 5186 saneta
2714 5134 2765 5187 in
2792 5134 2969 5198 Cass,
2995 5136 3159 5190 Cone.
3193 5147 3247 5189 et
3276 5135 3420 5191 Flor.

2269 5214 2290 5242 ³
2315 5205 2425 5268 ΑΙ.,
2477 5205 2711 5258 videntur
2737 5204 2799 5257 ab
2828 5206 3134 5259 hominibus.
3173 5207 3334 5272 llild.,
3374 5206 3587 5274 Sabim,
3633 5210 3783 5264 Con-

2191 5275 2402 5350 ehens.,
2429 5276 2576 5345 Lyr.,
2607 5285 2855 5345 putantur
2875 5276 2938 5329 ab
2971 5278 3276 5333 hominibus.
3311 5283 3508 5345 υλοιιη
3538 5289 3786 5350 putantur

2191 5344 2500 5400 hominibus.
2615 5344 2618 5345 ⁷
3497 5344 3502 5345 ί
3538 5344 3546 5350 ’
3807 5375 3811 5378 ·

2269 5417 2284 5454 ι
2317 5416 2493 5488 (ξιιεεη
2519 5432 2782 5486 ponemus.
2819 5418 2982 5486 Flor.,
3017 5435 3310 5488 paveamus.

2261 5496 2288 5522 ιι
2320 5487 2520 5554 Oxum,
2551 5490 2800 5558 scriptum
2823 5501 2916 5544 est.

2226 5567 2288 5687 ὃν
2317 5558 2565 5630 Quinque
2604 5573 2733 5614 mss.
2777 5575 2896 5615 cum
2943 5560 3261 5631 quibusdam
3307 5561 3497 5629 editis,
3524 5563 3779 5635 volupta-

2258 5649 2338 5687 us.

2181 5631 2338 5688 libus.

2261 5715 2287 5742 κ
2314 5705 2491 5771 (Iass.,
2523 5705 2776 5775 factorum
2805 5714 3115 5762 nostrorum.

2260 5785 2289 5824 γ
2322 5773 2531 5840 Sinam,
2556 5787 2873 5846 exspectans.
2910 5779 3035 5847 Lyr.
3080 5789 3133 5835 et
3168 5773 3376 5845 Ebrul.,
3407 5777 3770 5846 exspectando.

2267 5856 2289 5886 ³
2317 5849 2645 5920 Concheus.,
2682 5848 2787 5902 ἰαί-ο
2815 5851 3022 5922 fecistis,
