4074 6356
254 319 366 380 575

1325 316 1606 378 REGULA
1645 312 2136 374 COMMENTATA.
2176 313 2337 371 CAP.
2376 313 2484 371 Vll.

3431 307 3539 368 δη

327 435 618 499 Secundus
647 435 966 504 humilitatis
995 433 1194 508 grados
1219 443 1325 503 est,
1353 437 1400 491 si
1427 434 1700 505 propriam
1729 431 1873 503 quis.

1975 456 2004 501 it
2031 455 2089 502 tu
2117 447 2359 503 remisisti
2398 447 2712 518 impietatem
2750 447 2921 502 cordis
2964 447 3063 502 mei
3090 456 3130 486 ω
3157 443 3330 518 (Psal.
3362 445 3537 514 xm).

255 547 369 591 non
393 545 584 589 amans
603 530 961 599 voluntatem,
989 529 1260 588 desideria
1288 543 1386 586 sua
1415 541 1524 584 non
1551 527 1850 584 delectetur

256 625 525 694 implere:
555 619 654 680 sed
681 635 871 680 vocem
899 621 1045 679 illam
1105 621 1316 683 Domini
1373 619 1529 677 lactis
1577 619 1848 685 imitetur,

259 718 534 774 dicentis:
564 714 688 772 Non
710 716 825 770 veni
852 717 1024 786 facere
1041 715 1360 771 voluntatem
1393 729 1559 769 meum
1576 755 1592 780 ,
1621 713 1714 768 sed
1741 715 1853 783 ejus

259 811 351 881 qui
378 809 517 864 misit
547 825 627 864 me
654 807 835 880 (Joan.
863 809 962 880 vt).
995 809 1128 866 item
1158 808 1284 865 dicit
1309 808 1620 877 Scriptura:
1658 806 1855 864 Volun-

263 912 347 956 tas
375 911 400 939 λ
427 900 578 956 habet
597 916 820 972 poenam,
855 910 905 956 et
933 901 1202 956 necessitas
1231 902 1365 969 parit
1387 915 1647 958 coronam.

341 995 558 1052 Tertius
609 995 929 1052 humilitatis
975 995 1174 1066 gradus
1218 1002 1332 1066 est,
1361 1003 1420 1054 ut
1461 995 1582 1066 quis
1623 1007 1721 1064 pro
1755 992 1856 1048 Dei

266 1103 486 1155 amore,
519 1089 666 1144 omni
691 1087 998 1145 obedientia
1046 1103 1107 1143 se
1130 1073 1325 1143 subdat
1371 1085 1596 1156 majori,
1640 1083 1858 1138 imitans

261 1179 579 1249 Dominum,
615 1179 682 1238 de
702 1197 808 1252 quo
835 1181 962 1236 dicit
983 1180 1310 1250 Apostolus:
1344 1176 1540 1234 Factus
1569 1185 1644 1233 est
1668 1173 1697 1215 δ
1741 1174 1857 1231 obe-

268 1277 416 1332 diens
444 1290 602 1346 usque
626 1274 695 1328 ad
727 1282 937 1328 mortem
964 1269 1137 1340 (Phil.
1170 1273 1252 1340 it).

343 1367 578 1436 Quartus
606 1365 920 1432 humilitatis
947 1364 1148 1436 gradus
1178 1374 1284 1432 est,
1309 1364 1432 1420 siin
1464 1363 1578 1434 ipsa
1604 1361 1862 1419 obedien-

263 1459 344 1532 glia
374 1459 519 1513 duris
552 1458 707 1536 198
732 1466 786 1511 et.
809 1456 1095 1512 contrariis
1127 1455 1311 1521 rebus,
1343 1457 1426 1510 vel
1450 1456 1611 1510 etiam
1639 1453 1863 1524 quibus-

272 1550 412 1606 libet
436 1549 689 1620 irrogatis
715 1549 960 1618 injuriis,
990 1549 1148 1603 tacita
1174 1548 1502 1603 conscientia
1552 1546 1861 1616 patientiam

271 1646 670 1716 amplectaturc
697 1663 710 1697 :
745 1654 798 1700 et
829 1643 1126 1707 sustinens,
1150 1658 1256 1698 non
1291 1643 1545 1697 lzisscscat
1578 1641 1662 1696 vel
1689 1640 1866 1695 disce-

271 1737 407 1808 dat,
436 1737 648 1794 dicente
692 1735 968 1808 Scriptura
1005 1753 1018 1789 :
1054 1736 1156 1802 Qui
1185 1727 1576 1803 perseveraverit
1622 1748 1780 1798 usque
1810 1732 1863 1786 in

1954 571 1960 578 -
2026 540 2224 598 Sextus
2250 537 2563 596 humilitatis
2590 539 2789 611 gradus
2817 548 2922 606 est,
2952 539 3001 596 si
3045 540 3192 595 omni
3223 537 3429 593 vilitate
3454 535 3541 591 vel

1949 633 2298 692 extremitate
2347 643 2632 690 contentus
2676 634 2746 688 sit
2789 633 3115 698 monachus;
3147 641 3203 687 et
3246 631 3313 685 ad
3363 626 3545 684 omnia

1955 740 2080 795 qum
2099 725 2199 781 sibi
2232 723 2604 795 iniunguntur,
2638 725 2797 797 199
2823 723 2967 779 velut
3006 722 3314 795 operarium
3347 720 3543 775 malum

1957 825 2013 874 et
2045 816 2316 884 indignum
2347 831 2406 870 se
2429 816 2676 885 iudicet,
2710 815 2899 872 dicens
2936 814 3036 872 sibi
3075 828 3197 870 cum
3230 813 3497 882 PrOpheta
3527 825 3543 864 :

1961 908 2044 962 Ad
2074 909 2296 962 nihilum
2324 908 2560 962 redactus
2589 925 2721 972 sunt,
2747 919 2794 963 et
2825 909 3050 964 nescivi:
3081 919 3139 963 ut
3150 911 3444 980 jumentum
3473 905 3550 973 fa-

1963 1013 2074 1057 ctus
2105 1019 2216 1056 sum
2247 1003 2390 1072 apud
2415 1012 2482 1068 te,
2517 1013 2562 1056 et
2592 1017 2682 1072 ego
2711 1017 2909 1070 semper
2941 1011 3102 1055 tecum
3141 999 3316 1069 (Psal.
3360 997 3546 1064 usu).
3621 1043 3640 1080 ἐ

2034 1094 2310 1166 Septimus
2361 1094 2679 1149 humilitatis
2727 1093 2922 1162 gradus
2945 1105 3058 1159 est,
3107 1095 3150 1149 si
3195 1091 3441 1148 omnibus
3490 1103 3552 1144 se

1963 1184 2274 1240 inferiorem
2324 1195 2376 1240 et
2421 1184 2698 1252 viliorem,
2743 1200 2850 1238 non
2881 1185 3055 1240 solum
3089 1199 3182 1238 sua
3217 1185 3394 1254 lingua
3425 1195 3553 1250 pro-

1964 1275 2207 1340 nuntiet,
2256 1275 2349 1330 sed
2404 1275 2565 1330 etiam
2624 1275 2813 1329 intimo
2863 1276 3041 1330 cordis
3093 1277 3278 1331 credat
3315 1275 3550 1343 allecto,

1967 1368 2258 1424 humilians
2291 1383 2383 1433 se,
2432 1378 2487 1423 ct
2530 1368 2716 1422 dicens
2743 1382 2864 1422 cum
2897 1366 3164 1438 Pryphcta
3191 1385 3206 1422 :
3242 1366 3354 1438 Ego
3381 1377 3556 1421 autem

1958 1477 2082 1520 sum
2110 1459 2324 1520 vermis.
2357 1471 2401 1512 et
2451 1475 2552 1512 non
2595 1457 2781 1526 homo;
2813 1458 3141 1528 opprobrium
3191 1458 3455 1510 hominum
3507 1463 3558 1510 et

1969 1549 2188 1621 abjectio
2211 1548 2371 1618 plebis
2388 1549 2562 1617 (Psal.
2585 1548 2716 1618 ut);
2731 1549 2986 1603 exaltatus
3008 1565 3142 1612 sum,
3158 1559 3205 1601 et
3228 1547 3556 1614 humiliatus,

1971 1654 2019 1698 et
2039 1644 2281 1713 confusus
2303 1641 2474 1715 (Psal.
2497 1641 2755 1712 Litxxvn).
2772 1641 2832 1695 Et
2860 1642 2984 1695 item
3005 1656 3019 1693 :
3041 1638 3238 1694 Bonum
3255 1641 3404 1708 mihi,
3423 1639 3559 1709 quod

1969 1735 2256 1792 humiliasti
2280 1753 2357 1791 me
2381 1779 2394 1801 ,
2432 1746 2486 1790 ut
2518 1736 2713 1791 discam
2742 1735 2986 1792 mandata
3019 1742 3111 1788 tua
3144 1732 3317 1803 (Psal.
3347 1735 3558 1806 cxvut).

269 1811 452 1900 ﬁnem,
477 1830 560 1883 hic
585 1830 758 1884 salvus
777 1829 874 1883 erit
905 1826 1121 1899 (Matth.
1149 1825 1320 1896 xstv).
1342 1825 1500 1887 item,
1534 1823 1863 1894 Confortetur

2041 1831 2276 1886 Octavus
2309 1830 2626 1884 humilitatis
2670 1829 2870 1898 gradus
2917 1828 3104 1894 cst,si
3127 1826 3255 1882 nihil
3297 1834 3418 1897 agat
3441 1840 3560 1881 mo-

262 1933 366 1978 “eor
392 1933 559 1987 tuum,
580 1933 628 1976 et
655 1923 846 1975 sustine
872 1918 1149 1974 Dominum
1184 1918 1358 1990 (Psal.
1393 1916 1560 1986 xxvi).
1592 1917 1657 1970 Et
1683 1927 1864 1972 osten-

256 2015 418 2089 _dcns
449 2012 662 2068 tidelcm
693 2010 716 2047 ι¹
751 2027 849 2082 pro
881 2011 1108 2066 Domino
1139 2010 1384 2064 universa
1416 2009 1576 2062 etiam
1601 2007 1866 2062 contraria

257 2106 551 2162 sostinere
592 2102 827 2170 debere,
859 2103 993 2157 dicit
1019 2118 1084 2158 es
1121 2116 1348 2171 persona
1395 2100 1559 2156 etiam
1601 2099 1865 2159 sufferen-

267 2196 410 2249 tium
440 2211 456 2248 :
488 2193 708 2266 Propter
756 2203 804 2247 te
846 2203 1007 2246 morte
1044 2201 1150 2246 tota
1188 2193 1270 2246 die
1309 2190 1599 2262 a/ﬁcimur:
1628 2189 1869 2246 aestimati

275 2302 457 2341 sumus
483 2294 536 2339 ut
573 2301 686 2340 oves
715 2284 983 2338 occisionis
1012 2282 1182 2354 (Psal.
1218 2284 1388 2354 mn).

264 2451 270 2455 .
356 2377 421 2432 Et
450 2376 625 2432 securi
655 2375 728 2432 de
753 2389 851 2446 spe
879 2375 1248 2431 retributionis
1276 2375 1498 2440 divinas,
1529 2369 1867 2444 subsequun-

271 2481 373 2526 tur
391 2469 707 2538 gaudentes,
735 2478 790 2521 et
817 2467 1060 2524 dicentes
1089 2488 1100 2519 :
1135 2469 1240 2522 Sed
1267 2469 1320 2521 in
1361 2468 1440 2521 his
1461 2467 1693 2522 omnibus
1720 2483 1868 2539 supe-

279 2579 488 2630 ramus,
521 2571 727 2634 prOpter
751 2577 863 2615 eum
915 2563 1005 2630 qui
1056 2561 1238 2615 dilexit
1288 2577 1378 2614 nos
1411 2560 1588 2630 (Rom.
1629 2560 1768 2630 vm).
1803 2559 1872 2614 Et

282 2655 412 2709 item
441 2655 545 2709 ali.)
577 2654 695 2710 loco
725 2653 1038 2722 Scriptura:
1071 2652 1309 2711 Probasti
1333 2669 1445 2720 nos,
1479 2654 1667 2722 inquit,
1697 2650 1870 2718 Deus;

279 2747 402 2815 igne
426 2760 518 2800 nos
535 2745 864 2809 exatitinasti,
890 2743 1020 2797 sicut
1047 2745 1162 2814 igne
1185 2752 1209 2780 θ
1227 2743 1552 2798 examinatur
1570 2752 1871 2812 argentum;

281 2836 534 2891 induxisti
557 2853 648 2891 nos
672 2839 722 2889 in
743 2836 1010 2906 laqueum;
1031 2835 1248 2906 posuisti
1267 2835 1619 2889 tribulationes
1637 2837 1690 2888 in
1720 2837 1873 2889 dorso

281 2943 460 2993 nostra
485 2929 654 3002 (Psal.
691 2931 834 2998 va).
875 2929 938 2984 Et
972 2938 1027 2984 ut
1052 2928 1298 2983 ostendat
1339 2929 1439 2984 sub
1465 2929 1641 2998 priore
1671 2928 1874 2984 debere

275 3037 386 3092 “nos
413 3038 570 3089 esse,
601 3021 979 3092 subsequitur,
1011 3021 1196 3078 dicens
1237 3036 1256 3076 :
1295 3019 1598 3091 Imposuisti
1647 3022 1875 3076 homines

285 3134 442 3188 super
469 3119 638 3189 capita
662 3127 859 3172 nostra.
892 3115 997 3171 Sed
1029 3126 1082 3170 et
1111 3122 1436 3185 prmceptum
1463 3114 1675 3169 Domini
1705 3115 1760 3168 in
1781 3114 1874 3168 ad-

1969 1922 2207 1986 nachus,
2243 1921 2346 1976 nisi
2391 1921 2532 1990 quod
2563 1921 2865 1976 communis
2891 1920 3205 1976 monasterii
3232 1919 3442 1989 regula,
3476 1917 3564 1974 vel

1971 2014 2239 2086 majorum
2273 2013 2623 2068 cohortantur
2651 2013 2919 2083 exempla.

2047 2106 2233 2162 Nonus
2267 2106 2586 2160 humilitatis
2622 2104 2820 2174 gradus
2860 2113 2972 2172 est,
3025 2104 3072 2158 si
3117 2103 3349 2174 linguam
3387 2099 3565 2157 adlo-

1972 2200 2245 2269 quendoui
2300 2197 2580 2267 prohibeat
2633 2195 2969 2260 monachus;
3035 2204 3092 2249 et
3149 2192 3565 2248 taciturnitatem

1975 2291 2180 2346 habens
2231 2304 2399 2360 usque
2453 2289 2518 2342 ad
2575 2287 3047 2359 interrogationem
3110 2300 3214 2340 non
3275 2284 3564 2353 loquatur,

1975 2391 2310 2438 monstrante
2335 2380 2608 2448 Scriptura
2637 2396 2649 2431 ε
2683 2377 2817 2446 Quia
2845 2377 2900 2430 in
2943 2374 3269 2444 multiloqnio
3299 2389 3402 2427 non
3431 2370 3569 2435 e/Iu-

1976 2476 2158 2545 giturn
2191 2485 2453 2544 peccatum
2486 2471 2670 2542 (Prov.
2702 2470 2776 2541 χ).
2811 2470 2879 2525 Ει
2903 2470 3024 2540 quia
3049 2469 3127 2522 vir
3152 2467 3420 2540 linguosus
3453 2480 3561 2522 non

1977 2565 2219 2634 dirigitur
2248 2581 2402 2634 super
2429 2574 2618 2617 terram
2638 2560 2812 2632 (Paul.
2838 2559 3089 2632 cxxxtx).

2056 2655 2301 2714 Decimus
2324 2655 2637 2710 humilitatis
2666 2655 2862 2724 gradus
2890 2662 3003 2718 est,
3031 2652 3076 2706 si
3109 2665 3213 2707 non
3271 2650 3343 2706 sit
3394 2648 3570 2706 facilis

1980 2761 2044 2802 ac
2066 2755 2342 2816 promptus
2373 2746 2423 2800 in
2466 2745 2609 2809 risu,
2657 2745 2781 2812 quia
2831 2744 3089 2812 scriptum
3127 2750 3248 2799 est:
3282 2739 3488 2799 Stultus
3517 2740 3575 2794 in

1978 2840 2088 2892 risu
2118 2849 2142 2874 υ
2175 2835 2365 2891 cxaltat
2391 2846 2417 2885 P
2447 2851 2616 2890 vocem
2644 2852 2787 2889 suam
2820 2833 3012 2904 (Eccli.
3043 2841 3198 2903 mi).

2058 2931 2386 2988 Undecimus
2412 2929 2728 2984 humilitatis
2753 2927 2950 2998 gradus
2983 2938 3066 2984 est
3090 2969 3104 2996 ,
3134 2927 3179 2983 si
3200 2926 3572 2997 cumloquitur

1985 3024 2286 3080 monachus
2309 3062 2324 3088 ,
2355 3021 2548 3076 leuiter
2572 3029 2624 3074 ct
2653 3021 2767 3074 sine
2800 3020 2906 3074 risu
2934 3061 2949 3084 ,
2982 3018 3252 3074 humiliter
3281 3033 3403 3073 cum
3445 3033 3572 3088 gra-

1988 3116 2186 3182 viiato,
2233 3115 2315 3170 vel
2343 3127 2502 3183 pauci
2529 3113 2740 3167 verbaq
2768 3119 2823 3166 et
2848 3107 3186 3164 rationabilis
3217 3108 3486 3180 loquatur;
3517 3116 3574 3163 et

276 3211 462 3265 versis
483 3218 534 3265 et
569 3211 622 3264 in
653 3208 884 3279 injuriis,
911 3220 1008 3279 per
1033 3207 1345 3279 patientiam
1375 3206 1753 3276 adimplentes,
1786 3207 1874 3275 qui
1903 3225 1951 3290 ο
1986 3226 2092 3266 non
2119 3211 2188 3264 sit
2208 3209 2478 3264 clamosus
2498 3208 2550 3261 in
2574 3221 2708 3261 voce
2727 3246 2740 3271 ,
2765 3207 2906 3260 sicut
2929 3203 3187 3273 scriptum
3209 3210 3325 3258 est:
3353 3201 3574 3271 Sapiens

270 3298 541 3369 percussi
569 3299 622 3354 in
654 3299 925 3356 maxillam
962 3298 1006 3367 τ,
1041 3297 1282 3367 praebent
1311 3307 1366 3352 et
1393 3297 1585 3362 aliam;
1614 3297 1878 3354 auferenti

290 3391 548 3456 tunicam,
575 3389 845 3445 dimittunt
869 3401 933 3446 et-
957 3391 1170 3459 pallium
1203 3388 1416 3460 (Matth.
1441 3392 1495 3459 ν)
1519 3407 1530 3442 :
1565 3389 1824 3460 angariati
1849 3400 1877 3450 β

287 3482 578 3546 milliaria,
632 3480 834 3563 vadunt
881 3491 935 3536 et
969 3481 1072 3534 duo
1131 3479 1306 3550 (Luc.
1359 3481 1482 3551 vt);
1535 3495 1656 3534 cum
1713 3480 1880 3535 Paulo

287 3571 541 3643 apostolo
577 3570 736 3625 falsos
761 3571 949 3626 fratres
972 3569 1256 3632 sustinent.
1289 3579 1340 3626 et
1368 3569 1794 3642 persecutionem
1820 3567 1894 3626 ιλιι

287 3675 352 3722 et
372 3664 753 3720 maledicentes
778 3677 836 3718 se
865 3662 1186 3718 benedicunt
1212 3660 1299 3733 (ΙΙ
1334 3663 1451 3717 Cor.
1481 3663 1578 3733 si).

274 3777 283 3833 j
360 3757 590 3826 Quintus
623 3755 935 3810 humilitatis
955 3755 1153 3825 gradus
1180 3762 1286 3818 est,
1320 3755 1365 3809 si
1395 3771 1584 3811 omnes
1603 3757 1876 3829 cogitatio-

292 3864 390 3908 nes
419 3850 588 3905 malas
612 3849 761 3905 cordi
789 3863 886 3904 suo
921 3849 1297 3915 advenientes,
1333 3849 1416 3904 vel
1447 3851 1583 3906 mala
1613 3866 1644 3907 a
1675 3867 1732 3908 se
1759 3852 1880 3908 abs-

291 3959 458 4000 conse
483 3944 794 4013 commissa,
813 3959 906 4014 per
949 3944 1200 3999 humilem
1228 3944 1625 4000 confessionem
1653 3944 1833 4001 abbati
1859 3943 1876 3984 ί

294 4050 401 4091 non
429 4035 682 4090 celaverit
705 4049 822 4090 suo.
854 4034 1106 4090 Hortatur
1127 4035 1141 4084 t’
1169 4050 1264 4089 nos
1288 4035 1356 4088 de
1383 4035 1478 4089 hac
1502 4051 1558 4091 re
1574 4035 1879 4105 Scriptura,

293 4125 479 4182 dicens
501 4125 561 4179 ιε
594 4125 780 4182 Revela
815 4125 1037 4180 Domino
1066 4126 1201 4179 viam
1231 4136 1393 4191 luant,
1421 4137 1467 4180 et
1499 4143 1646 4196 spera
1679 4130 1731 4182 in
1765 4144 1884 4184 eum

296 4219 471 4294 (Psal.
513 4220 724 4293 auri).
758 4223 823 4278 Et
876 4221 1002 4278 item
1051 4220 1182 4279 dicit
1217 4239 1230 4275 :
1265 4219 1593 4290 Conﬁtemini
1626 4209 1877 4289 Domino,

293 4316 538 4382 quoniam
561 4316 740 4381 bonus,
763 4311 1005 4383 quoniam
1031 4315 1086 4367 in
1109 4313 1360 4367 siccatum
1389 4313 1742 4368 misericordia
1770 4316 1884 4385 ejus

279 4403 471 4477 ’(Psal.
499 4404 616 4474 cv);
648 4403 716 4459 Et
743 4405 870 4458 item
903 4401 1169 4474 Propheta
1199 4419 1214 4458 :
1240 4400 1497 4458 Delictum
1527 4419 1697 4458 meum
1719 4404 1885 4474 cogni-

297 4507 408 4576 tum
436 4496 526 4551 tibi
556 4497 681 4574 feci,
716 4505 766 4551 et
794 4495 1078 4568 injustitias
1123 4510 1262 4550 meas
1306 4512 1406 4550 non
1439 4495 1617 4564 operui
1644 4493 1687 4550 1.
1717 4494 1885 4561 Diri:

295 4585 658 4645 Pronuntiabo
684 4591 954 4646 adversum
995 4605 1076 4644 me
1114 4589 1399 4660 injustitias
1436 4603 1577 4644 meas
1623 4588 1882 4657 Domino;

375 4858 598 4925 μεθείς..
655 4861 852 4931 Regula
904 4860 1161 4931 Magistri,
1202 4861 1374 4927 Flor.,
1421 4859 1612 4926 Conc.,
1652 4856 1882 4925 Concb.,

282 4929 516 5004 Comi»,
549 4929 876 4999 Dunstanus,
910 4929 1163 5004 voluptas.

373 5001 401 5042 ι’
432 5003 604 5058 Oxon.
635 5013 690 5058 et
715 5005 801 5057 alii
839 5020 965 5060 mss.
995 5001 1198 5059 addunt
1227 5001 1392 5058 Patri.

377 5085 400 5113 ο
429 5075 628 5139 Oxum,
672 5077 822 5129 tacite
873 5076 1232 5129 conscientiam
1285 5076 1640 5142 amplectatur.
1693 5075 1882 5144 Narin,

301 5145 458 5199 tacite
483 5147 786 5201 conscientia
808 5147 1164 5217 amplectatur.
1197 5146 1363 5209 Flora,
1389 5148 1554 5200 ταί-ἰείη
1572 5150 1888 5204 conscientiae

302 5218 602 5284 patientiam
629 5218 980 5286 amplectatur.
1011 5219 1220 5282 Sabim,
1271 5219 1425 5271 tacita
1462 5219 1769 5271 conscientia
1799 5236 1886 5287 per

287 5289 604 5412 patientiam
643 5288 995 5358 amplectatur.
1027 5289 1249 5356 Quidam
1299 5304 1430 5342 mss.
1478 5305 1598 5344 cuin
1650 5291 1887 5348 editione
1985 5339 1988 5341 _

350 5360 592 5412 arisiensi
629 5367 684 5412 et
722 5360 963 5412 Guidone
1007 5359 1283 5412 iuvenali.
1320 5361 1474 5412 tacita
1525 5363 1886 5412 conscientiam

350 5360 592 5413 arisiensi
629 5367 684 5413 ct
722 5360 963 5414 Guidone
1007 5359 1283 5426 Juvenali,
1320 5361 1474 5412 tacita
1525 5363 1886 5415 conscientiam

290 5432 662 5502 laittplectalur,
693 5430 893 5486 omisso
925 5431 1241 5497 patientiam,
1277 5430 1416 5502 quod
1445 5430 1603 5484 etiam
1635 5435 1885 5502 reprobat

289 5498 668 5573 illideniarus,
700 5516 950 5570 asserens
982 5503 1201 5573 verbum
1231 5501 1507 5573 amplec.'or
1543 5511 1646 5573 tam
1679 5501 1885 5560 servire

303 5570 486 5625 dativo
498 5573 647 5626 'casni
672 5586 831 5642 quam
853 5571 1176 5642 accusalivo,
1194 5581 1248 5624 et
1271 5570 1340 5623 ita
1365 5579 1508 5624 recte
1528 5571 1632 5624 diri
1647 5574 1887 5640 amplecti

300 5642 510 5714 injuriis
542 5641 702 5712 atque
727 5643 964 5714 amplecti
987 5641 1239 5712 injurias:
1263 5655 1427 5710 quare
1459 5655 1557 5697 nec
1585 5645 1886 5710 patientiam

293 5711 403 5783 Μιξ-
423 5711 782 5783 :itiiplCétilur.

299 5831 302 5836 .
376 5779 406 5823 ⁴
432 5779 617 5850 Narin,
646 5788 817 5852 ﬁdem.

390 5863 420 5901 ⁸
447 5859 608 5924 Deest
631 5861 683 5916 in
712 5855 1026 5936 quibusdam
1058 5859 1193 5938 igne.

1986 3303 2150 3358 verbis
2206 3302 2474 3356 inualescit
2513 3298 2712 3370 paucis.

2065 3394 2429 3452 Duodecimus
2464 3390 2784 3446 humilitatis
2811 3388 3008 3460 gradus
3037 3397 3152 3453 est,
3197 3387 3240 3443 si
3267 3399 3374 3443 non
3397 3382 3573 3440 solum

1987 3487 2155 3544 corde
2187 3487 2484 3540 monachus
2507 3525 2522 3550 ,
2559 3482 2652 3536 sed
2685 3482 2846 3536 etiam
2879 3481 2994 3550 ipso
3028 3491 3258 3548 corpore
3299 3474 3577 3531 humilita-

1990 3592 2097 3638 tem
2123 3579 2432 3635 videntibus
2458 3592 2517 3633 se
2543 3589 2758 3648 semper
2778 3572 3004 3636 iudicet;
3028 3571 3079 3625 id
3104 3578 3184 3624 est
3202 3613 3218 3638 ,
3251 3568 3305 3622 in
3343 3581 3505 3636 opere
3525 3573 3575 3631 ι’,

1989 3675 2044 3730 in
2089 3671 2359 3736 oratorio,
2411 3669 2464 3723 in
2516 3667 2876 3730 monasterio,
2930 3663 2983 3718 in
3037 3662 3234 3727 horto,
3280 3659 3333 3713 in
3362 3657 3485 3720 via,
3521 3655 3578 3709 in

1973 3775 2120 3838 agro
2147 3782 2160 3817 :
2212 3763 2299 3818 vel
2343 3761 2645 3832 ubicunque
2672 3757 2903 3823 sedens,
2935 3753 3246 3818 ambulans,
3277 3750 3360 3806 vel
3389 3758 3574 3817 stans,

1988 3858 2244 3914 inclinato
2285 3854 2354 3909 sit
2397 3865 2611 3922 semper
2647 3848 2855 3919 capite,
2886 3845 3079 3900 defixis
3107 3845 3162 3898 in
3194 3853 3389 3897 terram
3419 3851 3576 3908 aspe-

1987 3952 2166 4008 ctibus
2195 3990 2210 4016 ,
2242 3960 2393 4002 reum
2427 3960 2486 4000 se
2531 3943 2678 3998 omni
2711 3942 2843 3996 hora
2890 3940 2953 3992 de
2984 3937 3219 4009 peccatis
3257 3936 3366 3989 suis
3393 3934 3576 3987 existi-
3638 3945 3650 4000 ε

1988 4058 2171 4106 matis,
2195 4039 2307 4110 jam
2333 4051 2393 4092 se
2439 4034 2720 4090 tremendo
2763 4030 2968 4103 judicio
3020 4028 3157 4084 Dei!
3189 4024 3572 4094 repraesentari
3648 4015 3664 4024 ”

1988 4133 2250 4194 aestimet;
2281 4129 2467 4184 dicens
2515 4125 2618 4180 sibi
2667 4123 2722 4178 in
2759 4121 2921 4177 corde
2966 4134 3181 4190 semper
3229 4116 3396 4180 illud,
3430 4112 3579 4182 quod

1989 4224 2307 4296 publicanus
2335 4219 2425 4275 ille
2466 4216 2808 4288 evangelicus
2831 4253 2848 4280 ,
2884 4211 3004 4268 lixis
3035 4211 3086 4266 in
3136 4219 3332 4264 terram
3366 4206 3575 4276 oculis,

1987 4317 2161 4372 dixit:
2196 4313 2433 4382 Domine,
2468 4328 2569 4367 non
2596 4325 2711 4365 sum
2737 4310 2953 4381 dignus,
2984 4322 3080 4378 ego
3121 4313 3383 4377 peccator,
3415 4304 3580 4357 levare

1989 4410 2162 4464 oculos
2191 4423 2327 4461 meos
2357 4406 2424 4458 ad
2464 4402 2617 4459 caelos
2644 4401 2796 4474 (Luc.
2829 4397 2965 4472 snt).
2990 4399 3053 4454 Et
3074 4400 3262 4453 iterum
3294 4411 3413 4450 cum
3441 4393 3577 4449 Pro-

1991 4501 2150 4572 pheta
2184 4517 2197 4554 :
2229 4498 2532 4554 lncurvatus
2580 4505 2628 4552 et
2681 4492 2981 4549 humiliatus
3049 4507 3164 4547 sum
3221 4500 3580 4560 usquequaun

1973 4589 2167 4662 (Psal.
2207 4588 2414 4660 cxvnt).

2070 4859 2089 4898 τ
2120 4860 2301 4925 Cass.,
2330 4861 2384 4913 in
2409 4857 2642 4914 maxilla.

2068 4939 2094 4976 κ
2129 4931 2293 4993 Flor.,
2321 4929 2631 5000 angarianti.

2069 5000 2095 5037 ιι
2125 5003 2213 5056 Al.
2245 4997 2460 5057 deest'et
2492 4997 2910 5067 persecutionem.
3567 5001 3588 5039 ς

2071 5070 2086 5109 ί
2121 5074 2288 5135 Flor.,
2319 5071 2570 5126 abbati-nt.
2591 5109 2604 5123 .
2625 5109 2638 5124 .
2680 5083 2850 5124 suum.

2071 5144 2085 5193 ἱ
2130 5146 2234 5210 AL,
2265 5143 2512 5198 Hortaris.

2069 5213 2093 5252 ¹ί
2127 5217 2234 5281 AL,
2260 5215 2406 5268 dicit.

2076 5284 2093 5324 ι
2125 5290 2234 5351 AL,
2260 5302 2360 5340 non
2389 5285 2652 5339 abscondi.

2067 5367 2103 5394 αι
2137 5361 2242 5421 .--\l.,
2277 5361 2472 5424 peccati
2497 5357 2611 5409 mei.

2065 5437 2090 5464 ³
2115 5426 2424 5500 E/fugiclur,
2448 5430 2578 5500 tulit.
2609 5424 2838 5496 r/fugies.

2065 5507 2089 5534 ο
2120 5498 2296 5554 om.
2331 5502 2380 5552 in
2411 5498 2591 5553 risum.

2066 5581 2092 5620 ρ
2124 5571 2286 5626 Narb.
2318 5571 2584 5625 exultavit.

2066 5652 2094 5693 ει
2123 5644 2282 5697 Deest
2313 5645 2364 5695 in
2401 5642 2572 5695 Oxon.
2600 5641 2768 5696 verba.

2068 5723 2090 5752 ι
2123 5714 2356 5779 Cassin.,
2391 5712 2559 5777 Flor.,
2593 5710 3048 5780 CUIIC.Clquiti3m
3067 5705 3177 5774 alii,
3211 5706 3261 5763 in
3283 5722 3431 5777 opere
3465 5705 3578 5764 Dei.

1999 5856 2046 5912 Π
2071 5793 2096 5869 εξ
2124 5783 2536 5856 Sabin.,judicii
2558 5781 2662 5837 die.
2686 5780 2834 5837 Cass.
2863 5791 2913 5836 et
2944 5781 3348 5850 li‘tor.,juditio,
3383 5780 3581 5834 omisso

2049 5873 2114 5911 ei.

2049 5873 2114 5911 ει.
