4074 6356
854 237 897 251 Α*
904 235 1007 259 επινι-

549 315 653 371 375

1898 312 1958 369 S.
1999 312 2058 368 Ρ.
2103 308 2461 369 BENEDlCTl

3725 315 3842 370 576

624 433 785 503 200
809 432 948 503 Ergo
972 432 1055 488 his
1076 432 1325 489 omnibus
1344 429 1656 486 humilitatis
1673 428 1927 501 gradibus
1943 443 2137 486 ascen-
2167 431 2222 493 Α
2245 430 2464 501 incipiet
2486 428 2788 496 custodire;
2842 443 2950 486 non
2998 428 3111 501 jam
3162 430 3355 488 timore
3406 430 3702 505 gehennae,
3734 434 3841 489 sed

547 528 648 592 sis,
664 528 958 584 monachus
974 543 1094 583 mox
1110 527 1174 581 ad
1189 527 1506 583 charitatem
1526 525 1619 580 Dei
1639 534 1663 561 ε·
1678 523 1953 595 perveniet
1966 522 2135 591 illam,

546 634 670 688 quae
696 622 928 689 perfecta
959 620 1104 675 foras
1131 620 1157 657 ι’
1184 620 1347 674 mittit
1372 618 1621 673 timorem
1646 634 1662 671 :
1696 630 1792 687 per
1828 630 1988 687 quam
2017 616 2138 671 uni-

550 726 743 779 versa,
774 728 893 782 qua:
927 712 1072 782 prius
1123 726 1231 767 non
1284 711 1401 767 sine
1451 709 1738 766 formidine
1783 708 2134 775 observabat,

550 807 754 877 absque
775 806 885 861 ullo
908 806 1089 863 labore
1108 807 1255 861 velut
1280 804 1599 862 naturaliter
1618 818 1682 860 ex
1707 800 2093 859 consuetudine
2110 811 2133 844 ε

517 948 531 985 ί
620 970 643 997 ο
675 958 832 1015 Deest
862 959 998 1028 apud
1026 957 1167 1014 llild.
1204 956 1318 1013 Dei.

515 1049 527 1105 ι
616 1030 644 1069 ι’
673 1033 783 1097 ΑΙ.,
812 1034 956 1101 foris.

2240 536 2423 578 amore
2463 521 2666 577 Christi
2700 529 2756 576 et
2775 522 3165 579 consuetudine
3205 525 3318 593 ipsa
3345 524 3487 580 bona
3509 533 3567 580 et
3589 526 3842 581 delecta.

2239 616 2384 672 tione
2411 615 2751 681 dvirtutum,
2792 630 2913 686 qua:
2951 614 3210 671 Dominus
3256 615 3368 687 jam
3422 618 3479 673 in
3520 618 3840 687 operarium

2238 721 2394 763 suum
2450 705 2706 763 mundum
2759 719 2788 760 a
2834 706 2977 763 vitiis
3016 715 3072 764 et
3118 707 3381 778 peccatis,
3409 707 3611 780 Spiritu
3645 720 3844 764 sancto

2241 798 2548 871 dignabitur
2598 797 2994 855 demonstrare.

2317 964 2339 992 ε
2371 953 2536 1009 Cone.
2569 961 2625 1009 et
2648 952 2817 1017 Flor.,
2844 964 2891 1009 et
2914 955 3296 1011 consuetudine.

2310 1021 2337 1061 δ
2370 1025 2511 1081 Hild.
2538 1026 2830 1081 dilectione.

561 1162 3845 1188 *Μ

463 1260 470 1271 ρ

446 1277 466 1286 υ-

511 1302 547 1337 L.

612 1410 723 1465 lloc
754 1419 915 1479 caput
940 1450 954 1473 ,
987 1406 1129 1478 quod
1155 1407 1211 1463 S.
1241 1404 1562 1462 Benedictus
1590 1404 1864 1479 subiungit
1887 1402 2130 1479 silentio,

540 1476 837 1557 Proiihetai
877 1476 1094 1536 secutus
1140 1480 1470 1557 evemplum,
1513 1478 1601 1547 qui
1646 1477 1756 1557 ait:
1795 1476 2138 1557 Qbintttuirt

540 1548 845 1607 humiliatus
874 1568 990 1605 sum
1010 1592 1026 1618 ,
1058 1558 1260 1619 quanto
1290 1549 1428 1618 apud
1454 1559 1666 1603 veteres
1690 1548 1849 1602 fuerit
1870 1549 1921 1619 in
1943 1548 2133 1614 pretio,

540 1624 739 1678 exinde
780 1632 961 1691 patet,
1014 1618 1157 1690 quod
1205 1630 1257 1675 et
1297 1620 1354 1676 S.
1390 1621 1626 1674 Donatus
1670 1631 1725 1674 et
1757 1618 2003 1691 Magister
2024 1619 2136 1672 suis

542 1696 600 1748 in
630 1687 847 1763 [tegnlis
892 1687 1319 1763 illudintegrum
1347 1687 1885 1763 inseruerriint;i_quod
1910 1703 2134 1763 venerat

537 1764 667 1821 bilis
706 1760 1028 1819 Benedictus
1076 1762 1354 1817 Clusensis
1404 1762 1461 1817 S.
1505 1760 1779 1816 Michaelis
1826 1760 2132 1814 monasterii

538 1836 741 1891 smculo
786 1852 838 1890 χι
878 1836 1044 1889 abbas
1092 1833 1221 1887 illud
1277 1852 1295 1883 ι
1357 1833 1808 1904 utunusquisque
1864 1830 2132 1904 memoria:

539 1906 954 1962 commendaret
1002 1904 1379 1973 persuaderet,
1415 1902 1615 1959 dicens
1645 1903 1842 1959 ibidem
1874 1902 2129 1973 virtutum

538 1992 810 2031 summam
860 1971 1142 2043 constare,
1188 1975 1328 2030 unde
1357 1976 1477 2045 quis
1504 1975 1656 2031 facile
1684 1982 1844 2045 queat
1874 1973 1939 2027 ad
1971 1971 2131 2045 celsi-

538 2047 784 2101 tudinem
830 2050 1103 2103 cmlestem
1147 2044 1441 2112 scandere,
1487 2065 1505 2097 ι
1541 2055 1679 2101 teste
1706 2044 1982 2099 Willelmo
2011 2044 2129 2109 ejus

540 2119 829 2187 discipulo;
855 2119 996 2189 quod
1030 2119 1084 2189 in
1116 2118 1273 2187 pleno
1300 2116 1528 2171 concilio
1546 2117 1814 2172 (Iarisiaco
1836 2129 1976 2189 anno
1997 2115 2120 2189 858,

536 2186 897 2260 prmseutibus
946 2191 1005 2245 S.
1047 2188 1259 2245 Carilefi
1305 2189 1584 2242 monachis
1612 2189 1808 2243 lectum
1835 2186 2033 2260 sit_,_nt
2058 2186 2124 2240 ad

538 2255 820 2316 iueliorem
854 2260 1061 2331 frugem
1086 2260 1499 2323 reducerentur;
1527 2259 1758 2331 denique
1780 2257 1920 2331 quod
1945 2255 2123 2331 Grini-

532 2331 708 2387 ]aicus
740 2328 1020 2401 postquam
1052 2331 1217 2386 multa
1249 2330 1317 2383 de
1356 2330 1657 2401 humilitate
1686 2331 1738 2383 in
1769 2328 2128 2401 solitariorum

535 2397 1029 2471 ltegtiladiss'eruit
1053 2443 1067 2466 ,
1119 2403 1197 2455 sic
1246 2400 1461 2455 tandem
1494 2400 1920 2471 eoncluserit_:_¢
1955 2397 2128 2471 Sieni

537 2474 610 2529 de
630 2468 938 2529 humilitate
966 2474 1127 2528 altius
1151 2472 1371 2527 libuerit
1394 2472 1751 2540 perscrutari,
1782 2468 1848 2523 ad
1870 2468 2130 2539 Regulam

534 2546 602 2599 S.
641 2545 915 2600 Benedicti
948 2553 1260 2613 percurrat,
1295 2541 1473 2612 ibique
1503 2542 1786 2597 duodecim
1816 2541 2132 2613 hutnilita_tis

534 2616 741 2686 gradus
798 2610 961 2686 satisr'
987 2615 1285 2669 luculenter
1339 2610 1616 2686 eipositos
1671 2612 1925 2686 inveniet.
1967 2610 2133 2686 rEst

531 2682 720 2741 autem
767 2685 1037 2740 humilitas
1079 2686 1252 2739 virtus
1273 2726 1287 2751 ,
1319 2698 1421 2754 qua
1471 2684 1590 2754 quis
1622 2682 2012 2754 verissima_sui
2041 2697 2131 2737 co-

537 2757 781 2821 gnitione
806 2756 906 2810 sibi
937 2756 1038 2826 ipsi
1068 2756 1315 2818 vilescit,
1338 2752 1500 2822 'sive,‘
1525 2766 1583 2809 ut
1611 2754 1806 2809 citatus
1834 2767 1862 2806 a
1882 2752 2131 2826 _Boherio

534 2828 605 2882 S.
636 2823 974 2897 Augustinus
1013 2827 1125 2883 ait:
1167 2845 1187 2879 ι
1230 2826 1440 2888 Virtus,
1475 2840 1571 2897 per
1596 2823 2019 2897 quamuanimus
2074 2826 2127 2879 in

518 2897 690 2958 nullo
713 2895 771 2952 se
791 2898 1054 2961 efferens,
1087 2897 1325 2967 nihilque
1354 2897 1479 2952 boni
1504 2896 1603 2951 sibi
1628 2895 1939 2962 ascribens,
1973 2904 2129 2952 exte-

533 2969 649 3022 rius
679 2968 839 3023 etiam
863 2969 1056 3039 dejecti
1090 2966 1311 3039 praefert
1333 2966 1593 3022 habitum.
1622 2986 1640 3019 ι

520 3052 528 3075 '
610 3039 811 3093 Clamat
842 3036 984 3093 nobis
1002 3039 1177 3092 divina
1197 3038 1488 3110 Scriptura,
1516 3038 1747 3110 μαινίδι]
1763 3036 1992 3110 Clamat,
2020 3053 2127 3093 non

533 3111 853 3174 simidiciter
879 3110 1165 3175 admonet;
1199 3109 1390 3163 surdos
1435 3110 1579 3164 enim
1619 3108 1843 3163 noverat
1880 3108 2129 3165 homines

536 3181 604 3234 ad
639 3181 954 3236 humilitatis
981 3189 1035 3234 et
1055 3180 1369 3249 abjectionis
1398 3179 1833 3248 prmdicationem
1856 3219 1873 3246 ,
1905 3194 2039 3250 quos
2061 3180 2128 3235 ad

531 3252 644 3305 alta
676 3267 893 3322 semper
916 3251 1039 3305 ferri
1064 3251 1230 3322 probe
1256 3250 1483 3322 sciebat.

611 3322 715 3392 Qui
742 3317 1011 3377 se'eaaltat
1035 3317 1436 3392 humiliabitur.]
1459 3321 1527 3375 Ut
1543 3317 1798 3392 praeclara
1818 3320 1916 3392 hac
1934 3321 2127 3376 simili-

532 3391 726 3448 tudine
752 3395 987 3461 explicat
1005 3391 1061 3447 S.
1081 3392 1409 3461 Augustinus
1425 3391 1627 3461 (Serm.
1662 3391 1756 3455 2‘2,
1780 3393 1844 3444 de
1873 3391 2126 3457 Script.):

538 3481 559 3514 ι
598 3464 749 3519 Sicut
794 3464 976 3519 deficit
1018 3463 1197 3518 fumus
1243 3462 1515 3517 deficiant.
1567 3462 1669 3528 Qui
1700 3464 1941 3531 suntqui
1991 3464 2131 3518 sicut

528 3532 714 3590 Inuus
759 3533 1021 3589 deficiunt
1047 3576 1060 3600 ,
1111 3534 1212 3588 nisi
1260 3533 1478 3603 superbi
1517 3550 1621 3588 non
1654 3532 1972 3589 confitentes
2004 3550 2127 3603 pec-

1869 1254 2524 1319 COMMENTARIUS.

2247 1415 2372 1474 esse
2404 1398 2668 1474 superbiae
2712 1414 2943 1474 genera,
2995 1410 3049 1458 et
3078 1416 3267 1459 revera
3295 1413 3523 1474 quatuor
3551 1406 3845 1473 assignare

2247 1472 2675 1547 videturidoctpr
2719 1472 3005 1547 mellilluus
3048 1472 3356 1547 hisiverbis
3399 1475 3593 1547 (Serm.
3635 1472 3729 1543 47,
3768 1484 3841 1536 de

2240 1541 2471 1616 Divers.)
2502 1560 2513 1595 :
2552 1562 2571 1593 ι
2605 1542 2700 1598 Est
2736 1544 2986 1613 superbia
3014 1545 3238 1616 cordis,
3270 1541 3518 1616 superbia
3548 1548 3659 1604 oris
3684 1541 3845 1612 {su-

2238 1614 2423 1684 perbia
2469 1616 2685 1687 operis,
2728 1628 2781 1669 et
2809 1615 3059 1687 superbia
3091 1614 3618 1687 habitus—Superbia
3646 1624 3842 1681 cordis

2241 1692 2345 1751 est,
2381 1685 2593 1759 quando
2624 1686 2864 1740 homo‘in
2900 1689 3072 1759 oculis
3104 1690 3216 1759 suis
3250 1685 3473 1759 magnus
3499 1698 3607 1757 est,
3641 1704 3843 1751 contra

2240 1770 2399 1825 quam
2451 1755 2678 1825 Sapiens
2732 1766 2853 1811 orat
2892 1758 3116 1813 dicens:
3152 1755 3520 1814 Extolléntiam
3552 1755 3834 1819 oculorum

2238 1844 2469 1905 meorum
2500 1828 2814 1905 nehdederis
2851 1828 2972 1905 mihi
2998 1845 3015 1894 ;
3058 1838 3117 1905 et
3137 1830 3262 1905 alibi
3290 1847 3303 1885 :
3345 1830 3543 1905 Vieiqui
3572 1835 3842 1905 sapientes

2239 1901 2356 1975 estis
2388 1900 2440 1952 in
2470 1897 2635 1975 oculis
2660 1900 2860 1975 uestris.
2893 1898 3154 1969 Superbia
3182 1903 3305 1975 oris
3322 1903 3407 1957 vel
3438 1897 3673 1975 linguai,
3705 1922 3840 1974 qua

2236 1980 2290 2025 et
2336 1968 2593 2039 jactantia
2641 1970 2857 2038 dicitur,
2910 1968 2995 2025 est
3050 1972 3265 2040 quando
3294 1973 3454 2028 homo
3504 1968 3609 2029 ιῖοιι
3652 1968 3840 2032 Solum

2234 2056 2428 2111 magna
2457 2042 2523 2113 d_e
2545 2054 2601 2095 se
2629 2042 2815 2113 sentit,
2840 2042 2932 2096 sed
2957 2042 3117 2097 etiam
3144 2043 3410 2113 loquitur;
3436 2045 3575 2100 unde
3601 2055 3656 2101 et
3679 2047 3841 2103 Psal-

2232 2110 2390 2168 misita
2424 2130 2435 2165 :
2474 2110 2754 2183 Disperdat
2784 2112 3036 2167 Dominus
3066 2110 3303 2168 universa
3347 2115 3484 2169 labia
3531 2117 3749 2183 dolosa,
3786 2131 3841 2174 et

2232 2183 2463 2258 linguam
2489 2183 2886 2258 mugniloquam.
2911 2184 3170 2258 Superbia
3215 2187 3394 2255 operis
3440 2197 3522 2241 est
3548 2227 3563 2251 ,
3606 2191 3832 2258 quando

2241 2253 2402 2330 hoino
2418 2253 2668 2330 exteriori
2691 2254 2918 2330 quadam
2939 2255 3208 2330 superbia,
3229 2253 3284 2310 ut
3302 2272 3523 2330 magnus
3546 2253 3835 2330 appareat,

2236 2327 2376 2397 agit,
2409 2327 2475 2379 de
2507 2340 2610 2394 qua
2657 2324 2795 2379 idem
2846 2324 3127 2381 Psalmista
3160 2328 3275 2380 ait:
3326 2324 3444 2381 Non
3494 2324 3738 2385 habitabit
3784 2324 3843 2387 in

2234 2397 2403 2469 medio
2453 2398 2633 2450 domus
2684 2412 2837 2469 metu,
2892 2398 2979 2463 qui
3024 2397 3147 2465 facit
3195 2399 3505 2468 superbiam.
3558 2400 3838 2469 Superbia

2237 2467 2457 2540 habitus
2487 2467 2855 2536 est,quando
2905 2469 3065 2540 homo
3120 2476 3180 2523 ut
3235 2467 3502 2540 gloriosus
3554 2467 3839 2539 videatur,

2236 2538 2490 2607 pretiosis
2518 2552 2577 2592 se
2606 2547 2765 2592 ornat
2806 2539 3076 2605 vestibus;
3123 2538 3262 2594 unde
3317 2541 3515 2595 Paulus
3550 2559 3563 2594 :
3601 2542 3723 2597 Non
3779 2538 3839 2598 in

2234 2619 2366 2664 veste
2388 2611 2639 2679 pretiosa;
2667 2619 2721 2663 et
2750 2610 3008 2663 Dominus
3035 2628 3047 2662 :
3078 2609 3178 2675 Qui
3202 2613 3255 2664 in
3280 2612 3519 2667 mollibus
3542 2615 3761 2668 vestiunt
3775 2632 3841 2668 ur

2234 2680 2289 2733 in
2318 2680 2551 2734 domibus
2576 2696 2752 2750 regum
2779 2690 2927 2748 sunt,
2963 2680 3052 2735 ubi
3084 2682 3331 2751 superbia
3360 2683 3619 2739 abundat.
3658 2704 3677 2737 ι

2306 2751 2571 2821 Superbia
2607 2759 2783 2805 autem
2811 2767 2930 2823 qua:
2961 2751 3219 2807 Cassiano
3246 2762 3329 2807 est
3361 2771 3381 2804 ι
3420 2756 3717 2810 smvissima
3740 2757 3837 2812 be-

2234 2822 2360 2894 stia,
2394 2834 2448 2877 et
2472 2822 2844 2892 superioribus
2867 2824 3075 2878 cunctis
3104 2823 3271 2894 (vitiis
3294 2826 3359 2879 de
3385 2826 3581 2894 quibus
3614 2828 3835 2883 locutus

2233 2892 2430 2964 fuerat)
2455 2894 2759 2967 immanior,
2792 2898 3050 2967 perfectos
3078 2892 3309 2950 maxime
3341 2892 3572 2961 tentans,
3618 2909 3670 2953 et
3702 2915 3833 2967 proc

2233 2967 2522 3034 pemodum
2551 2965 2660 3033 jam
2717 2965 2919 3034 positos
2969 2966 3021 3019 in
3066 2969 3529 3023 consummatione
3556 2965 3827 3025 virtutum

2232 3049 2415 3090 morsu
2466 3036 3022 3107 dirioredepascens,
3051 3055 3068 3087 ι
3102 3052 3130 3089 a
3162 3038 3327 3092 verbo
3355 3054 3569 3105 supereo
3596 3039 3827 3107 dicitur,

2232 3114 2291 3160 ut
2319 3106 2599 3181 superbire
2630 3106 2774 3181 idem
2805 3110 2875 3181 sit
2901 3124 2964 3161 ac
2995 3123 3147 3181 super
3173 3122 3231 3181 se
3252 3146 3273 3181 ,ί
3292 3124 3446 3176 super
3467 3110 3607 3163 alios
3630 3152 3644 3175 ,
3668 3106 3832 3181 super

2231 3192 2541 3250 mensuram
2566 3177 2799 3250 debitam
2832 3180 2945 3250 ire;
2989 3179 3130 3233 unde
3171 3178 3231 3234 S.
3260 3180 3494 3234 Isidorus
3526 3182 3543 3250 (
3556 3180 3630 3236 De
3661 3177 3825 3237 sum.

2232 3246 2423 3316 Bono.,
2458 3264 2575 3323 cap.
2609 3249 2699 3323 58)
2724 3266 2737 3303 :
2764 3268 2791 3323 _¢
2820 3249 3095 3319 Superbus
3119 3291 3133 3316 ,
3164 3251 3357 3323 inquit,
3384 3246 3567 3323 dictus
3594 3264 3698 3317 est,
3726 3255 3828 3323 qui

2232 3332 2398 3396 super
2444 3319 2557 3396 vult
2608 3321 2775 3375 videri
2822 3336 2981 3396 quam
3039 3331 3161 3375 est:
3192 3322 3281 3391 qui
3309 3322 3450 3377 enim
3483 3322 3599 3377 vult
3628 3319 3831 3396 super-

2229 3389 2381 3458 gredi
2413 3389 2553 3459 quod
2586 3400 2690 3453 est,
2732 3389 2995 3460 superbus
3024 3402 3126 3447 est.
3152 3412 3171 3445 ι

2305 3460 2455 3537 Quod
2483 3477 2542 3537 se
2561 3477 2734 3537 cauere
2764 3462 3026 3537 Propheta
3064 3464 3259 3537 indicat
3278 3502 3293 3529 ,
3343 3464 3516 3537 dicens
3540 3506 3556 3531 ,
3586 3464 3719 3537 etc.]
3748 3466 3826 3522 Ut

2226 3536 2332 3585 'nos
2361 3531 2679 3606 humilitatis
2707 3534 2858 3606 sequi
2894 3533 3114 3606 vestigia
3137 3574 3151 3598 ,
3186 3535 3603 3606 superbiamque
3633 3531 3827 3606 fugere

528 3613 779 3680 catasiia
810 3647 825 3680 ,
857 3605 954 3680 sed
985 3605 1369 3680 defendentes?
1419 3605 1597 3680 Quare
1655 3603 1802 3657 fumo
1830 3605 2123 3680 comparati
2156 3616 2202 3680 ρ
2234 3603 2603 3680 persuaderet,
2654 3603 2720 3657 ad
2758 3603 2964 3680 _Christi
3018 3603 3489 3680 (inluminationem
3517 3603 3827 3680 ’PrOpliets

530 3675 691 3727 sunt?
723 3675 857 3742 Quia
896 3674 1072 3731 fumus
1100 3677 1256 3745 erigit
1282 3690 1373 3742 se,
1404 3676 1620 3731 extollit
1674 3688 1734 3728 se
1786 3684 2036 3745 tanquam
2066 3676 2119 3730 in

533 3746 732 3799 ctelum
754 3786 769 3811 ,
804 3746 897 3802 sed
948 3756 1149 3813 quanto
1183 3750 1241 3800 lit
1270 3747 1537 3815 superior,
1584 3755 1732 3801 tanto
1763 3747 1969 3801 facilius
1995 3761 2122 3801 eva-

529 3816 707 3887 nescit
726 3826 782 3870 et
803 3817 1051 3887 disperit.
1079 3818 1285 3871 Rursus
1314 3818 1653 3873 considerate
1683 3818 1822 3887 quod
1849 3818 1959 3871 dixi
1987 3836 1999 3869 :
2032 3833 2119 3871 so-

528 3885 697 3957 lidior
725 3897 807 3942 est
836 3885 1009 3941 fuinus
1040 3889 1145 3957 igni
1171 3890 1445 3957 proximus
1468 3933 1482 3957 ,
1528 3896 1581 3943 et
1614 3885 1771 3942 terrze
1798 3890 2082 3956 proximus
2103 3928 2119 3953 ,

426 4024 429 4025 ν
526 3956 771 4012 nondum
794 3959 876 4012 sic
901 3956 1208 4024 evanescit,
1241 3959 1476 4014 nondum
1511 3961 1588 4013 sic
1615 3959 1774 4029 201
1802 3968 1884 4012 est
1915 3959 2121 4027 diSper-

525 4040 626 4082 sus
657 4029 708 4083 in
741 4038 932 4085 ventos
958 4048 969 4081 :
1003 4030 1221 4099 quando
1250 4038 1429 4085 autem
1463 4036 1794 4093 attenuatur,
1825 4030 2119 4096 evanescit,

524 4108 582 4152 et
618 4098 886 4167 disperit?
919 4098 1136 4170 quando
1164 4117 1223 4157 se
1254 4101 1480 4156 multum
1515 4100 1788 4155 extulerit.
1814 4099 1948 4167 Quia
1993 4116 2121 4170 ergo

523 4172 797 4238 superbus
837 4174 916 4227 sic
960 4187 1020 4226 se
1050 4173 1209 4241 erigit
1239 4181 1424 4227 contra
1453 4171 1622 4225 Deum
1651 4172 1921 4240 quomodo
1944 4171 2121 4226 fumus

524 4252 720 4295 contra
749 4244 977 4305 caelum,
1006 4252 1175 4298 restat
1210 4252 1265 4297 ut
1294 4244 1367 4297 ita
1418 4242 1652 4305 deliciat,
1683 4250 1742 4295 ut
1772 4250 2021 4310 tanquam
2065 4243 2118 4297 in

522 4322 721 4367 ventos
781 4328 892 4367 sua:
948 4314 1198 4368 vanitatis
1250 4314 1482 4367 elatione
1529 4313 1819 4381 dissipatus
1870 4312 2118 4378 intereat,

523 4382 985 4453 quemadmodum
1027 4383 1255 4453 disperit
1299 4383 1477 4437 fumus
1504 4383 1696 4453 elatus
1740 4382 1937 4437 tumida
1964 4423 1980 4447 ,
2014 4399 2119 4439 non

521 4452 698 4507 solida
727 4493 743 4519 ,
795 4451 1163 4521 magnitudine
1212 4452 1451 4507 inflatus.
1495 4451 1586 4509 Sic
1613 4461 1696 4508 est
1724 4453 1866 4506 enim
1900 4454 2116 4509 fumus:

524 4523 682 4576 vides
730 4538 974 4594 magnam
1010 4524 1234 4587 molem,
1272 4522 1441 4594 babes
1467 4524 1618 4592 quasi
1648 4522 1789 4593 quod
1822 4523 2034 4590 videas,
2065 4535 2120 4580 et

526 4606 635 4665 non
667 4592 841 4649 habes
866 4595 1008 4665 quod
1052 4605 1257 4649 teneas.
1298 4613 1317 4647 ι
1374 4592 1654 4661 Quomodo
1707 4603 1886 4650 autem
1942 4594 2119 4650 humi-

525 4663 732 4737 iientur
759 4669 849 4735 qui
880 4663 939 4737 se
956 4667 1204 4737 exaltant
1224 4710 1238 4733 ,
1271 4673 1326 4721 et
1350 4665 1585 4720 vicissim
1615 4665 1916 4721 exalteutur
1937 4668 2026 4737 qui
2059 4681 2119 4721 se

525 4734 845 4803 humilium,
899 4736 1242 4791 llildemarus
1268 4746 1323 4792 et
1360 4747 1479 4805 poSt
1507 4751 1629 4791 eum
1661 4734 1969 4792 Bernardus
1989 4739 2117 4793 Cas-

454 4852 459 4859 .
523 4807 761 4860 sincnsis
794 4808 866 4860 ita
898 4808 1227 4877 intelligunt,
1257 4808 1425 4876 utqui
1457 4810 1555 4863 hoc
1586 4809 1637 4862 in
1667 4810 1866 4863 saeculo
1892 4824 1951 4864 se
1970 4810 2117 4864 exal-

524 4884 642 4929 tant
670 4918 684 4943 ,
746 4877 1094 4932 humilientur
1148 4879 1201 4933 in
1256 4878 1472 4943 futuro;
1523 4887 1579 4935 et
1610 4879 1849 4934 vicissim
1884 4898 1897 4935 :
1930 4895 2115 4937 verum

526 4962 636 5000 lion
691 4948 865 5020 solum
899 4949 950 5001 in
984 4948 1162 5003 futuro
1189 4994 1203 5019 ,
1256 4950 1350 5005 sed
1383 4952 1547 5005 etiam
1599 4952 1650 5004 in
1691 4952 1942 5020 praesenti
1976 4950 2117 5007 Deus

524 5019 793 5093 superbos
834 5017 1107 5093 humiliat,
1140 5017 1195 5075 in
1224 5037 1385 5093 grave
1424 5022 1635 5093 aliquod
1691 5017 1966 5091 peccatum
2022 5038 2115 5080 eos

524 5090 724 5161 callere
757 5091 1091 5158 permittens,
1129 5109 1147 5143 ι
1179 5090 1318 5148 sicut
1348 5090 1589 5149 medicus
1611 5090 1828 5161 sapiens
1860 5095 1911 5147 in
1945 5108 2119 5149 reme-

522 5160 671 5234 dium
720 5161 939 5234 majoris
987 5163 1157 5218 morbi
1210 5165 1407 5234 patitur
1452 5160 1723 5220 infirmum
1774 5164 1827 5218 in
1861 5164 2114 5221 leviorem

522 5232 773 5306 moi-hum
794 5232 1165 5306 inciderenut
1197 5232 1420 5306 angelici
1452 5236 1694 5291 Doctoris
1718 5235 1965 5304 exemplo
1994 5246 2113 5291 utar

527 5302 670 5375 (2-9.,
696 5320 746 5371 q.
784 5304 909 5366 162,
932 5323 983 5358 a.
1020 5307 1073 5373 6,
1107 5306 1175 5359 ad
1200 5302 1289 5373 5):
1313 5308 1641 5375 frequentius
1663 5316 1840 5360 autem
1870 5302 1922 5360 in
1954 5306 2107 5361 luxu-

521 5374 658 5425 riam
690 5390 703 5427 :
737 5385 791 5429 et
818 5376 1050 5431 vicissim
1080 5379 1238 5431 etiam
1266 5374 1498 5434 humiles
1529 5378 1631 5431 hoc
1660 5377 1864 5431 exaltat
1906 5376 1959 5431 in
2003 5391 2105 5431 sa:-

523 5444 685 5509 culo;
747 5447 869 5501 hinc
924 5449 1007 5513 pie
1063 5449 1250 5504 Petrus
1308 5448 1637 5504 Venerabilis
1686 5447 1824 5516 (Lib.
1876 5463 1891 5500 ι
1948 5448 2097 5514 Mir.,

529 5530 647 5581 cap.
679 5516 773 5586 illi)
804 5536 815 5570 :
854 5538 870 5570 ι
907 5518 1120 5583 Sancti,
1177 5521 1324 5581 infit.
1354 5520 1495 5574 inter
1540 5518 1718 5573 abdita
1766 5517 2109 5573 latibulorum

529 5601 695 5654 opera
724 5605 821 5642 sua
854 5605 1067 5660 semper
1091 5591 1270 5646 celare
1299 5591 1565 5656 laborant;
1590 5587 1682 5645 sed
1707 5602 1770 5644 ea
1793 5589 1841 5645 si
1867 5589 2110 5646 homines

528 5665 762 5724 taceant,
799 5661 998 5727 lapides
1029 5664 1283 5717 clamant.
1317 5678 1335 5713 ι

599 5729 723 5781 (.‘nm
778 5732 883 5785 lucc
926 5749 1046 5803 ergo
1077 5735 1231 5794 dicit,
1260 5732 1477 5787 ostendit
1506 5747 1704 5786 omnem
1748 5730 2110 5788 exultationem

525 5812 685 5866 genus
699 5817 806 5857 esse
830 5804 1123 5877 superbiw.]
1139 5804 1401 5876 Suppouit
1423 5805 1506 5863 hic
1528 5804 1586 5863 S.
1612 5804 1934 5861 Benedictus
1956 5806 2106 5886 plura

2232 3672 2511 3742 subiungit
2559 3676 2899 3744 exemplum,
2932 3674 3000 3730 de
3027 3690 3085 3729 se
3113 3675 3379 3731 dicentis:
3413 3672 3663 3743 Domine,
3713 3697 3825 3734 non

2227 3755 2302 3799 est
2331 3746 2611 3797 exaltatum
2641 3760 2730 3799 cor
2756 3761 2955 3811 meum,
2983 3757 3087 3800 etc.
3121 3746 3327 3813 Quibus
3370 3748 3580 3814 verbis,
3627 3760 3681 3803 ut
3728 3752 3828 3805 ob-

2230 3822 2413 3871 servat
2468 3814 2778 3886 Bernardus
2832 3816 3199 3881 Cassinensis,
3259 3818 3521 3886 duplicem
3579 3819 3829 3877 declarat

2234 3886 2434 3961 habere
2462 3899 2522 3939 se.
2552 3884 2906 3961 humilitatem
2937 3905 2948 3940 :
2979 3888 3289 3943 interiorem
3318 3884 3475 3961 202
3498 3904 3620 3944 cum
3650 3893 3824 3946 dicit:

2231 3954 2354 4009 Non
2376 3966 2448 4009 est
2473 3956 2752 4010 exaltatum
2780 3974 2868 4011 cor
2898 3974 3099 4023 meum;
3126 3954 3606 4016 exterioTEnt—cutn
3636 3963 3787 4016 addit
3806 3980 3825 4017 :

2229 4025 2411 4097 Neque
2438 4028 2556 4081 elati
2582 4039 2699 4082 sunt
2729 4030 2866 4083 oculi
2896 4031 3024 4093 mei,
3058 4038 3163 4083 etc.
3207 4029 3360 4094 Quod
3408 4046 3473 4086 ex
3523 4032 3825 4096 Smaragdo

2229 4107 2313 4171 est
2368 4098 2596 4171 dicere:
2654 4118 2672 4150 ι
2707 4099 2849 4154 Nihil
2901 4100 3036 4171 meis
3093 4102 3301 4154 meritis
3356 4102 3631 4171 reputavi,
3683 4104 3823 4160 nihil

2226 4169 2633 4241 scicntiremea:
2660 4171 2897 4237 contuli;
2944 4169 3039 4226 sed
3089 4170 3133 4224 si
3183 4171 3385 4241 aliquid
3422 4169 3557 4227 boni
3612 4175 3773 4229 habui
3804 4218 3821 4240 ,

2230 4247 2400 4293 totum
2430 4239 2617 4310 gloria:
2651 4242 2743 4296 Dei
2793 4241 2915 4296 dedi
2941 4260 2954 4305 ;
3014 4241 3160 4297 nolui
3191 4239 3342 4310 quasi
3373 4245 3635 4299 mirabilis
3662 4239 3823 4300 inno-

2229 4318 2436 4365 tescere
2466 4311 2803 4384 hominibus,
2836 4327 2935 4384 nec
2962 4312 3185 4384 quaesivi
3207 4382 3215 4384 _
3236 4314 3437 4384 aliquid
3478 4329 3640 4383 super
3673 4317 3821 4371 vires

2227 4394 2410 4453 meas,
2442 4380 2585 4453 unde
2613 4396 2699 4436 me
2728 4380 2866 4452 apud
2896 4380 3177 4453 imperitos
3200 4380 3481 4453 iactarem.
3516 4380 3690 4441 Aliter
3715 4405 3728 4440 :
3759 4389 3819 4441 ln

2207 4450 2435 4526 imagnis
2463 4451 2608 4526 enim
2624 4450 2912 4526 ambulare
2940 4450 3022 4509 est
3054 4450 3246 4523 magna
3275 4454 3343 4511 de
3370 4472 3429 4510 se
3452 4473 3816 4525 unumquem-

2225 4536 2330 4589 que
2367 4522 2588 4578 sentire.
2622 4525 2677 4578 ln
2708 4525 3043 4580 mirabilibus
3073 4535 3156 4580 est
3182 4566 3195 4591 ,
3230 4526 3476 4583 mirabile
3524 4530 3591 4583 de
3624 4522 3683 4584 se
3713 4528 3819 4584 ali-

2226 4592 2353 4661 quid
2404 4595 2741 4651 existimare.
2778 4614 2797 4648 ι

2299 4664 2556 4744 Sedquid
2573 4668 2673 4744 _?.si
2713 4682 2814 4721 non
2852 4668 3445 4744 Ituntiliter_sentiebam,
3492 4672 3623 4744 etc.]
3662 4671 3819 4744 Quod

2224 4732 2301 4813 ait
2326 4753 2339 4789 :
2364 4732 2509 4791 Sicut
2530 4736 2840 4813 obluctatus,
2857 4748 2988 4813 etr._,
3006 4739 3215 4813 duobus
3242 4741 3415 4795 modis
3432 4732 3817 4813 intelligifllil-

2224 4805 2476 4879 demarus
2501 4825 2513 4861 :
2542 4811 2590 4862 1.
2622 4808 2771 4864 Sicut
2792 4825 2919 4879 puer
2936 4811 3231 4865 ablactatns
3249 4827 3368 4865 cum
3385 4805 3817 4868 solidumvcibum

2222 4877 2509 4935 comedere
2538 4894 2643 4933 non
2678 4877 2873 4949 potest,
2909 4884 3097 4935 mortis
3122 4882 3265 4935 subit
3291 4883 3608 4951 periculum,
3646 4887 3715 4937 ita
3758 4895 3817 4941 et

2224 4962 2325 5020 ego
2366 4964 2463 5019 pro
2511 4958 2612 5004 tua:
2648 4951 2994 5006 beatitudinis
3042 4951 3324 5008 dulcedine
3376 4958 3565 5008 mortis
3614 4971 3817 5010 amara:

2146 5007 2202 5067 Ῑ)
2224 5007 2515 5075 discrimen
2540 5020 2810 5077 incurram
2831 5065 2845 5088 ,
2876 5024 2919 5077 si
2940 5007 3344 5089 non‘humiliter
3365 5007 3622 5083 sensero:
3649 5007 3835 5091 quat—ri

2230 5092 2623 5159 expositionem
2654 5096 2918 5164 sequitur
2970 5093 3272 5148 Bcrnardus
3323 5094 3535 5150 Cassin.
3574 5097 3630 5150 2.
3660 5097 3817 5151 Sicut

2226 5170 2401 5216 mater
2463 5165 2718 5217 infantem
2770 5165 3413 5228 ablactatura,mamillis
3436 5168 3816 5222 amaritudinis

2221 5232 2422 5301 aliquid
2470 5234 2737 5301 imponit,
2771 5244 2858 5301 ut,
2920 5250 2984 5289 ea
3030 5236 3339 5304 degustato,
3401 5239 3603 5293 laetare
3657 5239 3812 5293 refu-

2216 5304 2357 5429 tgiabt,
2390 5306 2458 5360 ita
2487 5305 2614 5360 mihi
2650 5320 2747 5377 pro
2771 5306 3040 5363 felicitatis
3066 5306 3352 5364 dulcedine
3388 5311 3811 5366 amaritudinem

2242 5392 2281 5429 l'l
2326 5390 2439 5429 uas.

2216 5384 2439 5431 tribuas.

2289 5446 2457 5521 Unde,
2482 5447 2711 5521 [ταωνι]
2738 5449 2956 5508 Fratres
2976 5460 3133 5508 vocat
3154 5467 3261 5509 non
3283 5452 3459 5508 solum
3482 5450 3806 5518 monachos,

2221 5516 2391 5597 inquit
2422 5516 2711 5597 Boherius,
2734 5525 2827 5577 sed
2862 5536 3050 5597 omnes
3104 5526 3266 5580 etiam
3309 5524 3529 5592 ﬁdeles,
3563 5538 3699 5597 quos
3736 5516 3807 5581 ad

2218 5592 2492 5666 Caelestem
2525 5595 2747 5659 patriam
2790 5594 2977 5649 venire
3009 5604 3273 5666 peroptat.
3331 5664 3338 5666 _
3580 5592 3600 5597 “
3873 5598 3890 5629 ά

2210 5688 2249 5743 Ἀ
2289 5661 2351 5717 Si
2377 5679 2590 5743 summa:
2633 5666 2943 5743 .Immiiitalis
2981 5661 3212 5722 volumus
3255 5664 3479 5743 culmen
3504 5668 3805 5743 attingere]

2214 5732 2450 5809 Summa:
2473 5735 2603 5789 dicit
2631 5734 2977 5809 humilitatis,
3006 5753 3257 5809 magnum
3283 5738 3482 5809 aliquid
3529 5732 3805 5794 huniilital

2217 5805 2287 5861 tis
2307 5806 2558 5863 virtutem
2588 5821 2707 5866 esse
2750 5805 3144 5868 demonstrans.
3190 5810 3258 5867 Et
3302 5805 3495 5868 revera
3534 5810 3804 5869 humilitas
