4074 6356
315 323 420 380 577

1387 315 1667 376 REGULA
1708 315 2203 376 COMMENTATA.
2247 320 2398 377 CAP.
2444 320 2554 378 νη.

3456 374 3459 381 λ
3486 326 3589 380 57S

315 454 415 563 fro
448 424 665 519 .Cltristo
713 441 949 503 suscepta
994 426 1185 517 regiam
1211 436 1439 517 'prwfert
1485 436 1812 521 dignitatem,
1842 448 1900 492 ut
1927 441 1977 499 Α
2006 438 2379 514 decimamque
2418 444 2642 514 gradum
2688 446 2901 520 adjecit:
2927 451 3320 525 Cujus'scalam
3349 450 3481 505 tanti
3517 445 3592 499 le-

338 518 553 563 onuitur
573 505 846 561 Gilbertus
863 505 930 559 de
962 505 1256 561 llotllandta
1290 507 1662 563 (Sertti.18.tn
1690 510 1889 563 Laut).
2004 525 2129 563 cere
2177 517 2522 563 noster-iores-
2567 526 2625 563 nt
2669 524 2828 563 varii:
2872 539 2989 563 nam
3030 520 3430 563 nnmmnnlariis
3470 517 3591 563 illu-

338 509 553 573 oquitur
573 505 846 561 Gilbertus
861 505 930 579 de
955 505 1256 579 lloillandia
1286 507 1487 579 (Serm.
1504 508 1591 571 18,
1610 510 1662 562 in
1690 510 1889 579 Cunt.),

314 580 474 647 cujus
503 579 666 650 etiam
698 576 1007 646 magnitudo
1037 593 1101 630 ex
1130 579 1247 650 ipso
1273 578 1472 633 Christi
1504 580 1752 650 exemplo
1774 621 1793 647 ,
1847 576 1902 636 et

315 652 372 704 in
412 650 549 703 hanc
601 648 849 719 virtutem
899 662 1084 719 amore
1126 649 1304 719 colligi
1354 659 1567 718 potest,
1601 648 1677 704 ut'
1706 652 1899 706 merito

318 722 378 793 ει.
409 719 717 793 Det-nardus
738 717 935 772 dixerit
962 717 1159 793 (Serm.
1186 717 1285 793 4ξ›;
1306 717 1367 793 in
1396 720 1614 793 (Caua);
1655 738 1674 771 t
1711 722 1899 793 Magna

315 790 635 845 humilitatis
670 789 871 860 virtus,
916 790 1001 860 eui
1033 792 1194 845 etiam
1224 791 1448 845 Deitatis
1487 789 1741 860 majestas
1791 789 1896 848 tam

312 861 476 916 facile
523 874 582 915 se
612 858 849 932 inclinat.
876 877 909 932 γι
947 859 1014 913 Ει
1044 860 1236 932 iterum
1268 860 1461 932 (Epist.
1493 858 1584 932 42)
1611 880 1623 917 :
1663 881 1680 914 t
1710 861 1902 920 Nescio

317 948 428 1001 quo
454 940 615 1005 pacto
642 929 1198 1005 familiauiussemper
1228 929 1511 1005 humilitati
1543 929 1903 1005 propinquare

316 999 469 1074 solet
508 1000 791 1074 Divinitas‘.
845 999 1082 1072 Denique
1102 999 1203 1057 illa
1233 1018 1293 1057 se
1316 1003 1509 1070 induit,
1544 999 1903 1074 uta'ppa'reret

313 1072 626 1147 hominibus
643 1089 674 1147 ;_
696 1071 1045 1147 substantiam
1069 1114 1083 1138 ,
1125 1074 1349 1147 formam
1369 1115 1383 1140 ,
1412 1071 1754 1147 habitumque
1776 1089 1902 1147 ges-

316 1145 453 1199 tavit
511 1144 798 1208 humilem,
830 1142 999 1208 ipsius
1056 1145 1208 1200 nobis
1260 1146 1642 1201 commendans
1668 1142 1901 1201 'virt'utis

316 1215 717 1279 excellentiam,
741 1228 900 1283 quam
929 1216 1151 1284 speciali
1176 1216 1256 1270 sui
1286 1216 1450 1270 voluit
1475 1216 1741 1272 honorare
1764 1232 1904 1284 pra:-

318 1288 514 1341 sentia.
547 1303 566 1337 t
601 1284 823 1341 Culmen
862 1294 1042 1341 autem
1094 1287 1411 1341 humilitatis
1446 1288 1715 1342 Bernardo
1746 1284 1900 1344 Cass.

318 1367 404 1412 est
441 1358 674 1411 charitas
726 1356 977 1425 perlecta,
1027 1372 1149 1426 quae
1179 1358 1321 1412 foras
1349 1360 1512 1412 mittit
1536 1359 1801 1424 timorem,
1834 1360 1902 1415 de

315 1442 418 1497 qua
439 1428 502 1480 ad
526 1429 748 1499 gradum
780 1427 876 1499 12;
905 1428 1133 1482 Boherio
1160 1430 1243 1483 vel
1273 1428 1527 1495 charitas,
1551 1429 1636 1484 vel
1666 1429 1903 1485 caelestis

315 1499 486 1566 patria
508 1540 523 1570 ,
561 1498 650 1570 vel
668 1499 790 1570 ipse
821 1498 993 1563 Deus,
1026 1500 1114 1569 qui
1139 1509 1223 1554 est
1247 1501 1552 1570 exemplum
1574 1509 1629 1555 et
1659 1499 1901 1554 doctrina

316 1570 482 1624 totius
510 1569 845 1623 humilitatis.

388 1638 457 1713 Et
504 1639 570 1693 ad
621 1638 994 1695 exultationem
1033 1640 1177 1694 illam
1233 1640 1536 1713 caelestem]
1580 1643 1707 1697 lliee
1738 1641 1901 1698 verba

315 1711 554 1781 priorum
608 1719 831 1777 possunt
874 1726 994 1767 esse
1049 1713 1393 1782 exposititia,
1448 1711 1705 1768 exaltatio
1757 1713 1900 1769 enim

316 1782 556 1838 caelestis
582 1790 636 1837 et
664 1796 889 1836 summa:
916 1782 1231 1838 humilitatis
1260 1786 1472 1839 culmen
1506 1785 1643 1839 idem
1676 1794 1897 1849 sonant,

315 1867 515 1935 nempe
538 1851 815 1907 caelestem
846 1854 1095 1923 patriam,
1138 1864 1195 1909 ut
1216 1870 1337 1909 mox
1378 1855 1677 1925 explicabat
1722 1854 1895 1912 Bohe~

314 1939 451 1980 I'IUS.
615 1935 624 1943 ’

387 1995 469 2048 Ad
489 2011 644 2062 quant
674 2010 763 2065 per
787 1996 1051 2063 prementis
1080 1997 1195 2051 vita?
1222 1995 1563 2052 humilitatem
1584 1994 1895 2065 pervenitur,

311 2064 447 2137 etc.]
478 2067 601 2121 Haec
630 2064 715 2121 est
737 2067 880 2121 enim
908 2066 973 2120 ad
998 2082 1114 2122 eam
1146 2069 1227 2122 via
1248 2110 1261 2133 ,
1292 2084 1409 2137 qua:
1444 2069 1603 2123 sicuti
1632 2068 1743 2122 sola
1762 2110 1776 2132 ,
1827 2071 1900 2125 ita

311 2146 372 2192 et
419 2138 808 2203 securissima;
894 2137 1032 2193 unde
1088 2137 1337 2194 Joannes
1371 2139 1637 2194 Climacus
1692 2139 1901 2195 dicebat

310 2205 626 2281 (_Grad._25)
655 2226 719 2281 :_(
753 2208 813 2281 Si
837 2209 1088 2281 superbia
1114 2224 1179 2264 ex
1198 2209 1419 2281 angelis
1444 2210 1718 2264 daemones
1739 2225 1901 2279 quos-

310 2279 437 2333 dam
461 2277 657 2343 elTeeit,
679 2279 815 2332 haud
836 2278 996 2334 dubie
1017 2281 1176 2335 etiam
1192 2277 1464 2336 humilitas
1478 2296 1541 2336 ex
1566 2277 1901 2337 dmmonibus

308 2349 486 2404 lacere
513 2359 687 2418 potest
711 2349 953 2420 angelos.

381 2420 595 2490 Actibus
626 2423 815 2474 nostris
841 2421 1232 2476 ascendentibus
1255 2421 1397 2476 scala
1426 2420 1517 2475 illa
1543 2421 1780 2490 erigenda
1802 2434 1894 2489 est,

308 2488 442 2561 etc.}
475 2491 582 2545 Hac
606 2492 658 2545 in
690 2490 830 2547 scala
875 2492 1229 2547 ascendentes
1256 2501 1349 2547 aut
1391 2488 1777 2549 descendentes
1806 2511 1900 2549 an-

311 2562 420 2633 geli
474 2562 764 2628 dicuntur,
816 2563 951 2617 nulli
1005 2563 1359 2618 subsistentes
1416 2574 1506 2617 aut
1560 2565 1893 2630 residentes;

317 2650 338 2684 s
373 2642 672 2705 quatenus,
701 2635 873 2704 inquit
899 2633 959 2688 S.
996 2634 1300 2689 Bernardus
1338 2634 1497 2705 203
1534 2634 1598 2705 ad
1642 2634 1896 2691 Garinum

308 2704 554 2759 scribens
600 2703 799 2773 (Epist.
819 2705 974 2774 9.54),
1007 2706 1179 2774 palam
1207 2703 1428 2760 dareﬁtr
1465 2703 1726 2774 intelligi,
1758 2707 1898 2762 inter

310 2775 610 2845 perfectum
662 2786 720 2831 et
769 2774 1035 2831 delectum
1086 2778 1140 2831 in
1186 2776 1287 2831 hoc
1317 2785 1461 2830 statu
1500 2776 1744 2831 mortalis
1772 2779 1900 2832 vitae

309 2846 448 2901 nihil
487 2845 721 2901 medium
767 2846 1033 2912 inveniri;
1083 2848 1175 2902 sed
1208 2847 1477 2915 quomodo
1504 2848 1675 2915 ipsum
1705 2861 1899 2917 corpus

311 2928 554 2972 matrum
592 2919 845 2973 continue
888 2926 980 2971 aut
1032 2932 1279 2973 crescere
1327 2927 1538 2972 constat
1579 2926 1671 2970 aut
1710 2918 1897 2973 decre-

309 3001 497 3056 scere,
532 2990 610 3044 sic
650 3002 872 3045 necesse
897 2990 965 3042 sit
990 2996 1045 3044 et
1072 2989 1317 3058 spiritum
1351 2996 1443 3042 aut
1467 2988 1727 3059 prolicere
1755 3005 1899 3044 sem-

309 3068 525 3133 per__aut
552 3059 805 3133 deiicere.
839 3078 857 3111 s

296 3129 324 3180 Γ
386 3130 510 3185 Non
555 3132 698 3184 aliud
735 3132 841 3185 sine
886 3129 1041 3184 dubio
1082 3130 1348 3185 descensus
1386 3130 1472 3183 ille
1510 3139 1556 3184 et
1591 3146 1830 3186 ascensus
1866 3151 1898 3187 α

312 3202 457 3256 nobis
488 3203 809 3272 intelligitur,
834 3202 936 3255 nisi
966 3201 1277 3256 exultatione
1306 3201 1627 3267 descendere,
1658 3210 1705 3254 et
1732 3205 1900 3258 humi-

310 3271 811 3345 litate_ascendere.]
857 3273 1060 3345 Quibus
1108 3273 1335 3345 quadrat
1374 3272 1505 3345 illud
1548 3273 1604 3327 S.
1648 3272 1902 3342 Cypriani

310 3342 418 3411 (De
445 3342 566 3397 Zeto
595 3354 643 3397 et
674 3342 871 3405 Livore)
907 3361 919 3396 :
952 3362 970 3394 ι
1009 3343 1320 3398 Humilitate
1360 3343 1424 3396 ad
1460 3358 1666 3397 summa
1702 3348 1901 3400 cresci-

312 3428 470 3486 rn_us;
511 3434 529 3465 ι
563 3413 721 3486 et-_S.
767 3415 1073 3486 Hieronymi
1121 3416 1189 3469 ad
1242 3413 1571 3486 Desiderium
1619 3414 1903 3486 scribentis

310 3484 511 3555 (Epist.
547 3484 673 3552 154)
702 3502 715 3540 :
758 3505 775 3537 ι
810 3486 927 3540 Scis
959 3484 1150 3553 dogma
1196 3493 1436 3540 nostrum
1484 3484 1795 3540 humilitatis
1826 3498 1902 3541 tc-

310 3570 446 3627 nere
470 3555 741 3619 vexillum,
769 3565 824 3611 et
851 3570 942 3622 per
973 3559 1075 3611 ima
1104 3556 1409 3627 gradientes
1432 3555 1495 3609 ad
1522 3570 1729 3627 summa
1750 3570 1903 3612 scan-

311 3626 475 3690 dere;
528 3646 546 3677 »
579 3627 805 3697 denique
843 3627 901 3682 S.
947 3626 1226 3696 Angusuni
1266 3641 1361 3682 seu
1411 3628 1644 3694 cujusvis
1685 3626 1904 3685 alterius

310 3697 645 3769 (Serm.7297
671 3700 725 3751 in
745 3699 966 3768 append.
997 3700 1193 3768 Serm.)
1221 3716 1232 3751 :
1263 3715 1281 3748 t
1316 3697 1637 3769 Humilitatis
1662 3701 1902 3765 passibus

313 3768 381 3822 ad
430 3768 554 3824 cteli
600 3769 833 3824 culmina
880 3772 1286 3832 conSCenditur;
1317 3768 1438 3838 quia
1478 3768 1620 3822 Deus
1657 3771 1903 3825 excelsus

311 3852 421 3897 non
448 3839 717 3908 superbia,
748 3840 841 3896 sed
874 3841 1173 3895 humilitate
1198 3839 1497 3909 attingitur.
1531 3838 1597 3892 de
1625 3854 1730 3908 quo
1771 3842 1905 3895 scri-

310 3918 461 3980 ptum
494 3921 578 3965 est
607 3928 620 3963 :
656 3911 789 3966 Deus
818 3913 1048 3981 superbis
1077 3913 1287 3975 resistit,
1319 3910 1591 3964 humilibus
1620 3920 1785 3964 autem
1816 3913 1904 3964 dat

313 3981 563 4051 gratiam;
596 3982 737 4037 unde
769 3991 822 4036 et
853 3980 902 4035 in
938 3980 1165 4036 Psalmis
1187 3982 1382 4037 dicitur
1412 3997 1424 4033 :
1459 3981 1701 4034 Excelsae
1727 3981 1905 4035 Denti-

312 4067 431 4114 nus,
464 4062 512 4105 et
538 4053 756 4105 humilia
782 4055 1008 4119 respicit,
1034 4064 1079 4106 et
1107 4056 1214 4107 alta
1244 4070 1275 4105 a
1305 4052 1454 4121 longe
1479 4051 1752 4121 cognoscit.
1785 4054 1901 4106 Alta

313 4121 493 4192 posuit
516 4138 611 4189 pro
633 4124 905 4191 superbis;
932 4123 1146 4177 humilia
1170 4138 1298 4177 vero
1320 4123 1559 4187 respicit,
1587 4130 1645 4174 ut
1664 4123 1900 4188 attollat;

312 4192 446 4264 alta,
482 4193 532 4247 id
566 4201 648 4248 est
673 4196 925 4263 superba,
959 4195 1232 4264 cognoscit
1262 4203 1318 4247 ut
1347 4193 1582 4260 dejicrat.

298 4316 299 4321 η
390 4261 577 4318 Latera
622 4261 752 4318 vero
784 4261 1209 4336 ejusdem'scalw
1258 4265 1474 4317 dicimus
1520 4271 1905 4336 uoslrunt_esse

316 4350 504 4408 corpus
550 4344 598 4390 et
646 4334 919 4408 animum]
967 4336 1133 4402 Quem
1188 4336 1238 4389 in
1301 4336 1475 4389 loettm
1524 4334 1847 4408 Stuaragdus
1888 4354 1901 4389 :

319 4422 345 4459 ι
378 4407 680 4476 Sapienter,
706 4406 1166 4473 inquit,‘nostrutu
1194 4421 1384 4475 corpus
1408 4413 1462 4459 et
1489 4406 1719 4460 animam
1750 4407 1905 4475 hujus

313 4477 478 4532 scala:
504 4478 612 4532 duo
654 4478 781 4532 dicit
821 4492 941 4532 esse
974 4478 1173 4541 latera;
1205 4478 1325 4547 quia
1371 4492 1433 4530 ex
1474 4486 1702 4546 utroque
1731 4479 1905 4532 omnis

314 4547 481 4640 homo
508 4549 852 4640 ncompositus
893 4558 1125 4640 constat,
1173 4558 1227 4603 et
1276 4563 1369 4630 pro
1414 4562 1596 4602 amore
1623 4547 1822 4640 Christi
1852 4559 1907 4631 et
1935 4576 1988 4640 υ

314 4619 423 4689 vita
456 4628 680 4684 interna,
702 4635 765 4675 ex
786 4632 1009 4684 utraque
1035 4621 1331 4675 substantia
1355 4634 1473 4689 quae
1500 4619 1771 4687 przevalet,
1799 4621 1910 4689 agit

316 4687 491 4753 bona;
523 4700 579 4746 et
608 4701 662 4744 ttt
692 4692 745 4746 in
784 4691 1198 4746 resurrectionis
1228 4687 1398 4760 gloria
1438 4691 1490 4743 iu
1532 4698 1756 4759 utraque
1784 4687 1908 4745 sub-

318 4763 515 4832 smntia
547 4763 741 4817 laboris
771 4763 853 4816 sui
901 4763 1121 4831 recipiat
1149 4762 1387 4832 praemia,
1422 4761 1472 4815 in
1506 4768 1731 4832 utraque
1771 4764 1907 4815 sub-

316 4831 516 4902 gtantia
546 4834 778 4889 sollicite
808 4835 1000 4902 satagit
1036 4830 1244 4888 Domini
1274 4833 1549 4887 custodire
1578 4830 1844 4887 mandata.
1883 4850 1903 4884 ι

316 4900 598 4974 Utautem
632 4904 747 4958 hare
774 4903 879 4959 duo
910 4900 1228 4974 coapteutur
1262 4905 1447 4969 latera,
1480 4903 1656 4974 dolari_
1677 4903 1902 4968 debent;

319 4972 536 5028 dolatur
567 4984 743 5029 autem
783 4975 981 5040 anima,
1015 4972 1075 5030 fut
1108 4984 1226 5044 post
1267 4974 1596 5029 Bernardum
1624 4972 1907 5029 Cassineu-

316 5056 434 5098 sem
472 5046 547 5101 ait
587 5046 873 5115 Boherius,
912 5064 1031 5101 cum
1073 5048 1281 5116 corpori
1331 5062 1429 5100 suo
1471 5047 1800 5114 compatiens
1842 5045 1910 5099 de

316 5128 412 5168 Stta
446 5118 718 5172 voluntate
747 5118 1031 5181 subtrahit,
1061 5118 1201 5187 quod
1228 5118 1342 5187 ejus
1369 5117 1694 5186 impenditur
1722 5131 1910 5171 neces-

316 5187 465 5240 sitati
496 5203 557 5243 ac
598 5190 1002 5254 sustetttalioni;
1042 5189 1255 5243 dolatur
1294 5198 1346 5243 et
1387 5203 1601 5258 corpus,
1634 5202 1755 5243 cum
1788 5189 1913 5243 sub-

300 5258 483 5329 traltit
504 5259 605 5313 sibi
625 5261 693 5315 de
722 5270 870 5329 potu.
893 5262 958 5314 de
980 5259 1121 5323 cibo,
1144 5260 1211 5315 de
1238 5274 1450 5325 somno,
1478 5260 1545 5313 de
1570 5260 1907 5329 necessitate.

393 5326 459 5381 In
489 5346 589 5398 qua
620 5326 783 5385 latera
821 5332 1046 5385 diversos
1089 5332 1393 5385 humilitatis
1440 5328 1676 5400 gradus.]
1723 5330 1910 5383 Varios

317 5399 641 5456 humilitatis
662 5402 859 5471 gradus
884 5403 1017 5456 varii
1048 5399 1473 5471 assignaverunt,
1498 5399 1718 5471 quos,’si
1741 5401 1907 5465 lubet,

320 5471 446 5525 side
478 5476 617 5539 apud
648 5473 967 5528 Hael‘tenum
1010 5473 1098 5527 lib.
1141 5489 1216 5538 γι,
1249 5481 1403 5527 tract.
1430 5477 1487 5537 ιι,
1519 5473 1657 5542 disq.
1688 5472 1776 5526 64.
1802 5474 1907 5528 Sed

317 5542 371 5596 izi
409 5543 469 5596 iis
502 5543 850 5599 recensendis
896 5543 1301 5613 assignandisve
1345 5543 1521 5597 nullus
1552 5545 1609 5599 S.
1652 5542 1708 5597 Ρ.
1744 5544 1910 5597 Bene-

321 5614 466 5669 dicto
496 5614 705 5670 felicius
739 5624 831 5669 aut
861 5615 1050 5669 melius
1084 5616 1316 5679 scripsit,
1348 5615 1438 5683 qui
1464 5629 1612 5667 suam
1645 5614 1713 5668 de
1740 5615 1911 5669 humi-

322 5684 476 5740 litate
504 5686 805 5741 doctriuam
830 5702 858 5740 a
877 5686 1157 5749 Cassiano.
1189 5686 1279 5741 lib.
1310 5702 1357 5738 tv
1390 5700 1508 5753 Cap.
1530 5685 1910 5753 59,acceptam

325 5757 588 5825 promtnio
610 5758 842 5825 ornavit,
871 5758 1105 5813 debitum
1133 5759 1185 5813 in
1215 5758 1452 5811 ordinem
1480 5755 1773 5821 diSposuit,
1798 5756 1911 5811 sin-

322 5828 585 5904 gulosque
612 5827 810 5901 gradus
845 5829 1145 5902 illustravit,
1177 5828 1369 5903 quibus
1400 5826 1735 5885 undecimum
1767 5826 1911 5886 duo-

2002 517 2523 637 :ereposteriores,
2567 526 2625 573 ut
2669 517 2828 578 variis
2872 517 3430 581 eam'commentariis
3470 517 3591 572 illu-

2058 598 2195 637 rartn
2229 627 2242 637 .
2428 616 2437 624 -

2058 598 2242 641 rartnt.

2077 654 2512 739 Die-ingruocatio
2552 662 2904 739 ascendendos
2950 665 3206 739 inseruit.]
3238 662 3590 739 necentioms

2003 723 2187 807 legunt
2208 726 2645 807 _Divir_ta_vocatio,
2680 743 2840 807 atque
2879 738 2949 791 ita
2981 723 3281 795 Bernardus
3302 734 3588 807 Cassius!!-

2004 800 2103 860 sis,
2135 800 2219 852 cui
2253 819 2275 879 μ
2309 800 2486 856 divina
2520 806 2726 879 vocatio
2751 800 2852 862 "est
2893 810 3105 877 electio,
3138 823 3241 879 qua
3274 808 3415 863 Deus
3442 803 3588 879 (3'38"

2006 880 2101 950 per
2129 871 2355 950 gratiam
2378 887 2523 950 quos
2551 890 2641 950 per
2668 878 2893 950 fructum
2925 878 3049 934 boni
3081 871 3261 950 operis
3285 876 3588 950 misericor-

2004 938 2142 1020 diter
2177 938 2417 1020 perducit
2458 944 2524 1020 ad
2549 938 2806 1020 gloriam;
2840 967 2859 1000 ι
2889 950 3024 1017 sive,
3062 938 3131 1005 ιη’
3154 949 3386 1019 loquitur
3413 946 3589 1001 Bobe-

2006 1013 2142 1090 rius,
2172 1028 2190 1061 ι
2230 1013 2648 1090 ρι’ωάθειίηίιῠο,
2678 1019 2803 1090 quia
2832 1035 2967 1090 quos
2997 1013 3237 1087 vocavit,
3258 1020 3354 1073 hos
3375 1028 3428 1073 et
3456 1030 3588 1090 pra}:

2006 1078 2320 1159 destinavit;
2354 1099 2450 1159 per
2483 1087 2579 1140 ltos
2603 1078 2746 1141 enim
2770 1078 2966 1158 gradus
2991 1102 3193 1146 tantum
3214 1078 3588 1159 'prredestiuati

2004 1152 2317 1225 escendunt,
2351 1152 2414 1208 ad
2461 1170 2703 1225 superos.
2744 1152 2863 1213 »Ἐι
2898 1162 2994 1217 hac
3036 1165 3173 1218 forte
3218 1152 3284 1216 de
3326 1174 3483 1214 causa
3526 1156 3587 1211 S.

2003 1219 2236 1301 Joannes
2262 1219 2743 1301 Clintacus'wrad.
2774 1230 2866 1301 25)
2900 1233 3095 1289 dixerit
3121 1233 3288 1288 solam
3331 1245 3448 1285 esse
3482 1227 3588 1282 vir-

2007 1296 2574 1376 tutemdiumilitatis,
2597 1315 2776 1376 quam
2804 1296 3188 1359 dinmoniornm
3221 1302 3395 1376 nullus
3432 1307 3589 1370 queat

2006 1366 2229 1441 imitari.
2274 1366 2460 1422 Nostra
2492 1366 2627 1424 vero
2656 1371 2815 1426 lectio
2844 1376 3080 1428 omnium
3112 1384 3191 1429 est
3221 1366 3585 1441 antiquorum,

2008 1447 2115 1488 uno
2144 1435 2291 1514 forte
2311 1449 2535 1514 excepto
2579 1441 2902 1514 llildemaro.
2934 1445 3070 1511 Quid
3115 1456 3291 1499 autem
3331 1435 3494 1514 2'05
3519 1441 3590 1494 Sit

2006 1507 2252 1585 evocatio
2280 1509 2347 1585 ita
2380 1512 2612 1577 explicat
2651 1507 2976 1585 Simaragdus'
3005 1535 3016 1568 :
3054 1536 3075 1568 ε
3116 1507 3590 1585 timentia—dicitur

2006 1577 2220 1657 quando
2260 1580 2326 1631 ad
2364 1594 2640 1657 summum
2686 1577 2879 1639 bellum
2912 1592 3016 1640 non
3048 1587 3217 1641 solum
3247 1584 3463 1649 miiites,
3494 1580 3589 1637 sed

2006 1651 2167 1702 etiam
2198 1651 2376 1705 caueri
2418 1663 2705 1720 vocantur;
2755 1656 2897 1710 unde
2940 1672 3187 1722 evocare,
3227 1656 3457 1711 educere
3493 1666 3589 1708 seu

2007 1732 2306 1797 provocare
2353 1723 2696 1797 intelligitur;
2731 1726 2869 1795 quod
2902 1729 3123 1783 verbum
3170 1737 3292 1797 apte
3332 1725 3462 1780 satis
3487 1723 3590 1797 hoc

2012 1789 2128 1863 loco
2156 1800 2238 1845 est
2267 1789 2690 1863 posituquuia
2720 1789 2777 1851 ut
2812 1798 2877 1851 ad
2926 1789 3228 1853 bellandum
3259 1806 3444 1851 contra
3472 1795 3591 1848 dia-

2008 1859 2186 1914 bolum
2216 1859 2493 1919 duodecim
2524 1859 2778 1935 gradibns
2820 1868 3135 1926 humilitatis
3162 1867 3354 1923 armati
3383 1866 3591 1935 fortiter

2006 1944 2412 2000 consurgamus,
2447 1934 2684 2004 quotidie
2730 1954 2760 1992 a
2805 1939 3032 1995 Domino
3071 1953 3376 2005 evocamur,
3405 1934 3590 1991 educi-

2006 2017 2129 2074 mut‘
2148 2012 2201 2057 et
2226 2020 2600 2074 provocamur,
2642 2028 2658 2059 ι
2690 2020 2795 2066 etc.

2078 2073 2347 2151 l_l_actenus
2382 2073 2643 2151 visionem
2674 2079 2840 2151 .lacob
2868 2081 3093 2151 mystice
3123 2078 3369 2151 exposuit
3400 2078 3459 2134 S.
3491 2078 3592 2135 Be-

2005 2144 2267 2225 nedictus,
2291 2150 2831 2225 eatuqueltumilitati
2859 2144 3153 2225 adaptavit,
3184 2144 3324 2225 quod
3355 2151 3442 2225 alii
3467 2163 3587 2225 cum

2006 2216 2123 2289 ipso
2152 2216 2342 2272 iecisse
2370 2216 2724 2287 reperiuntur.
2752 2224 2897 2276 Alias
2927 2216 3165 2289 ejusdem
3199 2216 3417 2276 visionis
3448 2219 3588 2286 apud

2003 2284 2139 2364 alios
2158 2284 2530 2364 _e_spositiones
2555 2290 2831 2364 olfeudes.
2850 2292 2907 2348 S.
2940 2284 3229 2364 Gregorius
3269 2292 3405 2364 hanc
3432 2284 3588 2364 eihi-

2002 2355 2094 2436 bet
2120 2355 2258 2436 (Lib.
2292 2375 2322 2411 v
2356 2359 2573 2436 illm:an
2613 2378 2728 2429 cap.
2774 2362 2863 2428 22)
2901 2380 2913 2414 :
2953 2382 2971 2436 ς
3008 2355 3075 2417 1ιῖ
3104 2364 3294 2418 itinere
3333 2361 3588 2423 dormire.

2005 2430 2195 2495 inquit,
2229 2437 2315 2482 est
2357 2431 2409 2483 in
2460 2430 2561 2485 hoc
2606 2437 2883 2500 praesentis
2923 2434 3047 2488 vita:
3089 2436 3312 2488 transitur
3348 2448 3377 2485 a
3407 2445 3587 2486 rerum

2004 2500 2376 2574 temporalium
2422 2516 2618 2574 amore
2640 2505 3036 2571 quiescerem.
3067 2503 3301 2574 Angelos
3331 2516 3460 2558 vero
3492 2501 3587 2555 de-

2002 2570 2319 2625 scendentes
2347 2581 2399 2627 et
2425 2570 2777 2628 ascendentes
2801 2589 3045 2641 cernere,
3069 2570 3320 2630 est‘cives
3344 2587 3590 2642 superna:

2005 2642 2188 2713 patria:
2234 2644 2606 2711 contemplari,
2653 2646 2733 2698 vel
2782 2654 2981 2713 quanto
3025 2661 3211 2701 amore
3248 2645 3451 2699 auctori
3491 2656 3592 2697 suo

2003 2712 2325 2786 semetipsos
2345 2714 2771 2770 transcendendo
2794 2712 3108 2781 inhaereant,
3128 2718 3210 2771 vel
3231 2724 3428 2786 quanta
3449 2728 3593 2769 com-

2006 2784 2254 2849 passione
2279 2783 2557 2839 charitatis
2601 2788 2799 2840 nostris
2839 2786 3232 2842 infirmitatibus
3251 2783 3591 2841 condescen-

2004 2852 2152 2926 dant.
2205 2852 2272 2907 Et
2320 2856 2609 2909 notandum
2654 2857 2809 2912 valde
2854 2868 2935 2911 est
2982 2859 3123 2926 quod
3175 2857 3264 2911 ille
3314 2856 3591 2926 dormiens

2003 2923 2221 2992 angelos
2260 2926 2546 2992 couspielt,
2574 2928 2663 2992 qui
2697 2929 2749 2980 in
2792 2928 2964 2996 lapide
2988 2923 3147 2996 caput
3176 2928 3391 2994 ponit...
3420 2924 3592 2996 Caput
3667 2948 3673 2959 ε

2002 2997 2199 3063 quippe
2242 2996 2295 3049 in
2342 2996 2517 3064 lapide
2569 3011 2790 3066 ponere,
2830 2995 2913 3051 est
2954 2995 3133 3052 mente
3170 2996 3388 3052 Christo
3419 2995 3588 3066 inhae—

1917 3090 1930 3099 -
2002 3078 2144 3131 rere,
2179 3083 2197 3116 ι
2232 3077 2333 3121 etc.
2365 3067 2536 3121 Aliter
2568 3067 2942 3122 Hildemarus:
2975 3086 2993 3118 ‹
3026 3068 3127 3122 Per
3158 3069 3354 3122 scalam
3396 3065 3591 3120 intelli-

2003 3136 2145 3208 gitur
2190 3138 2467 3207 Scriptura
2516 3138 2726 3203 divina,
2770 3154 2864 3208 per
2908 3138 3127 3208 angelos
3174 3151 3490 3193 ascensores
3535 3146 3590 3191 et

2004 3206 2356 3264 descensores
2394 3206 3178 3278 intelliguntur'priedicatores
3216 3209 3419 3271 sancti;
3464 3215 3590 3278 tunc

2007 3280 2149 3333 enim
2196 3280 2489 3334 ascendunt
2526 3276 2716 3346 sancti,
2748 3276 2960 3350 quando
2986 3281 3052 3334 de
3084 3280 3366 3334 Divinitate
3398 3276 3591 3347 priedi-

2006 3361 2152 3422 eant,
2184 3352 2321 3406 sicut
2364 3352 2596 3405 Joannes
2638 3352 2764 3406 facit
2802 3351 3069 3406 dicendo:
3104 3350 3167 3404 In
3205 3351 3455 3422 principio
3482 3356 3591 3422 erat

2016 3420 2277 3487 Verbum;
2307 3430 2360 3476 et
2390 3422 2720 3496 descendunt
2768 3437 2890 3476 cum
2921 3422 3004 3496 tle
3038 3418 3367 3496 ltuuiauitate
3400 3418 3591 3487 pratdi-

2007 3504 2150 3559 cant,
2183 3503 2241 3547 ut
2279 3507 2401 3546 cum
2444 3492 2584 3546 idem
2629 3492 2861 3547 Jo‘annes
2904 3492 3075 3546 dicit:
3108 3490 3177 3544 Et
3220 3490 3442 3545 Verme
3471 3504 3591 3543 caro

2007 3566 2199 3631 factum
2246 3573 2338 3627 est,
2383 3572 2430 3616 et
2473 3564 2714 3617 habitavit
2748 3565 2799 3617 in
2840 3564 3002 3626 nobis,
3041 3581 3059 3615 ι
3100 3572 3204 3617 etc.
3235 3562 3402 3616 Aliter
3429 3562 3589 3614 etiam

2008 3637 2200 3691 Petrus
2246 3634 2503 3688 Bolterius
2549 3634 2600 3688 in
2651 3634 2823 3703 primo
2861 3636 3248 3688 commentario
3289 3648 3304 3685 :
3342 3652 3360 3685 ε
3412 3631 3592 3703 Potest

2007 3705 2230 3775 intelligi
2262 3708 2373 3759 lucc
2403 3706 2544 3759 scala
2575 3702 2761 3776 religio
2793 3705 3215 3776 moliachalis...,
3248 3705 3412 3776 latera
3439 3702 3592 3770 cujus

2006 3788 2131 3831 sunt
2157 3779 2447 3831 claustrum
2481 3775 2788 3832 monasterii
2819 3785 2871 3828 et
2899 3775 3162 3830 stabilitas
3191 3775 3403 3844 collegii
3430 3790 3443 3825 :
3472 3788 3591 3844 gra-

2006 3849 2107 3902 dus
2138 3857 2260 3903 sunt
2291 3849 2417 3911 vita,
2462 3847 2725 3914 instituta,
2760 3854 2816 3900 et
2853 3846 3108 3900 doctrina:
3148 3843 3455 3899 sanctorum
3494 3843 3592 3897 Pao

2010 3928 2180 3983 trum;
2214 3918 2384 3987 angeli
2409 3917 2760 3973 ascendentes
2786 3928 2907 3971 sunt
2937 3916 3063 3987 boni
3089 3916 3357 3982 monachi,
3381 3915 3468 3982 qui
3497 3929 3591 3982 per

2008 3989 2400 4044 observantiam
2450 3988 2773 4056 regnlarium
2824 3986 3194 4040 mandatorum
3243 3997 3390 4040 recto
3432 3997 3590 4056 cursu

1972 4112 1977 4115 ,
2010 4061 2327 4127 perveniunt
2355 4058 2419 4112 ad
2447 4053 2820 4113 celsitudinem
2855 4056 3229 4127 perfectionis;
3260 4053 3591 4127 descenden-

2008 4125 2089 4185 tes
2117 4145 2327 4198 quoque
2358 4128 2532 4197 angeli
2572 4138 2695 4182 sunt
2738 4126 3165 4198 malimonachi,
3196 4125 3284 4198 qui
3323 4139 3418 4192 per
3447 4137 3587 4198 pras-

2008 4195 2293 4255 ntissoruiu
2325 4195 2801 4268 transgressionem
2832 4196 2897 4250 ad
2932 4196 3034 4249 ima
3068 4195 3272 4262 mundi,
3300 4205 3355 4249 et
3385 4195 3588 4250 utinam

2008 4286 2116 4325 non
2145 4272 2359 4334 inferni,
2394 4269 2742 4324 descendunt.
2782 4287 2800 4320 ι

2404 4383 2482 4439 De
2508 4385 2672 4457 primo
2702 4380 3003 4436 humilitatis
3030 4379 3217 4453 gradu.

2087 4476 2292 4532 Primus
2321 4479 2488 4548 itaque
2511 4474 2816 4530 humilitatis
2837 4474 3026 4548 gradus
3045 4483 3139 4548 est,
3166 4475 3211 4528 si
3237 4473 3466 4548 timorem
3498 4470 3594 4548 per

2012 4550 2107 4603 sibi
2134 4558 2249 4603 ante
2282 4544 2455 4620 oculos
2486 4564 2680 4620 semper
2715 4544 2953 4620 ponens]
2981 4546 3200 4620 Primus
3211 4560 3345 4620 ergo
3377 4544 3593 4620 humili-

2014 4622 2138 4676 tatis
2166 4619 2385 4691 gradus,
2416 4622 2498 4675 cui
2538 4615 2602 4675 Si
2622 4615 2951 4691 peritardus'
2972 4616 3225 4691 peccandi
3252 4615 3594 4691 consuetudi-

2015 4706 2136 4745 nem
2167 4686 2406 4759 opponit,
2438 4691 2496 4745 S.
2528 4691 2587 4745 P.
2621 4688 2908 4743 Benedicto
2937 4696 3020 4743 est
3048 4688 3206 4743 timor
3250 4688 3341 4741 Dei
3372 4703 3385 4741 :
3420 4704 3439 4738 ι
3476 4686 3593 4759 Pri-

2015 4777 2155 4825 mus,
2202 4762 2320 4816 ittlit
2365 4760 2710 4829 Smaragdus,
2757 4760 2967 4825 ordine,
3013 4759 3136 4827 quia
3184 4758 3384 4826 primus
3422 4768 3504 4811 eSt
3544 4758 3595 4829 in

2013 4832 2379 4903 cogitatione,
2405 4833 2456 4885 in
2486 4826 2659 4903 corde
2705 4840 2761 4903 et
2804 4829 3094 4903 voluntate.
3137 4849 3153 4881 ι
3180 4828 3428 4903 Primus,
3471 4826 3594 4903 quia

2015 4897 2223 4958 initium
2272 4902 2544 4971 sapientia!
2590 4902 2870 4969 omnisque
2909 4901 3117 4971 virtutis
3157 4900 3316 4953 timor
3360 4897 3594 4971 Domini,

2015 4984 2072 5029 ιιι
2104 4968 2347 5043 loquitur
2368 4974 2665 5043 Propheta;
2700 4968 2900 5041 primus
2930 4970 3180 5043 denique,
3208 4974 3350 5035 quia,
3383 4978 3444 5023 ut
3470 4968 3595 5023 dicit

2012 5045 2299 5100 Cassianus
2327 5042 2568 5114 (Lib.’tv,
2599 5060 2715 5114 cap.
2741 5044 2852 5111 59),
2891 5062 2907 5093 ι
2944 5042 3257 5114 principium
3279 5051 3487 5114 nostra:
3513 5054 3594 5094 sa-

2016 5117 2161 5183 lutis,
2204 5111 2551 5186 ejusdemque
2592 5111 2831 5169 custodia
2880 5116 3043 5186 timor
3081 5111 3293 5186 Domini
3339 5121 3452 5177 est;
3505 5126 3597 5178 per

2018 5186 2156 5242 hunc
2188 5183 2327 5243 enim
2361 5195 2416 5239 et
2446 5183 2653 5239 initium
2693 5185 3082 5248 conversionis,
3112 5192 3167 5238 et
3194 5183 3444 5237 vitiorum
3475 5196 3596 5249 pur-

2014 5259 2179 5328 gatio,
2203 5266 2255 5314 et
2277 5261 2528 5311 virtutum
2556 5255 2796 5312 custodia
2820 5256 3014 5328 bisqui
3039 5252 3439 5328 imbuunturad
3462 5253 3597 5328 viam

2018 5321 2384 5404 perfectionis,
2414 5328 2735 5397 acquiritur;
2764 5328 2855 5397 qui
2882 5321 3010 5381 dum
3039 5324 3404 5404 penetraverit
3427 5321 3597 5404 ltotui-

2017 5391 2100 5454 itis
2129 5391 2384 5462 mentem,
2408 5391 2983 5468 contemptnm'rerum
3011 5391 3433 5468 o'mnium‘parit,
3464 5391 3597 5445 obli-

2016 5473 2223 5527 vionem
2251 5465 2864 5543 parentum,muudique
2888 5470 3054 5543 ipsius
3073 5467 3237 5537 gignit
3260 5465 3557 5543 horrorem.
3575 5480 3594 5513 ι

2090 5545 2240 5597 llune
2271 5544 2425 5611 vulgo
2447 5542 2777 5609 distinguunt
2804 5542 2854 5595 in
2887 5540 3594 5611 servilem,mercenarium2

2016 5625 2072 5671 et
2101 5616 2334 5669 ﬁlialem.
2360 5604 2395 5664 ἰ
2433 5604 2643 5686 Primus
2670 5614 2829 5684 205
2858 5611 2914 5665 S.
2939 5606 3218 5686 Demardo
3248 5617 3327 5686 est
3352 5604 3541 5674 (Serm.
3565 5604 3601 5657 2

1998 5686 2171 5765 Dom.
2202 5696 2310 5753 post
2334 5677 3105 5765 οτι.Ἐρὶρζμῖηῖξῖἱςηρὶειηυι-
3132 5677 3185 5730 in
3215 5677 3476 5758 gehenna,
3507 5689 3599 5765 [sre-

2016 5745 2220 5811 cundus
2250 5774 2316 5812 ne
2347 5745 2786 5811 exclusi'visioue
2824 5754 2917 5807 Dei
2964 5745 3237 5820 privemur
3271 5759 3376 5804 tam
3418 5745 3599 5820 inclia-

2019 5830 2109 5887 bili
2139 5830 2338 5899 gloria,
2377 5828 2564 5883 tertius
2610 5826 2765 5883 timor
2813 5818 2984 5895 replet
3021 5822 3253 5881 animam
3298 5818 3444 5879 omni
3487 5818 3600 5877 sol-
