4074 6356
202 320 318 379 ⁸585

1274 321 1549 378 REGULA
1583 320 2071 376 COMMENTATA.
2112 318 2265 376 CAP.
2314 317 2425 373 VII.

3380 316 3482 371 580

204 439 471 507 accipere
496 450 799 509 possumus.
829 434 885 493 1⁸
918 434 1094 509 Usque
1120 436 1183 491 ad
1215 447 1473 500 mortem,
1500 434 1802 509 id‘est‘toto
1831 437 1882 500 Α
1906 447 2049 509 saape
2097 432 2427 509 distrahendi
2481 433 2561 509 vel
2589 428 3036 509 _cmendi_gratia
3094 432 3172 509 ad_
3218 432 3483 509 nundinas

202 504 351 565 vitm“
371 504 613 577 tempore
634 551 649 574 ,
690 524 797 579 quo
823 524 983 565 sensu
1010 504 1065 564 ὃ.
1098 509 1399 564 Bcrnardus
1426 512 1497 561 ait
1526 506 1626 578 (De
1655 504 1801 579 Pric-

203 590 368 649 ci’pto
400 590 448 635 et
481 581 651 651 θήρη
684 577 800 649 cap.
832 582 886 649 6)
920 598 931 634 :
972 598 990 631 ι
1030 582 1122 635 Est
1151 596 1280 635 sane
1306 581 1517 649 quidam
1538 577 1803 651 'ohedieu-

205 655 298 705 iiiis
347 652 506 708 limes
532 650 823 708 secundum
856 661 1088 721 tempus,
1124 652 1235 721 ipsa
1264 651 1521 714 temporis
1557 650 1806 721 extremi-

204 733 291 777 ιηε
313 765 327 785 ,
367 736 427 778 ιιι
458 725 501 777 is
531 725 600 778 sit
630 725 890 778 terminus
916 720 1233 777 oliedientim
1263 724 1351 791 qni
1380 734 1428 777 et
1461 721 1580 775 vita:
1615 738 1629 773 :
1664 720 1805 773 hunc

202 797 376 849 nobis
410 796 637 850 maxime
679 794 933 862 unigeniti
972 794 1059 848 Dei
1088 796 1429 850 commendat
1459 792 1759 860 exemplum
1784 829 1800 854 ,

201 868 299 935 qui
357 867 531 922 factus
574 874 657 920 est
702 865 843 919 Patri
890 864 1147 920 obediens
1175 880 1344 934 usque
1389 864 1454 919 ad
1488 874 1751 935 mortem.
1780 879 1800 912 ι

202 933 266 988 9."
317 940 506 1003 Usque
531 936 597 991 ad
644 945 891 1001 mortem,
937 946 993 990 ut
1036 937 1080 990 si
1125 933 1347 992 neceSse
1370 936 1439 989 sit
1486 933 1809 989 obeilientiie

200 1022 379 1060 causa
416 1009 586 1078 ipsam
618 1017 844 1061 mortem
876 1007 1086 1071 subire,
1137 1022 1242 1078 non
1284 1006 1531 1078 refugiat.
1576 1005 1808 1078 Uterque

200 1091 412 1133 sensus
442 1076 683 1148 ioptimus
728 1087 841 1142 est,
872 1087 928 1133 et
959 1077 1282 1132 monachum
1316 1077 1578 1147 imprimis
1607 1076 1805 1148 decet;

202 1152 305 1225 sed
353 1152 453 1225 hic
493 1146 637 1225 solis
661 1149 756 1225 his
779 1149 1054 1225 competit
1095 1148 1186 1218 qui
1234 1148 1364 1225 nihil
1396 1146 1504 1202 'sibi
1536 1162 1566 1201 a
1594 1146 1809 1225 Christo

202 1219 440 1274 cliarins
479 1219 674 1289 aliquid
705 1219 1044 1281 existimant,
1077 1229 1131 1273 et
1173 1235 1271 1288 pro
1298 1218 1415 1289 ejus
1444 1218 1808 1289 amore_omni_

203 1290 532 1345 obedientia
571 1285 632 1346 se
659 1289 898 1344 subdunt
921 1290 1145 1358 majori;
1174 1285 1227 1344 in
1261 1285 1431 1345 amare
1459 1290 1591 1345 enim
1622 1285 1811 1358 Christi

204 1376 305 1413 nec
340 1363 525 1415 modus
557 1362 764 1431 ponitur
792 1377 883 1415 nec
904 1356 1168 1427 mensura,
1204 1370 1261 1416 ut
1288 1361 1521 1430 loquitur
1549 1356 1812 1431 Bolierius

205 1432 264 1484 in
330 1433 512 1498 primo
558 1428 757 1487 comm.
810 1432 979 1486 Porro
1033 1432 1155 1487 huic
1224 1428 1542 1487 humilitatis
1590 1428 1812 1498 gradui,

204 1499 491 1629 deciJiium
540 1502 839 1575 superbire,
894 1502 1248 1561 rebellionem
1300 1504 1527 1573 opponit
1573 1501 1633 1558 S.
1686 1498 1814 1552 Ber-

206 1587 316 1629 nar
366 1589 453 1629 us.

206 1587 453 1630 naruus.

606 1686 686 1744 De
712 1697 892 1759 quarto
921 1689 1227 1744 humilitatis
1252 1690 1435 1760 gradu.

292 1778 525 1846 Quartus
563 1780 869 1835 humilitatis
905 1782 1097 1853 gradus
1130 1791 1233 1847 est,
1276 1777 1321 1835 si
1350 1781 1403 1833 in
1444 1780 1562 1853 ipsa
1585 1780 1814 1853 obedien-

208 1848 288 1902 tia
322 1853 474 1905 duris
499 1862 547 1905 et
577 1853 845 1906 contrariis
871 1848 1020 1906 rebus
1040 1892 1055 1916 ,
1079 1854 1155 1907 vel
1180 1853 1331 1905 etiam
1362 1848 1663 1918 quibuslibet
1690 1852 1813 1905 irro-

247 1921 352 1974 atis
378 1923 583 1994 injuriis
600 1924 753 1994 tacita
772 1924 1081 1994 conscientia
1103 1924 1398 1992 patientiam
1422 1920 1810 1994 amplectatur.]

261 1993 547 2060 upreiiiam
595 1993 914 2047 obedientize
959 1994 1341 2062 perfectionem
1395 1993 1497 2047 hoc
1538 1993 1589 2046 in
1620 2002 1813 2061 quarto

206 2062 543 2117 humilitatis
566 2064 732 2132 gradu
753 2063 810 2118 S.
841 2064 1156 2119 Benedictus
1173 2065 1469 2119 constituit.
1498 2063 1553 2117 In
1572 2063 1820 2118 secundo

207 2132 443 2256 giiiilein
495 2135 723 2203 propria)
772 2134 1059 2189 voluntatis
1108 2134 1287 2188 odium
1316 2135 1543 2201 jubcns,
1586 2133 1651 2187 ad
1683 2134 1813 2188 obe-

255 2205 484 2256 ientiam
532 2205 853 2256 monachum
899 2206 1264 2256 disnosuerat:
1305 2207 1359 2256 in
1392 2205 1547 2256 tertio
1579 2205 1722 2256 omni
1755 2219 1813 2256 se

255 2205 484 2256 ientiam
532 2205 853 2258 monachum
899 2206 1264 2273 disposuerat;
1305 2207 1359 2259 in
1392 2205 1547 2257 tertio
1579 2205 1722 2258 omni
1755 2219 1815 2260 se

209 2273 420 2342 majori
465 2276 696 2329 subdere
718 2276 949 2341 docens,
980 2277 1319 2330 obedientem
1362 2274 1695 2340 reddiderat;
1729 2276 1816 2329 hic

212 2357 355 2416 vero
385 2344 535 2416 dura
556 2385 571 2409 ,
604 2345 903 2410 cciitraria,
950 2347 1317 2416 irrogatasque
1345 2346 1569 2414 injurias
1610 2347 1660 2398 in
1687 2345 1815 2400 obe-

215 2413 431 2469 dientia
456 2430 609 2485 :equo
632 2417 812 2471 animo
840 2413 1087 2482 amplecti
1113 2413 1448 2483 praecipiens,
1473 2416 1813 2471 obedientem

214 2484 374 2539 omni
401 2500 465 2540 ex
502 2484 649 2551 parte
681 2488 904 2555 perﬁcit.
934 2488 1100 2541 Porro
1125 2488 1366 2556 quamvis
1396 2488 1527 2541 dura
1549 2530 1565 2556 ,
1596 2499 1814 2542 contra-

218 2556 340 2621 ria,
381 2558 629 2626 irrogata:
660 2558 900 2626 injurim,
931 2558 996 2611 ad
1043 2556 1181 2612 idem
1229 2559 1633 2626 significandum
1686 2574 1811 2627 pro-

218 2630 438 2681 miscue
469 2642 848 2696 nonnunquam
878 2639 1220 2695 usurpentur,
1254 2630 1339 2683 hic
1387 2638 1563 2683 tamen
1615 2628 1814 2698 aliquid

218 2698 369 2753 inter
400 2706 684 2767 utrumque
714 2699 1037 2753 discriminis
1067 2698 1343 2770 proferunt
1368 2700 1569 2766 antiqui
1598 2698 1819 2770 Regula:

219 2776 703 2823 commentatores.
741 2769 1083 2833 llildeniaro,’
1114 2788 1132 2819 ι
1179 2771 1310 2824 dura
1338 2780 1462 2825 sunt
1489 2770 1576 2823 illa
1605 2769 1723 2838 qua:
1749 2770 1819 2823 ad

222 2839 512 2909 materiam
539 2841 612 2894 rei
636 2839 864 2895 attinent
884 2882 897 2901 ,
919 2839 1067 2894 verbi
1091 2841 1259 2908 gratia
1284 2883 1298 2905 ,
1327 2840 1479 2895 sicuti
1504 2850 1585 2895 est
1614 2850 1819 2909 petram

222 2908 444 2974 levare,
490 2919 579 2963 aut
627 2910 822 2980 aliquid
860 2911 1134 2965 immensae
1175 2912 1552 2980 magnitudinis
1600 2908 1815 2980 portare

221 2980 527 3050 velagerc.
580 3000 596 3031 ι
641 2980 787 3036 ldem
834 2982 1028 3036 docent
1072 2981 1373 3036 Bernardus
1404 2982 1737 3036 Cassinensis
1765 2991 1820 3036 et

226 3049 522 3105 Boherius.
554 3051 965 3107 Turrecreinata
994 3068 1123 3106 vero
1150 3054 1278 3107 dura
1310 3052 1553 3120 intelligit
1582 3068 1671 3108 res
1700 3067 1821 3121 gra-

222 3135 325 3178 ves
357 3132 414 3175 et
441 3121 690 3192 difﬁci'es
718 3123 783 3177 ad
812 3124 1206 3192 exsequendum
1244 3141 1255 3175 :
1289 3124 1367 3177 sic
1397 3123 1645 3177 nimirum
1678 3124 1823 3191 leges

232 1992 246 2006 Ἰ

1844 1815 1893 1879 Β

1908 502 2224 558 destinatur.
2268 525 2283 556 ι
2333 505 2468 558 lliiic
2516 505 2679 559 abbas
2726 502 3012 558 Zacharias
3057 502 3348 574 projectam
3385 503 3486 558 sub

1908 576 2130 644 pedibus
2170 576 2432 630 cucullam
2463 578 2783 631 conculcans
2811 575 3019 630 dcebat
3058 592 3071 627 :
3117 575 3228 629 Nisi
3255 577 3326 629 ita
3355 589 3487 629 con-

1908 646 2145 701 culcatus
2197 648 2357 701 fuerit
2402 647 2583 711 homo,
2634 662 2735 703 non
2784 656 2958 714 potest
3001 658 3121 702 esse
3168 647 3484 701 monachus.

1910 717 2043 771 llmc
2074 718 2131 773 S.
2166 718 2280 786 ipse
2312 718 2629 773 Benedictus
2653 718 2954 773 venientem
2982 718 3047 771 ad
3076 720 3489 775 conversionem

1909 788 2120 857 injuriis
2161 790 2341 858 appeti
2383 790 2583 854 voluit,
2626 804 2726 845 nec
2756 798 2879 844 ante
2919 788 3122 844 admitti
3171 791 3228 845 in
3256 792 3492 846 claustro

1910 859 2227 914 monasterii
2278 874 2437 928 quam
2490 862 2751 929 irrogatas
2803 862 2906 917 sibi
2958 860 3178 928 iniurias
3227 872 3493 931 patienter

1910 930 2135 986 sufferre
2178 932 2324 985 visus
2354 932 2542 994 fuerit;
2575 932 2809 987 admisso
2838 932 3020 988 omnia
3043 933 3175 986 dura
3214 930 3269 987 et
3294 947 3487 999 asiiera

1913 1001 2225 1069 praedicari,
2260 1017 2489 1069 eumque
2516 1003 2567 1057 in
2595 1005 2739 1057 omni
2772 1004 3024 1072 patientia
3053 1004 3286 1071 probari.
3319 1006 3362 1057 A
3391 1017 3496 1072 qua

1912 1073 2028 1141 lege
2071 1087 2170 1127 nec
2214 1074 2359 1142 ipsos
2402 1083 2632 1141 aegrotos
2679 1082 2768 1127 aut
2817 1073 3165 1128 moribundos
3205 1073 3495 1142 aliquando

1911 1144 2225 1207 solvebant;
2256 1144 2407 1212 cujus
2440 1145 2515 1197 rei
2547 1144 2754 1213 insigne
2792 1144 3051 1201 habemus
3090 1146 3394 1213 exemplum
3440 1144 3493 1196 in

1916 1214 2034 1268 Vita
2066 1214 2123 1270 ἓ.
2160 1215 2414 1270 Bertiardi
2459 1213 2599 1285 (Lib.
2643 1230 2746 1279 vit,
2777 1231 2891 1284 cap.
2922 1214 3039 1280 26),
3070 1217 3158 1285 qui
3184 1217 3412 1283 positum
3443 1215 3495 1266 in

1914 1284 2172 1339 extremis
2193 1284 2476 1353 quemdam
2502 1288 2719 1341 fratrem
2748 1299 3062 1340 conversum
3090 1284 3498 1339 Clarevallcnsis

1916 1358 2257 1421 monasterii,
2293 1356 2463 1410 virum
2495 1360 2645 1410 mira:
2674 1356 3032 1425 simplicitatis
3059 1366 3113 1410 et
3146 1355 3494 1418 innocentiae,

1917 1426 1984 1481 de
2029 1428 2270 1493 proxime
2317 1428 2417 1481 sibi
2462 1427 2804 1481 retribuenda
2844 1427 3010 1495 gloria
3038 1441 3219 1481 coram
3248 1426 3499 1481 omnibus

1917 1497 2282 1564 prmfidcntem
2303 1537 2317 1561 ,
2347 1499 2416 1550 it-i
2445 1498 2673 1553 adorsus
2698 1498 2889 1567 legitur
2918 1515 2930 1549 :
2961 1516 2979 1548 ι
3010 1496 3173 1566 Signa
3200 1514 3294 1552 cor
3324 1507 3493 1567 tuum,

1917 1571 2101 1631 frater,
2136 1569 2284 1638 signa
2324 1584 2417 1622 cor
2444 1578 2588 1622 tuum
2638 1584 2653 1623 :
2698 1565 2820 1638 quid
2860 1575 2944 1623 est
2986 1565 3125 1637 quad
3154 1568 3362 1623 locutus
3398 1565 3500 1621 es?

1919 1638 2059 1692 unde
2098 1639 2191 1693 tibi
2224 1638 2514 1708 subrepere
2552 1640 2723 1707 putuit
2751 1648 2909 1693 tanta:
2936 1640 3367 1708 praesumptionis
3405 1653 3502 1691 au-

1920 1710 2103 1763 dacia?
2130 1709 2413 1764 Enimvero
2445 1720 2571 1765 tune
2614 1709 2702 1764 ille
2727 1709 3081 1780 paupercultts
3105 1722 3158 1763 et
3184 1710 3503 1765 miserabilis

1921 1780 2082 1835 homo
2102 1781 2189 1847 qui
2210 1796 2330 1851 cum
2354 1780 2483 1835 nihil
2504 1790 2592 1836 attt
2613 1795 2779 1851 prope
2800 1780 2932 1835 nihil
2957 1780 3185 1835 haberes
3207 1782 3256 1835 iii
3281 1780 3499 1845 smculo.

1920 1856 2236 1907 necessitate
2270 1850 2491 1922 forsitan
2522 1853 2692 1922 magis
2718 1850 2880 1922 quam
2910 1853 3102 1907 timore
3129 1851 3221 1905 Dei
3247 1860 3502 1922 cogente,

1917 1924 1985 1977 ad
2032 1936 2130 1976 nos
2179 1921 2486 1991 confugisti,
2540 1921 3006 1992 iiiultis’precihus
3048 1922 3259 1977 tandem
3301 1921 3504 1975 aditum

1918 1993 2291 2062 impetrando?
2320 1994 2427 2048 Nos
2455 2007 2581 2048 vero
2609 2008 2770 2047 causa
2801 1993 2894 2048 Dei
2924 1992 3235 2063 collegimus
3260 1994 3501 2061 inopem,

1917 2074 1971 2118 et
2020 2079 2199 2133 parem
2249 2076 2298 2119 te
2338 2064 2559 2118 fecimus
2605 2065 2654 2116 iii
2707 2063 2881 2129 victu,
2922 2074 2973 2117 et
3022 2062 3247 2127 vestitu,
3296 2062 3507 2117 cmteris

1917 2134 2416 2198 commoditatibus,
2447 2134 2529 2187 his
2571 2135 2659 2203 qui
2703 2134 2976 2188 nobiscmn
3022 2143 3146 2189 sunt
3175 2133 3507 2201 sapientibus

1918 2216 2077 2275 atque
2102 2205 2371 2259 nobilibus
2394 2205 2547 2268 viris;
2578 2215 2631 2259 et
2662 2204 2833 2259 factus
2860 2220 2918 2259 es
2947 2206 3095 2274 quasi
3126 2219 3263 2257 unus
3285 2220 3348 2257 ex
3374 2204 3500 2275 illis.

1919 2274 2056 2344 Quid
2089 2277 2246 2346 igitur
2274 2276 2506 2329 tribuisti
2561 2276 2783 2329 Domino
2829 2292 2925 2345 pio
2973 2276 3220 2329 omnibus
3250 2274 3410 2346 istis?_
3442 2274 3510 2328 Et

1921 2362 2047 2413 ecce
2073 2344 2176 2399 nun
2209 2347 2406 2399 sufficit
2436 2346 2801 2415 ingratitudiui
2831 2344 2932 2401 tuac
2958 2346 3121 2413 gratis
3156 2358 3205 2399 te
3234 2344 3509 2415 accepisse

1922 2426 2000 2471 tot
2028 2416 2285 2471 beneficia
2316 2416 2383 2469 de
2412 2414 2569 2470 manu
2602 2416 2810 2470 Domini
2836 2458 2851 2482 ,
2885 2416 2985 2471 nisi
3014 2428 3069 2471 et
3093 2430 3312 2484 regnum
3342 2414 3510 2483 ipsius

1922 2488 2265 2543 limreditario
2302 2488 2421 2554 jure
2469 2488 2709 2543 vindices
2749 2488 2874 2550 tibi,
2904 2488 3043 2555 quod
3075 2488 3249 2540 nuzlus
3276 2500 3511 2549 unquam

1920 2574 2107 2628 regum
2136 2560 2215 2613 vel
2244 2558 2539 2627 principum
2574 2558 2921 2627 quantislibet
2940 2560 3055 2611 auri
3087 2566 3140 2611 e’t
3161 2556 3367 2626 argenti
3396 2569 3515 2628 mo-

1921 2626 2059 2684 libus
2091 2626 2264 2698 potuit
2301 2626 2636 2698 comparare.
2688 2647 2708 2681 ι
2757 2630 2908 2697 Quod
2951 2630 2993 2682 si
3026 2628 3097 2682 ita
3130 2626 3510 2682 moribundum

1924 2701 1982 2757 S.
2032 2702 2202 2754 abbas
2250 2702 2573 2769 impetebat,
2610 2703 2882 2769 quomodo
2925 2710 3081 2769 putas
3129 2712 3291 2753 sanos
3328 2709 3381 2751 et
3420 2712 3513 2750 va-

1923 2772 2130 2827 lentes?
2159 2772 2318 2825 L'crte
2344 2786 2495 2825 suam
2541 2778 2773 2825 montem
2803 2781 2857 2826 et
2887 2785 3089 2825 morem
3118 2773 3248 2823 satis
3277 2769 3508 2834 indicat,

1923 2858 2046 2896 cum
2071 2842 2325 2896 fratribus
2345 2845 2456 2895 suis
2478 2843 2877 2910 congratularis,
2903 2840 3044 2907 quod
3067 2842 3168 2895 sub
3192 2841 3515 2906 increpatio-

1924 2914 2009 2968 nis
2030 2912 2293 2967 velamine
2314 2928 2499 2966 eorum
2533 2914 2601 2965 vii
2618 2921 2757 2966 tutes
2781 2921 3110 2982 tegerentur.
3138 2912 3214 2982 ait
3237 2912 3433 2982 (Serm.
3454 2910 3510 2973 4,

1923 2986 1977 3036 in
2000 2984 2128 3051 psal.
2153 2982 2279 3051 ac):
2313 2999 2331 3033 ι
2363 2982 2418 3038 Si
2442 2981 2579 3036 scire
2602 2982 2759 3035 vultis
2784 2980 3038 3051 quantum
3070 2982 3124 3035 in
3155 2980 3255 3036 hac
3284 2983 3512 3034 abscon-

1926 3053 2076 3108 sione
2097 3054 2398 3118 lucramur,
2422 3053 2586 3108 credo
2610 3054 2809 3107 nullum
2834 3052 2921 3106 hic
2941 3066 3061 3107 esse
3086 3053 3175 3119 qui
3198 3056 3241 3106 si
3264 3061 3512 3122 quartam

1927 3136 2132 3192 partem
2156 3138 2343 3179 eorum
2366 3139 2484 3192 qua:
2507 3124 2652 3189 facit,
2678 3122 2730 3177 in
2752 3122 2945 3177 sarculo
2968 3123 3233 3183 actitaret,
3262 3137 3366 3176 non
3385 3122 3515 3175 ado-

226 3192 551 3267 et_i_mperia
595 3191 847 3267 dicuntur
876 3191 1043 3267 dura,
1078 3194 1128 3267 in
1162 3194 1355 3263 quibus
1383 3195 1617 3267 occurrit
1646 3194 1819 3263 major
1845 3197 1894 3261 ο
1927 3191 2140 3249 rarelur
2158 3191 2820 3267 utsanctus,reputaretur
2837 3194 3153 3267 utangelus;
3176 3210 3313 3248 nunc
3333 3202 3512 3246 autem

227 3262 528 3316 difﬁcultas
560 3262 727 3334 :hinc
759 3266 985 3334 populus
1015 3262 1253 3319 llobnain
1284 3266 1504 3331 rogabat
1532 3273 1587 3317 ut
1616 3267 1822 3319 minue-

228 3343 317 3388 ret
343 3334 547 3406 alriquid
574 3333 641 3406 de
664 3333 889 3402 imperio
911 3335 1076 3405 patris
1097 3337 1177 3389 sui
1205 3336 1499 3389 durissimo.
1529 3334 1665 3389 Dura
1692 3351 1825 3406 quo-

228 3417 339 3473 que
394 3405 567 3474 locum
618 3403 817 3460 habent
872 3403 922 3459 in
976 3406 1310 3474 imponcudis
1357 3403 1723 3472 pmniteiitiis,
1771 3415 1830 3461 nt

229 3483 365 3549 sunt
415 3473 564 3528 humi
609 3474 835 3543 cubare,
863 3473 1083 3547 jejuniis
1128 3491 1319 3548 corpus
1347 3485 1618 3546 atterere,
1649 3478 1828 3549 ﬂagris

229 3545 481 3607 caedere,
510 3554 619 3602 etc.

304 3616 593 3689 tiontraria
634 3630 702 3672 ex
751 3617 971 3689 praefato
1001 3616 1313 3673 Hildemaro
1365 3637 1383 3670 ι
1431 3628 1557 3675 sunt
1594 3633 1717 3689 quae
1759 3619 1826 3675 ad

230 3686 568 3759 voluntatem
598 3686 844 3759 attinent,
873 3692 917 3743 si
942 3688 1043 3743 hoc
1068 3690 1211 3757 quod
1236 3689 1338 3744 sibi
1370 3686 1683 3759 imperatur,
1717 3706 1831 3746 non

230 3757 341 3813 sibi
375 3757 657 3826 placuerit.
705 3776 725 3810 ι
763 3761 916 3825 Sive,
945 3768 1005 3815 ut
1034 3762 1109 3815 ait
1134 3757 1824 3827 Beriiardus'CaSsinensis,

232 3837 289 3883 et
316 3844 383 3901 ea
426 3843 491 3883 eo
526 3827 785 3885 Bolierius
814 3829 950 3901 (Lib.
985 3846 1057 3895 vi,
1088 3841 1239 3885 tract.
1271 3832 1322 3892 5.
1353 3833 1485 3900 disq.
1521 3834 1599 3901 7),
1637 3850 1655 3883 ι
1701 3846 1832 3887 cono

204 3899 405 3970 -t_raria
436 3909 561 3955 sunt
590 3915 709 3969 quae
738 3902 805 3955 ab
826 3899 1012 3970 ipsius
1043 3902 1286 3956 facientis
1319 3899 1594 3958 voluntate
1623 3903 1831 3958 discor-

233 3968 388 4024 dant.
440 3989 459 4023 ι
497 3968 663 4025 Paulo
694 3968 1208 4027 fusius'Beiiedictus
1242 3973 1535 4028 llaeftenus
1570 3991 1581 4026 :
1622 3991 1641 4025 ι
1687 3973 1828 4029 Cou-

234 4040 425 4103 traria,
452 4042 645 4115 inquit,
666 4041 875 4115 duobus
898 4042 1073 4115 modis
1088 4044 1340 4115 intelligo
1368 4060 1382 4097 :
1414 4045 1465 4098 1⁸
1491 4059 1611 4115 quae
1634 4045 1828 4099 rationi

235 4124 541 4181 repugnare
588 4112 860 4180 videntur,
908 4123 964 4167 ut
1008 4114 1051 4166 si
1080 4112 1323 4182 jubearis
1358 4112 1557 4170 vestem
1592 4130 1750 4170 suere
1776 4125 1833 4169 et.

235 4196 449 4235 rursum
482 4183 758 4249 dissuere,
793 4186 1033 4252 plantare
1074 4186 1303 4250 herbas,
1340 4200 1572 4253 pangere
1602 4185 1829 4241 arbores

236 4259 292 4305 et
333 4255 512 4308 denuo
554 4255 820 4319 evellere,
864 4255 940 4309 ire
986 4253 1222 4309 cubitum
1263 4264 1327 4325 et
1371 4271 1492 4309 mox
1540 4271 1762 4325 surgere
1801 4272 1834 4311 θ

237 4328 433 4389 strato,
464 4340 655 4394 aquam
690 4326 905 4381 haurire
930 4335 984 4379 et
1016 4326 1236 4380 tundere
1261 4324 1313 4378 in
1342 4325 1485 4390 sole;
1512 4326 1571 4379 2"
1600 4341 1718 4396 qua
1747 4341 1833 4382 re-

238 4405 482 4461 pugnant
528 4396 858 4450 inc'inationi
898 4396 1223 4458 obedientis,
1255 4405 1313 4449 ut
1355 4398 1399 4451 si
1429 4398 1733 4452 solitudinis
1778 4408 1834 4453 et

240 4464 391 4539 cella:
408 4467 598 4539 cultori
626 4468 932 4536 imponatur
948 4482 1074 4521 cura
1100 4468 1388 4539 hospitum,
1410 4468 1574 4539 214
1591 4468 1835 4524 ofﬁcium

240 4536 480 4602 cellarii,
522 4546 613 4591 aut
646 4548 831 4593 contra
864 4553 1060 4606 pronus
1081 4538 1148 4593 ad
1179 4536 1586 4593 discurrenti—uin
1617 4554 1713 4608 per
1737 4540 1832 4594 do-

242 4619 419 4672 mum,
471 4616 528 4663 et
572 4610 911 4678 garriendmn
964 4624 1084 4663 cum
1140 4609 1475 4677 hospitibus,
1525 4612 1829 4666 mandatum

244 4680 472 4749 accipiat
500 4681 554 4734 in
583 4682 718 4735 cella
751 4681 1021 4736 resiilendi
1052 4723 1065 4744 ,
1102 4681 1340 4745 tacendi,
1375 4691 1427 4735 et
1458 4680 1725 4736 studendi.
1768 4699 1788 4733 ›

316 4749 530 4819 lnjuriie
578 4765 706 4806 vero
755 4762 879 4805 sunt
931 4753 1250 4819 opprobria,
1309 4751 1618 4818 irrisiones,
1671 4752 1831 4809 verba

244 4820 667 4887 contumeliosa,
701 4832 754 4876 et
782 4824 867 4877 his
900 4822 1119 4877 similia.

317 4896 494 4960 Atque
519 4892 597 4945 his
629 4893 682 4948 in
709 4894 877 4947 tribus
909 4904 1018 4948 tota
1043 4909 1177 4963 pene
1200 4935 1215 4960 ,
1240 4894 1347 4948 imo
1376 4901 1483 4950 tota
1509 4893 1618 4950 abit
1644 4909 1832 4949 mona-

246 4957 471 5017 chorum
520 4968 657 5029 vita,
711 4973 767 5017 ut
812 4964 894 5019 vel
939 4957 1214 5020 minimam
1259 4981 1437 5020 rerum
1482 4965 1835 5021 asccticaritm

249 5035 493 5088 notitiam
527 5034 740 5089 babenti
770 5035 1107 5104 exploratum
1128 5048 1232 5092 est.
1276 5037 1583 5092 Audiendus
1615 5038 1751 5092 hanc
1780 5038 1834 5092 in

248 5116 361 5178 rem
388 5104 579 5178 Petrus
602 5104 845 5161 Damiani
881 5124 893 5159 :
928 5124 947 5159 ι
986 5107 1170 5178 εωρε,
1198 5110 1396 5176 inquit,
1423 5107 1588 5163 frater
1610 5109 1677 5162 de
1702 5108 1836 5163 cella

250 5174 315 5228 ad
344 5176 535 5247 cellam
562 5176 780 5245 jubetur
812 5174 1144 5233 habitaturus
1172 5174 1479 5243 abscedere,
1507 5193 1606 5233 nec
1635 5180 1834 5247 aliquid

250 5245 556 5300 utensilium
588 5262 707 5317 qua:
734 5264 833 5302 sun
855 5251 1015 5304 etiam
1042 5251 1223 5305 labore
1254 5260 1535 5317 paraverat
1566 5245 1832 5319 permitti-

253 5323 339 5391 tur
358 5324 638 5387 asportare
659 5336 672 5383 ;
696 5334 839 5387 Strpe
859 5328 1107 5389 aptantes
1133 5321 1185 5374 in
1214 5320 1512 5377 remotione
1532 5326 1830 5391 quiescere,

251 5387 318 5461 ad
359 5390 714 5461 peragendum
742 5405 874 5461 aptis
899 5387 1294 5459 compelluntur
1324 5392 1503 5457 exire;
1545 5387 1832 5461 aliquando

253 5458 427 5514 claves
448 5458 702 5533 cellarum
727 5458 1361 5533 foribussubtrahuntur,
1380 5471 1447 5533 et
1476 5458 1647 5530 quani
1663 5464 1825 5533 longo

255 5535 494 5601 tempore
521 5531 624 5586 nisi
654 5548 747 5601 per
776 5530 1013 5601 singulos
1042 5532 1157 5586 dies
1190 5532 1517 5600 dominicus,
1566 5548 1669 5587 non
1704 5530 1829 5589 red-

255 5597 481 5671 duntur;
514 5597 799 5671 aliquando
847 5597 1143 5657 districtam
1187 5602 1288 5656 sibi
1332 5597 1511 5657 victus
1541 5602 1832 5659 con'inen-

258 5669 382 5724 tiam
415 5669 712 5729 indicentes
752 5684 1015 5744 coguntur
1063 5674 1339 5728 remissius
1384 5674 1600 5740 vivere,
1652 5679 1834 5729 volen-

258 5748 442 5812 tesque
486 5746 710 5801 relicere
762 5746 1150 5815 compelluntur
1198 5746 1499 5799 econtrario
1549 5746 1828 5814 jejunare;

260 5823 399 5885 δωρε
446 5825 567 5888 post
612 5817 905 5887 sagittarios
947 5818 1114 5908 frater
1161 5816 1347 5888 procul
1392 5817 1469 5873 ire
1497 5818 1828 5887 praecipitur;

1856 4574 1915 4640 D

1932 3268 2093 3337 215
2121 3265 2358 3337 quotidie
2383 3266 2938 3337 tanquamnegligcns
2983 3266 3223 3335 arguitur
3259 3272 3315 3337 et
3343 3267 3515 3337 inore:

1933 3333 2107 3406 pain}.
2139 3333 2168 3388 ⁷»
2215 3336 2394 3403 Longe
2421 3349 2549 3405 ergo
2596 3335 2665 3389 ab
2714 3333 2900 3390 eoi-uin
2933 3333 3380 3397 erat—sententia,
3414 3333 3509 3403 qui

1933 3409 2076 3462 virus
2110 3408 2222 3477 pios
2252 3416 2307 3461 et
2326 3416 2541 3460 sanctos
2567 3422 2684 3461 snie
2702 3410 2915 3462 fictione
2929 3415 3021 3461 aut
3045 3406 3518 3462 mendacioiucre-

1932 3478 2045 3548 pari
2079 3494 2105 3531 a
2149 3478 2427 3547 superiore
2473 3493 2579 3531 non
2630 3492 2786 3546 posse
2824 3478 3125 3532 affirmant:
3158 3492 3275 3546 qua:
3311 3477 3514 3548 sivera

1931 3552 2145 3616 forent,
2197 3564 2386 3603 omnes
2442 3548 2670 3611 ironite.
2719 3548 3009 3619 [allegoriae
3065 3557 3120 3603 et
3182 3547 3520 3619 metaphora

1932 3619 2161 3675 dicenda
2207 3628 2391 3675 essent
2438 3616 2743 3674 mendacia:
2778 3616 2900 3673 uain
2949 3618 3042 3689 qui
3071 3619 3312 3689 fratrem,
3362 3616 3516 3689 verbi

1932 3691 2404 3761 gratia,legentem
2420 3691 2580 3745 solito
2608 3692 2768 3745 altius
2794 3693 2844 3744 in
2870 3686 3155 3746 refectorio
3185 3686 3517 3758 increpando

1932 3771 2087 3817 vocat
2118 3761 2591 3830 declamatorium,
2625 3762 2951 3831 superbum,
2982 3762 3158 3815 minus
3183 3761 3407 3814 honeste
3440 3761 3519 3831 le-

1931 3842 2168 3904 gentem,
2200 3849 2306 3887 non
2351 3833 2520 3903 magis
2566 3829 2778 3904 mentiri
2820 3833 3122 3904 censendus
3157 3838 3247 3904 est
3273 3845 3432 3904 quain
3465 3829 3513 3883 is

1932 3901 2020 3973 Qui
2050 3905 2223 3959 virum
2252 3901 2541 3973 pessimum
2574 3903 2777 3958 ironice
2804 3903 3035 3972 appellat
3058 3901 3317 3971 Optimum
3345 3917 3360 3965 ;
3396 3902 3516 3955 lizec

1933 3977 2074 4031 enim
2092 3978 2282 4029 omnia
2315 3989 2419 4028 non
2442 3976 2707 4027 assertive
2742 3975 3110 4041 proferuntur,
3143 3974 3236 4026 sed
3269 3973 3518 4040 increpa-

1934 4049 2062 4099 tivc.
2109 4046 2235 4101 Haec
2275 4046 2449 4100 obiter
2475 4043 2725 4110 dicimus,
2751 4045 2820 4099 de
2849 4044 3042 4111 quibus
3080 4044 3169 4111 qui
3195 4046 3345 4111 plura
3374 4041 3518 4095 desi-

1933 4117 2241 4179 deraverit,
2294 4116 2448 4169 adeat
2502 4116 2695 4167 librum
2724 4116 2791 4168 de
2833 4114 3040 4168 Ufliciis
3086 4123 3140 4167 et
3184 4112 3519 4178 perfectione

1936 4188 2345 4248 monachorum,
2368 4200 2486 4253 cap.
2512 4184 2598 4237 l2.
2625 4186 2808 4239 ltedeo
2824 4186 2889 4238 ad
2913 4186 2971 4238 S.
2993 4182 3263 4239 Benedicti
3284 4190 3516 4253 textum,

1936 4258 2049 4325 qui,
2076 4265 2136 4311 ut
2164 4266 2313 4311 notat
2358 4252 2721 4326 llil’demarus,
2757 4271 2862 4309 non
2906 4252 3408 4326 sinipliciter‘jubet
3460 4262 3520 4308 ut

1937 4324 2092 4395 dura,
2125 4326 2419 4395 contraria,
2466 4324 2793 4395 injuriasque
2837 4324 3103 4395 patienter
3136 4324 3471 4394 perferamus
3495 4362 3515 4391 ,

1938 4402 2052 4463 sed,
2076 4392 2220 4469 quod
2245 4392 2416 4467 majus
2440 4392 2541 4460 est,
2568 4392 2959 4467 amplectamur,
2985 4396 3039 4450 id
3066 4392 3153 4451 est
3171 4396 3519 4469 cumrgaudio

1939 4479 1994 4523 et
2013 4467 2197 4525 arnore
2225 4469 2611 4538 suscipiamus;
2651 4487 2669 4520 ι
2709 4483 2807 4524 nos
2827 4468 2973 4523 enim
2998 4483 3113 4523 eam
3141 4482 3276 4533 rem,
3305 4467 3516 4535 inquit,

1943 4556 2101 4609 quam
2124 4541 2397 4609 diligimus
2419 4539 2821 4609 amplectimur,
2848 4540 2968 4607 quia
2998 4554 3101 4593 non
3134 4540 3303 4593 solum
3334 4552 3519 4609 mona-

1936 4608 2071 4667 chus
2101 4608 2261 4667 debet
2291 4608 2519 4666 adversa
2564 4612 2788 4665 sull‘erre
2816 4620 2907 4665 aut
2933 4610 3187 4673 tolerare,
3223 4610 3318 4663 sed
3351 4608 3518 4663 etiam

1936 4698 2058 4737 cum
2087 4684 2281 4754 gaudio
2308 4682 2551 4737 sufferre.
2594 4701 2614 4754 ι
2652 4682 2797 4735 'falis
2843 4691 2957 4736 erat
2992 4682 3215 4750 insignis
3264 4680 3350 4733 illa
3394 4694 3520 4732 san-

1937 4754 2264 4809 ctimonialis
2285 4753 2832 4807 'l‘abennensiotarum
2852 4754 3183 4819 moiiastei'ii,
3210 4768 3350 4821 quae,
3378 4760 3520 4805 teste

1936 4824 2175 4881 Palladio
2203 4823 2388 4894 (Laus.
2444 4839 2565 4889 cap.
2597 4823 2715 4893 All),
2768 4841 2787 4875 ι
2826 4838 2930 4879 ιιοιι
2983 4822 3357 4886 murmuravit,
3411 4835 3518 4875 non

1940 4911 2162 4963 parvum
2208 4893 2288 4949 vel
2314 4910 2565 4966 magnum
2594 4895 2723 4961 quid
2766 4904 2854 4966 est
2880 4897 3079 4961 locuta,
3112 4893 3211 4949 etsi
3240 4902 3520 4947 contume-

1940 4966 2373 5028 liisalliccretur.
2413 4965 2469 5021 et
2513 4966 2703 5033 pugnis
2730 4965 3070 5029 tunderetur,
3120 4976 3169 5019 et
3218 4966 3519 5020 maledictis

1939 5048 2303 5106 appeteretur,
2332 5046 2389 5093 et
2418 5036 2629 5100 plurimi
2662 5051 2781 5092 eam
2813 5038 3272 5091 abominarcntur.
3315 5054 3333 5086 ι
3370 5035 3519 5091 Talis

1942 5108 1999 5163 S.
2018 5106 2321 5163 Willelmus
2345 5106 2689 5163 Gellonensis
2712 5108 3025 5163 monasterii
3051 5106 3301 5161 fundator
3323 5118 3375 5161 et
3406 5123 3520 5161 ino-

1941 5182 2165 5243 naclius,
2183 5180 2274 5248 qui
2307 5197 2325 5229 ι
2354 5178 2622 5232 interdum
2644 5179 3320 5247 caesus,etinjuriisla:sus,
3342 5193 3518 5246 neque

1940 5250 2248 5314 resistebat,
2284 5264 2455 5321 neque
2484 5251 2944 5315 comminabatur,
2976 5249 3243 5321 gaudebat
3278 5251 3433 5316 plane
3467 5265 3516 5301 ιιι

1938 5322 2295 5391 subjectione.
2338 5340 2355 5372 ι
2403 5320 2546 5375 Talis
2582 5321 2905 5376 Benedictus
2933 5321 3301 5391 tjluniacensis
3331 5334 3521 5391 mona-

1934 5388 2088 5459 chus,
2115 5393 2181 5447 de
2197 5407 2303 5462 quo
2320 5391 2509 5447 Petrus
2535 5392 2872 5447 Venerabilis
2897 5390 3032 5463 (Lib.
3054 5407 3070 5447 ι
3096 5389 3308 5463 Mirum,
3331 5405 3379 5442 c.
3396 5388 3518 5457 20):

1948 5480 1967 5515 ι
2008 5464 2199 5518 Multas
2228 5479 2257 5517 a
2286 5462 2632 5529 quibusdam,
2657 5464 2782 5533 quia
2804 5462 3003 5519 inferre
3034 5462 3257 5517 verbera
3288 5473 3391 5513 non
3422 5475 3517 5514 au-

1942 5534 2162 5597 debant,
2194 5535 2473 5589 verborum
2522 5535 2745 5605 injurias
2794 5534 3077 5590 tolerabat.
3115 5533 3387 5605 ltecordor
3417 5545 3519 5598 ego

1940 5620 2139 5673 smptus
2172 5608 2316 5660 falsis
2351 5615 2441 5659 aut
2463 5601 2612 5676 quaéi
2637 5606 2797 5660 nullis
2822 5601 3341 5676 accusationibusiu
3370 5617 3519 5655 com-

1940 5678 2086 5732 muni
2120 5679 2343 5731 fratrum
2365 5674 2682 5732 conventua
2716 5678 2910 5731 talibus
2934 5677 3233 5743 iinpetitum
3272 5674 3521 5728 innume-

1940 5748 2012 5802 ris
2044 5750 2282 5809 vocibus,
2333 5749 2488 5815 quasi
2516 5764 2640 5803 rcus
2692 5751 2946 5803 existeret
2990 5747 3043 5799 iii
3078 5754 3220 5799 terra
3274 5755 3520 5812 prostra-

1940 5827 2073 5891 tum,
2102 5833 2222 5875 cum
2271 5820 2403 5876 nihil
2455 5833 2675 5890 prorsus
2724 5819 3078 5889 deliquiSset,
3106 5818 3429 5890 culpabiiem
3460 5832 3520 5875 se
