4074 6356
862 244 863 247 η
885 246 1004 263 ,μνη-ς

210 277 339 353 Ξὲζ

1273 284 1552 349 REGULA
1593 252 2092 370 Constemus.
2133 283 2289 343 ean.
2333 283 2446 364 vn.

3393 236 3504 336 suo

214 401 372 462 n’obis
417 387 621 474 aliquid
664 382 910 462 nostrost
938 400 1162 469 tollere,
1196 409 1252 460 et
1281 404 1348 460 de
1378 415 1566 460 nostro
1590 403 1714 473 jure
1742 404 1796 474 in
1826 407 1882 468 Α
1905 413 1982 468 ιο,
2018 419 2116 458 nec
2145 416 2304 472 posse
2328 399 2396 458 ad
2418 399 2655 458 litteram
2684 375 2912 473 intelligi
2933 395 3002 454 de
3036 395 3378 455 confessione
3413 411 3511 472 say

211 491 364 530 suum
409 473 862 546 jus'transferre,
917 491 1015 531 nos
1047 490 1154 530 non
1203 475 1378 530 solum
1428 475 1688 546 debemus
1720 473 1798 529 illi

208 545 524 617 relinquere
551 561 614 604 ea
643 551 762 618 qua:
789 548 1036 617 improbe
1063 547 1239 618 petiit,
1265 549 1357 601 sed
1384 550 1542 601 etiam
1571 545 1656 618 illa
1679 560 1800 618 quae

208 623 327 688 ipse
349 610 458 677 non
483 610 713 692 petierat
741 610 1034 692 dimittere.
1064 610 1094 692 ἦ
1131 610 1258 692 Vide
1287 619 1457 692 Vitam
1489 619 1546 673 8.
1578 610 1799 673 Macarii

210 694 434 767 :Egypt.
466 689 833 767 abbatiscap.
860 689 926 757 4,
956 690 1096 767 apud
1130 689 1266 767 Ball.
1298 689 1615 767 l5_.lanuar.

278 756 556 834 Zitgariati
592 756 1076 834 milliariocuadt‘tnt
1105 771 1152 815 et
1179 758 1332 832 dum]
1364 759 1636 834 Angoriati
1675 756 1798 834 mil-

210 830 398 901 liario',
448 834 502 888 ιιι
540 843 622 889 est
655 832 968 888 milliarium
1021 831 1198 886 facere
1243 830 1458 897 coacti,
1510 831 1620 884 sive
1651 830 1801 887 mille

211 919 437 971 passus;
471 919 593 958 nam
621 903 928 958 milliarium
962 903 1109 958 mille
1136 915 1327 971 passus
1359 904 1646 966 terminat;
1679 913 1794 968 pas-

208 991 298 1032 sus
323 987 503 1046 autem
528 974 768 1046 quinque
789 973 954 1046 pedes
984 975 1245 1046 continet,
1271 983 1326 1026 ut
1354 981 1504 1046 notat
1532 973 1802 1046 Hildenia-

207 1061 321 1099 ius.
364 1041 578 1099 Vadnrit
609 1041 846 1110 et'duo,
901 1045 973 1098 ita
1015 1054 1074 1100 ιιι
1124 1043 1228 1098 tria
1277 1045 1475 1098 v'adant
1526 1041 1798 1097 milliaria.

210 1116 337 1170 'tiria
367 1117 567 1184 posuit,
601 1117 728 1182 quia
755 1119 1027 1170 ternarias
1059 1128 1315 1169 numerus
1347 1129 1442 1185 pro
1473 1114 1802 1185 perfectione

209 1189 432 1255 ponitur
458 1192 508 1240 in
536 1187 855 1257 Scripturis,
880 1186 950 1241 ob
981 1185 1244 1240 honorem
1268 1183 1798 1257 salictaz’Trinitatis,

208 1268 268 1310 ut
317 1257 570 1328 ostendat
633 1255 927 1328 perlectam
961 1257 1178 1328 debere
1233 1270 1354 1328 esse
1409 1255 1802 1328 monachorum

216 1325 832 1397 perfectionem,'inquit
859 1327 1216 1383 Hildcmarus.
1247 1325 1317 1380 At
1346 1341 1475 1380 vero
1503 1325 1800 1397 secundum

211 1399 593 1472 Sinamgdum,
617 1419 652 1472 τι
689 1395 780 1468 qui
811 1412 919 1453 non
948 1399 1183 1472 vincitur
1222 1397 1450 1472 autalt),
1484 1397 1581 1472 sed
1631 1395 1802 1472 vincit

209 1467 267 1522 iri
327 1471 472 1524 bene
528 1467 762 1533 malum,
820 1470 1128 1539 angarianti
1189 1467 1443 1523 milliario
1499 1468 1803 1528 voluntarie

212 1542 387 1609 pergit
417 1542 543 1593 (lto.
594 1560 612 1591 ι

285 1607 417 1663 Cum
441 1610 607 1664 Paulo
629 1608 864 1678 apostolo
887 1607 1048 1679 falsos
1067 1611 1252 1680 fratres
1277 1609 1528 1663 sustinent
1552 1618 1598 1662 et
1623 1619 1802 1679 perse-

214 1681 523 1752 cutionem]
554 1680 696 1735 Falsi
731 1684 925 1735 fratres
950 1679 1246 1752 Bernaido
1277 1680 1584 1734 Cassinensi
1619 1700 1637 1731 ι
1670 1689 1806 1752 sunt.

216 1753 357 1804 mala
387 1750 552 1822 epeia
577 1753 862 1823 iacientes,
895 1751 959 1804 ad
988 1763 1277 1823 peccatum
1294 1753 1405 1823 suis
1448 1750 1806 1821 suggestioni-

215 1826 342 1888 bus,
377 1837 595 1877 suorum
638 1822 1012 1890 exemplorum
1043 1822 1479 1892 corruptionilms
1510 1823 1807 1892 simplicio-

214 1902 302 1946 ies
357 1895 443 1947 vel
503 1894 742 1948 minores
805 1893 1159 1958 inducentés,
1205 1891 1656 1956 murmuratores,
1712 1891 1810 1945 de-

214 1973 505 2030 tractores,
540 1967 967 2032 conspiratores,
998 1972 1105 2017 etc.
1145 1982 1163 2014 l
1197 1964 1295 2028 Qui
1320 1972 1499 2018 tamen
1533 1962 1806 2032 portandi,

217 2045 522 2102 earumque
552 2037 665 2090 sive
704 2048 1019 2103 corporum,
1061 2035 1173 2088 sive
1218 2049 1429 2089 morum
1470 2032 1810 2089 inﬁrmitates

218 2106 619 2173 patientissime
661 2104 962 2160 toleranda:
1004 2112 1149 2159 sunt.
1681 2111 1684 2114 ‘

290 2173 361 2247 Et
389 2176 756 2247 maledicentes
809 2191 862 2229 se
912 2175 1260 2247 benedicunt.]
1309 2175 1548 2247 Benigne
1587 2188 1810 2247 respon-

219 2242 423 2320 dendo,
487 2246 654 2320 [leum
697 2261 794 2320 pro
838 2259 1042 2320 eorum
1072 2242 1430 2320 conversione
1453 2242 1714 2313 orando}
1756 2253 1813 2301 et

219 2316 420 2370 bonum
458 2317 536 2370 eis
576 2318 885 2383 exemplum
918 2317 1226 2382 przcbendo.

262 2413 264 2415 -
295 2388 468 2440 Porro
499 2387 623 2442 huic
661 2396 855 2456 quarto
888 2385 1212 2442 humilitatis
1243 2387 1430 2457 gradui
1475 2385 1533 2441 S.
1587 2387 1813 2442 Bernar-

227 2457 322 2510 dus
365 2461 592 2526 Opponit
633 2472 833 2512 nonum
883 2458 1175 2525 superbiae,
1218 2458 1424 2512 scilicet
1464 2457 1640 2512 lictam
1677 2471 1814 2512 cou-

229 2529 552 2598 tessionem,
595 2544 699 2597 qua
740 2529 862 2597 quis
902 2541 1053 2582 reum
1095 2543 1156 2584 se
1187 2528 1505 2596 conﬁtetur,
1557 2545 1663 2583 non
1696 2532 1816 2597 qui-

225 2601 344 2652 d’ein
388 2599 707 2654 humilitatis
737 2615 896 2667 ergo,
947 2609 1006 2652 ut
1046 2601 1334 2666 puniatur,
1368 2600 1464 2656 sed
1496 2610 1554 2656 ut
1592 2611 1814 2655 sanctus

227 2678 521 2738 reputetur,
538 2669 651 2725 sive
666 2685 732 2725 ne
759 2673 826 2725 ab
846 2669 962 2724 aliis
976 2679 1248 2739 arguatur.

595 2781 672 2836 De
701 2783 882 2850 quinto
933 2781 1242 2836 humilitatis
1269 2783 1455 2852 gradu.

301 2875 527 2941 Quintus
556 2875 862 2929 humilitatis
894 2875 1086 2943 gradus
1122 2885 1224 2941 est,
1267 2864 1310 2929 si
1339 2892 1510 2932 omnes
1541 2877 1818 2947 ergitatio-

232 2962 314 2998 nes
346 2947 512 2999 ntalus
553 2948 696 3000 cordi
745 2963 840 3000 suo
871 2947 1196 3001 advenientes
1220 2987 1235 3010 ,
1280 2951 1356 3001 vel
1389 2949 1526 2999 mala
1557 2964 1587 2999 a
1618 2963 1670 3000 se
1701 2948 1821 3000 abs—

230 3033 379 3070 conse
407 3021 677 3087 commissa
704 3033 796 3083 per
831 3019 1074 3071 humilem
1121 3018 1492 3087 confessionem
1521 3017 1690 3071 abbati
1715 3034 1819 3072 non

228 3089 465 3142 celaverit
497 3086 638 3158 sum]
670 3089 820 3160 Utide
853 3099 907 3142 et
936 3086 1428 3160 apudWCas’sianutn
1463 3091 1626 3160 219
1653 3087 1814 3156 (Coll.

229 3161 363 3222 2,_c.
401 3161 492 3229 ill)
523 3158 974 3231 abhaslloyses:
1015 3178 1034 3212 ι
1076 3159 1437 3231 Humilitntis,
1467 3158 1662 3224 inquit,
1698 3163 1817 3216 hinc

233 3231 331 3284 erit
375 3232 552 3300 prima
604 3230 878 3298 probatio,
911 3230 957 3284 si
1004 3230 1294 3299 unicuique
1334 3247 1437 3284 non
1480 3233 1653 3285 solum
1685 3247 1812 3300 quae

231 3303 436 3370 agenda
468 3309 620 3364 sunt,
660 3301 752 3355 sed
797 3303 956 3354 etiam
1004 3317 1123 3369 qua:
1169 3304 1478 3371 cogitantur
1527 3305 1804 3357 seniorum

232 3383 586 3424 reserventur
622 3372 876 3426 examini.
929 3391 948 3424 ι
1006 3373 1070 3426 Et
1125 3374 1339 3442 quidem
1391 3385 1541 3427 recte
1590 3378 1812 3428 omnino

239 3449 522 3510 postquam
554 3442 605 3494 in
645 3453 835 3510 quarto
865 3445 1180 3498 humilitatis
1209 3446 1377 3512 gradu
1407 3445 1713 3512 patientiam
1750 3445 1806 3500 in

232 3513 412 3575 «luris,
441 3514 756 3576 contrariis,
789 3525 840 3565 et
873 3515 1122 3583 irrOgatis
1155 3515 1365 3581 injuriis
1397 3516 1633 3583 reposuit
1663 3515 1718 3568 8.
1748 3515 1807 3568 Ρ.

232 3583 586 3647 Benedictus,
631 3583 680 3634 in
707 3584 891 3652 quinto
923 3585 1178 3639 humilem
1209 3588 1486 3639 constitu't
1514 3584 1808 3640 confessio-

239 3657 390 3726 ir'ein;
416 3654 540 3723 quia
564 3652 783 3710 difficile
809 3664 891 3709 est
914 3664 967 3708 ttt
995 3657 1088 3724 qui
1114 3657 1310 3726 patitur
1333 3657 1603 3724 injuriattt,
1629 3659 1810 3726 aliquo

236 3724 622 3797 indignationis
677 3734 770 3797 aut
835 3724 1270 3783 murmu’raizt‘mis
1339 3739 1484 3781 m.tn
1550 3724 1814 3781 adversus

235 3796 570 3868 inferentem
596 3796 964 3868 non’leratur,
1007 3799 1072 3851 ad
1117 3814 1275 3868 quem
1307 3799 1666 3868 superandum
1701 3814 1808 3852 non

235 3881 421 3932 parum
449 3867 658 3920 confert
688 3867 904 3924 humilis
943 3867 1231 3926 confessio.
1377 3867 1384 3868 ί
1704 3929 1706 3932 ,

274 3943 276 3946 ’
305 3939 370 3992 At
399 3938 578 4006 gravis
609 3937 697 4009 hic
725 3942 894 3993 oritur
920 3939 1223 4008 dillicoltas,
1257 3956 1356 4009 qua
1387 3940 1454 3995 de
1478 3941 1816 3996 confessione

235 4009 484 4078 loquatur
511 4009 571 4064 8.
600 4008 921 4065 Benedictus
949 4029 959 4062 :
993 4015 1058 4064 de
1079 4008 1474 4075 sacramentali,
1509 4028 1575 4064 an
1600 4012 1666 4066 de
1706 4016 1815 4066 usi-

239 4089 342 4153 tata
370 4080 463 4153 illa
490 4093 541 4132 et
574 4081 782 4134 laudata
829 4096 859 4135 a
902 4082 1158 4148 spiritalis
1205 4082 1324 4135 vitae
1378 4082 1663 4153 magistris,
1697 4098 1818 4151 qua:

236 4150 445 4222 consilii
476 4165 636 4222 causa
667 4169 694 4202 a
726 4153 1003 4205 monachis
1031 4163 1331 4222 usurpatur.
1362 4150 1552 4220 Qua'in
1601 4167 1660 4207 re
1689 4150 1820 4207 satis

236 4221 438 4276 divisas
468 4221 622 4275 video
647 4231 1126 4277 commentatorum
1166 4221 1488 4278 'sen'tentins.
1521 4221 1651 4276 Nam
1694 4223 1822 4277 Ber-

237 4294 436 4362 nardus
467 4293 824 4355 Cassinensis,
861 4291 1158 4348 ﬂichardns
1188 4296 1253 4349 de
1291 4293 1348 4348 8.
1387 4295 1610 4362 Angelo,
1651 4293 1818 4348 Bohe-

237 4364 365 4425 ritis,
395 4361 630 4418 Joannes
657 4365 725 4418 de
747 4363 1180 4431 'l‘urrecremata,
1209 4365 1453 4420 lilattbias
1473 4361 1822 4421 Lamtiertus.

238 4431 598 4488 Columbanns
655 4433 874 4500 Uranx,
933 4438 1002 4491 de
1050 4439 1420 4492 sacramentali
1484 4436 1825 4491 confessione

240 4514 486 4560 sanctum
531 4505 877 4560 Benedictum
916 4508 1250 4576 interpretari
1282 4509 1543 4560 videntur.
1597 4508 1829 4575 Quidam’

239 4576 307 4648 de
354 4587 582 4646 utraque
629 4575 1081 4648 locutumifuisse
1133 4577 1456 4633 existimant.
1530 4580 1700 4648 Atque
1753 4579 1830 4633 ita

241 4646 579 4702 'l‘beobaldus
603 4651 849 4702 Artaldus
873 4647 1198 4705 leestinus
1233 4651 1283 4704 in
1309 4649 1509 4704 Gallica
1535 4646 1829 4718 expositio-

182 4743 190 4752 -
242 4722 310 4772 ne
355 4720 574 4787 Regulae
620 4719 996 4786 Benedictum,
1049 4722 1282 4775 Joannes
1314 4719 1666 4786 Craesbeeck,
1717 4723 1831 4776 An-

241 4791 423 4864 tonius
437 4793 632 4864 Berea,
667 4791 730 4845 ad
772 4805 929 4864 quam
979 4793 1300 4848 sententiam
1349 4791 1568 4864 inclinat
1598 4792 1826 4846 Benedi-

243 4869 358 4913 ctus
413 4861 722 4928 llael'teuus,
757 4861 825 4915 ita
858 4873 1035 4918 tamen
1065 4871 1121 4916 ut
1150 4865 1318 4931 magis
1359 4863 1408 4916 in
1440 4878 1556 4916 eam
1601 4877 1830 4931 propen-

244 4930 382 4995 deat,
418 4947 538 5001 quae
569 4933 633 4986 de
655 4934 787 4997 sola,
820 4939 939 5004 qua:
965 4930 1344 4989 consolationis
1397 4943 1486 4986 aut
1517 4930 1831 4989 directionis

244 5006 412 5076 gratia"
442 5005 517 5067 tit,
549 5005 894 5059 confessione
937 5011 1158 5076 textum‘,
1190 5004 1406 5076 Regula:
1435 5005 1828 5076 intelligituEt

248 5075 380 5146 hanc
412 5075 982 5144 solam'sanioremque
1017 5071 1322 5146 opinionem
1353 5071 1690 5144 amplectitur
1716 5071 1828 5131 Me-

248 5145 476 5218 nardus;
515 5159 676 5198 «nam
719 5148 770 5200 in
820 5145 1160 5202 confessiime
1188 5150 1584 5212 sacramentali,
1631 5147 1827 5218 inquit,

248 5230 349 5268 nun
377 5216 547 5270 solum
580 5219 788 5271 occulta
819 5220 974 5284 mala,
1006 5224 1101 5272 sed
1133 5225 1315 5285 a‘perta
1341 5219 1623 5274 revelanda
1645 5216 1820 5272 sunt.»

247 5286 332 5359 Et,
357 5302 487 5359 sane
538 5287 672 5340 hanc
715 5288 1107 5344 confessionem
1148 5291 1276 5344 solis
1305 5290 1587 5359 abbatibus
1629 5291 1836 5359 (neque

251 5358 404 5432 enini
422 5358 560 5432 alios
580 5359 843 5432 nominat)
866 5361 1159 5432 faciendam
1184 5373 1303 5414 esse
1331 5362 1386 5414 S.
1421 5357 1478 5414 Ρ.
1509 5357 1830 5415 Benedictus

251 5429 509 5498 praecipit,
537 5443 611 5502 ex
637 5429 833 5500 quibus
857 5431 1000 5484 illius
1031 5442 1207 5494 aetate,
1239 5440 1294 5486 et
1323 5433 1483 5485 etiam
1517 5434 1682 5486 multo
1708 5442 1832 5502 post

251 5503 494 5565 permulti
534 5500 670 5555 haud
704 5512 860 5557 erant
902 5504 1228 5562 sacerdotes.
1263 5519 1362 5557 nec
1390 5504 1610 5571 proinde
1648 5500 1831 5561 sacra-

252 5574 548 5642 ntentaletn'
591 5583 838 5642 poterant
892 5573 1142 5642 excipere
1197 5574 1610 5628 confessionem.
1654 5575 1827 5640 Addo,

253 5641 394 5712 quod
423 5652 576 5697 notat
595 5641 848 5698 Nicolaus
871 5641 1096 5706 Bravus,
1118 5645 1293 5698 omnia
1321 5659 1440 5712 qua:
1471 5645 1553 5699 hic
1581 5645 1636 5700 S.
1674 5649 1832 5701 l‘ater

253 5710 465 5784 adducit
495 5714 786 5784 Scriptura:
805 5717 1133 5783 testimonia,
1157 5717 1223 5769 ad
1251 5710 1666 5770 conﬁrmandam
1700 5731 1834 5770 con-

255 5778 538 5842 fessionem
569 5778 728 5858 hanc,
753 5787 1036 5866 desumpta
1062 5778 1194 5845 esse
1211 5803 1278 5846 ex
1313 5787 1491 5844 Veteri
1519 5789 1832 5862 Testamen-

1527 5942 1622 5951 ρ’.-

1289 5956 1402 5970 -.μ

1836 1748 2240 1857 n‘llegularum
2271 1767 2389 1820 cap.
2426 1749 2510 1824 15,

1917 1820 2010 1876 85.
2044 1825 2178 1876 anttd
2211 1823 2346 1874 lloll.
2381 1821 2446 1876 14
2474 1821 2510 1874 Μ

1903 475 2237 530 crantcntali.

1977 547 2146 601 Porro
2176 561 2295 612 qua:
2325 545 2411 603 hic
2438 547 2499 607 S.
2526 544 2846 606 Benedictus
2870 544 3098 605 instituit
3127 547 3196 605 de
3221 547 3409 604 humili
3435 548 3500 603 ad

1903 617 2149 672 abbatem
2181 619 2549 690 conscientia!
2600 618 3054 689 manifeStatione,
3122 623 3310 676 eadem
3365 637 3508 690 ρι’-ιέ

1905 690 2106 761 scripta
2137 687 2374 746 ollendes
2400 690 2453 745 in
2483 691 2684 761 Regula
2724 690 2782 746 8.
2814 687 3059 758 Antonii,
3084 707 3139 746 ιι.
3163 691 3256 759 25,
3307 687 3504 757 in_ejus

1905 760 2048 832 Vita,
2080 775 2200 832 cap:
2245 761 2314 832 29
2332 778 2352 832 ;_
2383 761 2436 815 in
2467 760 2668 832 Regula
2702 761 2908 832 abbatis
2966 761 3132 828 Isaire,
3179 778 3303 830 cap.
3341 765 3404 823 6;
3451 763 3513 813 iii-

1906 831 2126 901 Begulis
2176 829 2352 885 iusius"
2392 829 2674 900 dispuiatis
2724 831 2781 886 S.
2817 832 3020 898 Basilii,
3045 848 3168 901 cap.
3210 829 3311 896 26;
3361 833 3516 898 apud.

1905 900 2244 968 CaSsianunt,
2275 903 2367 957 lib.
2403 919 2455 956 tv
2481 903 2739 966 lnstitut.,
2769 918 2888 972 cap.
2912 902 2966 969 9,
2992 912 3048 957 et
3073 900 3253 958 cellat.
3285 903 3341 966 2,
3378 917 3500 956 ean.

1906 973 2010 1041 1.0;
2043 973 2181 1042 apud
2213 973 2272 1029 S.
2305 973 2658 1044 Dorothenm,
2683 975 2947 1044 doctrina
2981 972 3041 1040 5;
3097 976 3149 1028 in
3197 974 3397 1044 Regula
3429 973 3508 1024 vi-

1907 1045 2064 1100 vendi
2090 1043 2368 1098 monachis
2391 1061 2416 1096 a
2446 1046 2502 1098 S.
2529 1043 2729 1098 llavide
2754 1046 3086 1114 praescripta,
3120 1045 3260 1113 apud
3289 1043 3503 1098 Bonan-

1907 1114 2058 1178 duin,
2088 1116 2112 1168 l
2144 1113 2353 1180 Martii;
2389 1116 2440 1169 in
2466 1115 2670 1184 [tegula
2693 1118 2751 1169 8.
2785 1113 2994 1180 lsidori,
3026 1130 3147 1180 cap.
3181 1116 3277 1181 l4;
3313 1117 3365 1170 in
3398 1114 3508 1168 lle-
3583 1137 3590 1184 ε

1905 1185 2030 1254 gula
2055 1185 2110 1242 8.
2147 1184 2452 1254 Fructuosi,
2499 1201 2618 1254 cap.
2651 1185 2744 1246 15;
2779 1185 2830 1239 in
2862 1184 3057 1254 Regula
3090 1186 3350 1252 Magistri,
3378 1199 3501 1250 cap.

1909 1257 2012 1328 15;
2048 1255 2330 1328 inllegula
2361 1255 2422 1312 S.
2453 1256 2664 1320 Donati,
2687 1269 2804 1328 cap.
2839 1257 2944 1328 25;
2978 1260 3030 1310 in
3071 1255 3274 1328 Regula
3299 1255 3511 1328 Bajas-

1908 1313 2030 1381 dam
2071 1326 2138 1382 ad
2187 1313 2451 1398 virgines,
2484 1342 2603 1391 cap.
2726 1313 2790 1380 Et
2819 1313 3031 1395 quidem
3076 1313 3188 1381 hac.
3217 1329 3267 1381 in
3298 1313 3506 1396 Regula

1910 1400 1992 1452 ter
2022 1399 2245 1469 singulis
2279 1397 2479 1452 diebus
2529 1397 2646 1454 lieri
2697 1398 3080 1469 praiscribitnr,
3128 1399 3339 1454 scilcet
3385 1402 3510 1469 post

1908 1464 2221 1534 secundam,
2261 1479 2376 1537 post
2410 1483 2626 1532 nonam,
2660 1464 2716 1522 et
2737 1477 2859 1522 ante
2886 1468 3290 1536 completorinm
3317 1485 3332 1530 ;
3359 1464 3505 1538 quod

1908 1554 2010 1609 usu
2057 1536 2327 1609 receptum
2377 1539 2539 1594 fuisse
2580 1539 2707 1609 olim
2763 1538 2816 1592 in
2871 1539 3130 1608 \irginttm
3179 1536 3510 1594 monasterio

1911 1608 2202 1664 Evoriacas
2232 1611 2396 1674 dicto,
2428 1610 2586 1680 vulgo
2615 1608 2764 1664 Fara:
2792 1611 3142 1680 monasterio,
3175 1618 3397 1665 testatur
3419 1622 3511 1680 re-

1910 1680 2016 1734 lata
2043 1697 2070 1732 a
2102 1681 2158 1736 8.
2195 1681 2483 1734 Benedicto
2511 1678 2802 1735 Antanensi
2845 1678 3065 1735 historia
3112 1682 3164 1734 in
3203 1679 3507 1734 Concordia

2548 1752 2575 1821 ς
2607 1750 2694 1805 l2.
2732 1747 2864 1804 Vide
2894 1749 2998 1806 Vit.
3039 1750 3096 1806 S.
3133 1749 3406 1806 Pachomii
3448 1764 3506 1805 ιι.

1993 1861 2010 1886 ,
2044 1825 2178 1888 apud
2211 1823 2346 1874 lloll.
2381 1821 2446 1876 14
2474 1821 2614 1876 Maii.

1990 1893 2190 1947 Eadem
2212 1893 2392 1962 praxis
2418 1894 2559 1961 apud
2586 1903 2799 1948 nostros
2825 1891 3025 1962 passim
3050 1891 3258 1947 laudata
3281 1901 3336 1948 et
3359 1903 3510 1948 com-

1917 1963 2164 2016 mendata
2214 1963 2498 2032 reperitur,
2551 1963 2784 2018 maxime
2829 1979 2959 2019 vero
2991 1964 3039 2016 in
3077 1963 3192 2017 Vita
3223 1965 3282 2018 8.
3337 1964 3515 2019 Bene-

1914 2033 2042 2086 dicti
2066 2034 2274 2104 abbatis
2306 2032 2656 2104 Aniauensis,
2688 2051 2742 2088 ιι.
2773 2035 2840 2089 ’55
2872 2033 3087 2104 (chul.
3119 2051 3188 2096 iv,
3225 2053 3276 2102 p.
3314 2035 3367 2104 l)
3394 2052 3407 2100 ;
3456 2034 3514 2089 in

1915 2103 2082 2175 220
2118 2105 2232 2156 Vita
2267 2105 2323 2156 ll.
2350 2103 2580 2175 Alcttini,
2617 2123 2668 2156 ιι.
2700 2104 2760 2166 8,
2808 2103 2954 2158 etin
2993 2104 3107 2158 Vita
3138 2105 3194 2159 8.
3227 2103 3510 2171 Adalardi,

1917 2174 2136 2229 auctore
2167 2174 2518 2238 S.,Gerardn,
2549 2190 2602 2228 ιι.
2631 2175 2722 2238 41,
2757 2175 2844 2229 ubi
2887 2175 3033 2228 omni
3089 2191 3306 2243 prorsus
3332 2177 3512 2228 admi-

1920 2246 2128 2300 ratione
2155 2245 2370 2314 dignutn
2401 2246 2607 2298 videtur
2629 2245 2770 2314 quod
2803 2245 2868 2299 de
2900 2260 2963 2299 eo
2993 2245 3136 2298 ibide
3163 2266 3188 2294 ιι
3222 2247 3511 2300 scribitur:

1926 2315 2101 2386 srlpse
2133 2331 2279 2382 vero,
2305 2316 2506 2386 scilicet
2531 2314 2588 2370 S.
2619 2316 2938 2380 Adalardus,
2970 2325 3167 2369 tantam
3198 2316 3512 2370 memoriam

1921 2384 2153 2440 ﬁliorum
2187 2385 2414 2440 habebat
2439 2385 2494 2440 in
2523 2386 2815 2441 visceribus
2843 2387 3100 2454 paternis,
3126 2397 3180 2440 ut
3207 2403 3312 2440 non
3337 2388 3511 2441 solum

1921 2471 2102 2512 mores
2135 2459 2445 2525 inspiceret,
2477 2459 2572 2510 sed
2597 2457 2754 2509 etiam
2787 2472 3066 2510 numerum
3094 2465 3150 2510 et
3179 2458 3391 2511 nomina
3419 2471 3515 2512 eo-

1924 2543 2043 2582 rum
2075 2543 2290 2596 semper
2317 2526 2539 2583 haberet
2566 2528 2835 2596 descripta
2862 2529 2910 2580 in
2943 2528 3188 2582 manibus
3216 2531 3349 2592 suis,
3381 2543 3516 2597 qua-

1926 2608 2082 2653 tenus
2114 2615 2218 2653 non
2251 2597 2349 2653 sibi
2383 2597 2657 2653 excideret
2693 2614 2787 2667 pro
2820 2599 3013 2666 quibus
3043 2602 3304 2652 rationem
3337 2599 3516 2652 reddi-

1923 2683 2077 2725 turus
2103 2682 2246 2724 esset
2290 2670 2420 2733 Deo,
2447 2679 2500 2724 et
2529 2685 2625 2738 pro
2653 2671 2883 2734 quantis.
2934 2668 3059 2723 Ideo
3089 2670 3373 2723 maximam
3405 2685 3518 2739 ge—

1925 2756 2052 2798 rens
2101 2756 2280 2794 curam
2323 2755 2531 2802 eorum,
2581 2741 2780 2794 nullum
2834 2756 2899 2793 ex
2949 2741 3028 2793 eis
3075 2739 3128 2793 in
3179 2740 3541 2795 hebdomadi.

1925 2812 2263 2882 relinquebat
2283 2810 2648 2882 inalloeutum,
2665 2826 2732 2864 ne
2748 2811 2952 2865 scilicet
2973 2809 3220 2882 inimicus
3239 2812 3536 2866 invenient

1927 2879 2201 2947 vacantes,
2249 2879 2451 2934 zizania
2484 2882 2936 2948 ευιιειευιιιίιιειιθι
2962 2879 3215 2935 eordibus
3247 2897 3455 2935 eorum.
3487 2898 3510 2934 ι

1929 2954 2096 3008 Erant
2120 2966 2247 3004 vero
2281 2951 2523 3005 Corbeia:
2555 2952 2802 3005 monachi
2849 2951 2950 3003 sub
2997 2951 3052 3004 8.
3107 2952 3370 3006 Adalardo
3406 2965 3516 3009 non

1927 3025 2109 3079 minus
2139 3022 2408 3088 trecentis,
2441 3035 2540 3076 nec
2565 3021 2792 3089 amplius
2820 3021 3240 3089 quadringentis.

2001 3093 2258 3148 Hortatur
2310 3108 2400 3144 nos
2433 3092 2496 3145 de
2537 3091 2630 3144 hac
2677 3108 2732 3144 re
2778 3092 3050 3160 Scriptura
3094 3093 3304 3145 dicens:
3334 3091 3518 3147 Revela

1879 3167 1892 3233 ἓ
1937 3163 2156 3220 Domino
2186 3166 2317 3216 uiam
2347 3163 2508 3226 tuam,
2540 3173 2588 3214 et
2609 3179 2758 3233 spera
2789 3163 2840 3215 in
2875 3160 3038 3233 eum]
3071 3165 3176 3216 llac
3204 3164 3256 3216 iit
3282 3161 3520 3231 Scriptu-

1921 3255 1998 3292 r;e
2043 3235 2363 3304 auctoritate
2412 3231 2641 3304 quatuor
2687 3231 2909 3304 hujusce
2938 3231 3294 3304 confessionis
3325 3233 3511 3287 condi-

1919 3311 2094 3362 tiones
2144 3305 2203 3360 S.
2241 3303 2302 3358 P.
2336 3302 2653 3358 Benedictus
2699 3302 2898 3358 indicat
2942 3319 2957 3358 :
3022 3306 3081 3358 l°
3141 3303 3208 3358 Ut
3250 3303 3514 3369 sitclara,

1921 3387 2128 3445 aperta,
2160 3376 2363 3443 absque
2393 3375 2494 3428 ulla
2530 3377 2816 3445 verborum
2859 3375 3207 3440 obscuritate,
3234 3391 3354 3428 cum
3387 3375 3518 3428 dicit

1920 3443 2148 3511 Revela;
2195 3447 2294 3499 hoc
2313 3446 2466 3516 cnim
2500 3445 2728 3516 revelari
2758 3443 2974 3509 dicitur,
3009 3446 3363 3516 quodaperte
3413 3448 3516 3516 de:

1919 3520 1968 3574 cl
1989 3530 2173 3574 uratur.
2203 3516 2265 3568 2°
2311 3515 2374 3570 Ut
2407 3515 2495 3569 (iit
2518 3515 2695 3570 abbati
2725 3531 2828 3570 non
2857 3513 3106 3585 tanquam
3147 3513 3368 3582 homini,
3418 3513 3544 3570 sed-

1920 3602 2172 3654 tanquam
2210 3589 2334 3649 Deo,
2363 3597 2452 3640 aut
2475 3586 2593 3657 ejus
2623 3586 2858 3652 vicario;
2893 3586 3100 3657 Christi
3118 3588 3258 3642 enim
3291 3588 3434 3646 vices
3461 3587 3516 3642 in

1921 3660 2252 3715 monasterio
2280 3673 2436 3725 agere
2467 3656 2720 3720 creditur,
2748 3673 2870 3711 cum
2898 3657 3046 3713 addit
3079 3656 3321 3713 Domino.
3357 3659 3411 3711 5°
3446 3657 3518 3713 Ut

1923 3735 2017 3785 liat
2047 3733 2114 3785 de
2144 3729 2633 3802 propriisdclictis,
2668 3730 3073 3795 tentationibus,
3113 3731 3290 3797 pravis
3311 3730 3517 3802 cogita-

1922 3797 2183 3864 tionibus,
2210 3801 2349 3855 nulla
2371 3801 2502 3853 facta
2531 3797 2755 3854 aliorum
2775 3803 3067 3865 mentione,
3092 3816 3212 3854 cum
3236 3797 3514 3869 subju'ngit

1921 3875 2057 3926 riam
2099 3883 2260 3926 tuum.
2303 3870 2366 3924 4°
2398 3873 2528 3925 Cum
2577 3872 2725 3925 lirnta
2758 3885 2854 3940 Spe
2883 3871 3186 3926 obtinendae
3219 3868 3410 3937 venite,
3443 3868 3520 3925 Ει

1924 3961 2075 4015 spera
2097 3946 2149 3997 in
2175 3959 2309 4015 eum.

1973 4014 2063 4068 .Et
2094 4016 2215 4070 item
2253 4011 2374 4064 dicit
2405 4026 2422 4064 :
2454 4010 2776 4078 Conﬁtemini
2817 4009 3306 4082 Domino_quoniam
3335 4013 3518 4076 bonus,
3549 4069 3551 4071 ,

1925 4088 2167 4156 quoniam
2188 4087 2239 4136 in
2262 4081 2507 4156 swcttlunt
2529 4082 2880 4136 misericordia
2907 4079 3146 4153 ejus.]'ln
3165 4100 3268 4153 qua
3292 4084 3518 4154 proinde

1928 4153 2156 4212 ﬁrmiter
2175 4153 2518 4223 Spet'andutn.

2005 4227 2069 4281 Et
2111 4221 2230 4280 item
2258 4222 2531 4292 Prop/tcta:
2559 4238 2578 4276 :
2625 4221 2880 4279 Delicium
2926 4239 3091 4296 meum
3130 4227 3388 4296 cognitum
3430 4227 3520 4279 tibi

1931 4297 2050 4369 feci,
2081 4306 2125 4352 et
2150 4295 2597 4369 iiijustitius_iiteas
2623 4311 2724 4348 non
2753 4296 2954 4369 operui.
2985 4295 3108 4363 Dixi
3127 4295 3519 4369 :Pronuntiabo
3547 4349 3551 4353 .

1929 4365 2209 4431 adversum
2250 4383 2330 4420 me
2375 4365 2654 4437 injustitias
2684 4383 2819 4437 mens
2860 4366 3103 4434 Domino,
3135 4380 3183 4420 et
3221 4379 3276 4421 tu
3320 4368 3517 4422 remisi-

1931 4441 1998 4493 sti
2041 4440 2350 4505 impietatem
2381 4436 2553 4491 cardis
2597 4436 2738 4509 11185.]
2769 4438 2972 4506 Quibus
3003 4439 3052 4492 in
3088 4439 3263 4494 verbis
3294 4453 3523 4509 quttuor

1896 4547 1912 4566 ς
1933 4511 2130 4566 iterum
2159 4511 2370 4563 denotat
2400 4506 2736 4563 observanda
2762 4511 2862 4563 hac
2890 4511 2940 4564 in
2975 4506 3347 4566 confessione:
3378 4513 3435 4564 ιο
3466 4518 3548 4563 ut-

1855 4560 1911 4621 Ῐ)
1937 4584 2069 4636 nihil
2116 4583 2334 4636 omnino
2377 4581 2711 4649 superiorem
2742 4583 2898 4644 celet,
2949 4583 3072 4650 quia
3108 4581 3192 4634 vix
3225 4595 3520 4648 congruum

1938 4655 2178 4708 medicus
2207 4661 2409 4719 aegroto
2453 4661 2624 4716 potest
2668 4651 2864 4706 allerre
2894 4652 3208 4716 remedium,
3260 4651 3362 4706 nisi
3388 4656 3554 4705 intec-

1936 4741 2085 4792 grnm
2115 4723 2286 4778 morbi
2313 4722 2672 4792 cognitionem
2706 4722 2917 4785 haheat,
2945 4721 3065 4775 Non
3092 4723 3308 4789 aperui;
3351 4724 3415 4776 2°
3463 4732 3522 4775 ut

1870 4847 1874 4850 .
1939 4791 2248 4863 priusquam
2285 4791 2351 4847 ad
2397 4792 2728 4858 superiorem
2760 4793 3001 4857 accedat,
3033 4792 3206 4848 morbi
3241 4793 3322 4863 sui
3353 4793 3558 4862 quali.»

1936 4861 2455 4925 iatentconsideret,
2490 4865 2607 4931 ejus
2635 4878 2848 4928 causas,
2881 4873 3143 4929 naturam,
3193 4861 3556 4932 cﬂectnsquo‘

1937 4935 2232 5004 perquirat,
2259 4944 2315 4987 ut
2338 4933 2650 5002 ampliorem
2672 4933 2735 5004 de
2757 4950 2822 4988 eo
2845 4933 3018 4990 abbati
3045 4934 3284 4988 nutitiatn
3308 4936 3528 4999 tribuat,

1936 5003 2079 5074 quod
2111 5007 2380 5076 colligitur
2407 5022 2470 5058 ex
2511 5006 2676 5059 verbo
2709 5003 2852 5072 Dixi,
2886 5005 2936 5059 id
2966 5017 3049 5060 est
3081 5020 3290 5060 inecum
3321 5008 3482 5060 statui
3510 5020 3527 5070 ς

1937 5080 2002 5133 3°
2037 5085 2092 5132 ιιι
2122 5078 2169 5132 il
2207 5077 2364 5129 faciat
2393 5091 2512 5129 cum
2554 5079 2825 5130 vofuntate
2865 5086 2916 5130 et
2957 5076 3253 5132 intentione
3285 5092 3343 5132 se
3371 5093 3533 5132 accu-

1935 5150 2117 5213 sandi,
2161 5145 2515 5202 Prommtiabo
2546 5147 2813 5200 adversum
2854 5162 2963 5207 me:
2993 5151 3052 5202 4°
3086 5147 3247 5218 idque
3277 5163 3397 5204 cum
3427 5148 3536 5202 hu-

1938 5221 2185 5300 militate,
2217 5217 2590 5300 quodindigat
2610 5233 2712 5300 vox
2740 5219 3042 5300 iniustitiae.

2014 5293 2077 5345 Et
2113 5287 2465 5361 haec'qnideui
2511 5288 2566 5361 8.
2597 5287 2927 5361 Benedictus
2957 5305 3021 5344 ex
3053 5299 3204 5360 parte
3249 5288 3394 5344 illius
3437 5302 3534 5358 qut

1934 5359 2320 5417 conscientiam
2346 5359 2609 5426 superiori
2638 5376 2758 5413 man
2788 5365 2971 5414 t'estat:
2993 5359 3117 5430 quid
3141 5376 3270 5416 vero
3289 5377 3352 5416 ex
3383 5371 3537 5430 parte

1936 5434 2107 5501 ipsius
2131 5434 2445 5501 siipeiioris,
2476 5432 2560 5484 cui
2596 5446 2868 5499 perversae
2895 5434 3248 5500 cogitationes
3289 5441 3344 5485 et
3392 5432 3536 5484 uiala

1936 5505 2201 5560 absentise
2232 5507 2518 5560 commissa
2561 5505 2885 5566 revelantur,
2915 5503 3112 5573 exigat,
3147 5501 3536 5570 praetermisit;

1932 5577 2064 5646 quia
2097 5573 2350 5630 humilem
2386 5574 2471 5646 hic
2496 5574 2752 5646 duntaxat
2777 5573 3004 5646 intendit
3033 5573 3267 5646 reddere
3291 5573 3565 5646 discipu-_.

1937 5642 2081 5714 l'um;
2115 5648 2207 5703 sed
2243 5646 2366 5701 illud
2399 5643 2616 5701 aliunde
2660 5653 2906 5714 repetere
2934 5642 3226 5700 lectoribus
3253 5643 3399 5702 haud
3424 5644 3544 5703 erit

1937 5720 2188 5774 fortassis
2218 5718 2504 5787 ingratum.

1941 5836 1950 5858 ,
2015 5790 2200 5862 itaque
2227 5775 2302 5844 εἴ
2319 5788 2648 5847 Fructuosus
2671 5807 2899 5864 quatuor
2921 5783 3256 5864 potissimum
3287 5809 3355 5852 ex
3383 5775 3542 5866 pario
