4074 6356
553 269 650 330 391

1917 269 1976 328 S.
2009 268 2068 326 P.
2103 266 2465 329 BENEDICTI
2531 306 2591 331 ..ε

3727 270 3845 329 392

552 385 773 458 abbatis,
811 384 1034 457 requirit
1075 382 1177 458 (Iit
1214 381 1403 457 Regul.
1459 399 1602 458 cap.‘
1628 381 1739 455 1⁸5),
1795 384 2020 458 scilicet,
2075 395 2137 440 ut
2164 392 2216 451 Α
2243 383 2537 457 priescribit
2578 377 2928 458 Tamatensis
2953 382 3267 444 monasterii
3292 384 3497 458 Regula
3530 384 3689 458 (Cap.
3734 388 3837 457 8):

562 453 992 523 «consolatione,
1046 453 1312 520 oratione;
1365 453 1749 524 castigatione,
1809 457 1923 511 sive
1973 458 2134 511 etiam

555 529 938 585 exercitatione
963 527 1139 583 idonei
1172 528 1370 597 operis,
1396 546 1413 578 ι
1441 527 1587 581 fratri
1619 535 1845 593 tentato,
1889 537 1979 581 aut
2004 529 2135 581 alias

554 600 751 654 afflicto
779 601 1056 655 medeatur
1084 618 1097 653 :
1126 614 1243 668 quae.
1268 600 1423 669 221
1455 612 1592 669 pene
1604 597 1991 669 eadeniﬂvidere
2014 600 2139 653 licet

554 672 610 727 in
640 671 836 743 Regula
866 672 1122 743 Magistri,
1156 671 1208 723 in
1232 668 1722 743 qua’pi'mscribitur
1754 668 1907 743 (Cap.
1938 670 2056 743 15),Δ
2082 678 2139 743 ut

558 760 581 795 ι
604 738 805 798 ευηιῖιθ
833 738 1013 812 aliquo
1038 744 1198 795 l'ratre
1226 738 1524 812 nuntiatum
1553 738 1713 793 fuerit
1740 754 1769 792 a
1796 740 1813 759 ‘
1834 738 2137 812 prmpOSitis

554 814 757 877 abbati,
784 811 1041 869 convocet
1094 825 1214 865 mox
1242 811 1545 866 universam
1576 811 2138 879 congregationem,et

554 883 697 939 dicat
726 884 974 939 omnibus
1015 881 1216 935 abbas:
1253 881 1460 946 Venite,
1513 882 1727 946 fratres,
1761 880 2138 935 snbveniamus

593 972 650 1009 er
678 954 1013 1010 dilectionem
1071 953 1298 1007 invicem
1349 952 1504 1007 nobis
1547 954 1686 1020 apud
1730 950 2135 1007 Dominum.....

593 972 650 1009 81⁵
678 970 1013 1010 αιιεοιιοηειη
1071 970 1298 1007 tnwcem
1349 970 1504 1007 DODIS
1547 970 1686 1020 apuu
1730 970 2135 1007 uomtnum.....

553 970 702 1093 Ergo
729 1027 1005 1081 unanimes
1033 1037 1129 1092 pro
1162 1022 1263 1077 hoc
1298 1022 1461 1077 fratre
1492 1033 1675 1077 nostro
1706 1038 1921 1078 oremus
1946 1022 2010 1077 ad
2036 1022 2137 1093 Do:

558 1091 786 1161 minimi,
818 1104 874 1149 ut
898 1091 1143 1164 dignetur
1176 1095 1227 1148 in
1259 1107 1325 1147 eo
1360 1094 1634 1161 signaculo
1675 1096 1849 1149 crucis
1876 1108 2006 1158 sum,
2054 1091 2141 1147 vel

548 1164 791 1236 jussiiine
823 1166 1072 1233 potentite
1101 1179 1213 1218 sua:
1244 1165 1441 1218 diaboli
1476 1164 1797 1220 teiitationes
1827 1178 2140 1233 compesce-

554 1251 631 1290 re.
659 1256 678 1289 ι
712 1237 848 1290 Ecce
875 1236 1082 1289 abbatis
1124 1240 1393 1304 totiusque
1421 1236 1851 1305 congregationis
1890 1249 1986 1304 pro
2031 1236 2140 1305 ira.

555 1315 635 1360 tre
668 1317 868 1361 tentato
895 1310 1214 1373 orationem,
1246 1308 1397 1375 cujus
1430 1304 1657 1376 praxeos
1680 1307 1951 1376 egregium
1979 1304 2141 1360 liabe-

552 1391 673 1433 mus
693 1378 994 1447 exemplum
1025 1378 1076 1431 in
1101 1377 1227 1447 ‘Vita
1255 1376 1311 1431 S.
1347 1377 1610 1431 Anastasii
1653 1376 1830 1431 Persa:
1863 1376 2140 1440 monachi,

549 1450 642 1517 qui
673 1448 957 1529 aliquando
1006 1446 1381 1529 recordatione
1427 1449 1557 1500 artis
1607 1448 1847 1529 magicae,
1881 1462 2041 1529 quam
2084 1447 2141 1526 in

551 1518 1115 1586 smeulo'exerciierat,
1168 1528 1419 1584 tentatus,
1452 1534 1571 1572 cum
1596 1533 1706 1573 rein
1740 1518 1918 1572 abbati
1970 1518 2142 1571 mani-

552 1589 836 1653 festasset,
892 1591 977 1644 ille
1024 1608 1040 1639 ι
1068 1589 1392 1645 admonebat
1432 1604 1577 1652 eum,
1615 1598 1669 1643 et
1695 1588 2030 1643 confortabat
2087 1589 2141 1642 in

553 1659 800 1728 Domino,
830 1660 1122 1716 secundum
1156 1676 1273 1728 qure
1318 1660 1440 1713 data
1490 1660 1567 1714 illi
1614 1660 1787 1714 fuerat
1816 1662 1866 1714 in
1916 1658 2141 1713 Domino

552 1732 807 1799 gratiam;
840 1743 893 1785 et
916 1732 1119 1801 faciens
1144 1731 1437 1801 orationem
1466 1746 1562 1801 pro
1590 1746 1654 1785 eo
1680 1744 1857 1785 coram
1886 1730 2136 1801 omnibus

552 1803 805 1871 fratribus
851 1803 901 1856 in
934 1800 1177 1865 ecclesia,
1208 1800 1559 1871 ell'ugavit’ab
1595 1815 1660 1855 eo
1691 1815 1918 1871 pugnam
1949 1800 2135 1871 diabo-

551 1870 709 1926 licam
739 1874 915 1943 (Apud
946 1870 1108 1936 Bcll.,
1140 1871 1211 1925 ‘22
1230 1869 1373 1941 jan'.)
1397 1890 1414 1923 ι
1444 1869 1926 1943 νΑόάίιίΜειεῖείετε
1959 1869 2134 1943 tCuin

553 1956 683 2011 ergo
709 1941 916 1996 oratum
952 1957 1047 2011 pro
1084 1957 1148 1997 eo
1193 1946 1261 1996 ab
1312 1942 1559 1997 omnibus
1602 1942 1901 1997 diutissime
1950 1941 2134 2008 fuerit,

553 2028 780 2079 surgens
810 2014 971 2067 abbas
1002 2028 1123 2067 cum
1147 2013 1418 2078 omnibus,
1458 2022 1511 2068 et
1550 2014 1844 2083 complens,
1877 2028 1998 2067 mox
2040 2028 2135 2067 cx-

554 2096 743 2137 eutites
774 2099 799 2138 s
824 2084 965 2153 ngnli
996 2099 1151 2153 opus,
1189 2083 1328 2153 quod
1361 2083 1649 2149 faciebant,
1696 2084 2091 2153 reprehendant
2117 2100 2131 2146 ;

553 2164 610 2208 et
636 2164 843 2208 retento
865 2155 1002 2221 apud
1031 2170 1087 2209 se
1119 2156 1206 2207 illu
1237 2156 1353 2209 solo
1379 2156 1544 2210 l'iatre
1574 2158 1659 2224 qui
1695 2157 1837 2208 malo
1858 2156 2138 2224 cogitatio-

554 2225 641 2278 nis
670 2226 896 2286 laborat,
931 2226 1163 2294 proferat
1190 2227 1423 2287 coilices,
1463 2236 1517 2279 et
1544 2226 1802 2280 adversns
1844 2227 2141 2279 necessita-

555 2304 662 2365 tem
713 2297 946 2349 vulneris
977 2295 1091 2365 ejus
1140 2296 1333 2350 similis
1363 2296 1539 2349 divitia
1592 2297 1853 2351 medicina
1905 2298 2135 2364 legatur.

551 2364 684 2419 Nam
714 2375 769 2421 et
798 2381 892 2433 per
929 2364 1043 2421 dies
1090 2367 1281 2435 quibus
1330 2367 1419 2420 ille
1458 2366 1621 2421 frater
1666 2368 2021 2435 interrogatus
2072 2366 2141 2421 ab

551 2437 747 2491 abbate
798 2444 934 2492 torte
983 2438 1324 2504 responderit
1376 2452 1481 2491 non
1536 2439 1816 2498 transisse.
1848 2438 1949 2491 illis
1995 2437 2141 2492 horis

552 2508 747 2575 quibus
777 2508 1035 2573 contingit
1060 2509 1157 2573 legi
1181 2508 1291 2561 sive
1321 2522 1414 2575 per
1446 2508 1699 2575 hiemem,
1731 2509 1843 2561 sive
1868 2523 1960 2575 per
1982 2515 2144 2562 testa-

556 2586 661 2631 tem
695 2578 1013 2646 pertinentia
1042 2578 1288 2631 codicum
1328 2578 1392 2632 ad
1438 2580 1606 2648 ipsam
1656 2580 1995 2646 cogitationis
2046 2594 2139 2632 ne-

557 2650 866 2717 cessitatem
899 2650 1103 2717 legatur
1136 2648 1245 2716 ipsa
1274 2648 1473 2704 decada
1496 2651 1562 2704 de
1584 2664 1686 2717 qua
1707 2659 1792 2705 est
1814 2651 1927 2717 ipse
1956 2648 2139 2703 frater.

560 2716 723 2771 Verbi
764 2716 969 2788 gratia,
1008 2719 1049 2772 si
1085 2719 1313 2773 suaserit
1359 2716 1796 2785 fornicatibnciii,
1832 2716 2035 2789 legatur
2066 2719 2143 2773 illi

554 2802 623 2843 ex
654 2789 883 2843 diversis
908 2789 1205 2855 codicibus,
1233 2790 1322 2844 ubi
1350 2792 1649 2845 castitatem
1678 2791 1851 2859 diligit
1892 2797 2063 2855 Deus;
2096 2791 2143 2844 si

557 2860 1124 2916 meutitionemsuadei
1146 2860 1472 2929 frequenter,
1491 2864 1692 2929 legatur
1711 2863 1786 2917 illi
1808 2862 1862 2915 in
1889 2862 2139 2927 diversis,

555 2930 644 2985 ubi
695 2932 947 3000 prrccepit
989 2933 1380 2987 veritatem.....
1439 2934 1589 2988 Unde
1634 2941 1848 2997 oportet
1893 2934 2140 2987 abbatem

558 3003 788 3057 multum
818 3006 883 3055 de
914 3004 1029 3069 lege
1058 3006 1394 3068 instructum,
1416 3015 1504 3057 aut
1534 3014 1591 3057 ut
1615 3004 1934 3059 testimoniis
1957 3003 2139 3058 omnia

554 3074 767 3145 doceat,
799 3082 889 3126 aut
915 3074 1324 3145 pertitieiitiaiad
1359 3078 1532 3128 loeum
1562 3075 2136 3145 legetidaconsignet.»

2248 478 2265 509 ι
2290 458 2389 525 Qui
2415 457 2796 527 cogitationum
2829 459 3253 527 impugnationes
3282 457 3672 514 consolationis
3718 472 3842 513 sua:

2240 544 2398 585 causa
2424 529 2689 601 secretius
2732 529 3038 601 confitetur,
3081 544 3187 586 non
3216 539 3425 601 oportet
3450 544 3573 584 eum
3599 530 3847 601 despici,

2242 616 2341 656 nec
2369 599 2487 654 aliis
2518 599 2808 668 publicari;
2839 600 2934 656 sed
2973 610 3229 669 quantum
3252 599 3331 655 'in
3372 601 3491 669 ipso
3518 610 3603 655 est
3636 600 3848 656 blanda

2241 671 2834 742 exhortationefoveri.
2865 689 2883 722 ι
2911 669 2981 725 Ει
3013 670 3209 741 Regula
3231 669 3523 741 Cujusdam
3554 671 3625 725 ad
3650 669 3813 742 Virgi
3833 704 3847 713 .

2242 756 2376 798 nes:
2408 760 2425 793 ι
2450 741 2734 797 Abbatissa
2757 742 2839 798 vel
2870 744 3223 811 praeposita...
3248 742 3472 797 crimina
3503 743 3715 797 minora
3758 741 3849 797 vel

2242 813 2470 867 maxima
2517 812 2821 868 nullatenus
2856 814 3229 880 manifestent,
3276 814 3379 869 nisi
3410 814 3526 867 solo
3558 812 3705 882 justo
3753 814 3849 880 jn-

2238 882 2370 949 dici,
2415 884 2507 952 qui
2550 883 2790 938 omnium
2836 884 3203 939 confitentium
3252 884 3478 939 crimina
3525 885 3688 939 lavat.
3753 884 3850 938 ll’a

2241 954 2385 1010 enim
2413 969 2533 1025 qua:
2560 955 2805 1009 confessa
2834 963 2918 1010 est
2966 970 3062 1010 sua
3112 956 3332 1012 vulnera
3377 956 3703 1018 verecunde,
3736 970 3847 1009 non

2240 1026 2307 1080 ad
2341 1025 2689 1091 opprobrium
2718 1025 3112 1095 recipiendum,
3144 1026 3240 1082 sed
3268 1027 3334 1080 ad
3364 1028 3597 1081 salutem
3637 1034 3847 1080 reinteo

2242 1096 2500 1166 grandam
2530 1096 2779 1152 confessa
2804 1107 2906 1162 est,
2936 1098 3137 1165 justum
3186 1097 3389 1152 habens
3419 1108 3607 1153 testem
3641 1096 3840 1159 Deum,

2243 1181 2275 1221 a
2304 1180 2411 1237 quo
2442 1176 2496 1221 et
2524 1167 2724 1222 mederi
2755 1178 3052 1237 exspectat.
3084 1168 3157 1222 Ea
3180 1182 3310 1225 vero
3333 1169 3518 1223 senior
3545 1183 3667 1235 qua:
3699 1167 3844 1222 reci-

2241 1238 2322 1307 pit
2347 1237 2790 1310 (confessionem)
2818 1253 2939 1310 cum
2968 1239 3230 1307 gravitate
3258 1248 3315 1295 et
3341 1239 3715 1310 moderatione
3746 1252 3842 1310 pe-

2243 1322 2341 1364 nes
2358 1307 2427 1365 se
2458 1307 2798 1372 occultando,
2839 1307 3218 1365 honestissime
3260 1317 3462 1370 teneat,
3486 1324 3555 1365 ne
3595 1308 3727 1363 dum
3763 1309 3845 1361 al-

2244 1381 2416 1435 terius
2446 1380 2651 1434 vulneri
2684 1378 3007 1435 medicinam
3038 1379 3292 1445 infundit,
3332 1395 3445 1436 suae
3488 1381 3689 1435 mentis
3718 1393 3843 1433 cor-

2244 1460 2455 1519 rumpat
2478 1452 2729 1506 nitorem.
2752 1468 2773 1503 ι
2809 1450 2877 1506 Et
2909 1450 3023 1507 haec
3066 1452 3299 1506 maxime
3334 1451 3617 1506 attendere
3640 1451 3845 1505 debent

2243 1521 2487 1585 abbates,
2521 1523 2649 1576 utsi
2687 1534 2845 1591 quant
2891 1522 2944 1576 in
2993 1536 3055 1576 se
3101 1521 3347 1577 fiduciam
3393 1521 3463 1575 ab
3490 1520 3844 1577 inferioribus

2244 1591 2575 1659 desiderent,
2602 1591 2702 1648 sibi
2735 1592 2971 1648 revelata
3001 1601 3262 1664 perpetuo
3291 1602 3476 1664 tegant
3504 1592 3753 1651 silentio.

2646 1706 2723 1761 De
2748 1707 3227 1789 sexto'lrumilitatis
3252 1710 3439 1779 gradu.

2165 1764 2216 1827 Β
2315 1795 2503 1853 Sextus
2544 1797 2847 1852 humilitatis
2874 1778 3066 1868 gradus
3088 1806 3181 1863 est,
3212 1764 3426 1868 si'omiii
3454 1797 3649 1853 vilitate
3672 1806 3721 1852 et
3748 1814 3847 1852 ex.

2243 1871 2496 1923 tremitate
2521 1878 2785 1923 contentus
2817 1866 2891 1939 sit
2912 1866 3241 1937 monachus]
3283 1867 3351 1924 Ut
3379 1870 3616 1939 aliquem
3652 1883 3720 1923 ex
3747 1868 3846 1924 hu-

2243 1941 2355 1994 mili
2386 1940 2452 1995 ad
2483 1940 2730 1995 abbatem
2750 1938 3110 2003 confessione,
3131 1940 3198 1994 de
3220 1955 3322 2008 qua
3351 1938 3615 2008 superiori
3645 1940 3844 2010 gradu.

2242 2010 2475 2065 fructum
2522 2012 2779 2080 percipiat
2825 2010 3145 2076 monachus,
3194 2012 3260 2064 ad
3300 2014 3477 2064 omnia
3511 2010 3677 2065 debet
3719 2025 3845 2065 esse

2244 2093 2488 2148 paratus:
2516 2081 2656 2136 unde
2678 2090 3068 2150 consequenter
3091 2081 3151 2135 S.
3178 2080 3238 2135 P.
3265 2082 3581 2135 Benedictus
3605 2084 3659 2134 iu
3681 2092 3846 2135 sexto

2244 2151 2558 2206 humilitatis
2582 2153 2746 2221 gradu
2777 2152 3024 2222 requirit,
3057 2162 3114 2205 ut
3144 2152 3283 2205 omni
3302 2152 3494 2205 vilitate
3521 2161 3567 2206 et
3598 2153 3848 2205 extremi-

2254 2232 2358 2275 tate
2388 2233 2674 2278 conlentus
2728 2223 2837 2277 sit:
2876 2223 3066 2291 quibus
3117 2223 3167 2276 in
3202 2224 3379 2277 verbis
3423 2225 3523 2275 tria
3577 2224 3737 2275 nobis
3790 2222 3845 2277 in

2245 2298 2496 2362 przesenti
2524 2293 2886 2363 investiganda
2929 2303 3216 2348 occurrunt
3249 2311 3260 2344 :
3298 2294 3353 2347 1⁸
3381 2294 3504 2361 quid
3530 2296 3599 2346 sit
3629 2294 3846 2357 vilitas;

2242 2362 2303 2419 2'
2332 2365 2457 2433 quid
2486 2362 2809 2423 extremitas:
2856 2365 2918 2418 ‘50
2950 2380 3045 2419 cur
3085 2363 3142 2417 S.
3179 2363 3335 2417 Pater
3368 2378 3473 2418 non
3522 2365 3850 2430 simpliciter

2244 2434 2453 2495 vilitate
2482 2444 2573 2489 aut
2599 2436 2937 2490 extremitate
2966 2444 3278 2491 contentum
3306 2448 3429 2491 esse
3457 2434 3662 2491 debere
3684 2435 3846 2492 dixe-

2246 2506 2339 2571 rit,
2373 2506 2466 2561 sed
2497 2506 2816 2575 praemiserit
2848 2508 3006 2560 omni.

2322 2576 2433 2631 Etsi
2466 2578 2640 2632 vilitas
2667 2585 2720 2631 et
2749 2578 3068 2633 extremitas
3111 2576 3412 2646 promiscue
3451 2575 3664 2632 soleant
3692 2591 3850 2631 usur-

2248 2649 2364 2772 pari
2418 2658 2476 2702 ut
2522 2662 2586 2703 ea
2628 2649 2901 2717 accepisse
2930 2650 3137 2702 videtur
3174 2648 3234 2703 S.
3264 2648 3560 2718 Gregorius
3605 2661 3749 2715 papa
3796 2652 3849 2701 in

2272 2758 2285 2771 .
2316 2734 2367 2772 tv
2399 2719 2624 2772 Dialou“
2651 2732 2771 2772 can.
2813 2720 2905 2772 55.
2928 2719 3126 2772 aliquid
3160 2729 3337 2772 tamen
3366 2720 3503 2772 inter
3545 2728 3848 2772 utrumque

2272 2758 2285 2771 .
2316 2734 2367 2772 tv
2399 2719 2624 2789 Dialog.,
2651 2732 2771 2788 cap.
2813 2720 2905 2784 55,
2928 2719 3126 2787 aliquid
3160 2729 3337 2773 tamen
3366 2720 3503 2773 inter
3545 2728 3848 2784 utrumque

2247 2790 2573 2845 discriminis
2617 2790 2851 2844 afferunt
2893 2790 3212 2859 insigniores
3255 2790 3469 2858 Regulae
3500 2799 3849 2859 commenta-

2249 2872 2394 2915 tores
2420 2861 2777 2925 llildemartis,
2828 2858 3133 2916 Bernartius
3177 2860 3537 2923 Cassiuensis,
3587 2858 3848 2913 Nicolaus

2247 2932 2315 2986 de
2347 2931 2627 2999 Fractura,
2651 2931 2930 2997 Bolierius,
2958 2941 3011 2986 et
3034 2932 3459 2986 Turrecremata.
3487 2931 3621 2984 Nam
3641 2930 3849 2995 vilitas,

2248 3017 2313 3057 ex
2339 3002 2612 3058 Bernardo
2634 3002 2969 3069 Cassiiiensi,
3000 3020 3019 3052 ‹
3044 3002 3274 3071 pertinet
3299 3004 3363 3055 ad
3390 3015 3607 3056 omnem
3653 3000 3849 3055 utilem

2249 3087 2345 3128 seu
2369 3073 2731 3130 necessarium
2754 3088 2929 3139 usum,
2955 3074 3267 3129 extremitas
3288 3072 3353 3128 ad
3383 3086 3595 3130 onmem
3618 3080 3848 3142 statum,

556 3142 1162 3217 Eccedcnnsolationein
1195 3164 1205 3196 :
1243 3144 1365 3200 Ideo
1402 3147 1545 3217 enim
1602 3142 1837 3217 dimissis
1892 3142 2143 3217 oninibus
2171 3144 2220 3212 C
2250 3145 2495 3217 gradum,
2528 3160 2662 3213 opus
2682 3154 2736 3200 et
2764 3144 2961 3217 locum.
2996 3162 3017 3196 ι

555 3214 811 3269 fratribus
833 3216 1004 3269 solum
1031 3224 1291 3269 tentatum
1316 3215 1533 3271 retineri
1556 3216 1694 3285 apud
1721 3231 1780 3271 se
1802 3215 1996 3285 jussit;
2022 3216 2142 3269 ideo

555 3295 910 3355 congruentes
932 3286 1048 3354 ejus
1072 3286 1262 3341 morbo
1280 3286 1537 3342 lectiones
1560 3287 1809 3340 iudicavit
1834 3285 2140 3353 faciendas;

557 3356 682 3410 ideo
712 3356 1029 3410 instructum
1062 3358 1176 3427 lege
1206 3357 1382 3410 divina
1425 3359 1669 3412 abbatem
1702 3356 1997 3425 rejuisivit,
2053 3358 2143 3425 qui

552 3426 845 3496 Scriptura:
876 3426 1197 3482 testimoniis
1239 3428 1417 3481 omnia
1448 3428 1658 3491 doceat,
1690 3429 1740 3482 id
1791 3437 1871 3482 est
1897 3429 2143 3481 console-

557 3506 664 3551 tur.
695 3498 895 3551 Deiiidc
936 3500 1117 3564 paucis
1161 3498 1453 3566 interjectis
1502 3497 1811 3569 subjungit:
1854 3499 2010 3553 «Alia
2054 3498 2146 3555 die

559 3583 716 3622 tuane
756 3569 1115 3637 interrogetur
1144 3569 1212 3622 ab
1257 3571 1471 3639 abbate,
1530 3570 1576 3623 si
1624 3571 1878 3639 cogitatio
1924 3571 2141 3625 inimica

555 3638 809 3702 cessavit,
841 3648 932 3691 ant
961 3654 1104 3703 non;
1143 3638 1284 3708 quod
1308 3640 1352 3693 si
1378 3638 1713 3707 responderit
1737 3654 1841 3695 non
1866 3655 2139 3707 cessasse,

558 3719 892 3776 supponatur
930 3708 1190 3777 jejunium
1233 3711 1299 3763 ab
1327 3711 1595 3765 omnibus.
1626 3711 1779 3778 Quod
1811 3712 1935 3766 item
1964 3711 2008 3766 si
2039 3713 2143 3767 alia

561 3781 651 3834 die
694 3780 1110 3848 reiiiterrogaius
1160 3780 1494 3849 responderit
1538 3797 1641 3837 non
1689 3784 1966 3850 transisse,
2020 3782 2145 3838 refi-

559 3851 823 3904 cientibus
870 3851 1117 3905 omnibus
1151 3854 1351 3906 mensis
1378 3854 1721 3908 subtrahatur
1748 3854 2046 3908 vinum.....
2082 3854 2141 3910 Si

562 3922 724 3995 tertio
752 3922 839 3995 die
868 3923 1290 3993 reinterrogatus
1329 3925 1665 3995 responderit
1712 3939 1817 3980 non
1862 3928 2139 3991 transisse,

560 3993 688 4048 item
717 3992 888 4047 oleum
920 3996 1116 4047 mensis
1138 3992 1482 4049 Subtrahatiir
1514 4010 1634 4052 cum
1661 3996 1811 4060 vitio,
1839 4004 1899 4051 ut
1944 3996 2142 4051 multo.

560 4079 677 4120 rum
711 4063 897 4119 labore
923 4074 977 4119 et
1003 4065 1339 4119 abstinentia:
1369 4067 1695 4122 cruci-alioue
1725 4068 1902 4122 nullus
1936 4076 2139 4134 pereat,

561 4136 657 4191 sed
701 4148 890 4189 omnes
932 4136 1222 4207 evadant.»
1284 4138 1419 4193 Ecce
1468 4138 1709 4207 corporis
1771 4138 2140 4204 afﬂictiOiiem,

560 4221 719 4275 quam
772 4207 910 4279 inter
963 4206 1063 4260 alia
1112 4208 1422 4279 teiitatioiiis
1471 4206 1704 4263 remedia
1734 4211 2143 4279 assigiiaverutit

559 4287 822 4347 quotquot
871 4278 938 4332 de
983 4279 1090 4350 vita
1156 4278 1382 4347 spiritali
1447 4280 1794 4350 moribusque
1848 4278 2141 4349 dirigendis

562 4358 861 4402 tractavere
896 4349 1206 4415 scriptores,
1259 4351 1411 4418 cujus
1456 4349 1718 4405 eximium
1757 4351 2015 4406 habemus
2043 4352 2138 4407 do-

560 4430 866 4493 cumentum
900 4418 951 4493 in
977 4418 1485 4493 Vita-S.__Eupraxim
1512 4422 1752 4491 virginis,
1773 4437 1891 4493 qua:
1921 4422 2141 4478 ineunte

562 4490 761 4544 sacculo
792 4504 821 4559 v
866 4489 1046 4559 vivere
1081 4488 1240 4559 desiit
1265 4488 1316 4543 iii
1347 4488 1619 4559 virginum
1644 4488 1974 4548 monasterio
2005 4494 2142 4550 infe-

564 4535 1045 4632 ;i.‘.i's"ii..i.;.jai;
1067 4535 1610 4632 (irai:istim":
1636 4535 2143 4619 ;·ιῖέέε“ε;ῑιὶ.ῑη·έ;ῐιι
2170 4535 2224 4597 ι)

563 4630 896 4707 consuetudo
926 4630 978 4684 in
1009 4634 1357 4707 monasterio,
1394 4630 1565 4707 inquit
1590 4650 1891 4707 anonymus
1912 4636 2146 4705 siriptor

564 4716 619 4757 n.
654 4701 744 4775 μ,
774 4701 1061 4775 siquando
1106 4701 1400 4771 contigerat
1449 4701 1680 4775 aliquam
1736 4701 1982 4761 sororem
2024 4701 2145 4761 ien-

566 4773 666 4849 tari
693 4772 968 4849 ardiabolo
1000 4786 1093 4849 per
1134 4786 1403 4849 somnum,
1437 4772 1560 4831 moi
1603 4777 1920 4833 diaconisste
1950 4776 2024 4849 (id
2064 4788 2147 4833 cst

538 4844 873 4921 abbatissae)
907 4843 1202 4921 pandebat;
1244 4847 1332 4901 illa
1373 4863 1641 4921 veroicttm
1676 4849 1924 4921 Iacrymis
1959 4843 2142 4921 'Deuni

564 4915 889 4991 postulabat,
923 4925 977 4968 ut
998 4915 1196 4991 diaboli
1228 4919 1446 4972 tentatio
1472 4920 1540 4973 ab
1568 4921 1729 4991 222
1751 4915 1813 4975 ea
1842 4919 2140 4987 recederet,
2192 4924 2197 4927 “

559 4985 888 5055 jubebatque
919 4995 976 5039 ut
1006 4986 1209 5054 lapides
1236 4996 1491 5058 portaret,
1515 4985 1952 5046 et—suli—stratnm
1985 4985 2142 5046 suum

567 5065 914 5133 supponeret,
940 5067 993 5111 et
1013 5058 1251 5133 cinerem
1268 5074 1428 5131 super
1440 5061 1983 5133 ciliciuinspargeret,
2002 5072 2056 5118 et
2071 5062 2143 5117 ita

565 5117 825 5208 dormiret
854 5117 1024 5208 usque
1049 5130 1114 5183 ad
1141 5117 1405 5208 decimum
1432 5132 1598 5208 diem.
1623 5152 1648 5208 ρ
1674 5117 1913 5202 quue
1937 5117 2145 5208 it'agcou-

565 5199 735 5252 cludit
782 5198 1066 5277 Magister;
1101 5219 1121 5252 ι
1154 5201 1367 5277 Et_li0_c
1415 5203 1573 5277 debet
1619 5202 1787 5277 frater
1816 5198 2041 5277 moneri,
2088 5215 2146 5259 ut

565 5285 687 5323 cuni
716 5271 964 5337 cogitatio
991 5270 1163 5341 aliqua
1193 5274 1242 5329 ei
1278 5275 1573 5341 advenerit,
1603 5291 1724 5329 mox
1765 5276 1884 5329 fixis
1924 5277 1975 5330 in
2001 5284 2145 5331 terra

565 5355 689 5416 cum
720 5342 930 5416 cervice
961 5345 1206 5416 genibus,
1234 5347 1315 5400 vel
1356 5347 1509 5416 signo
1535 5348 1708 5401 crucis
1748 5348 1801 5401 in
1834 5347 2011 5401 fronte
2051 5346 2146 5400 de-

568 5415 732 5479 picto,
765 5412 1004 5486 debetad
1022 5415 1301 5471 Dominum
1328 5412 1634 5483 convolare,
1666 5428 1720 5471 ut
1751 5418 1997 5486 dignetur
2017 5432 2144 5473 suos

568 5486 763 5538 milites
791 5499 819 5538 a
842 5484 1055 5541 diabolo
1078 5487 1422 5542 defendere.»
1447 5487 1703 5542 Solebant
1722 5484 1934 5543 veteres
1958 5503 2143 5543 mona-

569 5556 653 5609 clii
684 5557 835 5629 signo
862 5557 1036 5610 crucis
1066 5560 1287 5614 technas
1318 5559 1515 5612 diaboli
1545 5559 1829 5629 dissipare,
1857 5571 1913 5613 ut
1942 5562 2139 5629 passim

568 5627 799 5683 occurrit
826 5628 879 5681 in
910 5641 1095 5684 eorum
1118 5634 1272 5686 actis.
1291 5629 1380 5685 His
1402 5630 1649 5686 omnibus
1677 5626 2139 5702 addendumquod
2194 5626 2203 5635 ”

2331 3212 2517 3271 Vilitas
2542 3212 2671 3285 ergo
2701 3215 2994 3270 attenditur
3012 3217 3062 3270 in
3093 3216 3238 3271 omni
3262 3215 3379 3269 utili
3406 3230 3502 3270 seu
3531 3212 3853 3269 necessario

2250 3302 2371 3357 usu,
2414 3287 2547 3351 sive,
2582 3296 2641 3341 ut
2669 3286 2978 3342 distinctius
3007 3286 3245 3356 loquitur
3270 3286 3631 3351 Hildeniarus,
3678 3285 3851 3357 «atti-

2249 3354 2367 3415 net'
2398 3358 2465 3412 ad
2515 3358 2728 3423 cibum,
2789 3358 2872 3413 vel
2923 3354 3144 3428 potum.
3196 3366 3252 3413 et
3296 3354 3854 3428 vestitum,gcalcea-

2250 3440 2512 3493 mentum,
2565 3430 2631 3484 ad
2680 3429 2897 3493 lectum,
2924 3426 3027 3485 'vel
3073 3429 3235 3483 etiam
3288 3427 3355 3483 ad
3394 3426 3849 3481 habitationem.»

2248 3499 2351 3557 Ubi
2401 3496 2671 3556 vilitatem'
2717 3499 2783 3554 ad
2835 3500 3323 3570 triapotissimum
3374 3498 3714 3570 redigitaad
3769 3496 3853 3552 vi-

2246 3581 2414 3635 ctum,
2465 3571 2531 3625 ad
2577 3572 2849 3634 vestitum,
2902 3569 3443 3641 adtiabitationem;
3502 3569 3854 3641 223nm

2246 3644 2445 3713 passim
2479 3642 2762 3696 laudantur
2780 3642 2921 3713 apud
2948 3651 3199 3713 auctores
3228 3638 3549 3713 ascetieosf
3545 3638 3619 3713 ne
3634 3638 3855 3713 vilitate

2247 3710 2303 3770 in
2326 3716 2479 3769 victu
2498 3714 2736 3769 dicemus
2759 3711 2894 3767 infra
2921 3712 2989 3768 ad
3016 3722 3177 3783 caput
3206 3713 3275 3768 35
3293 3720 3389 3783 aut
3408 3711 3500 3777 '59,
3540 3710 3609 3783 de
3635 3711 3853 3783 vilitate

2248 3786 2302 3840 in
2334 3785 2529 3840 vestitu
2554 3784 2621 3838 ad
2643 3798 2763 3851 cap.
2797 3783 2897 3849 55;
2948 3793 3004 3840 et
3040 3778 3254 3838 interim
3308 3782 3511 3838 videsis
3568 3781 3626 3837 S.
3680 3778 3851 3851 Greg.

2193 3902 2203 3911 .
2248 3856 2436 3912 homil.
2468 3856 2539 3910 40
2565 3856 2616 3909 in
2643 3855 3012 3925 Evangelium,
3044 3863 3100 3911 et
3134 3855 3191 3909 S.
3255 3853 3583 3910 Bernardum
3639 3852 3792 3925 hom.
3815 3852 3852 3904 4

2248 3942 2411 3997 super
2440 3925 2630 3982 Missus
2651 3934 2742 3989 est,
2768 3924 2822 3981 η.
2853 3928 2942 3981 10.
2973 3925 3049 3981 De
3089 3926 3293 3980 vilitate
3349 3924 3694 3979 habitationis
3728 3937 3853 3997 _n_on

2246 3993 2366 4055 sine
2394 4011 2587 4068 magno
2614 3998 2777 4051 animi
2806 3997 2991 4053 dolore
3021 3998 3109 4052 hic
3130 3997 3315 4053 dicere
3347 4010 3532 4068 cogor,
3590 3993 3852 4068 conside-

2247 4084 2375 4125 rans
2397 4066 2557 4139 quam
2580 4069 2763 4137 procul
2794 4068 2966 4123 disslti
3022 4082 3207 4123 sumus
3255 4068 3324 4139 ab
3373 4066 3855 4139 tristemporibus

2247 4136 2441 4210 quibus
2469 4136 2736 4195 non’alias
2758 4139 3002 4195 monachi
3029 4139 3219 4194 domos
3242 4136 3613 4192 inhabitabant
3638 4145 3853 4210 Ap‘rteter

2247 4206 2340 4283 eas
2370 4226 2504 4282 quas
2530 4211 2761 4283 propriis
2813 4211 2917 4265 sibi
2949 4211 3213 4283 Amanibus
3258 4216 3579 4283 paraverant
3618 4206 3852 4283 (Ruﬁn.

2248 4282 2338 4336 lib.
2379 4279 2415 4336 ιί
2448 4283 2509 4337 de
2532 4279 2692 4337 'Vitis
2717 4280 2839 4335 Pat.
2863 4297 2913 4338 c.
2942 4280 3059 4352 ‘25),
3087 4296 3286 4351 easque
3311 4279 3396 4335 vel
3441 4294 3552 4352 uno
3599 4280 3692 4352 di_e
3719 4292 3852 4352 con-

2246 4363 2513 4417 structas;
2538 4352 2817 4408 attendens
2848 4352 2913 4407 ad
2933 4349 3108 4423 magni
3139 4349 3219 4407 tot
3244 4351 3627 4423 monachorum
3644 4349 3851 4423 Patris,

2247 4427 2417 4479 sancti
2449 4424 2655 4480 scilicet
2680 4423 2916 4489 Martini,
2949 4420 3276 4494 exemplum,
3307 4423 3424 4493 qui,
3452 4421 3726 4476 referente
3748 4420 3855 4494 Sg-

2246 4510 2379 4550 vero
2406 4494 2642 4565 Sulpicio
2671 4494 2810 4567 (Lib.
2842 4511 2867 4567 i
2884 4496 2947 4550 de
2980 4493 3081 4567 if'it.
3108 4491 3171 4550 S.
3203 4491 3365 4549 Mart.
3387 4498 3427 4561 ),
3448 4494 3660 4567 ‘cipse_
3681 4507 3748 4547 ex
3786 4491 3854 4546 li-

2246 4567 2368 4691 griis
2386 4563 2692 4649 contextam
2711 4566 2964 4622 cellulam
2998 4565 3247 4630 habebat,
3264 4575 3328 4646 .et
3353 4564 3505 4620 multi
3534 4563 3756 4645 quidem
3779 4576 3853 4644 es

2274 4637 2502 4691 ratribus
2532 4653 2583 4691 in
2607 4638 2853 4691 eumdem
2882 4637 3124 4691 modum.
3144 4637 3386 4691 plerique
3408 4650 3538 4691 saxo
3552 4646 3853 4691 superiecti

2274 4637 2502 4695 ratribus
2532 4638 2583 4692 in
2607 4638 2853 4694 eumdem
2882 4637 3124 4703 modum,
3144 4636 3386 4706 plerique
3408 4650 3538 4691 saxo
3552 4634 3854 4705 superjecti

2250 4710 2451 4764 montis
2480 4719 2669 4763 cavato
2691 4709 3029 4777 receptacula
3078 4709 3179 4764 sibi
3231 4706 3503 4772 fecerant;
3546 4711 3856 4777 )jCOOienS

2248 4777 2435 4836 felices
2462 4780 2583 4835 illos
2610 4779 2726 4835 dies
2753 4776 2949 4836 auibus
2977 4778 3036 4835 S.
3071 4780 3319 4836 Ebrulfus
3358 4779 3525 4834 abbas
3577 4776 3856 4833 Uticensis

2248 4865 2352 4905 una
2382 4866 2504 4906 cum
2535 4852 2694 4907 sociis
2721 4848 2813 4922 (Γη
2833 4852 2945 4922 ejus
2996 4849 3139 4917 Vita,
3188 4867 3243 4904 n.
3294 4851 3349 4918 8,
3399 4865 3519 4903 uec.
3569 4848 3855 4922 ινΒεηρά.)

2255 4938 2273 4971 ι
2308 4937 2500 4978 nomen
2551 4920 2757 4977 Domini
2786 4920 3118 4987 invocantes,
3148 4935 3244 4991 pro
3271 4924 3572 4991 quantitate
3604 4920 3855 4974 habitan-

2254 4993 2384 5047 tium
2408 4993 2473 5047 de
2498 4992 2741 5061 virgultis
2757 5002 2812 5048 et
2839 4991 3118 5049 frondibus
3139 5001 3497 5048 construxere
3552 4993 3855 5060 tugurium,

2255 5063 2401 5133 quod
2429 5064 2667 5120 claustro
2700 5064 2917 5134 parvqu
2945 5064 3186 5134 ejusdem
3236 5062 3478 5134 materia:
3526 5063 3857 5117 circumcin-

2252 5144 2459 5203 gentes,
2494 5144 2808 5191 manserunt
2833 5135 2903 5190 ibi
2925 5151 2941 5201 ;
2962 5133 2994 5205 j
3027 5136 3222 5205 quibus
3249 5133 3308 5191 S.
3342 5134 3655 5204 Sigirannus
3684 5135 3859 5187 abbas

2253 5205 2666 5273 Longoretetisis
2700 5205 2787 5275 (Iit
2812 5208 2922 5277 ejus
2952 5204 3094 5271 Vita,
3129 5205 3292 5277 11.10,
3316 5220 3438 5260 uec.
3470 5206 3532 5274 tt)
3568 5206 3857 5272 parvulum

2253 5291 2321 5331 ex
2352 5277 2508 5343 lignis
2541 5276 2899 5333 habitaculum
2924 5277 3219 5333 aedificasse
3248 5276 3476 5347 legitur;
3506 5277 3705 5346 quibus
3756 5293 3859 5327 nu-

2254 5348 2349 5401 stri
2380 5347 2751 5404 Floriaceiises
2805 5356 2948 5406 tecta
2990 5349 3300 5404 monaSterii
3342 5348 3534 5415 stipula
3565 5347 3859 5415 cooperie-

2257 5418 2406 5472 bant.
2430 5420 2534 5473 Sed
2566 5436 2598 5473 ο
2626 5422 2898 5488 tempora!
2931 5434 2965 5474 ο
3002 5421 3209 5474 mores!
3241 5419 3362 5490 quis
3386 5419 3496 5487 jam
3513 5417 3689 5486 aliqua
3717 5432 3859 5469 noti-

2256 5491 2521 5543 nullorum
2545 5493 2989 5546 moiiasteriorum
3009 5490 3232 5545 aedilicia
3258 5499 3543 5553 contuens,
3574 5504 3636 5543 ea
3664 5504 3857 5541 minia-

2254 5560 2504 5626 clioruni,
2534 5560 2634 5616 hoc
2657 5573 2738 5616 est
2762 5577 3073 5631 pauperum,
3098 5561 3279 5617 saeculi
3304 5562 3629 5615 vanitatibus
3649 5573 3857 5631 renun-

2256 5632 2497 5687 tiaiitium
2515 5629 2812 5691 habitacula
2828 5629 3088 5703 crederet,
3105 5643 3280 5691 etnon
3296 5634 3606 5704 principum
3621 5629 3818 5703 palatia
3830 5631 3856 5685 ι’

621 5812 662 5899 ‘3
700 5812 815 5871 Non
842 5815 985 5874 enim
1024 5820 1124 5891 ipsi
1155 5834 1249 5892 per
1276 5836 1355 5891 se,
1388 5822 1479 5879 sed
1518 5820 1874 5880 incdiantibus
1900 5816 2201 5893 praepositis
2232 5822 2431 5877 malum
2458 5822 2746 5892 cOgitatum
2773 5819 2953 5878 abbati
2982 5820 3300 5895 prodebant.
