4074 6356
282 337 384 394 393

1346 332 1619 389 REGULA
1641 331 2135 388 'COMMENTATA.
2168 329 2320 387 CAP.
2363 326 2466 384 VII.

3446 324 3548 382 εει

278 453 382 508 Sed
414 466 524 506 non
554 449 666 522 hac
702 452 930 522 primum
956 457 1111 503 :etate
1142 447 1253 522 hoc,
1286 450 1429 522 virus
1482 447 1862 522 monachorum
1894 453 1941 508 Α
1972 463 2087 511 nro,
2119 445 2420 522 inquiebat,
2443 457 2536 522 vos
2564 451 2799 522 fratres,_
2833 455 2900 522 ne
2949 456 3200 522 manuum
3250 448 3546 496 vestrarum

280 522 529 579 cordibus
551 518 794 591 irrepsit;
825 536 946 577 cum
978 522 1117 574 inter
1162 520 1479 591 praecipuas,
1513 519 1705 591 quibus
1734 518 1863 591 olim

279 593 413 648 ordo
467 588 796 646 monasticus
836 590 1089 646 occubuit
1141 588 1507 658 regularisque
1568 588 1866 656 disciplina:

285 663 625 718 observantia
659 663 971 716 labefactata
1025 669 1128 721 est.
1152 675 1362 722 causas,
1387 667 1731 714 recenseatur
1786 658 1867 713 ni-

280 735 387 788 mia
418 733 762 787 aedificiorum
778 732 1164 801 magnificentia
1181 731 1197 800 (
1208 729 1385 783 Mabil.
1403 731 1633 801 prmitad
1643 745 1760 782 sive.
1774 730 1862 797 4):

280 804 369 858 cui
399 803 587 859 morbo
608 800 1101 869 medericupientes
1132 801 1378 855 monachi
1408 800 1716 863 Fuldenses,
1744 814 1867 866 por-

280 884 429 928 recto
469 873 535 927 ad
561 873 808 927 Carolum
836 872 1082 943 Magnum
1113 872 1486 943 imperatorem
1511 870 1699 943 libello
1731 884 1860 936 sup-

280 943 425 1012 plici,
460 945 791 1009 iostularunt
816 941 1003 1013 (Nam.
1030 944 1152 1008 1‘2),
1183 959 1201 992 r
1240 949 1298 1013 ut
1337 941 1557 995 aedificia
1606 943 1864 1013 immensa

282 1011 446 1081 atque
470 1014 761 1081 superﬂua,
794 1011 848 1067 et
863 1022 1058 1067 eaatera
1081 1012 1468 1081 Operainutilia
1524 1011 1861 1078 omittantur,

278 1080 473 1153 quibus
504 1080 694 1138 fratres
718 1086 852 1137 ultra
904 1083 1121 1136 modum
1160 1080 1480 1153 fatigantur,
1538 1091 1593 1134 et
1649 1081 1865 1153 familia:

282 1151 415 1208 foris
443 1154 787 1222 dispereunt;
819 1153 914 1209 sed
945 1153 1123 1207 omnia
1150 1152 1299 1221 justa
1324 1165 1631 1206 mensuram
1677 1160 1731 1205 et
1750 1151 1865 1204 dis-

279 1226 575 1278 cretionem
634 1225 783 1277 fiant.
826 1241 845 1275 ι
878 1223 1028 1279 Unde
1054 1222 1355 1276 Ludovicus
1378 1223 1501 1276 Pius
1552 1223 1861 1287 imperator,

280 1293 461 1349 Caroli
515 1295 653 1348 ﬁlius
675 1302 733 1348 et
758 1307 1056 1359 successor,
1078 1294 1128 1346 in
1151 1293 1522 1347 exhortatione
1546 1293 1609 1343 ad
1638 1291 1865 1359 Eigilem

279 1366 510 1419 electum
537 1364 818 1419 Fuldensis
862 1362 1175 1418 monasterii
1215 1363 1460 1418 abbatem
1505 1359 1597 1433 (In
1633 1360 1750 1433 Vita
1773 1359 1860 1433 Ei-

279 1435 397 1502 qilis
418 1452 471 1489 η.
504 1436 592 1488 l2.
617 1434 751 1489 Sa'c.
780 1436 814 1487 4
836 1433 1056 1502 Bened.)
1092 1450 1104 1485 :
1138 1451 1156 1484 r
1193 1433 1475 1495 lmmensa,
1513 1431 1705 1501 inquit,
1737 1431 1865 1485 redi-

285 1504 429 1569 licia,
460 1504 637 1568 Pater,
669 1514 725 1559 et
751 1519 913 1573 opera
944 1521 1049 1558 non
1074 1503 1400 1569 necessaria,
1420 1503 1616 1571 quibus
1646 1502 1864 1555 familia}

282 1575 413 1629 foris
454 1584 508 1629 et
533 1575 677 1629 intus
713 1575 935 1628 fratrum
961 1575 1303 1642 congregatio
1345 1574 1613 1642 fatigatur,
1642 1587 1705 1626 ex
1740 1573 1863 1625 hinc

282 1645 492 1712 penitus
518 1646 584 1699 ad
622 1659 924 1699 mensuram
982 1645 1223 1706 dimitte;
1281 1651 1337 1697 et
1385 1654 1655 1697 memento
1703 1656 1863 1711 quam

280 1729 426 1782 saepe
491 1715 649 1784 hujus
672 1715 959 1770 nimietatis
983 1714 1320 1784 querimonia
1348 1713 1621 1784 genitoris
1659 1713 1763 1767 mei
1803 1728 1864 1766 ac

281 1795 495 1839 nostras
521 1782 678 1840 aures
708 1782 1059 1854 inquietabat.
1097 1802 1119 1836 ι
1168 1782 1693 1854 ιοῃεθξωοάεειίοιι
1747 1792 1864 1837 erat

282 1855 338 1908 in
364 1856 739 1910 construendis
768 1853 1149 1909 monachorum
1178 1853 1419 1923 aadificiis
1446 1867 1668 1923 magnus
1694 1854 1863 1907 Bene-

283 1925 461 1979 dictus
498 1928 663 1980 abbas
704 1926 1025 1979 Anianensis
1053 1923 1218 1990 (Stec.
1261 1938 1312 1976 tv
1349 1922 1568 1990 Beued.,
1606 1932 1750 1993 parte
1779 1923 1859 1992 t):

290 2012 312 2045 ι
348 2009 455 2049 non
482 1996 623 2050 enim
652 1996 856 2049 ornatis
885 1994 1171 2063 parietibus
1200 1994 1496 2063 tegulisque
1525 1993 1861 2059 rubentibus,

281 2066 371 2119 vel
406 2066 561 2132 pictis
602 2064 967 2133 laquearibus,
1004 2064 1098 2118 sed
1120 2066 1378 2127 stramine
1405 2063 1604 2131 vilique
1636 2067 1860 2119 materia

281 2136 585 2202 cooperire,
628 2138 711 2188 vel
735 2134 912 2190 facere
942 2134 1131 2189 domos
1170 2135 1519 2188 decreverat:
1548 2134 1675 2188 licet
1721 2136 1865 2188 enim

282 2206 845 2289 ruitltiplexinumerus
883 2203 1104 2289 fratrum
1155 2213 1459 2285 augeretur,
1500 2204 1600 2289 ille
1652 2219 1866 2285 semper

280 2273 473 2344 viliora
498 2284 554 2329 et
579 2275 859 2328 humiliora
884 2274 1192 2344 appetebat,
1226 2292 1245 2325 ι
1274 2274 1444 2342 inquit
1488 2274 1634 2327 Ardo
1662 2273 1715 2327 in
1748 2274 1866 2343 ejus

284 2332 430 2408 Vita,
463 2360 519 2398 n.
552 2348 639 2399 14.
661 2345 788 2399 Scio
834 2332 1009 2399 tanien
1038 2332 1246 2412 aliquos
1291 2332 1663 2398 sanctissimos
1722 2332 1867 2399 viros

279 2423 595 2482 sumptuosa
626 2419 752 2468 olim
774 2414 871 2468 sibi
894 2414 1260 2469 construxisse
1304 2413 1583 2479 etenobia;
1610 2414 1705 2469 sed
1753 2414 1868 2469 haec

284 2495 597 2553 magnatum
669 2493 763 2538 aut
809 2485 1102 2552 principum
1156 2483 1485 2553 frequentius
1538 2485 1864 2554 sumptibus.

282 2565 445 2623 atque
472 2555 525 2608 in
556 2555 657 2609 hoc
676 2570 997 2623 campanam
1035 2563 1108 2609 est
1161 2555 1487 2619 animalibus,
1543 2566 1601 2609 ut
1632 2555 1869 2624 loquitur

282 2624 602 2679 Guillelmus
652 2625 818 2680 abbas
845 2624 903 2680 S.
934 2624 1255 2679 Theoderici
1282 2625 1347 2677 ad
1377 2626 1565 2679 fratres
1595 2626 1663 2680 de
1690 2626 1868 2682 Monte

283 2694 382 2749 Dei
413 2696 654 2749 scribens
682 2694 781 2765 (De
812 2692 931 2748 Vita
953 2697 1178 2761 solitar.,
1225 2711 1272 2748 c.
1330 2694 1443 2765 12),
1472 2695 1562 2750 ubi
1615 2698 1869 2765 praeclara

282 2773 339 2818 et
366 2766 506 2819 lectu
528 2764 740 2833 quidem
763 2764 1076 2834 dignissima
1131 2766 1281 2829 dicit,
1330 2764 1450 2835 qua:
1508 2764 1870 2835 praetermitti-

284 2850 427 2897 mus,
455 2850 522 2890 ne
549 2838 757 2904 longius
776 2838 1025 2889 materias
1067 2836 1393 2904 protraxi~se
1414 2836 1710 2891 videamur.
1742 2837 1868 2891 llaec

284 2906 537 2976 retulisse
564 2906 822 2961 hactenus
853 2904 1015 2976 224.
1037 2906 1272 2960 sufficiat
1294 2905 1358 2958 ad
1383 2907 1697 2960 memoriam
1729 2908 1871 2959 affli-

282 2989 406 3042 quze
435 2974 578 3030 illius
600 2974 955 3045 simplicitatis
984 2974 1037 3029 Et
1067 2976 1381 3029 humilitatis
1409 2991 1565 3042 quam
1609 2977 1661 3029 in
1700 2976 1872 3030 aediﬁ-

283 3046 384 3099 ciis
412 3045 787 3114 praeferebant,
816 3061 950 3115 quos
981 3047 1175 3099 imitari
1219 3055 1487 3110 tenemur,
1539 3055 1721 3115 patres
1772 3062 1871 3100 no-

285 3117 417 3180 stri;
448 3131 565 3183 quae
588 3127 762 3170 tamen
788 3118 841 3170 in
887 3132 981 3171 eus
1025 3118 1218 3171 cadere
1275 3118 1544 3182 nolumus,
1591 3117 1707 3183 qui,
1733 3133 1869 3183 pene

1970 532 2133 585 opera
2164 511 2230 570 ad
2271 514 2682 569 ostentationem
2715 511 2935 585 pulchra
2968 512 3254 585 admodum
3296 525 3418 585 esse
3450 529 3549 563 nn-

1968 581 2127 655 quam
2149 586 2324 641 velitis
2388 605 2406 637 ι
2438 584 2624 638 Simile
2647 583 2939 655 periculum
2974 581 3383 655 pertimescebat
3408 582 3549 655 haud

1969 651 2189 711 dubium
2246 657 2305 711 8.
2339 651 2659 720 ἀνιειεηυεί
2691 654 2974 720 episcopus
3004 651 3395 720 Wigorniensis
3430 653 3545 720 qui,

1971 737 2028 781 ut
2052 716 2827 807 ejusinuyiiadegiinusgdpud
2857 716 2992 775 Boil.
3029 716 3324 807 l‘9v_Fcb.),
3364 716 3548 807 «μεἰξιιι

1970 792 2285 852 monasterii
2317 792 2703 865 Wigurniensis
2731 808 2922 847 novam
2955 794 3233 865 ecclesiam
3258 864 3261 865 ν
3290 792 3549 861 perfecis-

1970 880 2075 933 set,
2103 878 2158 923 et
2187 862 2429 923 veterem
2459 866 2766 926 ecclesiam,
2797 879 2952 933 quam
2979 864 3035 917 8.
3090 862 3372 917 Oswaldus
3416 879 3553 918 con-

1969 948 2257 1001 struxerat,
2285 935 2470 991 subrui
2495 936 2719 998 videret,
2754 937 3017 1004 lacrymas
3056 933 3326 987 fundendo
3351 934 3553 988 dixisse

1972 1008 2142 1063 fertur
2169 1025 2183 1063 :
2209 1009 2315 1063 Nos
2340 1007 2516 1060 miseri
2546 1017 2853 1060 sanctorum
2898 1020 3057 1072 opera
3112 1006 3460 1067 destruimus,
3494 1015 3554 1057 ut

1970 1080 2124 1133 nobis
2151 1079 2362 1133 laudem
2386 1091 2782 1143 comparemus.
2810 1075 2923 1128 Non
2956 1084 3179 1128 noverat
3200 1075 3288 1127 illa
3316 1075 3552 1129 felicium

1972 1150 2209 1203 virorum
2242 1156 2373 1204 artas
2403 1146 2734 1217 pompaticas
2762 1146 2904 1217 mdes
2928 1154 3269 1209 construere;
3318 1147 3411 1217 sed
3454 1146 3554 1199 sub

1968 1220 2323 1289 qualicunque
2358 1215 2497 1273 teeto
2524 1217 2731 1281 seipsos
2785 1215 2893 1269 Deo
2936 1217 3233 1278 immolare,
3261 1216 3557 1283 subjectos-

1966 1306 2070 1356 que
2096 1290 2161 1345 ad
2189 1289 2492 1357 exemplum
2524 1290 2825 1349 attrahere;
2888 1301 2984 1339 nos
3019 1302 3050 1339 e
3102 1301 3133 1339 c
3156 1297 3285 1340 intra
3331 1289 3556 1340 nitimur

1970 1371 2030 1414 ut
2055 1363 2352 1415 animarum
2380 1359 2709 1428 negligentes
2736 1371 2916 1428 curam
2975 1358 3557 1428 accmnulemttsﬂlapi-

1967 1431 2083 1485 des.
2124 1450 2141 1481 ι
2175 1431 2305 1485 Vide
2329 1426 2469 1483 Petri
2518 1426 2758 1482 Damiani
2783 1426 2877 1481 lib.
2932 1442 3042 1491 vm,
3066 1428 3219 1494 epist.
3270 1427 3332 1489 2;
3380 1426 3557 1482 Vttatn

1967 1502 2028 1555 S.
2060 1501 2279 1555 Roherti
2309 1500 2516 1554 abbatis
2554 1498 2916 1553 Molismensis
2972 1514 3025 1549 η.
3061 1502 3130 1560 8;
3172 1497 3559 1566 Hieronymum

1966 1571 2265 1696 gabmildul.
2290 1572 2343 1625 in
2363 1584 2528 1625 Serm.
2552 1569 2619 1625 de
2636 1568 2696 1624 S.
2713 1567 3029 1632 Romualdo,
3050 1583 3103 1621 n.
3132 1567 3219 1633 12,
3236 1567 3374 1636 apud
3394 1569 3555 1632 Boll.,

2075 1659 2103 1695 e
2147 1658 2191 1695 r.

2075 1658 2191 1695 CDI'.

2044 1712 2445 1768 Extremitasex
2470 1708 2744 1765 Bernardo
2760 1707 3309 1776 Cassinensipcrtinct
3336 1709 3400 1761 ad
3426 1725 3557 1779 qua-

1969 1790 2091 1837 tuor
2130 1800 2144 1837 :
2176 1783 2240 1837 ad
2262 1792 2479 1845 statum,
2513 1782 2757 1850 gradum,
2782 1793 2937 1847 opus,
2975 1779 3170 1850 locum.
3229 1780 3307 1832 Ad
3336 1790 3558 1840 statum.

1970 1861 2273 1923 utextrema
2286 1849 2863 1923 omuiunrconditione.
2879 1849 3153 1923 225huc
3164 1858 3246 1902 est
3258 1866 3498 1923 sua,qu:e
3513 1854 3559 1904 si

1968 1921 2105 1978 bene
2157 1924 2463 1978 attendatttr
2489 1929 2575 1975 est
2602 1921 2843 1974 omnium
2868 1922 3186 1984 humillima,
3237 1921 3305 1973 sit
3339 1930 3559 1973 conten-

1972 2004 2086 2059 tus;
2116 2002 2175 2047 ut
2201 1995 2253 2048 in
2279 2008 2373 2048 sua
2420 1992 2749 2054 professione
2792 2004 3142 2058 perseverans
3198 1990 3451 2044 Ecclesia:
3474 1991 3556 2045 di-

1966 2064 2221 2132 gnitates,
2251 2076 2342 2118 aut
2368 2062 2798 2132 ministeriarnnn
2849 2062 3041 2113 arnhiat
3068 2076 3093 2132 ;
3142 2075 3171 2132 a
3218 2062 3412 2128 quibus
3452 2067 3561 2116 non

1968 2130 2143 2187 [licam
2171 2136 2451 2194 recedere,
2513 2134 2606 2185 sed
2637 2131 2949 2194 abhorrere,
2978 2132 3020 2182 si
3053 2131 3130 2183 sic
3154 2130 3292 2199 loqui
3325 2132 3403 2185 fas
3453 2145 3559 2193 est,

1968 2202 2130 2258 debet
2158 2205 2399 2273 quisquis
2427 2202 2510 2256 vel
2543 2202 2822 2273 minimum
2842 2199 3154 2253 humilitatis
3176 2201 3398 2269 gradum
3431 2205 3563 2257 atti-

1967 2276 2125 2342 gerit.
2154 2275 2282 2328 Nota
2299 2271 2394 2328 est
2419 2271 2670 2342 omnibus
2700 2272 2912 2339 antiqua
2938 2273 3235 2341 priscorum
3269 2276 3562 2327 monacho-

1968 2341 2089 2397 rum
2110 2346 2377 2399 sententia
2408 2341 2580 2412 (Cass.
2604 2344 2691 2394 lib.
2721 2356 2796 2405 XI,
2829 2357 2945 2412 cap:
2981 2342 3067 2405 l7,
3118 2342 3222 2394 vid.
3246 2357 3365 2410 cap.
3394 2345 3481 2403 14,
3512 2351 3561 2395 et

1969 2414 2060 2468 lib.
2085 2431 2177 2481 vn,
2223 2415 2286 2468 de
2321 2409 2427 2467 Vit.
2475 2412 2621 2476 PaL,
2644 2428 2689 2463 c.
2719 2412 2809 2477 35)
2859 2429 2870 2461 :
2904 2409 3222 2464 Omnimodis
3250 2409 3562 2467 arenae/tum

1970 2487 2146 2555 fugere
2173 2486 2354 2538 debere
2379 2482 2614 2536 mulieres
2638 2490 2689 2555 Aet
2740 2482 3027 2555 episcopos,
3060 2496 3127 2534 ne
3156 2482 3361 2555 scilicet
3387 2484 3561 2555 aheis

1968 2552 2226 2627 aSSumpti
2259 2556 2551 2620 inclerum,
2586 2553 2651 2605 ad
2699 2552 3061 2607 ecclesiastica
3086 2553 3263 2606 munit
3295 2554 3561 2621 provehe-

1974 2640 2179 2680 rentur.
2223 2645 2241 2678 ι

2040 2698 2121 2751 Ad
2152 2697 2394 2766 gradum,
2432 2703 2488 2747 ut
2517 2693 2828 2766 monasterii
2854 2692 3141 2766 dignitates
3169 2704 3221 2748 et
3250 2692 3427 2748 officia
3453 2711 3561 2749 non

1970 2762 2390 2838 requirat,juxta
2405 2764 2532 2818 illud
2550 2765 2608 2818 S.
2625 2765 2800 2817 Basilii
2818 2762 2908 2838 (In
2925 2764 3097 2818 Const.
3124 2773 3340 2838 rnoaast.
3366 2781 3411 2817 c.
3428 2766 3521 2837 ‘25)
3544 2784 3559 2820 :

1979 2858 1997 2893 ι
2024 2834 2321 2908 Dignitates
2339 2837 2495 2904 plane
2511 2850 2615 2908 non
2632 2836 2883 2908 competit
2899 2844 3148 2908 appetere
3166 2834 3471 2908 religiosum
3488 2834 3508 2898 ξ
3517 2840 3563 2891 si

1972 2905 2205 2976 namque
2236 2908 2286 2960 iu
2322 2908 2422 2960 hac
2445 2909 2550 2959 vita
2583 2905 2824 2959 laborum
2852 2919 2914 2959 ac
2937 2905 3191 2958 virtutum
3226 2905 3445 2972 praemia
3478 2922 3563 2961 reo

1972 2980 2158 3051 quirit,
2191 2977 2440 3051 miseram
2496 2976 2631 3029 sciat
2675 2990 2799 3028 esse
2827 2976 3166 3051 _m_crcederu,
3224 2976 3316 3051 ubi
3362 2984 3563 3051 aeterna

1973 3045 2335 3118 temporaneis
2375 3054 2702 3118 commutata
2734 3045 2933 3097 amittit
2961 3061 2976 3100 :
3001 3046 3047 3098 si
3071 3045 3565 3111 vcromalueritltjo
3652 3100 3661 3113 ,

2014 3117 2188 3176 uidem
2215 3128 2442 3181 certare,
2477 3117 2531 3170 in
2582 3117 2721 3170 caelo
2768 3124 2945 3167 autem
2985 3129 3214 3169 coronas
3264 3125 3564 3181 reportare,

284 3195 584 3240 emortuam
626 3188 923 3241 excitantes
969 3189 1020 3239 in
1054 3187 1314 3256 crenohiis
1365 3188 1660 3255 regularem
1714 3187 1874 3243 disci-
1903 3193 1949 3256 C
1977 3185 2141 3247 debet
2172 3204 2276 3241 non
2299 3189 2471 3241 stilum
2502 3202 2608 3241 non
2633 3186 2886 3239 affectare
2914 3186 3197 3254 dignitates
3220 3223 3235 3247 ,
3269 3185 3364 3239 sed
3408 3188 3571 3239 obla—
3624 3216 3633 3229 κ

288 3257 515 3324 ptinam,
538 3256 771 3325 collapsa
804 3267 1106 3310 restauraut
1135 3255 1379 3322 incilicia,
1413 3265 1677 3324 quatenus
1698 3259 1872 3313 solida

286 3327 523 3395 atquein
554 3338 836 3391 aeternum,
880 3330 923 3380 si
976 3326 1094 3380 fieri
1145 3328 1336 3394 possit,
1386 3328 1636 3380 duratura
1688 3330 1871 3394 pietati

287 3396 513 3449 editicia
536 3405 592 3451 et
615 3412 875 3466 congruas
915 3397 1155 3451 locorum
1216 3396 1456 3465 digni'ati
1485 3412 1548 3451 ac
1578 3398 1874 3455 celebritati

290 3467 436 3537 mdes
452 3467 759 3531 restituant;
781 3480 1067 3537 congruas,
1090 3469 1329 3536 inquam,
1347 3468 1588 3521 locorum
1602 3467 1871 3537 dignitati.

292 3534 481 3604 Neque
514 3536 655 3590 enim
687 3534 937 3592 decorum
966 3534 1400 3607 fueritfiasilicis
1462 3534 1870 3607 angustissimis,

292 3622 427 3675 quas
476 3622 661 3673 regum
710 3607 1041 3675 aliorumque
1089 3606 1323 3662 fidelium
1380 3606 1552 3676 pietas
1596 3611 1874 3666 monachis

292 3678 492 3744 erexit,
514 3692 578 3732 ac
606 3678 1001 3746 superbissimis
1032 3679 1330 3747 principum
1364 3679 1686 3745 mausol:eis,
1716 3682 1875 3735 rudes

294 3748 708 3815 circumponere
750 3762 904 3803 casas
934 3764 947 3800 :
977 3764 1282 3817 quanquam
1321 3749 1391 3801 ab
1422 3751 1503 3802 his
1552 3752 1713 3804 etiam
1744 3751 1874 3805 lucis

294 3818 453 3885 longe
484 3817 673 3872 abesse
693 3819 887 3873 debeat
930 3834 1067 3871 vana
1115 3828 1173 3872 et
1216 3820 1389 3871 inanis
1434 3832 1874 3875 ornamentorum

290 3889 619 3953 ostentatio;
650 3889 884 3955 alioquin
913 3890 1106 3942 merito
1137 3889 1455 3943 redundabit
1501 3890 1553 3943 in
1604 3905 1701 3945 nos
1747 3894 1875 3945 illud

293 3957 603 4029 Hieronymi
630 3960 695 4011 ad
730 3960 1069 4015 Heliodorum
1102 3959 1297 4029 (Epist.
1326 3961 1381 4027 l)
1416 3975 1429 4012 :
1460 3979 1477 4010 r
1508 3959 1671 4014 Filius
1702 3961 1878 4016 homi-

295 4028 378 4081 nis
404 4043 507 4081 nou
537 4028 696 4083 habet
718 4031 805 4084 ubi
828 4038 989 4094 caput
1018 4028 1263 4095 reclinet,
1293 4040 1347 4084 et
1370 4040 1423 4083 tu
1451 4033 1655 4099 amplas
1706 4034 1875 4100 porti-

292 4113 388 4152 cus
418 4108 472 4153 et
522 4100 755 4167 ingentia
789 4110 1050 4153 tectorum
1081 4101 1251 4167 Spatia
1293 4102 1516 4154 metiris.
1548 4121 1565 4151 ι
1618 4100 1684 4153 Ει
1732 4113 1878 4158 certe

294 4170 451 4242 nulla
488 4185 721 4238 unquam
760 4184 790 4222 a
857 4170 1011 4242 nobis
1050 4169 1447 4242 deleregdehet
1481 4172 1681 4225 oblivio
1736 4175 1876 4242 quod

293 4240 481 4293 scribit
523 4244 827 4308 praecitatus
853 4241 1169 4294 Guillelmus
1215 4240 1383 4294 abbas
1432 4242 1492 4295 S.
1517 4240 1833 4297 Theoderici
1861 4261 1874 4298 :

301 4327 320 4361 ι
348 4310 587 4373 Credite,
623 4310 835 4375 fratres,
867 4321 922 4363 et
949 4314 1150 4364 utinam
1183 4312 1335 4365 vobis
1362 4313 1596 4379 experiri
1622 4329 1727 4367 non
1755 4329 1879 4369 con-

292 4381 463 4449 tingat
490 4384 611 4448 quia
669 4381 1093 4448 pulchritudines
1145 4381 1262 4435 istae
1300 4389 1354 4435 et
1410 4383 1650 4437 forenses
1708 4384 1878 4439 boue-

293 4460 460 4504 states
488 4454 594 4505 cito
616 4451 765 4504 virile
785 4454 1111 4519 propositum
1134 4461 1418 4517 enervant,
1447 4464 1501 4508 et
1522 4456 1875 4510 masculinum

293 4528 532 4593 animum
582 4521 912 4576 effeminant.
944 4520 1075 4575 Nam
1108 4524 1206 4575 etsi
1276 4522 1393 4589 ipso
1438 4539 1581 4593 saepe
1638 4541 1733 4580 usu
1789 4543 1879 4579 so-

294 4570 1205 4664 prima;_e5;.;a"afaeeatiz;..;;;
1244 4570 1733 4664 eiEi'si'iE'iitiﬁiii
1786 4570 1878 4662 ἷιῖιί
1908 4570 1957 4630 Ι)

298 4671 513 4715 utantur
538 4661 841 4730 hujusmodi
873 4665 1025 4731 quasi
1074 4678 1177 4716 non
1219 4672 1467 4729 utentes;
1527 4661 1703 4720 tamen
1749 4661 1878 4721 con-

297 4740 505 4802 temptu
536 4732 727 4787 tnelius
748 4749 907 4801 quam
942 4749 1037 4786 usu
1079 4735 1447 4802 exstirpantur
1489 4744 1544 4787 et
1593 4737 1879 4791 vincuntur

299 4800 602 4875 hujusmodi
628 4802 971 4875 allectiones;
999 4822 1018 4855 ι
1055 4800 1385 4873 vixque‘dici
1416 4815 1588 4875 potest
1619 4819 1873 4875 quantum

296 4873 549 4948 vanitatis
578 4876 807 4948 superba
833 4874 1057 4948 mdilicia
1087 4876 1351 4945 inspireut
1390 4873 1705 4930 humilitatis
1755 4895 1877 4948 pro-

298 4942 616 5015 fessoribus.
670 4944 834 4998 Plane
864 4945 914 4997 id
961 4946 1137 5014 aliqua
1174 4942 1259 4999 ἐι
1307 4959 1461 5013 parte
1500 4942 1769 5015 expertus'
1796 4960 1881 5004 est

296 5014 424 5066 olim
452 5015 507 5069 S.
538 5012 878 5079 Pachornius,
904 5016 995 5084 qui
1024 5012 1143 5069 cum
1176 5012 1468 5071 oratOrium
1498 5012 1752 5073 aedificari
1802 5023 1878 5075 fe-

298 5085 465 5159 cisset
514 5084 939 5159 (Paralipomena
980 5089 1043 5159 de
1092 5087 1153 5141 S.
1197 5086 1384 5151 Pach.,
1426 5090 1566 5159 apud
1598 5089 1761 5151 Boll.,
1811 5091 1877 5147 14

301 5155 524 5229 Μαρέῃ(
555 5157 849 5229 porticibus
876 5166 931 5210 et
950 5157 1213 5211 enlumnis
1253 5174 1414 5226 super
1445 5155 1599 5213 bases
1646 5160 1877 5229 disposi-

301 5227 367 5278 tis
391 5227 671 5294 iusigniter
692 5236 961 5290 ornatum,
986 5243 1091 5281 non
1123 5243 1310 5296 parum
1340 5230 1552 5284 amabat
1600 5227 1881 5287 illud-aedi-

302 5296 502 5360 ficium,
525 5296 733 5366 sibique
754 5297 1056 5369 plaudebat,
1075 5301 1215 5365 quod
1241 5299 1448 5369 insigne
1462 5316 1596 5368 opus
1626 5302 1692 5354 ad
1721 5302 1880 5358 finem

301 5368 675 5436 perduxisset;
726 5368 821 5421 sed
868 5382 989 5421 cum
1030 5371 1166 5422 tiaric
1208 5371 1371 5423 animi
1418 5372 1499 5425 sui
1544 5372 1879 5429 affectionem

302 5438 769 5513 animadvertisset
790 5454 854 5492 ex
883 5437 1142 5513 diabolica
1179 5439 1377 5513 fraude
1426 5452 1621 5507 ortam,
1671 5454 1727 5496 ut
1755 5461 1884 5513 pro-

303 5517 421 5576 pter
439 5510 696 5563 exstructi
725 5508 943 5563 oratorii
982 5510 1428 5578 pulchritudinem
1460 5514 1639 5566 laatitia
1669 5508 1887 5570 efferre-

304 5587 412 5651 tur,
438 5579 590 5633 funes
631 5581 829 5646 parari,
862 5593 1062 5646 eosque
1092 5581 1354 5651 «olunzuis
1403 5585 1570 5648 aptari
1620 5583 1799 5651 jussit,
1832 5594 1888 5639 et

302 5648 539 5705 instituta
565 5651 793 5718 primum
825 5652 1088 5713 oratione,
1119 5650 1338 5703 fratrum
1404 5667 1529 5706 usus
1558 5648 1741 5720 op'era,
1790 5648 1887 5710 cn-

305 5719 512 5774 lumnas
543 5736 729 5774 omnes
758 5722 820 5773 ad
854 5733 1047 5773 terram
1073 5722 1339 5787 inclinari,
1365 5730 1418 5774 at
1440 5737 1523 5789 pie
1561 5719 1618 5776 ut
1672 5725 1750 5779 sic
1770 5742 1885 5781 cur-

305 5804 381 5845 vae
407 5806 705 5855 manerem,
721 5791 1019 5860 imperavit.
1049 5792 1129 5845 Ad
1147 5795 1336 5847 fratres
1352 5795 1541 5848 deinde
1565 5810 1881 5863 conversus,

584 5914 855 5973 Panos.
906 5910 1014 5971 LX
1026 5909 1123 5970 \‘l.

1981 3274 2061 3319 tas
2087 3274 2297 3329 quoque
2324 3271 2661 3329 recusareac
2699 3270 2975 3329 spernere.
3001 3271 3075 3329 ne
3131 3257 3357 3329 dignitas
3410 3256 3569 3327 hujus

1982 3327 2114 3387 vitze’
2140 3332 2366 3384 futuram
2395 3328 2697 3390 itnrninuat,
2721 3337 2825 3380 etc.
2861 3344 2878 3377 ι
2908 3327 3011 3380 Sed
3040 3331 3155 3378 tunc
3192 3328 3436 3381 doctrina
3464 3329 3566 3381 tui-

1979 3419 2082 3460 nus
2108 3399 2505 3469 sapitisuperbo
2527 3398 2813 3469 monacho,
2842 3400 2975 3469 qui,
2998 3409 3065 3469 qut
3093 3397 3166 3449 ait
3212 3395 3269 3450 S.
3332 3398 3567 3469 Bernar-

1976 3476 2080 3543 dus
2101 3467 2203 3543 (De
2225 3468 2386 3523 Grad.
2415 3468 2599 3521 humil.
2630 3483 2747 3537 cap.
2769 3468 2897 3543 16);
2932 3487 2949 3518 r
2990 3467 3043 3543 Si
3075 3481 3196 3520 cum
3230 3475 3438 3543 tempus
3466 3468 3568 3522 ad—

1978 3535 2213 3604 venerit,
2249 3557 2352 3594 nou
2403 3535 2781 3605 promereatur
2833 3535 2898 3591 ad
2957 3539 3269 3601 prioratum,
3320 3537 3569 3592 abbatem

1979 3630 2136 3669 suum
2171 3624 2256 3665 aut
2282 3610 2522 3665 invidum
2546 3609 2770 3678 judicat,
2827 3618 2917 3661 aut
2945 3608 3251 3677 deceptum.
3291 3625 3310 3659 ι
3376 3608 3568 3677 Ilujus-

1980 3685 2122 3740 modi
2156 3681 2399 3735 homines
2452 3680 2576 3733 alibi
2629 3678 2793 3733 deflet
2837 3678 2977 3734 idem
3031 3679 3089 3733 S.
3140 3679 3444 3733 Bernartius
3484 3682 3571 3735 his

1978 3756 2157 3810 verbis
2190 3751 2414 3824 (Homil.
2447 3752 2501 3815 4,
2560 3768 2677 3819 sup.
2733 3751 2924 3804 Missus
2959 3754 3061 3824 εει)
3096 3765 3111 3803 :
3150 3767 3169 3801 ι
3213 3748 3399 3814 Viden,
3427 3753 3569 3824 quod

1982 3822 2208 3881 multum
2234 3823 2413 3886 doleo,
2444 3832 2565 3890 post
2591 3832 2827 3890 spretam
2859 3822 3038 3875 smculi
3069 3834 3313 3889 pompam
3340 3822 3572 3876 nonnul-

1981 3898 2062 3951 los
2085 3897 2137 3949 in
2170 3895 2354 3948 schola
2383 3893 2700 3945 humilitatis
2730 3892 3032 3959 superbiam
3066 3893 3236 3960 magis
3259 3892 3566 3959 addiscere,

1980 3983 2045 4022 ac
2065 3967 2167 4021 sub
2192 3965 2293 4018 alis
2314 3963 2457 4017 mitis
2490 3962 2814 4030 humilisque
2841 3963 3079 4032 magistri
3122 3961 3337 4031 gravius
3364 3963 3570 4017 insole-

1980 4053 2163 4102 scere,
2205 4045 2259 4089 et
2279 4033 2620 4101 impatientes
2651 4033 2877 4099 amplius
2898 4032 3018 4085 fieri
3058 4033 3383 4095 inclaustro,
3410 4049 3569 4099 quam

1982 4109 2210 4162 fuissent
2243 4108 2295 4157 in
2326 4105 2524 4157 saeculo
2553 4104 2842 4172 ;qu0dque
2893 4103 3061 4168 magis
3109 4116 3417 4169 perversum
3465 4115 3569 4167 est,

1983 4179 2228 4248 plerique
2256 4177 2307 4227 in
2336 4174 2497 4248 dumo
2530 4174 2623 4248 Dei
2656 4188 2758 4226 non
2786 4173 3057 4248 patiuntur
3075 4186 3194 4225 esse
3215 4176 3567 4238 coiitcmptni,

1984 4242 2074 4315 qui
2109 4242 2159 4300 in
2184 4260 2275 4298 sua
2310 4260 2413 4297 non
2446 4243 2547 4296 nivi
2587 4242 3021 4315 contemptibiles
3071 4258 3191 4295 esse
3233 4252 3519 4310 potuerunt
3552 4264 3568 4296 :

1986 4313 2046 4373 ut
2075 4318 2199 4387 quia
2220 4315 2489 4377 videlicet,
2519 4314 2607 4367 uhi
2638 4328 2669 4366 a
2697 4314 2939 4383 pluribus
2972 4313 3202 4387 honores
3224 4324 3567 4387 appetuntur,

1984 4385 2274 4458 ipsilocum
2306 4387 2503 4439 habere
2536 4402 2641 4458 non
2677 4394 3011 4458 meruerunt,
3045 4385 3235 4458 saltem
3294 4385 3363 4437 ibi
3398 4387 3571 4439 honn-

1982 4455 2180 4514 rabifes
2211 4458 2515 4522 videantur,
2545 4456 2633 4510 ubi
2667 4457 2735 4508 ab
2763 4455 3015 4509 omnibus
3049 4456 3279 4510 honores
3330 4467 3571 4509 coiitcm-

1985 4539 2201 4584 nuntur.
2230 4548 2249 4581 ι

2057 4602 2137 4657 Ad
2171 4616 2326 4669 opus,
2361 4610 2415 4653 ut
2468 4597 2858 4667 ahjectissimas
2916 4611 3062 4669 artes
3114 4606 3168 4649 et
3205 4597 3569 4661 ohedientias,

1986 4672 2135 4726 verbi
2152 4668 2343 4739 gratia,
2388 4671 2437 4723 in
2471 4671 2700 4737 coquina
2730 4668 3080 4721 servitoribus
3096 4669 3423 4733 ministrare,
3455 4685 3573 4722 sor-

1984 4742 2141 4796 didos
2169 4755 2372 4809 pannos
2402 4743 2601 4804 lavare,
2651 4741 2884 4793 cloacam
2935 4754 3194 4808 purgare,
3248 4756 3352 4792 non
3413 4746 3572 4792 modo

1985 4828 2090 4866 nun
2123 4814 2370 4880 refugiat,
2403 4812 2496 4863 sed
2528 4820 2581 4863 et
2634 4810 2805 4862 libens
2857 4812 3233 4880 amplectatur,
3288 4813 3571 4864 attendens

1985 4884 2052 4936 ad
2078 4883 2222 4936 illam
2249 4878 2332 4935 ‘8.
2364 4881 2546 4934 Basilii
2577 4881 2898 4934 sententiam
2953 4878 3045 4948 (In
3067 4878 3243 4934 Const.
3276 4892 3491 4933 ntonast.
3522 4898 3572 4934 ε.

1983 4952 2076 5015 ιλιι)
2106 4970 2117 5005 :
2148 4953 2309 5006 Decet
2333 4952 2638 5018 religiosum
2668 4951 2829 5006 etiam
2858 4950 3044 5004 viliora
3063 4966 3225 5017 opera
3246 4966 3367 5004 cum
3405 4954 3575 5007 multa

1984 5023 2256 5091 diligentia
2279 5031 2334 5076 et
2380 5022 2542 5075 animi
2568 5021 2982 5090 promptitudine
3013 5022 3286 5087 amplecti,
3310 5026 3572 5076 scientem

1984 5110 2089 5149 non
2120 5108 2240 5148 esse
2272 5092 2476 5159 exigui,
2520 5093 2612 5146 sed
2661 5095 2835 5159 magni
2880 5095 3159 5154 momenti,
3212 5103 3265 5145 et
3310 5094 3574 5160 spiritale,

1984 5168 2231 5233 caeloque
2252 5163 2492 5230 dignum,
2512 5176 2563 5215 et
2594 5166 2868 5218 cmlestem
2899 5162 3053 5215 nobis
3079 5164 3380 5217 mercedem
3412 5165 3576 5217 affer-

1987 5251 2066 5299 re,
2090 5234 2346 5303 quidquid
2371 5244 2586 5300 prOpter
2630 5239 2796 5286 Deum
2841 5233 3069 5303 geritur.
3108 5234 3335 5286 Proinde
3382 5234 3575 5285 etiarn-

1987 5310 2030 5361 si
2058 5306 2328 5374 sequenda
2359 5304 2469 5358 siut
2492 5304 2730 5371 jumeuta
2762 5308 3031 5364 oneraria.
3088 5305 3355 5357 cornmuni
3384 5319 3573 5356 neces-

1988 5378 2131 5431 sitati
2162 5377 2471 5435 servientia,
2503 5376 2873 5430 conti-adicere
2904 5391 3009 5429 non
3049 5376 3229 5440 debet,
3283 5390 3325 5426 SI
3377 5374 3576 5440 cogitet

1992 5462 2151 5515 quam
2183 5446 2432 5499 alacriter
2460 5444 2689 5499 Domino
2742 5446 3046 5500 obedierint
3084 5445 3311 5514 :tpOSIOIi
3370 5447 3573 5510 pullum

1991 5519 2259 5572 adducere
2303 5515 2546 5585 jubenti;
2604 5532 2664 5570 ac
2709 5528 2920 5583 reputet
2951 5518 3143 5570 fratres
3185 5529 3305 5567 esse
3341 5516 3574 5577 nutriuit,

1990 5602 2218 5657 quorum
2242 5588 2410 5656 gratia
2437 5602 2535 5641 nos
2564 5600 2747 5641 curam
2777 5589 3144 5657 jumentorum
3181 5586 3572 5651 suscipimus...

1993 5649 2197 5713 tantum
2224 5649 2524 5727 lﬁijusmodi
2578 5649 2931 5712 ministerium
2976 5649 3575 5728 negligentia'caiisarri

1991 5746 2096 5783 non
2130 5729 2319 5790 faciat;
2347 5728 2439 5783 sed
2464 5729 2518 5781 in
2543 5728 2684 5781 ornni
2716 5727 2993 5795 diligentia
3016 5727 3250 5796 seipsum
3282 5727 3570 5790 custodiat,

1992 5811 2048 5855 ut
2069 5812 2119 5856 et
2151 5800 2251 5854 sibi
2279 5798 2376 5869 ipsi
2401 5808 2456 5854 et
2486 5799 2550 5855 iis
2581 5814 2699 5854 cum
2728 5803 2919 5868 quibus
2935 5798 3063 5871 agit,
3096 5799 3283 5869 prosit.
3324 5798 3422 5855 Ubi
3452 5813 3578 5856 vero

3068 5914 3144 5981 13
