4074 6356
490 346 491 349 η
568 314 673 372 593

1916 320 1971 375 5.
2017 322 2073 374 ιι.
2120 319 2482 377 ΒΕΝΕΒΙΩΤΙ

3709 318 3816 373 396

568 433 764 505 aliquid
788 434 1031 489 viliorum
1060 451 1276 505 operum
1301 432 1601 489 obeundum
1625 442 1723 495 est,
1750 434 1885 489 scire
1905 444 2132 503 npurtet,
2169 439 2219 497 Α
2245 437 2342 487 bus
2372 435 2585 495 dignum
2608 477 2621 497 ,
2650 436 2741 489 sed
2772 448 2890 489 cum
2918 434 3060 489 omni
3087 435 3246 489 animi
3290 436 3615 491 demissiono
3665 452 3813 490 man-

569 515 621 556 et
661 504 997 559 Sermtorem
1056 504 1383 559 ministrasse
1435 504 1727 568 discipulis,
1782 519 1878 559 nec
1921 506 2135 557 humilia

569 590 727 637 opera
757 574 1100 641 dedignatum
1114 591 1253 628 esse.
1277 574 1511 639 Denique
1524 574 1697 641 magni
1714 588 1832 627 esse
1850 578 2134 637 momenti,

569 646 612 695 si
646 643 808 696 homo
840 644 932 698 ﬁat
959 647 1190 698 imitator
1224 645 1335 707 Dei,
1370 654 1421 695 et
1450 658 1542 711 per
1565 644 1780 697 humilia
1819 645 1904 698 illa
1935 644 2000 697 ad
2049 660 2136 697 sn-

569 713 882 767 bliinitatem
916 714 1290 769 humiliationis
1318 713 1471 780 hujus
1516 716 1770 767 ascendat
1812 730 1825 765 :
1878 714 1997 783 quis
2043 729 2137 765 au-

572 793 675 836 tem
704 783 1075 839 dixeritetiam
1130 784 1328 837 humile
1380 798 1519 845 esse,
1566 784 1715 851 cujus
1770 784 2134 851 operationem

572 853 710 905 Dens
741 854 853 921 ipse
872 854 1160 921 usurpavit.
1203 872 1221 905 ι
1274 855 1344 906 Ita
1380 854 1534 919 plane
1589 852 1849 907 sentiebat
1876 855 1933 907 S.
1958 853 2136 906 Rade-

564 924 779 990 gundis,
833 938 950 991 qua:
988 939 1051 977 ex
1086 923 1449 990 potentissima
1486 923 1717 976 Francia:
1744 924 1921 991 regina
1955 938 2137 976 mona-

566 995 735 1075 siicen
762 994 920 1075 225
941 994 989 1044 in
1016 994 1333 1074 Pictaviensi
1348 993 1877 1075 virginun’i‘ctenobio
1896 992 2134 1075 professa

562 1061 814 1131 (Vanam.
839 1061 1112 1115 Fortunat.
1137 1064 1188 1114 in
1212 1079 1320 1132 ejus
1348 1061 1487 1127 Vita,
1513 1079 1562 1114 η.
1584 1061 1673 1115 25.
1702 1063 1833 1115 Sac.
1855 1078 1871 1117 ι
1896 1061 2131 1131 Bened.),

573 1151 590 1180 ι
630 1133 829 1185 vicibus
850 1133 958 1185 snis
998 1147 1225 1199 scopans
1280 1132 1583 1185 monasxerii
1630 1134 1849 1199 plateas,
1878 1134 2033 1186 simul
2078 1141 2136 1187 et

566 1202 809 1268 angulos,
861 1202 1115 1269 quidquid
1143 1213 1256 1254 erat
1288 1201 1483 1255 {tndem
1512 1204 1785 1268 purgabat,
1818 1213 1871 1255 et
1898 1204 2136 1256 sarcinas

565 1285 695 1338 quas
724 1272 813 1325 alii
866 1273 1082 1325 horrent
1129 1271 1333 1333 videre,
1381 1285 1485 1323 non
1535 1271 1856 1325 abhorrebat
1883 1274 2133 1337 evehere,

564 1349 826 1395 secretum
855 1343 1011 1395 etiam
1044 1356 1289 1408 puigare,
1320 1356 1454 1409 opus
1477 1354 1577 1393 non
1607 1342 1844 1406 tardans,
1894 1342 1987 1396 sed
2040 1357 2136 1395 oc-

565 1426 764 1477 cupans
790 1427 804 1475 ;
832 1410 1017 1465 ferens
1038 1409 1233 1464 fetores
1249 1411 1498 1463 stercoris
1519 1410 1769 1465 credebat
1796 1426 1854 1465 se
1876 1413 2135 1466 minorem

565 1479 686 1543 sibi,
716 1481 759 1534 si
788 1496 845 1534 se
874 1480 1543 1553 nonnobilitaretAvilitate
1584 1481 1818 1553 servitii,
1843 1481 1981 1550 ligna
2000 1498 2125 1553 sup.

567 1560 785 1615 portans
817 1552 1077 1613 brachiis,
1107 1552 1279 1603 locum
1308 1549 1517 1618 ﬂatibus
1540 1558 1594 1604 et
1619 1549 1905 1618 forcipibus
1947 1551 2134 1604 admo-

565 1636 716 1684 vens,
744 1622 943 1684 calens,
971 1636 1068 1673 nec
1095 1621 1215 1673 laesa
1249 1635 1306 1674 se
1328 1616 1629 1682 retrahens,
1663 1616 1812 1674 extra
1832 1635 1980 1675 suam
2016 1620 2137 1674 lit-b-

563 1691 845 1743 tlomadain
922 1689 1310 1744 inllrmantibns
1376 1691 1643 1755 serviens,
1720 1696 1875 1743 etc.»
1935 1691 2136 1754 Quibus

566 1762 677 1829 l’ere
714 1760 906 1813 similia
937 1761 1096 1829 (δατ.
1123 1775 1156 1812 ιι
1208 1756 1521 1829 Βρηεά.)ίόθ
1574 1760 1886 1812 Eastertino
1938 1762 2130 1814 abbate

2246 505 2424 557 datum
2457 505 2716 572 suscipit:
2753 507 2819 557 ita
2849 516 2900 558 et
2944 506 3236 558 monachus
3282 521 3309 559 a
3356 508 3534 559 szecnli
3586 508 3813 560 vincntis

2240 574 2411 627 divina
2439 574 2760 644 benignitate
2789 583 3022 641 ereptus,
3078 577 3423 641 quodcunque
3457 576 3682 644 jusserit
3720 580 3813 630 ab.

2245 646 2338 697 bas
2371 644 2422 697 in
2456 659 2669 715 nomine
2695 643 2923 702 Domini.
2955 644 3104 711 cujus
3132 648 3275 699 vices
3318 643 3475 712 gerit,
3534 648 3811 715 quodcun-

2280 728 2345 767 ue
2366 728 2497 782 opus
2524 713 2720 786 humile
2744 715 3057 783 injunxerit,
3083 729 3187 768 non
3226 729 3381 769 secus
3435 732 3499 771 ac
3553 713 3811 786 magnum

2262 784 2472 836 'avorein
2496 784 2764 850 suspiciat.

2313 852 2495 906 Dicens
2517 854 2610 922 sibi
2639 870 2752 906 cum
2777 855 3021 922 prapltela
3042 869 3061 906 :
3084 854 3162 907 Ad
3190 854 3403 907 nihilum
3430 856 3666 909 redactus
3693 874 3808 909 sum

2238 932 2283 975 et
2330 921 2562 993 ncscivi.]
2616 940 2634 974 ι
2677 923 2730 979 Id
2761 921 2841 977 est
2885 925 3209 978 nescientem
3265 939 3350 978 me
3394 940 3513 978 esse
3561 927 3810 992 cognovi.

2237 993 2454 1045 stultum
2486 1000 2539 1047 ct
2570 994 2847 1059 parvulum
2890 996 3153 1058 deputari,
3194 1004 3247 1047 et
3290 996 3427 1047 velut
3472 995 3815 1062 insipienti-tn

2238 1062 2476 1126 despexi,
2520 1080 2539 1113 ι
2572 1063 2741 1131 inquit
2764 1062 3103 1129 Smaragdus.
3139 1063 3230 1115 Vel
3264 1075 3319 1116 ut
3347 1065 3578 1130 loquitur
3612 1066 3815 1116 Turre-

2237 1140 2494 1196 Cremata,
2529 1132 2757 1195 Nescivi,
2789 1150 2808 1182 ι
2848 1132 2897 1186 id
2927 1142 3007 1185 est
3035 1133 3309 1196 abscondi,
3332 1136 3450 1201 quia
3484 1150 3607 1188 vera
3638 1137 3813 1188 hinni-

2242 1200 2362 1254 litas
2390 1201 2524 1254 bona
2554 1216 2647 1255 sua
2678 1203 2775 1255 sibi
2797 1203 3092 1256 abscondit.
3134 1221 3151 1251 ι

2312 1270 2379 1342 Ut
2396 1273 2684 1342 jumentum
2714 1277 2877 1342 factus
2923 1288 3033 1325 sum
3062 1273 3201 1338 apud
3235 1271 3325 1341 te.]
3355 1274 3697 1342 Outecunque
3724 1276 3809 1327 vel

2238 1340 2493 1411 vilissima
2524 1340 2819 1408 suscipiens
2845 1350 2897 1395 et
2919 1342 3162 1395 deferens
3187 1340 3369 1394 onera.
3397 1340 3627 1396 Pulchra
3656 1346 3812 1411 equi-

2237 1410 2356 1464 dem
2389 1412 2713 1481 comparatio
2738 1411 2961 1475 jumenti
2992 1422 3047 1465 et
3091 1411 3335 1481 monachi
3370 1429 3384 1465 :
3418 1430 3437 1463 t
3474 1412 3545 1465 Es
3588 1415 3808 1481 quidem

2236 1488 2291 1533 et
2312 1488 2363 1532 tu
2384 1480 2676 1547 jumentum
2705 1481 2933 1543 Domini,
2962 1481 3234 1548 inquiebat
3261 1479 3386 1533 olim
3419 1479 3616 1536 Petrus
3636 1484 3811 1537 Vene-

2236 1549 2420 1620 rabilis
2440 1549 2505 1603 ad
2534 1549 2885 1604 Gisleliertum
2916 1552 3176 1605 Inclusum
3206 1552 3450 1605 scribens
3479 1552 3618 1620 (Lib.
3653 1567 3688 1613 ι,
3717 1569 3805 1618 ep.

2234 1618 2358 1689 20);
2406 1620 2497 1672 sed
2528 1620 2738 1673 clausus
2781 1621 2990 1675 stabulo
3034 1621 3148 1689 ejus
3192 1620 3433 1683 recubas,
3479 1618 3535 1675 et
3561 1626 3808 1675 ruminas

2239 1689 2426 1760 pabula
2457 1689 2590 1760 ejus.
2641 1689 2777 1744 Sunt
2806 1690 2880 1743 illi
2921 1690 3245 1759 (cmnobitte)
3289 1693 3407 1758 equi
3440 1691 3602 1747 fortes
3631 1696 3804 1760 parati

2238 1758 2289 1810 in
2313 1759 2451 1811 diem
2478 1759 2623 1825 belli,
2655 1761 2705 1812 in
2732 1758 3112 1829 quibus’eques
3132 1761 3364 1814 cmlestis
3385 1758 3809 1815 residens‘lorti-

565 1807 1539 1899 ὢίῖεἷιίἶίιῖεἰῖεἷῖεῖ’ἠιῖὶιίξιιὸἳέῒτῖιῑι
1570 1807 1897 1899 ἷρξιξὲέῖὲἷι
1920 1807 2128 1884 dedat}?
2162 1807 2209 1866 Β
2237 1807 2626 1899 testantia,
2655 1807 2713 1883 iii
2735 1807 3809 1899 ’ᾖξ’τῖιὶῐει’⁷ρῖἷῖιῶἷεῆἶ’ὶῖιίιῖιῦἷξέἱῖςιὶῖιὶὲὶν

561 1900 656 1952 ιιι).
688 1913 705 1953 I
735 1902 799 1954 de
821 1899 934 1953 Vita
962 1901 1020 1954 S.
1050 1898 1317 1952 Benedicti
1348 1898 1574 1966 Discepi,
1606 1917 1656 1949 ιι.
1678 1898 1730 1951 8.
1772 1898 1876 1952 Sed
1907 1899 2005 1952 ista
2025 1914 2127 1953 non

558 1970 700 2036 capit
729 1969 1006 2035 superbus,
1043 1970 1174 2036 quit
1215 1970 1257 2021 si
1282 1969 1563 2023 mediocris
1594 1969 1641 2021 ei
1665 1968 1838 2038 aliqtta
1876 1970 2131 2023 obedien-

566 2040 635 2091 tia
658 2038 891 2107 injuncta
912 2038 1083 2102 luerit,
1110 2038 1431 2106 indignatur,
1480 2048 1813 2105 aspernatur,
1868 2039 2131 2093 arbitrans

564 2122 623 2162 se
654 2125 756 2161 non
787 2124 904 2161 esse
934 2108 1223 2160 minoribus
1253 2108 1639 2177 occupandum,
1692 2109 1779 2177 qui
1834 2121 1893 2161 se
1919 2112 1982 2161 ait
2016 2125 2127 2162 ma-

561 2177 673 2245 jora
734 2180 898 2233 sentit
952 2179 1197 2230 idoneum
1268 2176 1352 2231 'S.
1400 2175 1552 2231 Bern.
1616 2181 1677 2230 de
1710 2175 1894 2230 ‘Grnd.
1947 2178 2130 2233 humil.

561 2264 610 2302 c.
642 2249 751 2302 16).

632 2250 870 2386 Dgiiique
890 2316 953 2369 ad
986 2316 1178 2380 locum,
1204 2317 1323 2369 utsi
1349 2315 1746 2383 jnsseritabbas
1774 2318 2127 2387 antiquiorem

560 2388 794 2457 aliquem
828 2390 878 2440 in
913 2387 1101 2440 ultimo
1124 2386 1548 2455 congregationis
1574 2389 1762 2443 ordine
1789 2399 1841 2442 et
1885 2386 2003 2442 loco
2046 2403 2132 2442 se-

561 2460 705 2520 dere,
741 2459 910 2511 libens
931 2457 1281 2519 assentiatur;
1309 2457 1543 2509 futurum
1568 2467 1652 2511 est
1674 2461 1814 2511 enim
1848 2460 2131 2525 aliquando

554 2540 619 2582 ut
657 2530 765 2581 sint
810 2525 1081 2580 novissimi
1131 2527 1286 2593 primi
1335 2536 1386 2579 et
1424 2527 1578 2593 primi
1635 2530 1942 2593 novissimi;
1990 2530 2129 2596 quod

560 2608 706 2652 certe
731 2598 960 2651 maxime
984 2596 1359 2666 pertimescere
1383 2596 1541 2649 debet
1563 2600 1846 2665 superbus,
1908 2601 2021 2666 qui,
2073 2610 2131 2652 ut

563 2668 794 2737 loquitur
813 2671 869 2720 ει.
898 2666 1195 2720 Bernartius
1224 2664 1493 2735 (Ibidem),
1513 2683 1532 2717 ι
1568 2670 1767 2734 primus
1805 2670 1856 2721 iit
1897 2664 2131 2722 conven-

558 2738 702 2792 tibus
732 2739 947 2803 residet,
994 2740 1047 2791 in
1086 2737 1320 2791 consiliis
1388 2740 1590 2805 primus
1651 2738 1955 2803 respondet,
2022 2753 2128 2793 non

562 2808 807 2862 invitatus
835 2807 1059 2871 accedit,
1084 2820 1184 2859 non
1208 2805 1390 2874 jussus
1426 2821 1484 2860 se
1530 2809 1852 2862 intromittit.
1897 2825 1915 2858 ι

631 2878 746 2932 Jam
777 2892 903 2932 vero
929 2890 1147 2930 curnon
1170 2877 1481 2943 simpliciter
1504 2878 1705 2932 vilitate
1744 2888 1837 2931 aut
1882 2878 2133 2933 extremi-

556 2958 698 3013 tate,
728 2948 821 3003 sed
843 2948 987 3001 omni
1012 2950 1212 2999 vilitate
1237 2957 1289 3000 et
1319 2950 1653 3003 extremitate
1674 2958 1981 3003 contentum
2007 2962 2128 3002 esse

561 3019 754 3073 debere
777 3018 1092 3071 monachum
1122 3018 1355 3080 dixerit,
1382 3018 1450 3069 ita
1479 3018 1747 3085 explicant
1777 3020 2130 3083 llildemarus,

564 3088 866 3143 Bernartius
886 3087 1245 3159 Atiassinensis,
1278 3096 1332 3137 et
1358 3087 1800 3159 'l'urrecremata;
1826 3089 1944 3155 quia
1978 3090 2132 3142 nimi-

2235 1897 2320 1951 isti
2354 1898 2507 1950 freno
2546 1900 2886 1961 obedientite,
2929 1905 3261 1953 concitantur
3285 1899 3512 1953 stimulis
3555 1897 3807 1967 discipli-

2234 1981 2339 2038 nte,
2364 1967 2537 2021 anheli
2560 1977 2613 2021 et
2633 1983 2774 2038 sape
2794 1968 2957 2023 latera
2987 1969 3245 2023 cruentati
3270 1968 3404 2021 viam
3431 1969 3806 2023 mandatorum

2233 2036 2327 2090 Dei
2348 2037 2673 2101 discurrunt,
2707 2036 2823 2099 nec,
2854 2039 2953 2092 nisi
2975 2054 3134 2091 cursu
3164 2047 3532 2092 consummato
3560 2040 3805 2093 bravium

2231 2108 2713 2174 comprehendant,
2746 2109 3042 2177 quiescunt.
3090 2108 3153 2162 Hi
3181 2110 3386 2177 pondus
3415 2109 3518 2163 diei
3546 2118 3600 2162 et
3639 2120 3807 2163 azstns

2234 2177 2488 2246 tolerant,
2528 2177 2712 2246 jugnm
2745 2178 3058 2232 obedientite
3090 2178 3213 2231 torti
3242 2179 3449 2233 cervice
3473 2189 3803 2237 sustentant,

2229 2245 2402 2313 jacnla
2432 2245 2716 2300 iracundia:
2746 2247 2951 2301 fortiter
2978 2250 3045 2301 ab
3075 2247 3315 2303 hostibus
3339 2257 3393 2304 et
3434 2251 3691 2315 proximis
3715 2249 3803 2300 in-

2237 2326 2371 2386 torta
2402 2316 2668 2381 patientia:
2698 2327 2848 2370 scuto
2878 2318 3159 2386 repellunt.
3197 2336 3218 2368 ι
3253 2317 3319 2371 Ει
3346 2320 3445 2371 hoc
3465 2318 3676 2385 quidem
3701 2334 3798 2384 ap-

2232 2385 2402 2459 prime
2452 2394 2670 2459 noverat
2694 2388 2858 2459 abbas
2887 2385 3160 2459 Nosteros,
3201 2388 3288 2457 qui
3330 2391 3381 2443 in
3425 2388 3556 2459 Vitis
3581 2388 3805 2459 Patrum

2232 2452 2409 2525 (Libro
2438 2469 2489 2518 v,
2513 2455 2682 2508 libello
2711 2457 2798 2519 15.
2847 2452 3017 2524 η.’50)
3045 2456 3111 2511 de
3132 2452 3306 2525 seipso
3335 2457 3499 2512 dicit:
3529 2473 3549 2507 ι
3576 2458 3806 2523 Quando

2233 2523 2424 2595 intravi
2454 2525 2505 2576 in
2536 2526 2684 2578 initio
2713 2526 2763 2578 in
2787 2523 3274 2595 congregationem,
3306 2528 3412 2581 dixi
3434 2526 3613 2580 animo
3640 2543 3763 2579 meo
3788 2544 3803 2578 :

2233 2592 2311 2645 Tu
2350 2603 2403 2647 et
2430 2594 2610 2648 asinus
2640 2611 2800 2648 unum
2831 2592 3038 2661 estote;
3082 2595 3219 2650 sicut
3242 2597 3383 2651 enim
3423 2597 3605 2651 asinus
3636 2611 3805 2658 vapu-

2234 2663 2308 2734 lat
2329 2671 2383 2717 et
2412 2679 2514 2716 non
2549 2665 2801 2734 loquitur,
2846 2665 3090 2734 injuriain
3120 2667 3315 2734 patitur
3350 2675 3402 2721 et
3441 2681 3547 2718 non
3577 2680 3806 2733 respono

2233 2732 2361 2804 det;
2395 2736 2473 2787 sic
2497 2742 2551 2787 et
2578 2732 2632 2787 tu
2664 2732 3204 2802 quemadniodum‘in
3243 2737 3447 2804 psalmo
3483 2735 3565 2803 leg
3586 2732 3708 2789 tur:
3736 2735 3805 2790 Ut

2228 2802 2524 2873 jumentum
2544 2804 2711 2859 lactus
2731 2820 2848 2859 sum
2870 2807 3007 2872 apud
3033 2816 3102 2866 te,
3121 2814 3175 2859 et
3201 2802 3301 2873 ego
3316 2820 3527 2872 semper
3542 2802 3745 2858 tecum.
3779 2824 3803 2857 ι

2306 2872 2370 2925 Et
2395 2890 2489 2943 ego
2508 2890 2705 2942 semper
2726 2874 2932 2942 tecum]
2960 2874 3027 2927 ld
3053 2884 3125 2927 est
3151 2875 3203 2926 in
3227 2872 3463 2942 operibus
3484 2876 3603 2939 tuis,
3630 2875 3805 2943 inquit

2234 2940 2527 2997 Richardus
2554 2940 2625 2998 de
2644 2945 2701 2999 S.
2731 2940 2961 3013 Angela;
2994 2946 3077 2999 vel
3114 2959 3212 3012 ego
3240 2940 3452 3012 semper
3479 2956 3652 2997 tecum
3682 2940 3804 2998 sum

2236 3028 2325 3079 per
2344 3016 2748 3081 conformitatem
2777 3015 2980 3067 uolunta
3004 3016 3068 3076 is,
3099 3024 3145 3067 et
3177 3029 3263 3078 per
3284 3015 3656 3084 infatigabilem
3681 3030 3807 3066 cono

2234 3087 2494 3145 stantiam,
2542 3094 2595 3136 nt
2638 3084 2870 3150 loquitur
2898 3085 3303 3139 Turrecremata
3350 3099 3471 3136 eum
3526 3086 3806 3138 Bernardo

562 3173 677 3212 rum
704 3157 937 3231 nonnulli
968 3157 1228 3231 ciborum,
1280 3171 1394 3231 non
1440 3152 1879 3231 vestimentorum
1931 3159 2131 3231 vilitate
2157 3168 2203 3231 ο
2234 3152 2617 3231 Cassinensiet
2646 3153 2893 3231 Botrerio,

563 3238 687 3281 sunt
711 3228 1234 3289 contenti;nornnlh
1267 3228 1724 3293 vestimentorum,
1772 3228 1864 3280 sed
1895 3242 1998 3279 non
2051 3230 2129 3281 ci-

565 3301 781 3361 borum;
807 3296 1041 3350 nonnulli
1069 3305 1429 3362 utrorumque,
1462 3297 1555 3348 sed
1603 3312 1707 3349 non
1768 3296 2124 3351 habitationis.

566 3369 693 3420 Item
723 3365 960 3419 nonnulli
992 3365 1243 3417 vilitatem
1301 3365 1526 3417 tolerant
1555 3404 1569 3428 ,
1623 3377 1679 3419 at
1732 3368 2127 3421 extremitatem

516 3446 519 3449 ‘
566 3438 672 3505 pati
704 3452 806 3489 non
834 3443 1049 3504 queunt.
1090 3435 1360 3505 Veletiam
1396 3452 1413 3484 ι
1443 3436 1809 3490 omnivilitate
1863 3445 1916 3491 et
1955 3447 2131 3491 extre-

568 3503 752 3559 initate
778 3503 937 3567 dixit,
982 3506 1150 3571 inquit
1179 3503 1550 3570 llildemarus;
1606 3508 1724 3573 quia
1756 3515 1809 3559 et
1856 3522 2049 3575 corpus
2077 3516 2131 3561 et

568 3587 798 3629 mentem
820 3574 1249 3644 comprehendit;
1284 3575 1331 3625 id
1351 3586 1430 3627 est
1452 3576 1586 3627 sient
1610 3579 1661 3629 in
1683 3590 1906 3644 corpore
1952 3574 2130 3630 existit

569 3648 652 3699 vel
680 3653 964 3705 extremus,
990 3642 1062 3695 ita
1092 3643 1249 3696 debet
1284 3658 1403 3697 esse
1455 3660 1506 3696 et
1557 3647 1607 3698 in
1673 3642 1849 3699 mente
1878 3663 1891 3711 ;
1942 3662 2060 3699 nam
2085 3651 2127 3700 si

520 3734 521 3737 η
567 3728 794 3782 corpore
822 3713 1024 3766 videtur
1046 3712 1162 3765 vilis
1188 3722 1243 3765 et
1271 3726 1561 3782 extremus,
1599 3727 1648 3768 et
1669 3730 1769 3767 non
1819 3720 1869 3769 in
1926 3727 2127 3783 mente,

568 3786 674 3855 jam
699 3783 1238 3855 nonestmonaclius,
1289 3786 1380 3835 sed
1436 3787 1725 3853 hypoer.ta.
1758 3802 1777 3835 δ
1832 3787 1896 3840 Et
1916 3797 2060 3840 certe
2082 3789 2130 3840 id

566 3856 700 3908 satis
729 3854 926 3906 indicat
956 3867 1058 3905 vox
1088 3861 1368 3917 contentus,
1421 3870 1537 3919 qua:
1588 3858 1897 3909 interiorem
1942 3859 2133 3910 mentis

570 3924 968 3978 inclinationem
993 3922 1359 3995 et_vol_untati_s
1388 3938 1662 3977 assensum
1693 3926 1967 3995 designat:
1995 3934 2133 3980 unde

571 3996 903 4049 llildemarus
934 4009 949 4046 :
986 4011 1005 4044 ι
1033 3992 1086 4064 Si
1113 3992 1297 4053 abbas,
1329 3992 1463 4058 inlit,
1515 3992 2035 4064 praepositojusserit
2078 4007 2135 4049 ut

568 4067 751 4119 sedeat
774 4065 828 4118 in
856 4065 1045 4117 ultimo
1074 4062 1213 4125 loco,
1236 4073 1291 4115 et
1323 4064 1412 4117 ille
1440 4079 1557 4117 cum
1587 4062 1795 4119 tristitia
1825 4062 1948 4119 ierit
1968 4082 1981 4128 ;
2001 4083 2134 4131 pra:-

572 4137 835 4189 varicator
866 4134 1021 4201 hujus
1052 4136 1299 4201 prmeepti
1331 4146 1413 4186 est
1446 4150 1462 4187 :
1495 4143 1548 4187 et
1589 4136 1707 4203 quia
1762 4139 2136 4203 praevaricator

573 4207 727 4275 hujus
755 4205 1003 4273 prtecepti
1028 4213 1137 4275 est,
1172 4207 1434 4270 pellectus
1472 4206 1761 4275 monachus
1818 4222 1920 4258 non
1949 4220 2026 4258 est
2059 4223 2071 4259 :
2111 4225 2128 4257 ι

571 4273 757 4347 desita
787 4276 928 4347 enim
955 4273 1248 4347 ahjemione
1267 4285 1437 4325 etnon
1488 4274 1727 4347 gaudere,
1787 4287 1831 4328 et
1880 4292 1979 4328 non
2026 4282 2136 4347 glo-

574 4345 719 4409 riari,
742 4345 907 4397 minus
926 4344 1319 4412 estaperfecto,
1392 4354 1451 4394 ut
1522 4346 1572 4395 di
1612 4346 1650 4397 it
1705 4348 1761 4397 ὃ.
1834 4344 2135 4400 Bernartius

575 4412 766 4486 (Epist.
786 4413 934 4486 250).
973 4412 1160 4486 iPorro
1189 4414 1252 4463 ad
1278 4415 1691 4486 conservandam
1720 4416 1976 4468 vilitatem
2003 4420 2137 4469 duos

576 4482 729 4537 nobis
759 4484 1049 4536 versiculos
1073 4486 1231 4535 hosce
1263 4482 1505 4550 proponit
1537 4484 1667 4537 alter
1693 4487 2010 4551 Det-nardus,
2034 4489 2137 4541 sci—

579 4554 701 4607 "cet
719 4552 1081 4607 Cassinensis:

640 4666 888 4725 Spernere
912 4664 1162 4719 mundum,
1191 4673 1427 4726 spernere
1449 4660 1645 4719 nullum,
1670 4675 1909 4723 Spernere
1930 4677 2065 4726 sese,

702 4728 1022 4786 Spernetese
1044 4724 1227 4785 Sperni,
1250 4730 1475 4781 quattuor
1498 4725 1585 4771 ista
1611 4725 1773 4773 beant.

652 4837 717 4888 Et
740 4838 809 4888 ad
839 4836 1009 4886 omnia
1032 4850 1144 4901 quw
1171 4836 1265 4886 sibi
1291 4836 1628 4904 injnuguntnr
1678 4850 1718 4885 et
1738 4836 1809 4886 [ut
1856 4837 2144 4894 operarium

582 4911 772 4959 malum
796 4915 845 4958 et
871 4906 1137 4974 indignum
1161 4921 1213 4958 se
1235 4903 1479 4975 μάκει]
1512 4907 1622 4957 Non
1668 4923 1698 4955 ιι
1722 4906 1825 4957 udo
1872 4905 2072 4959 vilitate
2092 4919 2146 4958 et

583 4976 917 5029 extremitate
944 4983 1249 5029 contentum
1282 4976 1393 5026 vult
1443 4990 1561 5028 esse
1608 4979 1927 5028 monachum
1965 4976 2022 5030 S.
2080 4976 2138 5028 l’.

586 5044 918 5108 Benedictus,
942 5047 1034 5099 sed
1064 5047 1173 5113 ipsa
1203 5048 1359 5097 etiam
1386 5046 1654 5108 vilitateet
1702 5045 2036 5098 extremitate
2061 5044 2141 5097 iti-

583 5117 800 5184 dignnm
828 5129 886 5168 se
911 5124 1194 5182 reputare;
1225 5114 1293 5166 ita
1314 5126 1368 5168 ut
1395 5128 1722 5182 quweunque
1769 5114 1869 5168 sibi
1919 5115 2034 5166 vilia
2088 5115 2139 5167 in

584 5188 748 5250 victu,
775 5187 987 5248 vestitu,
1011 5196 1134 5249 ete.,
1172 5185 1557 5248 ministrentur,
1593 5191 1751 5237 etiam
1800 5185 1983 5237 viliora
2039 5184 2137 5236 sibi

584 5258 765 5311 deberi
812 5256 1111 5315 existimet;
1143 5271 1456 5324 quocunque
1483 5258 1836 5309 constituatur
1856 5256 1973 5307 loco
2020 5254 2139 5306 licet

588 5328 794 5389 humili,
820 5326 977 5379 etiam
1033 5326 1205 5380 altiori
1261 5341 1416 5393 quam
1471 5334 1739 5379 mereatur
1789 5325 2135 5377 cius:i!utum

588 5407 825 5466 reputet;
884 5410 1211 5464 qua-cunque
1268 5395 1565 5463 injnngatur
1627 5394 1926 5466 obedientia
1978 5393 2135 5461 227

588 5465 666 5523 vel
690 5467 965 5536 ahjectior,
984 5466 1277 5534 digniorem
1302 5474 1476 5536 tamen
1505 5465 1706 5517 meritis
1727 5475 1998 5532 agnoscat.
2025 5467 2139 5536 ξιφ-

589 5552 641 5590 ut
688 5533 830 5593 enim
861 5539 949 5604 qui
997 5533 1200 5589 al‘urca
1241 5535 1513 5604 redimitur
1542 5536 1862 5603 (exemplum
1895 5542 1977 5586 est
2025 5533 2139 5604 liii.

588 5602 910 5676 ilcmari),'si
934 5606 1003 5659 ab
1032 5620 1096 5659 eo
1122 5621 1150 5658 a
1172 5618 1277 5670 quo
1309 5602 1614 5669 redemptus
1639 5615 1725 5676 γει
1760 5604 1975 5676 domino
2025 5602 2141 5654 vilis

591 5681 639 5730 ei
666 5673 837 5743 aliqua
862 5691 1022 5744 epeia
1051 5677 1378 5741 injungatnr,
1414 5689 1533 5744 non?
1551 5673 1706 5726 audet
1739 5674 2059 5739 respondere
2084 5685 2141 5744 se

593 5750 732 5801 nolle
760 5743 910 5801 adeo
937 5746 1023 5798 vili
1054 5761 1237 5799 senon
1268 5743 1629 5813 occupandam
1678 5744 1878 5806 labore,
1929 5743 2141 5811 majori-

2305 3221 2471 3276 Porro
2495 3222 2561 3274 ad
2586 3222 2722 3276 hunc
2754 3221 3068 3277 humilitatis
3090 3222 3331 3291 gradum,
3360 3222 3445 3277 cui
3477 3223 3532 3277 S.
3566 3222 3804 3277 Bernar-

2231 3289 2331 3344 dus
2358 3296 2640 3358 septimum
2664 3294 2943 3361 superbiae,
2978 3289 3185 3347 scilicet
3214 3293 3679 3361 praesumptionem
3702 3307 3804 3359 op-

2233 3362 2399 3428 ponit,
2435 3363 2853 3427 ascendendnm,
2907 3378 3010 3416 non
3044 3379 3225 3430 parum
3265 3362 3556 3431 adjnmenti
3597 3363 3805 3415 cenlett

2216 3433 2486 3498 septimus
2534 3432 2848 3487 humilitatis
2895 3433 3087 3502 gradus
3115 3435 3183 3487 de
3211 3449 3315 3500 quo
3350 3448 3487 3486 nunc
3533 3433 3801 3501 agendum

2229 3516 2327 3554 051.

2589 3613 2660 3664 De
2696 3615 2901 3681 septimo
2934 3613 3230 3667 humilitatis
3260 3615 3440 3682 gradu.

2305 3726 2561 3787 Sepltmus
2589 3724 2885 3778 humilitatis
2916 3727 3106 3793 gradus
3129 3735 3221 3790 est,
3253 3726 3297 3777 si
3336 3741 3387 3777 se
3415 3724 3649 3776 omnibus
3670 3724 3800 3789 infe.

2233 3811 2415 3845 r-orein
2444 3808 2489 3846 et
2530 3797 2755 3847 viliorem
2804 3811 2900 3847 non
2945 3796 3109 3846 solum
3149 3812 3243 3845 sua
3283 3796 3455 3862 lingua
3480 3798 3800 3862 pronuntiet,

2233 3866 2320 3915 sed
2349 3865 2499 3923 ειὶιιιιι
2521 3866 2696 3917 intimo
2726 3866 2890 3916 cordis
2916 3865 3085 3915 credat
3108 3861 3339 3931 alfectn.]
3361 3861 3421 3916 lu
3455 3864 3553 3915 hoc
3577 3864 3798 3930 ροιὶεειι

2236 3948 2379 3986 ιιιιιηι
2426 3935 2592 4002 gradu
2632 3932 2730 3988 SS.
2766 3934 2946 3987 l’atres
2986 3935 3293 3986 humilitatis
3322 3934 3565 3984 virtutem
3594 3935 3798 3985 consti-

2235 4011 2406 4057 tuunt.
2439 4005 2513 4057 Ita
2535 4004 2780 4056 nimirum
2815 4004 2872 4058 S.
2916 4002 3176 4056 Basilius:
3209 4022 3227 4053 ι
3268 4002 3545 4055 llnmilitas
3573 4013 3674 4064 est,
3714 4005 3800 4053 in-

2235 4072 2367 4143 quit,
2398 4088 2583 4143 ontnes
2603 4075 2778 4139 seipso
2806 4075 2965 4143 228
2993 4073 3292 4143 superiores
3317 4072 3641 4126 existimare.
3680 4090 3697 4120 ι
3736 4073 3799 4124 Et

2236 4142 2358 4195 alibi
2392 4142 2545 4211 (Reg.
2578 4143 2737 4205 brrv.,
2769 4141 2916 4197 inter.
2950 4143 3073 4211 198)
3108 4158 3121 4193 :
3161 4160 3177 4191 t
3216 4141 3438 4195 Humilis
3464 4154 3651 4195 Omnes
3693 4150 3802 4195 ter-

2239 4226 2398 4265 renus
2451 4215 2679 4265 honores
2734 4227 2989 4281 respuens
3033 4212 3285 4281 ultiman
3320 4226 3378 4264 se
3402 4211 3622 4281 jndicat.
3676 4228 3692 4259 ι
3738 4211 3796 4262 S.

2238 4283 2549 4336 Ambrosius
2579 4299 2592 4334 :
2627 4301 2644 4333 ι
2684 4280 2930 4335 Ηίεσεδι
2957 4283 3097 4333 enim
3128 4280 3415 4343 humilitas,
3447 4280 3491 4331 si
3520 4281 3654 4332 nihil
3694 4282 3796 4331 sub.

2240 4354 2357 4419 quis
2387 4363 2630 4419 arroget;
2660 4351 2756 4405 sed
2784 4350 3086 4419 inferiorem
3118 4363 3176 4403 se
3210 4364 3328 4403 esse
3364 4349 3650 4419 existimet.
3686 4365 3705 4398 ι
3738 4350 3800 4403 S.

2240 4418 2470 4475 Joannes
2518 4418 2904 4489 Chysostomus
2952 4418 3298 4489 (Ηοηιὶιηῖιὸ,
3347 4434 3496 4481 super
3536 4418 3793 4484 (intra):

2247 4508 2266 4540 ι
2304 4492 2416 4543 Νοιι
2446 4492 2522 4544 eis
2550 4488 2773 4551 tantum,
2805 4492 2894 4558 qui
2922 4500 3077 4543 :rtate
3120 4488 3271 4541 nobis
3295 4497 3418 4541 sunt
3455 4490 3687 4554 majores
3715 4489 3797 4540 vel

2165 4536 2220 4596 Β
2247 4560 2404 4615 etiam
2429 4562 2677 4629 aequales,
2716 4536 2967 4612 honinem
3000 4558 3378 4629 exhibeamus:
3410 4573 3513 4609 non
3540 4536 3691 4611 enim
3716 4568 3800 4610 est

2252 4625 2518 4683 humilitas
2545 4631 2682 4697 quod
2709 4629 2880 4683 facere
2903 4630 3066 4681 debes
3104 4625 3444 4697 necessitate;
3473 4642 3593 4680 vera
3620 4638 3799 4679 autem

2248 4712 2349 4764 eSl,
2380 4696 2586 4768 quando
2610 4700 2845 4753 cedimus
2875 4698 2937 4751 iis
2967 4699 3051 4765 qtti
3080 4698 3230 4751 nobis
3274 4696 3520 4750 videntur
3553 4711 3753 4768 essem
3776 4724 3801 4737 -

2251 4766 2427 4830 nores,
2461 4779 2516 4822 et
2554 4784 2646 4822 eos
2672 4783 2985 4821 veneramur
3011 4770 3099 4833 qui
3130 4768 3371 4819 videntur
3400 4768 3569 4835 magis
3598 4766 3799 4832 indigni

2248 4854 2404 4905 quam
2437 4854 2531 4891 nos
2556 4856 2570 4892 :
2603 4839 2739 4905 quod
2763 4839 2806 4890 si
2830 4848 2969 4891 recte
2990 4839 3242 4903 sapimus,
3267 4838 3438 4889 nullos
3457 4848 3618 4890 et.am
3650 4836 3802 4888 nobis

2251 4909 2480 4961 minores
2526 4909 2936 4970 arbitrabimur;
2968 4913 3058 4960 sed
3103 4920 3202 4959 nos
3228 4907 3411 4961 excelli
3440 4908 3507 4959 ab
3551 4906 3803 4959 omnibus

2250 4977 2549 5031 hominibus
2576 4979 2831 5031 dicemus.
2870 4994 2887 5026 ι
2924 4977 3156 5044 Denique
3196 4979 3251 5030 S.
3282 4976 3578 5029 Bernardus
3604 4974 3798 5044 (Serm.

2243 5048 2294 5099 in
2331 5058 2430 5100 act.
2476 5046 2692 5117 Epiplt.)
2726 5065 2737 5099 :
2775 5064 2792 5096 t
2842 5046 2991 5100 Sicut
3032 5046 3172 5117 enim
3196 5048 3410 5113 grandis
3436 5055 3489 5098 et
3516 5047 3696 5109 gravis
3720 5057 3805 5117 est

2244 5118 2512 5183 superbia,
2546 5116 2792 5184 pra-ferre
2821 5131 2877 5169 se
2903 5116 3090 5183 aequali
3112 5125 3200 5167 aut
3226 5130 3433 5181 :equare
3462 5121 3705 5180 patetato,
3731 5116 3801 5165 ita

2245 5201 2445 5256 magna:
2474 5186 2780 5239 humilitatis
2818 5195 2899 5238 est
2928 5186 3229 5238 inleriorem
3266 5184 3601 5256 seexhibere
3642 5189 3803 5238 etiam

2244 5254 2351 5321 ipsi
2374 5256 2606 5309 inferiori
2642 5272 2651 5305 :
2685 5258 2819 5309 sicut
2838 5256 2976 5308 enim
3010 5269 3214 5307 summa
3241 5266 3293 5307 et
3321 5254 3674 5307 intolerabilis
3708 5268 3801 5305 Su-

2245 5327 2420 5391 perbia
2452 5334 2535 5380 est
2562 5326 2817 5394 superiori
2865 5340 2923 5378 se
2971 5339 3304 5392 prmponere,
3341 5322 3411 5376 i-a
3457 5323 3697 5394 inferiori
3744 5342 3804 5375 se

2242 5395 2468 5448 subdere
2511 5411 2711 5448 summa
2740 5406 2793 5447 et
2840 5397 2989 5462 plena
3034 5394 3245 5463 jnstitia
3294 5403 3394 5447 est.
3431 5412 3451 5444 ι
3485 5393 3799 5463 Quibusex

2244 5466 2419 5517 verbis
2464 5467 2518 5520 S.
2556 5465 2808 5518 Bernardi
2843 5461 3123 5525 habent—us,
3157 5476 3260 5516 non
3300 5463 3470 5516 solum
3498 5479 3679 5515 verant
3710 5461 3805 5514 liu-

2247 5535 2483 5587 iiii?ita.‘is
2534 5544 2800 5599 virtutem,
2842 5534 2933 5585 sed
2964 5546 3222 5586 summam
3272 5542 3345 5594 et,
3397 5543 3453 5584 ut
3498 5533 3569 5585 ita
3606 5533 3801 5591 dicam,

2247 5606 2493 5656 virtntnni
2515 5608 3095 5666 virtutein,sanctorum
3120 5601 3523 5670 perfectionem,
3540 5614 3803 5653 summam

2245 5683 2298 5725 et
2350 5677 2555 5738 plenam
2606 5672 2859 5739 jnStitiam
2910 5672 3007 5725 hoc
3056 5672 3106 5724 in
3137 5671 3303 5740 gradu
3341 5671 3635 5740 constitui:
3666 5673 3804 5721 unde

2249 5737 2386 5797 idem
2414 5737 2811 5797 alibiSIdoctor
2833 5743 2904 5795 ait
2925 5742 3115 5812 (Serm.
3139 5737 3204 5796 i5
3230 5744 3281 5795 in
3324 5737 3455 5794 Cant
3487 5741 3582 5804 )zt
3616 5740 3800 5809 Magna
