4074 6356
303 336 400 391 597

1348 314 1619 388 DECIMA
1660 332 2151 390 COMMENTATA.
2193 336 2343 389 CAP.
2390 335 2495 392 \‘ll.

3440 344 3541 403 598

300 459 355 506 et
381 463 500 503 rara
529 448 697 504 virtus
719 448 958 522 proiecto
973 457 1073 510 est,
1101 456 1361 522 iit‘magna
1387 448 1869 522 licetoperantem,
1897 454 1938 511 Α
1971 438 2247 502 Terribilis
2272 451 2412 503 enim
2466 451 2602 504 Detzs
2640 467 2689 504 iri
2723 452 2960 507 consiliis
3005 470 3163 522 super
3204 456 3338 512 filios
3368 459 3541 513 homi-

305 528 553 588 magnum
595 529 645 574 te
672 519 900 581 nescias,
931 528 983 571 et
1014 518 1344 571 manifesttm
1372 520 1618 571 omnibus
1642 528 1782 570 tuam
1813 526 1865 569 te

301 590 475 643 solum
504 589 669 643 latere
694 592 1023 642 sanctitatem
1051 604 1065 652 ;
1106 588 1403 641 mirabilem
1429 597 1479 641 te
1509 602 1782 656 apparere,
1812 595 1866 640 et

301 659 755 726 contemptibilem
796 670 847 713 te
874 668 1152 722 reputare:
1177 658 1283 711 Hoc
1301 672 1402 727 ego
1424 657 1552 720 ipsis
1582 658 1867 711 virtutibus

300 729 600 783 mirabilius
635 728 835 796 judico.
877 747 893 778 i
929 729 993 782 Et
1020 728 1144 781 alibi
1176 728 1240 780 ad
1273 728 1563 781 monachos
1604 729 1864 793 Alpenst-s

297 799 539 852 scribens
567 797 763 868 (Epist.
811 798 933 865 145)
966 815 981 852 :
1020 814 1038 848 ί
1086 797 1246 851 Recta
1297 797 1494 863 facere,
1542 805 1597 850 et
1626 797 1863 868 inutilem

298 881 361 922 se
387 878 637 936 reputare
654 869 792 936 apud
820 881 1017 935 paucos
1044 868 1341 929 invenitur;
1374 867 1493 936 ideo
1524 868 1676 919 multi
1697 867 1867 936 admi—

300 935 514 991 rantur:
535 942 653 1001 hoc,
678 935 914 1003 inquam,
936 939 1034 992 hoc
1050 952 1265 1004 prorsus
1285 936 1351 990 de
1376 935 1669 991 illustribus
1691 935 1868 990 reddit

300 1005 639 1071 illustriores,
672 1008 966 1061 sanctiores
988 1009 1055 1061 de
1082 1007 1279 1061 sanctis
1446 1008 1559 1058 haec
1583 1008 1750 1059 virtus
1781 1021 1867 1059 me

296 1073 478 1197 iudice
509 1078 786 1145 praefertur
818 1077 1097 1143 protractis
1119 1075 1355 1144 jejuniis,
1405 1075 1705 1140 anticipatis
1728 1075 1866 1144 vigi-

324 1144 409 1197 iis.
443 1149 587 1197 omni
613 1146 840 1197 denique
867 1147 1129 1197 corporali
1158 1146 1434 1197 exercitio.
1466 1156 1712 1197 tanquam
1743 1160 1866 1197 vere

324 1144 409 1215 iis,
443 1144 587 1199 omni
613 1146 840 1215 denique
867 1147 1129 1215 corporali
1158 1146 1434 1213 exercitio,
1466 1156 1712 1215 tanquam
1743 1160 1868 1200 vere

306 1213 497 1282 pietas,
527 1230 647 1284 qua:
669 1217 734 1268 ad
758 1213 936 1270 omnia
962 1213 1118 1268 valet.

374 1286 455 1337 Ad
474 1285 590 1339 haec
615 1285 748 1338 forte
772 1286 1005 1352 stupebit
1029 1284 1098 1338 ali
1122 1286 1240 1349 mis,
1267 1298 1509 1351 quaerens
1533 1300 1679 1348 num,
1700 1284 1868 1338 illaasa

302 1356 548 1413 veritate,
581 1354 654 1406 ita
684 1354 751 1408 de
777 1370 835 1407 se
863 1355 1061 1410 sentire
1088 1366 1140 1409 et
1169 1355 1460 1421 pra'dicare
1488 1366 1667 1419 queat.
1690 1363 1745 1408 et
1764 1371 1866 1424 qua

306 1424 521 1476 tandem
554 1425 757 1477 ratione
784 1424 835 1477 id
867 1424 981 1477 ﬁeri
1012 1425 1195 1492 possit,
1220 1436 1273 1476 ut
1298 1427 1588 1479 monachus
1609 1425 1721 1479 Deo
1741 1427 1869 1478 cha-

304 1507 419 1564 rtis,
463 1493 571 1546 Det)
612 1508 824 1558 Semper
866 1496 1119 1556 intentus,
1152 1498 1401 1547 virtutum
1432 1496 1597 1564 gratia
1624 1504 1867 1559 ornatus,

305 1560 609 1623 homicidae,
634 1564 895 1632 adultero,
925 1565 1234 1631 bIaSpliemo
1280 1574 1335 1617 et
1371 1560 1625 1632 apostatte
1652 1565 1867 1617 inferio-

305 1646 419 1701 rem
445 1642 497 1685 et
526 1633 766 1686 vdiorem
791 1648 849 1687 se
865 1630 1088 1701 judicrt.
1125 1632 1220 1685 Cui
1254 1630 1592 1700 respondebit
1636 1635 1691 1688 S.
1723 1633 1871 1685 Basi-

303 1700 409 1771 lius
439 1702 636 1769 (Const.
684 1700 900 1754 monast.
925 1719 971 1754 ο.
1000 1703 1055 1771 ‘2)
1090 1720 1103 1755 :
1140 1721 1158 1753 ι
1195 1704 1306 1755 Νοιι
1338 1704 1669 1757 mendacium
1700 1703 1867 1767 dices,
1898 1754 1901 1755 ,

304 1770 353 1839 si
385 1781 436 1825 te
484 1781 817 1839 peccatorem
845 1786 966 1825 esse
1017 1770 1252 1834 dixeris;
1288 1787 1406 1823 nam
1450 1775 1495 1825 si
1526 1783 1667 1826 recte
1714 1774 1869 1825 intel-

302 1838 517 1897 lexeris.
544 1856 610 1895 eo
638 1846 751 1908 ipso
776 1842 1036 1908 peccabis,
1058 1847 1101 1893 si
1132 1851 1182 1894 te
1208 1844 1324 1893 siue
1348 1852 1559 1905 peccato
1585 1858 1703 1895 esse
1725 1842 1871 1893 dixe-

304 1910 400 1979 ljs.
440 1928 458 1959 ι
507 1912 571 1964 Et
607 1913 662 1963 S.
702 1912 935 1963 Joannes
972 1913 1383 1979 Clirysosmmtis
1414 1910 1636 1973 (Haurit.
1681 1910 1770 1975 53,
1819 1914 1869 1963 in

302 1975 515 2046 Cenes.)
545 1998 558 2032 :
594 1998 611 2029 ι
650 1980 702 2033 Si
730 1990 873 2034 recte
897 1975 1153 2048 sapimus,
1189 1980 1361 2032 nullos
1391 1980 1546 2032 etiam
1572 1980 1723 2035 nobis
1749 1995 1871 2033 esse

306 2049 541 2103 minores
587 2051 991 2113 arbitrabimur;
1027 2049 1119 2103 sed
1165 2062 1262 2101 nos
1302 2050 1490 2101 excelli
1533 2052 1600 2103 ab
1625 2049 1872 2105 omnibus

308 2120 614 2171 hominibus
637 2122 894 2173 dicemus.
951 2121 1013 2172 Et
1043 2121 1141 2171 hoc
1170 2120 1309 2180 dico,
1342 2134 1446 2171 non
1472 2121 1537 2172 de
1566 2119 1719 2172 nobis
1741 2160 1754 2180 ,
1783 2119 1870 2185 qui

304 2186 602 2240 innumeris
650 2191 912 2241 Submersi
958 2204 1141 2241 sumtis
1189 2190 1453 2256 peccatis;
1499 2189 1591 2240 sed
1623 2192 1781 2240 etiam
1827 2191 1869 2239 si

303 2258 428 2323 quis
469 2258 569 2311 sibi
601 2260 949 2325 plurimorum
1006 2260 1138 2311 bene
1182 2268 1452 2325 gestarum
1483 2257 1727 2310 conscius
1778 2257 1867 2323 sit,

304 2325 408 2378 nisi
434 2327 572 2392 apud
622 2342 681 2380 se
711 2327 905 2381 sentiat
950 2328 1089 2394 quod
1142 2328 1380 2381 omnium
1431 2329 1500 2381 sit
1549 2337 1868 2394 postremus,

305 2397 447 2446 nulla
478 2400 525 2449 ei
557 2400 727 2451 lutura
756 2401 951 2450 uilitas
970 2408 1136 2452 estex
1165 2399 1412 2452 omnibus
1438 2397 1550 2451 suis
1574 2395 1726 2449 bonis
1746 2410 1871 2464 ope-

304 2464 472 2525 ribus.
504 2484 522 2515 i

378 2534 652 2599 Quomodo
679 2547 853 2587 autem
885 2536 1046 2589 illaisa
1080 2534 1127 2588 id
1160 2536 1383 2590 veritate
1415 2535 1526 2589 ﬁeri
1555 2542 1716 2604 queat
1741 2533 1873 2585 duo-

304 2603 406 2655 bus
445 2606 614 2658 modis
661 2605 929 2670 explicant
979 2611 1177 2672 regulae
1207 2603 1652 2659 comnicntitores
1696 2604 1870 2656 llilde—

306 2688 509 2735 maruS,
545 2675 839 2727 Bernartius
882 2676 1217 2728 Cassinensis
1261 2687 1315 2729 et
1374 2677 1653 2729 Bulierius.
1694 2674 1874 2726 Primo

306 2743 559 2795 nimirum
591 2752 805 2813 propter
838 2745 1053 2797 latentia
1098 2744 1149 2797 in
1180 2746 1334 2799 nobis
1372 2748 1531 2810 mala,
1576 2758 1629 2799 et
1658 2745 1871 2797 latentia

308 2813 363 2862 in
389 2814 506 2866 aliis
529 2814 663 2866 bona
690 2829 704 2877 ;
746 2815 937 2880 quibus
961 2815 1193 2867 concinit
1233 2816 1287 2870 S.
1323 2816 1554 2868 Thomas
1586 2816 1665 2867 Itis
1698 2814 1874 2867 verbis

309 2881 449 2950 (2-2,
488 2900 540 2953 q.
594 2884 723 2947 161,
764 2902 816 2936 a.
852 2885 904 2946 b',
938 2885 1004 2936 ad
1037 2883 1089 2951 1)
1131 2900 1146 2937 :
1184 2904 1201 2935 ι
1239 2886 1418 2939 Potest
1460 2887 1647 2952 aliquis
1678 2885 1876 2950 absque

313 2954 541 3007 l'alsitate
561 2968 620 3006 se
640 2960 859 3008 credere
887 2966 937 3007 et
978 2955 1316 3021 pronuntiare
1355 2956 1598 3008 omnibus
1637 2957 1788 3005 vilior
1824 2970 1872 3005 ni

312 3024 599 3077 secundum
629 3024 867 3077 delectus
896 3038 971 3076 occ
996 3026 1153 3086 ultos,
1183 3039 1315 3092 quos
1339 3040 1389 3076 m
1413 3039 1471 3077 se
1500 3025 1791 3093 cognoscit,
1822 3033 1875 3075 et

311 3093 447 3164 doni
481 3093 593 3157 Dei,
622 3111 740 3161 qua:
770 3096 818 3145 iii
848 3095 1007 3163 229
1027 3095 1142 3147 aliis
1166 3095 1322 3164 latent
1352 3112 1364 3145 :
1393 3094 1530 3148 unde
1552 3093 1873 3164 Augustinus

1970 535 2118 581 iititii,
2160 529 2218 572 ut
2255 536 2390 586 quos
2434 534 2576 581 Stepe
2606 523 2898 576 sanctiores
2938 525 3324 590 exi~titnamus,
3376 530 3470 581 los
3513 550 3540 584 a

1971 590 2090 662 Deo
2109 591 2417 662 reprobatos
2439 608 2451 647 ;
2473 591 2929 662 deteriores-Vero
2953 594 3357 660 prmdestiuatos
3386 598 3541 652 inl'al-

1968 656 2126 733 l_bil_is
2144 661 2358 733 scientia
2393 660 2482 733 Dei
2514 657 2816 733 cognoscat.
2849 656 2979 716 Nam
3007 665 3147 733 quis,
3178 666 3321 720 verbi
3348 671 3559 733 gratia,

1968 728 2184 781 Satilem
2222 746 2248 778 a
2287 731 2392 782 Deo
2433 732 2680 792 o-lectuni,
2731 732 2953 801 ejusque
2981 728 3228 788 mandato
3274 736 3323 789 in
3350 728 3466 795 rem
3490 728 3537 792 ui

1968 808 2367 863 consecratum;
2398 801 2616 854 Saulum
2647 812 2821 854 autem
2854 807 3023 856 minas
3046 807 3333 865 spirantem
3362 823 3534 860 acrio-

1968 881 2082 920 ceni
2117 868 2364 928 intuens;
2413 870 2559 922 illuni
2610 872 2675 923 de
2706 871 2840 925 libro
2873 873 2990 926 vita:
3018 874 3326 933 delendum.
3377 878 3537 931 istum

1970 952 2077 1017 vas
2112 938 2392 1017 electionis
2445 939 2566 1017 Deo_
2602 941 2795 993 factum
2846 944 3179 998 credidisset.
3229 947 3360 1017 Cum
3388 964 3538 1017 ergo

1968 1008 2146 1085 nullus
2177 1008 2625 1085 hominum_sciat
2655 1021 2831 1085 utrum
2865 1027 3045 1067 amore
3088 1030 3151 1085 an
3194 1016 3317 1068 odio
3346 1008 3537 1085 dignus

1969 1078 2069 1148 sit;
2102 1078 2230 1132 nulli
2255 1093 2313 1131 se
2341 1076 2611 1145 praeferat,
2631 1081 2870 1148 quinimo
2896 1083 3107 1136 ceriarii
3140 1086 3278 1139 illius
3301 1076 3533 1141 Alesan-

1968 1146 2104 1199 drini
2125 1150 2403 1201 aemuletur
2425 1146 2695 1213 virtutem,
2717 1166 2815 1214 qua
2840 1152 3247 1207 celeberrimum
3275 1166 3385 1209 toto
3407 1162 3537 1216 orbe

1969 1218 2258 1270 Ant-minui
2285 1218 2529 1271 abbatem
2562 1222 2851 1284 superavit.
2885 1222 3017 1275 Cum
3046 1224 3187 1277 enim
3218 1226 3297 1278 vir
3324 1242 3540 1283 sancuts

1972 1287 2022 1340 iri
2044 1287 2177 1340 cella
2210 1287 2492 1353 aliquando
2518 1300 2715 1351 oraret,
2740 1292 2971 1344 ctefestis
2997 1294 3060 1345 ad
3092 1309 3213 1347 eum
3238 1311 3339 1349 vox
3372 1298 3538 1353 adve-

1969 1357 2057 1435 nit_
2094 1358 2275 1435 diceris
2316 1357 2532 1435 (Rufﬁn.
2582 1357 2671 1435 lib.
2723 1375 2777 1412 itt
2821 1361 2881 1412 sle
2922 1361 3022 1414 Vit.
3072 1361 3231 1435 Pat.,.
3265 1382 3316 1418 ιι.
3380 1366 3535 1435 150);

1977 1445 1994 1505 ι
2030 1427 2519 1505 Anterii,_ri_ecdurii
2553 1429 2615 1480 ad
2668 1445 2971 1505 mensuram
3005 1427 3209 1487 roriarii
3243 1437 3413 1500 istius,
3446 1427 3538 1505 qui

1972 1497 2025 1551 in
2044 1499 2362 1552 Alexandria
2389 1509 2490 1564 esr,
2512 1500 2817 1563 pervenisti.
2846 1520 2864 1551 ι
2887 1501 3001 1565 Quo
3021 1505 3201 1556 audito
3219 1497 3538 1563 venerabilis

1973 1580 2137 1620 senex
2175 1567 2551 1621 Alexandriam
2585 1580 2860 1636 properat,
2903 1571 2969 1623 ad
3012 1572 3209 1626 dictum
3251 1579 3537 1632 coriariuni

1971 1648 2030 1688 se
2060 1637 2284 1709 confert,
2318 1653 2440 1692 eum
2473 1648 2645 1706 rogat,
2673 1650 2729 1693 ut
2768 1656 2927 1708 opera
2970 1656 3063 1694 sua
3095 1644 3192 1696 Silii
3222 1646 3538 1709 denuntiet;

1973 1709 2055 1785 cui
2083 1707 2168 1785 ille
2186 1709 2515 1775 respondens
2540 1712 2649 1785 ait;
2681 1729 2699 1760 ι
2734 1707 3220 1785 Nescioaliqttando
3240 1732 3321 1766 tne
3338 1707 3537 1785 aliquid

1974 1774 2098 1828 boni
2147 1774 2507 1845 perpetrasse;
2542 1780 2683 1833 unde
2710 1788 2763 1834 et
2805 1796 2870 1833 ex
2909 1774 3075 1850 euhili
3121 1785 3333 1850 proprio
3380 1774 3539 1843 m'arie

1975 1859 2316 1920 consurgens,
2346 1859 2628 1916 antequam
2660 1850 2711 1903 in
2743 1849 2919 1920 opere!
2938 1866 3055 1904 meo
3082 1849 3367 1919 resideatn,
3394 1858 3536 1919 dico,

1974 1917 2113 1993 quod
2141 1916 2315 1993 omnis
2344 1920 2455 1993 haec
2484 1921 2671 1971 civitas
2711 1936 2737 1993 τι
2768 1916 2970 1993 minore
2992 1936 3155 1993 usque
3185 1925 3247 1975 ad
3279 1916 3536 1992 majorem

1976 1984 2301 2051 ingrediatur
2347 1987 2396 2039 in
2438 2002 2657 2062 regnum
2704 1989 2864 2057 230
2914 1990 3005 2041 Dei
3048 1984 3262 2060 propter
3303 1984 3538 2062 jttstitias

1975 2066 2125 2131 suas;
2148 2069 2273 2131 __ego
2298 2066 2472 2131 autern
2502 2056 2646 2109 solus
2686 2056 2897 2131 propter
2928 2056 3160 2131 pecc‘ata'
3181 2056 3535 2130 mea'pceiiam

1978 2122 2243 2189 ingrediar
2273 2122 2843 2200 senipiternani,'qu0d
2870 2122 3085 2181 verbum
3110 2122 3391 2200 antequam
3416 2140 3539 2189 sero

1975 2206 2243 2265 quiescant
2264 2207 2331 2265 ex
2352 2196 2771 2265 cordisveritate
2794 2211 3062 2251 recenseo.
3098 2219 3114 2248 i
3142 2196 3292 2265 Quod
3315 2206 3538 2260 audiens

1977 2258 2033 2312 S.
2063 2260 2342 2332 Antonius
2376 2263 2574 2315 addidit
2602 2281 2614 2314 :
2650 2281 2668 2313 ι
2708 2264 2764 2316 lti
2792 2266 3029 2328 veritate,
3057 2258 3328 2332 lilirsicut
3370 2258 3538 2328 borius

1975 2328 2163 2407 artifex
2190 2331 2383 2384 sedens
2416 2332 2466 2383 in
2491 2332 2649 2384 domo
2690 2341 2797 2407 tua,
2828 2349 2945 2407 cum
2982 2328 3160 2402 requie
3188 2356 3404 2407 regnum
3443 2344 3536 2397 Dei

1976 2399 2196 2463 adeptus
2243 2413 2329 2463 cs;
2365 2414 2462 2468 ego
2487 2411 2663 2454 autem
2704 2406 2843 2454 velut
2877 2405 2992 2455 sine
3031 2399 3351 2463 d‘scretione
3380 2427 3539 2466 omne

1978 2476 2185 2531 tempus
2216 2484 2388 2547 meum
2420 2472 2470 2523 iii
2507 2471 2792 2524 solitudine
2816 2486 3011 2535 terens,
3039 2476 3259 2530 necdum
3294 2481 3437 2533 vi-rbi
3466 2484 3538 2535 tui

1976 2551 2231 2603 assumpSI
2264 2553 2585 2592 mensuram.
2619 2558 2649 2588 ιη

2046 2605 2341 2677 Secundam
2393 2609 2526 2661 hanc
2573 2610 2829 2661 rationem
2878 2610 3144 2677 eleganter
3197 2614 3423 2670 illustrat
3473 2620 3531 2673 S.

1980 2676 2281 2753 Dei-tiardtts
2323 2677 2401 2730 his
2424 2677 2616 2753 _verbis
2652 2680 2841 2753 (Serm.
2887 2676 2981 2741 37,
3016 2680 3309 2753 iniCant.);
3342 2705 3358 2736 ι
3403 2689 3537 2753 Quid

1978 2748 2025 2800 si
2053 2746 2102 2797 in
2132 2762 2197 2799 eo
2226 2746 2556 2799 discordaret
2601 2763 2629 2811 a
2672 2748 2914 2812 veritate,
2946 2759 3001 2802 ut
3031 2746 3288 2805 uiiiiorem
3318 2770 3376 2808 se
3406 2746 3540 2811 inle-

1982 2830 2281 2884 rioremque
2324 2827 2530 2880 putaret
2553 2832 2709 2885 quam
2738 2818 2927 2870 veritas
2958 2818 3216 2873 traheret?
3246 2822 3539 2881 Excusaret

1979 2901 2096 2939 eum
2125 2901 2217 2937 sna
2252 2889 2429 2958 procul
2458 2887 2615 2940 dubio
2643 2888 2957 2958 ignorantia.
2998 2900 3045 2941 ct
3077 2891 3292 2944 mirtime
3324 2906 3539 2958 reputa-

1980 2968 2124 3030 retur
2149 2954 2431 3030 superbus,
2461 2954 3038 3030 nec_tam_inveuiretur
3060 2958 3308 3025 iniquitas
3333 2954 3448 3030 ejus
3471 2967 3536 3018 ad

1979 3027 2179 3088 odium,
2211 3042 2366 3092 quam
2396 3025 2662 3078 humilitas
2683 3026 2921 3079 fortassis
2951 3028 3013 3079 ad
3040 3031 3282 3093 gratiam.
3313 3025 3536 3088 Sienim

1980 3095 2030 3147 in
2050 3109 2278 3160 quonam
2310 3104 2450 3149 statu
2476 3109 2902 3163 unumquemque
2928 3108 3163 3150 nostrum
3190 3098 3378 3154 habeat
3403 3102 3540 3157 Deus

313 3162 443 3215 dicit
473 3166 523 3216 in
567 3166 659 3216 lib.
691 3167 756 3217 de
791 3162 1101 3232 Virgiiiitate
1126 3181 1140 3217 :
1169 3163 1470 3217 Existimate
1519 3162 1656 3218 alios
1699 3166 1750 3215 in
1788 3179 1874 3213 oc-
1899 3166 1946 3228 ο
1980 3166 2181 3234 liquido
2210 3162 2686 3232 cognosceremus,
2738 3162 2835 3218 nec
2867 3180 3025 3232 supra
3068 3181 3216 3231 sane,
3267 3185 3365 3222 nec
3403 3172 3537 3226 iiil‘ra

313 3235 447 3284 culto
474 3237 778 3299 superiores,
810 3238 989 3301 quibus
1016 3235 1134 3287 estis
1174 3235 1225 3286 in
1260 3235 1526 3303 iitanifesta
1565 3253 1592 3287 ιι
1614 3236 1813 3288 eliores.
1849 3250 1868 3283 i

316 3304 379 3372 Et
400 3315 545 3357 certe
576 3314 632 3357 ut
660 3307 745 3357 hic
772 3306 962 3358 citatus
989 3306 1115 3356 dicit
1142 3306 1265 3356 alibi
1298 3305 1354 3358 S.
1388 3309 1711 3372 Augustinus
1734 3303 1873 3372 (Lib.

315 3371 404 3433 85,
435 3384 613 3439 qtuest.
639 3375 725 3443 7|)
758 3393 768 3427 :
807 3394 823 3425 ι
864 3375 989 3427 lllud
1020 3390 1117 3442 ctvg
1143 3376 1355 3428 tandum
1400 3371 1597 3428 nullum
1636 3392 1753 3427 esse
1784 3380 1876 3425 tio-

316 3443 639 3509 minem,qni
661 3461 763 3495 non
788 3445 951 3511 possit
974 3446 1167 3497 habere
1195 3444 1402 3510 aliquod
1432 3446 1650 3506 bonum,
1668 3444 1877 3497 etiamsi

319 3512 504 3575 lateat,
538 3516 587 3565 in
618 3528 723 3581 qtio
750 3515 903 3580 possit
937 3530 1055 3568 esse
1081 3514 1360 3581 superior;
1394 3529 1510 3581 qua:
1538 3514 1787 3583 cogitatio
1811 3515 1876 3567 ad

317 3588 741 3635 contundendam
764 3595 816 3636 et
844 3584 1191 3637 edomandam
1243 3585 1544 3652 Superbiam
1579 3582 1742 3639 valet.
1770 3585 1880 3638 Nec

317 3653 593 3721 arbitreris
615 3656 864 3720 quoniam
899 3655 1032 3706 bona
1064 3668 1148 3706 tua
1179 3658 1416 3708 eminent
1443 3666 1496 3709 et
1523 3671 1795 3721 apparent,
1826 3664 1880 3709 et

319 3720 441 3775 ideo
470 3725 695 3775 alterum
730 3726 866 3776 nulla
901 3725 1117 3787 habere,
1144 3740 1259 3791 qua:
1285 3727 1483 3777 lateant
1504 3727 1879 3794 niajotislorte

320 3795 589 3856 ponderis,
622 3796 814 3858 quibus
856 3805 905 3846 te
954 3805 1172 3860 superat
1226 3799 1571 3851 nescientem.
1611 3816 1628 3846 ι
1680 3799 1742 3847 Et
1781 3796 1879 3848 hac

292 3862 456 3916 torte
479 3866 679 3915 rati-tne
708 3880 833 3916 suos
863 3866 917 3919 S.
968 3867 1019 3916 tsi
1042 3865 1265 3916 rnai'dus
1297 3867 1573 3932 alloquens
1605 3868 1739 3917 inter
1779 3868 1876 3918 alia

320 3932 435 3985 haec
481 3933 608 3985 dicit
658 3934 850 4001 (Serm.
905 3934 991 3995 56,
1026 3935 1089 3985 de
1136 3932 1357 4001 Direrr.)
1389 3953 1404 3989 :
1440 3936 1555 3988 «Tu
1602 3952 1727 4003 ergo
1774 3952 1879 3990 non

320 4016 642 4069 magnopere
665 4008 864 4071 cogites
894 4021 1010 4071 qua:
1039 4006 1129 4055 tibi
1161 4005 1355 4058 videris
1384 4006 1598 4068 habere,
1624 4010 1720 4057 nisi
1747 4006 1881 4059 forte

322 4072 605 4127 interdum.
639 4084 694 4124 ut
723 4075 917 4141 gratias
945 4089 1100 4140 agere
1132 4076 1324 4138 possis,
1346 4086 1399 4128 et
1422 4086 1472 4127 te
1500 4078 1708 4128 noveris
1733 4076 1882 4127 debi—

323 4151 495 4194 torem
520 4144 569 4195 ei
596 4146 683 4209 qui
710 4146 854 4196 dedit
877 4159 889 4205 ;
939 4159 1030 4195 seu
1062 4146 1224 4210 gratia
1253 4146 1654 4208 consolationis,
1686 4161 1804 4196 cuni
1831 4146 1878 4197 id

323 4226 543 4265 necesse
574 4213 748 4271 fuerit,
789 4230 853 4265 ne
883 4212 1119 4281 qualibet
1144 4229 1208 4264 ex
1235 4229 1393 4267 causa
1427 4215 1624 4266 tristior
1648 4218 1759 4266 tias.
1808 4214 1883 4267 De

324 4293 523 4333 castero
550 4299 610 4333 ea
655 4296 867 4348 Semper
900 4282 1066 4348 magis
1098 4284 1332 4345 attende,
1374 4300 1493 4351 quas
1536 4285 1671 4336 alius
1703 4283 1880 4346 habet,

324 4359 381 4402 tu
413 4366 517 4404 non
558 4351 753 4413 lialies;
794 4353 931 4420 quod
972 4352 1085 4404 lia'c
1122 4354 1371 4419 cogitatio
1409 4364 1462 4407 te
1491 4355 1541 4406 in
1590 4355 1883 4407 humilitate

323 4423 603 4485 custodiat,
637 4436 685 4474 et
728 4436 756 4472 a
793 4429 1055 4493 descensu
1100 4424 1386 4486 tepiditatis
1432 4425 1665 4490 elouget,
1718 4426 1883 4493 magis

323 4502 500 4543 autem
528 4501 580 4544 et
605 4492 860 4543 accendat
890 4491 1005 4544 desi
1026 4493 1157 4543 terio
1185 4494 1513 4558 proticieudi.
1550 4495 1675 4547 Vide
1704 4491 1879 4547 autem

322 4571 521 4631 quanta
548 4578 577 4613 e
608 4563 821 4627 regione
851 4562 985 4612 mala
1033 4561 1281 4629 cogitatio
1329 4564 1417 4615 illa
1457 4566 1733 4629 parturiat,
1780 4580 1883 4631 qua

322 4630 509 4683 sedule
532 4645 711 4683 versas
744 4633 795 4682 in
823 4636 1001 4684 animo
1030 4633 1167 4697 quod
1201 4633 1292 4683 tibi
1343 4632 1536 4685 habere
1582 4630 1807 4697 videris,
1833 4643 1889 4686 et

322 4700 549 4753 alterum
599 4702 897 4768 quempiam
925 4701 1156 4754 instituas
1189 4717 1292 4753 non
1324 4703 1560 4755 habere:
1596 4702 1716 4755 hinc
1744 4708 1884 4756 enim

333 4769 561 4823 elevaris
588 4772 638 4821 in
666 4770 991 4836 superbiam,
1017 4773 1140 4823 dtitii
1175 4781 1224 4823 te
1261 4774 1524 4840 praiponis
1554 4772 1738 4833 alteri;
1767 4772 1892 4825 hinc

328 4839 589 4907 prolicere
629 4841 868 4907 uegiigis,
903 4842 1026 4893 dum
1051 4850 1101 4894 te
1130 4839 1382 4908 magnum
1423 4843 1722 4909 quempiam
1751 4844 1893 4895 arbio

328 4914 516 4974 traris;
551 4911 671 4963 hinc
691 4910 903 4963 demum
930 4910 1113 4977 incipis
1143 4911 1392 4975 deiicere,
1420 4917 1544 4962 dum
1566 4913 1658 4965 tibi
1678 4914 1894 4965 alterius

325 4980 726 5047 comparatione
778 4982 932 5032 etiam
984 4982 1140 5034 nimis
1185 4982 1357 5047 egisse
1383 4980 1595 5035 videris.
1640 5002 1657 5032 i
1696 4984 1891 5034 liadeni

324 5053 489 5103 etiam
521 5049 657 5103 forte
685 5062 861 5103 mente
884 5052 1224 5120 interroganti
1247 5053 1455 5104 cuidam
1481 5052 1627 5104 fratri
1649 5054 1893 5104 abbatem

330 5120 769 5189 l’wmenen(l.ib.
800 5135 854 5172 iii
894 5124 956 5173 de
988 5120 1087 5173 Vit.
1124 5120 1267 5184 Pat.,
1294 5137 1346 5175 ιι.
1374 5121 1535 5187 l5l):
1568 5140 1585 5171 ι
1620 5124 1896 5187 Quomodo

328 5204 545 5258 possum
595 5207 679 5242 tne
727 5193 984 5244 minorem
1036 5190 1219 5244 videre
1260 5195 1327 5245 ab
1373 5207 1439 5245 eo
1486 5191 1575 5259 qui
1633 5191 1894 5244 homicida

330 5260 458 5314 est?
504 5278 523 5311 ι
558 5262 872 5328 respondit:
914 5278 931 5310 ι
981 5260 1033 5312 Si
1080 5262 1264 5314 videns
1311 5261 1581 5314 hominem
1627 5262 1715 5329 qui
1760 5261 1899 5314 forte

330 5329 525 5383 occidit.
571 5330 755 5394 alium,
797 5331 930 5381 dicis
972 5332 1020 5382 iri
1070 5335 1385 5394 temetipso:
1416 5332 1518 5385 lste
1546 5333 1757 5396 quidem
1800 5333 1900 5383 hoc

332 5402 503 5453 Solum
530 5410 801 5467 peccatum
832 5401 950 5453 fecit
979 5415 993 5462 ;
1022 5415 1117 5465 ego
1146 5411 1320 5453 autem
1343 5406 1486 5453 omni
1516 5404 1642 5453 liora
1676 5402 1896 5453 homici-

334 5474 485 5523 drum'
504 5472 803 5534 committo,
840 5472 1093 5535 nieipsum
1122 5469 1467 5522 interliciens.
1505 5474 1566 5523 tt
1593 5488 1712 5524 cuiu
1737 5483 1897 5523 trater

336 5543 633 5608 requireret
662 5544 928 5607 quomodo
957 5542 1057 5591 hoc
1084 5540 1251 5603 possit
1276 5540 1413 5604 ﬁeri,
1438 5542 1707 5606 respondit
1733 5558 1743 5591 :
1777 5543 1898 5593 Htec

334 5615 442 5664 sola
487 5612 686 5678 justitia
722 5610 973 5673 lioininis,
1022 5623 1077 5661 tit
1105 5610 1450 5671 semetipsum
1498 5612 1898 5677 reprehendat;

337 5693 461 5734 tunc
484 5684 624 5735 enim
653 5682 825 5746 justus
854 5691 956 5744 est,
987 5694 1106 5733 cum
1133 5694 1225 5732 sua
1259 5692 1467 5745 peccata
1499 5682 1835 5732 condemnat.
1879 5700 1896 5728 ι

405 5753 477 5805 Se
512 5755 676 5817 unde,
708 5761 923 5821 propter
962 5748 1516 5819 incomprehensibilia
1560 5748 1755 5817 judicia
1787 5749 1900 5805 Dei.

1912 4529 1960 4588 D

1980 3236 2231 3289 secedere
2251 3235 2585 3295 drberemus,
2614 3235 2817 3287 veritati
2842 3234 2895 3287 in
2924 3236 3172 3289 omnibus
3199 3240 3541 3305 acquiescen-

1981 3313 2060 3359 tes
2088 3321 2104 3356 :
2136 3320 2275 3357 nunc
2293 3315 2471 3358 autent
2498 3306 2614 3373 quia
2642 3306 2921 3357 coiisiliurn
2952 3309 3051 3358 hoc
3081 3309 3258 3374 posuit
3293 3311 3542 3365 tenebras

1980 3376 2256 3447 latibulum
2302 3390 2477 3439 suum,
2529 3387 2580 3447 et
2610 3390 2785 3447 sermo
2814 3375 3152 3447 absconditus
3194 3387 3275 3430 est
3309 3396 3334 3429 a
3366 3382 3539 3447 nobis,

1980 3446 2051 3516 ita
2086 3454 2143 3499 nt
2170 3461 2327 3498 tremo
2356 3448 2487 3499 sciat
2519 3445 2564 3516 si
2594 3446 2782 3516 dignus
2823 3444 3105 3516 sitamOre
3127 3462 3193 3516 an
3233 3448 3375 3513 odio,
3422 3444 3539 3516 jus;

1984 3515 2087 3568 tius
2127 3521 2393 3582 tutiusque
2423 3514 2680 3583 profecto,
2709 3515 2862 3579 juxta
2894 3514 3058 3581 ipsius
3096 3515 3342 3570 Veritatis
3370 3514 3540 3573 censio

1982 3588 2131 3647 lium,
2165 3585 2508 3639 novissimum
2531 3583 2685 3637 nobis
2710 3584 2883 3635 locum
2909 3585 3172 3655 eligimus,
3192 3586 3255 3639 de
3274 3602 3377 3652 quo
3403 3598 3538 3655 post-

1982 3657 2196 3710 modum
2228 3658 2571 3726 curirhonore
2591 3655 2852 3726 superius;
2879 3654 3185 3720 educamur,
3218 3672 3373 3723 quam
3401 3654 3527 3726 prae.

1981 3728 2238 3778 sumimus
2280 3725 2543 3787 altiorem,
2588 3723 2727 3775 unde
2763 3724 2953 3776 cedere
2995 3738 3114 3776 mox
3146 3723 3540 3791 oporteat—cum

1983 3798 2198 3849 rubore.
2242 3794 2357 3847 Non
2395 3804 2478 3847 est
2520 3794 2647 3863 ergo
2680 3792 2966 3859 perieulmii
2999 3806 3464 3865 quantumcunque
3494 3811 3546 3852 te

1984 3867 2248 3929 liumilies,
2273 3875 2734 3931 quantumciiiique
2754 3875 2968 3934 reputes
2987 3863 3241 3917 minorem
3267 3863 3422 3933 quam
3446 3868 3541 3934 sis,

1984 3936 2085 3988 huc
2113 3944 2193 3987 est
2237 3950 2393 4001 quam
2434 3944 2483 3985 te
2520 3934 2713 3985 veritas
2752 3932 2962 4003 habeat.
3006 3934 3096 4003 Est
3123 3932 3297 3986 autem
3345 3932 3548 4003 grande

1983 4008 2180 4057 lll.iltiﬂ]
2214 4003 2640 4067 horrendumque
2672 4002 2981 4072 periculum,
3014 4001 3057 4053 si
3084 4003 3164 4055 vel
3199 4001 3403 4057 modice
3429 4009 3545 4072 plus

1984 4090 2110 4128 vero
2142 4085 2189 4125 te
2217 4074 2461 4134 exrollas,
2484 4072 2526 4124 si
2550 4073 2630 4124 vel
2660 4070 2747 4121 ttiii
2770 4069 3009 4122 videlicet
3039 4072 3087 4122 in
3119 4080 3203 4122 tua
3226 4069 3545 4139 cogitatione

1986 4156 2037 4196 te
2086 4145 2352 4211 prtel'eras,
2386 4157 2539 4209 quem
2582 4140 2715 4192 forte
2745 4154 2937 4211 parent
2966 4139 3063 4211 tibi,
3105 4143 3297 4193 veritas
3320 4143 3544 4209 jtidicat,

1984 4208 2273 4265 atit'etiani
2320 4208 2670 4277 superiorem.
2704 4208 3160 4279 Quemadmodum
3192 4208 3331 4263 enini
3374 4213 3419 4263 si
3455 4228 3546 4279 per

1984 4286 2175 4335 ostium
2211 4290 2473 4345 transeas,
2527 4281 2676 4347 cujus
2714 4278 3115 4344 Stiperlini‘nare
3146 4280 3226 4349 (ut
3256 4280 3318 4333 ad
3354 4278 3549 4334 intelli-

1984 4353 2215 4421 gentiam
2248 4352 2453 4419 loquar)
2477 4352 2694 4401 nimium
2723 4349 2931 4400 basstim
2957 4349 3045 4410 sit,
3078 4365 3180 4400 non
3207 4363 3352 4403 ll01'el
3383 4358 3550 4419 quan-

1988 4434 2306 4487 ttmirttnque
2339 4432 2388 4473 te
2418 4421 2754 4472 inclinaveris
2775 4435 2788 4479 ;
2813 4426 2968 4469 nocet
2993 4428 3166 4470 autem
3194 4420 3235 4471 si
3270 4424 3347 4474 vel
3377 4432 3551 4475 trans-

1988 4493 2125 4545 versi
2175 4492 2323 4559 digiti
2369 4492 2540 4556 spatiti
2573 4490 2846 4557 plusquam
2888 4488 3008 4559 ostii
3060 4504 3122 4557 pa
3153 4492 3255 4542 itur
3298 4506 3549 4545 mensura

1988 4556 2255 4624 erexetis,
2280 4564 2349 4612 ita
2378 4572 2435 4613 ut
2464 4556 2743 4628 impingas,
2779 4568 2831 4611 et
2853 4556 3021 4623 capite
3052 4574 3209 4625 quass
3249 4572 3298 4611 to
3330 4563 3551 4614 erllida-

1990 4633 2099 4694 ris;
2132 4632 2208 4683 sic
2240 4635 2288 4682 iti
2322 4631 2499 4682 anima
2528 4645 2629 4682 non
2661 4640 2739 4681 est
2769 4629 2922 4694 plane
2965 4628 3191 4680 timenda
3224 4633 3555 4696 quantalibet

1993 4700 2315 4763 liuniiuatio;
2352 4700 2610 4751 horrenda
2635 4708 2808 4750 autem
2858 4698 3181 4766 nimiumque
3211 4702 3442 4766 pavenda
3467 4705 3549 4753 vei

1994 4772 2206 4825 minima
2242 4779 2437 4821 temere
2461 4777 2776 4836 pra-sumpta
2820 4771 3033 4820 creetio.
3068 4772 3418 4832 Quamobrem
3444 4774 3552 4823 noli

1997 4852 2066 4903 te,
2092 4842 2269 4903 homo,
2296 4837 2930 4905 comparareniajoribus,
2964 4840 3066 4891 noli
3100 4840 3411 4901 minoribus,
3444 4841 3551 4893 noli

1997 4912 2282 4977 aliquibus,
2317 4910 2423 4960 nuli
2457 4910 2564 4960 uni.
2595 4908 2727 4973 Quid
2758 4910 2861 4959 scis
2888 4911 3051 4968 enim,
3084 4928 3115 4961 υ
3146 4912 3324 4968 homo,
3351 4913 3391 4961 si
3419 4926 3554 4962 unus

2000 4983 2111 5041 ille,
2137 4993 2293 5046 quem
2337 4979 2469 5030 forte
2496 4980 2732 5030 omnium
2779 4978 3091 5032 viliSSimum
3122 4989 3281 5047 atque
3320 4978 3557 5032 miserri-

2000 5066 2142 5104 mum
2173 5057 2403 5114 reputas,
2436 5048 2587 5115 cujus
2634 5050 2792 5099 vitam
2825 5049 3288 5103 sceleratissimam
3335 5063 3396 5102 ac
3447 5053 3559 5102 siu-

1999 5121 2252 5188 gttlariter
2279 5117 2618 5170 ΐιινιιιεεὶιιιτιιιι
2644 5118 2848 5178 horres,
2874 5130 2921 5171 el
2945 5128 3215 5186 propterea
3240 5120 3384 5171 illuni
3408 5131 3560 5186 putas

2001 5188 2376 5255 spernendum,
2413 5204 2515 5239 non
2549 5187 2704 5239 modo
2732 5203 2838 5253 pra:
2864 5200 2913 5241 te
2938 5188 3025 5257 qui
3068 5189 3201 5242 forte
3220 5189 3328 5257 jam
3359 5189 3556 5249 sobrie,

1954 5308 1957 5309 ,
1994 5272 2054 5314 et
2077 5261 2240 5326 juste,
2267 5267 2320 5308 et
2352 5258 2433 5324 pie
2456 5263 2631 5309 vivere
2665 5266 2713 5309 te
2744 5259 2997 5323 conﬁdis;
3026 5258 3117 5310 sed
3141 5270 3300 5312 etiam
3328 5272 3435 5324 pra:
3459 5272 3561 5308 oti--

2009 5342 2132 5381 terts
2171 5327 2416 5378 omnibus
2467 5327 2741 5380 sceleratis
2773 5337 3017 5397 tanquam
3062 5331 3297 5379 omnium
3331 5328 3559 5378 scelera-

2002 5401 2259 5452 tissimum
2294 5411 2309 5459 ;
2341 5400 2463 5463 quid
2489 5398 2614 5459 scis,
2648 5400 2883 5464 inquam,
2920 5414 2963 5451 Sl
3007 5401 3192 5450 melior
3220 5398 3323 5448 illis
3353 5407 3403 5447 et
3437 5406 3485 5447 te
3508 5408 3563 5448 et

2005 5471 2107 5521 illis
2132 5468 2424 5519 mutatione
2454 5468 2683 5520 dextera:
2708 5469 2912 5522 Excelsi
2946 5485 2993 5519 in
3024 5482 3079 5519 se
3115 5468 3325 5534 quidem
3357 5468 3563 5517 l’nturus

2004 5541 2102 5600 sit,
2137 5542 2187 5590 in
2216 5539 2320 5590 Deo
2363 5552 2488 5591 vero
2521 5536 2630 5604 jam
2655 5537 2759 5589 sit?
2809 5538 2873 5591 Et
2905 5548 3179 5606 propterea
3231 5551 3331 5606 non
3362 5536 3562 5587 medio-

2006 5622 2172 5673 crem,
2209 5623 2312 5660 non
2350 5609 2432 5659 vel
2465 5609 2830 5674 penultiniutii,
2878 5604 2978 5660 non
3011 5608 3177 5672 ipsum
3211 5604 3397 5656 saltem
3431 5606 3565 5656 inter

2010 5680 2325 5731 novissimos
2353 5678 2549 5746 eligere
2580 5678 2750 5730 locum
2798 5693 2890 5728 nos
2939 5677 3130 5738 veluit;
3173 5674 3273 5746 sed
3317 5677 3563 5727 recumlie

2012 5748 2176 5815 i.iquit
2208 5749 2259 5801 in
2291 5745 2580 5802 noriSsimo
2619 5748 2755 5813 lecti,
2790 5758 2841 5799 ut
2874 5747 3015 5800 solus
3046 5745 3291 5798 videlicet
3330 5746 3564 5800 omnium
