4074 6356
560 365 659 421 εςθ

1916 358 1969 414 S.
2012 359 2068 413 P.
2107 357 2458 415 BENEDICTI

3712 368 3822 423 ωο

564 478 882 531 novissimus
907 475 1114 540 sedeas,
1150 484 1303 541 teque
1332 475 1523 529 nemini
1550 488 1651 527 non
1684 472 1803 526 dico
1837 487 2137 541 imponas,
2172 478 2212 533 Α
2244 482 2339 546 est
2381 488 2558 546 rerum
2606 476 2845 530 umbram
2892 489 3069 546 sequi,
3103 477 3243 533 aliud
3281 478 3581 534 veritatem.
3645 478 3820 535 Multo

564 551 652 602 sed
680 562 773 600 nec
796 561 1107 608 comparare
1142 562 1446 611 przcsumas.
1493 564 1509 595 ι

636 619 767 670 Tres
814 616 945 669 alias
997 618 1231 669 rationes
1283 616 1426 668 addit
1477 615 1789 668 Benedictus
1842 614 2131 666 llaeltenus

558 686 703 756 (Lib.
734 703 803 749 vn,
837 695 985 738 tract.
1014 685 1065 750 6,
1100 686 1231 756 disq.
1263 686 1341 754 5),
1382 686 1451 756 oh
1489 702 1621 753 quas
1652 685 1733 737 vel
1782 684 2134 756 sceleratissi-

568 754 667 810 tnis
700 771 795 809 nos
825 756 1097 808 inferiores
1122 755 1357 821 judicare
1387 755 1667 819 debemus,
1700 770 1765 808 ex
1798 756 1987 821 quibus
2020 754 2131 817 pri-

572 844 655 879 ma
707 828 963 890 repetitur
1012 841 1073 876 ex
1123 827 1306 893 gratiis
1334 836 1386 878 et
1420 826 1690 878 beneliciis
1721 826 1872 878 nobis
1899 824 2127 889 collatis,

570 899 757 960 quibus
779 897 819 947 si
847 896 1214 949 altcrdonatus
1230 894 1433 959 fuisset,
1452 895 1603 963 longe
1619 896 1774 965 231
1793 896 2027 965 sanctior
2040 908 2134 946 no-

572 969 653 1021 bis
677 968 963 1027 evasisset;
990 981 1084 1017 nos
1120 980 1248 1017 vero
1276 966 1365 1017 illo
1388 966 1554 1017 multo
1585 980 1811 1031 pejores,
1844 965 1886 1017 si
1921 964 2128 1028 iisdem,

570 1039 763 1103 quibus
808 1036 894 1088 ille
929 1034 1107 1086 al’llicti
1142 1034 1425 1088 fuissemus
1458 1034 1853 1088 tentationibus.
1887 1034 2131 1089 Secunda

571 1123 639 1159 ex
673 1105 1097 1159 consideratione
1125 1119 1454 1158 summorum
1486 1112 1648 1173 atque
1676 1105 1871 1157 virtute
1898 1103 2135 1157 clarissi-

573 1192 777 1229 morum
809 1178 1042 1227 virorum
1080 1190 1090 1224 :
1127 1174 1171 1226 si
1204 1174 1369 1237 enim,
1397 1177 1645 1243 sepositis
1678 1174 1936 1227 malorum
1969 1174 2131 1239 vitiis,

572 1247 798 1314 insignes
828 1244 1194 1297 tantummodo
1227 1244 1483 1297 bonorum
1512 1246 1735 1297 virtutes
1770 1244 2129 1306 attendamus,

607 1326 762 1369 uanto
787 1332 878 1367 nos
907 1315 1122 1383 pietatis
1135 1323 1387 1380 superant
1410 1314 1706 1373 intervallo,
1733 1323 1961 1382 quotque
1981 1314 2133 1367 nobis

607 1332 762 1369 nanto
787 1332 878 1367 nos
907 1332 1387 1383 pietattssuperant
1410 1332 1706 1373 intervallo,
1733 1332 1961 1382 quosque
1981 1332 2133 1367 nouis

568 1332 739 1439 desint
769 1386 1012 1447 virtutes,
1037 1384 1146 1451 jam
1173 1400 1275 1436 non
1304 1385 1416 1437 ausi
1446 1384 1628 1437 oculos
1658 1384 1856 1446 levare,
1886 1384 2133 1436 omnibus

570 1472 664 1508 nos
716 1454 996 1507 inferiores
1039 1454 1193 1506 l'acile
1228 1452 1606 1521 judicabimus.
1644 1455 1750 1507 llac
1794 1453 2131 1521 potissimum

568 1527 771 1577 ratione
826 1524 1015 1577 Petrus
1062 1522 1395 1577 Venerabilis
1424 1523 1717 1577 Gilbertum
1762 1526 2035 1577 eremitam
2066 1522 2134 1576 ad

570 1596 918 1648 humilitatem
947 1594 1187 1645 hortatur
1217 1594 1267 1645 in
1300 1593 1335 1647 Ι.
1368 1609 1401 1653 ι,
1427 1595 1583 1661 epist.
1614 1594 1702 1649 20.
1728 1594 1904 1647 Tertia
1930 1608 1993 1647 ex
2013 1592 2137 1646 red-

567 1662 735 1717 danda
767 1680 862 1732 pro
890 1663 1123 1731 acceptis
1154 1663 1426 1717 beneliciis
1453 1663 1657 1716 ratione
1684 1680 1694 1713 :
1722 1663 1846 1716 dum
1869 1665 2011 1716 enim
2038 1678 2135 1714 au-

567 1745 757 1803 gentur
803 1734 965 1795 dona,
999 1734 1231 1785 rationes
1270 1736 1427 1785 etiam
1459 1742 1707 1786 crescunt
1749 1733 2033 1787 donorum.
2078 1735 2131 1786 Si

567 1820 695 1871 ergo
721 1805 1119 1857 consideremus
1147 1813 1340 1870 quanta
1386 1817 1478 1870 pro
1516 1804 1749 1868 acceptis
1774 1817 1802 1855 a
1839 1803 1944 1854 Deo
1970 1804 2133 1857 bene-

2245 543 2536 617 tieformior
2562 557 2645 617 est
2673 548 2939 613 superbia,
2969 543 3084 615 qua:
3134 550 3233 601 sub
3271 551 3593 617 quibusdam
3637 549 3819 603 humi-

2242 612 2402 665 litatis
2434 615 2611 687 _signis
2659 612 2815 679 latet;
2872 612 3050 671 nescio
3081 620 3225 671 enim
3274 612 3541 687 quomodo
3573 626 3814 687 turpiora

2238 691 2364 756 sunt
2396 685 2520 756 vitia
2548 724 2561 749 ,
2618 702 2736 738 cum
2775 694 3025 756 v;rtutum
3080 688 3257 756 Specie
3293 685 3566 743 celantur.
3602 707 3619 739 ι
3665 685 3817 744 για.

2237 752 2295 806 S.
2332 752 2549 806 Doroth.
2581 756 2879 809 doctrinam
2911 755 2965 808 2.

2236 821 2605 945 ἄεηθιιᾶηέιιὶαηε
2630 823 2727 895 se.]
2752 827 2865 881 Non
2894 827 3065 881 solum
3089 827 3289 897 lingua,
3314 826 3409 882 sed
3440 828 3664 896 insuper
3689 841 3818 883 cor-

2277 910 2288 944 l
2421 911 2448 945 t2
2509 910 2559 945 υ.

2277 906 2319 944 ts
2350 904 2559 947 alieclu.

2310 960 2374 1013 Et
2404 964 2575 1037 dicens
2598 981 2710 1017 cum
2748 968 2992 1035 prapheta
3019 980 3038 1016 :
3070 964 3181 1033 Ego
3221 975 3390 1037 autem
3418 983 3531 1020 sum
3579 967 3816 1037 vermis.]

2236 1030 2387 1086 Sicut
2405 1034 2547 1087 enim
2565 1030 2811 1089 omnibus
2827 1030 2983 1090 vilior
2997 1030 3317 1095 animalibus
3343 1040 3561 1097 vermis,
3582 1030 3818 1093 nascens

2236 1116 2299 1155 ex
2326 1103 2625 1175 putredine.
2658 1114 2713 1161 et
2736 1108 2789 1159 in
2814 1108 3116 1174 putredine,
3146 1108 3265 1160 sine
3287 1107 3512 1175 strepitu
3540 1109 3811 1175 graditur,

2235 1181 2290 1241 et
2320 1172 2681 1241 vilipenditur,
2711 1184 2765 1228 et
2794 1172 3171 1238 conculcatur;
3204 1177 3281 1229 sic
3319 1172 3417 1240 ego
3457 1172 3698 1229 omnium
3732 1178 3816 1230 vi-

2235 1240 2493 1315 lissimus,
2524 1259 2591 1297 ex
2629 1240 2849 1315 peccato
2877 1257 2927 1301 et
2954 1248 3003 1300 in
3034 1255 3253 1312 peccato
3278 1256 3455 1306 natus,
3487 1262 3552 1300 ex
3588 1257 3817 1314 peccato

2236 1311 2367 1382 etin
2396 1311 2849 1382 peccato'vivens,
2889 1317 2957 1370 ab
2992 1311 3239 1370 omnibus
3274 1318 3547 1369 contemni
3589 1311 3647 1371 et
3676 1332 3814 1371 con-

2236 1380 2435 1436 culcari
2464 1383 2735 1439 desidero.

2306 1450 2377 1525 Et
2406 1468 2509 1505 non
2538 1453 2736 1525 homo.]
2785 1454 2914 1520 Quis
2935 1453 3077 1507 enim
3128 1454 3398 1507 hominem
3434 1454 3627 1509 dixerit
3656 1471 3808 1519 eum,

2235 1522 2325 1582 qui
2357 1532 2434 1575 tot
2460 1537 2518 1575 se
2546 1522 2781 1589 peccatis
2808 1525 3205 1579 commaculans
3231 1526 3438 1579 ratione
3469 1540 3529 1578 se
3563 1529 3808 1581 caruisse

2234 1589 2569 1645 demonstrat
2591 1594 2614 1646 ?

2308 1661 2648 1731 Opprobrium
2684 1661 2989 1732 hominttm.]
3022 1662 3213 1729 Utpole
3254 1672 3399 1717 totus
3425 1678 3491 1718 ex
3553 1675 3807 1732 peccato,

2237 1738 2378 1785 totus
2408 1735 2459 1784 in
2491 1744 2708 1799 peccato
2758 1732 2845 1785 Vel
2874 1734 3215 1799 opnrobrium
3271 1735 3568 1797 hominum,
3625 1737 3677 1788 id
3718 1750 3809 1789 83‘

2236 1803 2361 1867 quia
2384 1802 2579 1856 vermis
2599 1818 2715 1856 sum
2736 1812 2788 1856 et
2814 1816 2918 1853 non
2951 1803 3130 1861 homo.
3155 1804 3499 1870 approbrium
3526 1806 3809 1859 hominum

570 1850 1802 1941 Ji'iiu'aﬁ'iviiici
1832 1850 2031 1926 reve:av
2050 1888 2130 1925 re-
2170 1850 2209 1908 Β
2240 1850 2361 1923 ἔδεε
2409 1872 2699 1941 cupioLet
2747 1871 2978 1937 abjectio
3007 1850 3383 1936 plebis,r;icttti
3424 1874 3481 1926 S.
3523 1850 3808 1937 Arseniiis:

569 1938 877 2011 pendamus,
912 1944 1177 2011 quomodo
1223 1958 1317 1996 nos
1340 1943 1422 1998 vel
1458 1938 1695 1996 omnium
1746 1942 1993 1995 minimos
2024 1957 2127 1996 non

563 2013 1027 2067 existimabimus?

637 2083 730 2135 llis
748 2084 814 2136 de
840 2086 937 2135 hoc
967 2082 1191 2149 septimo
1223 2081 1539 2136 humilitatis
1564 2080 1731 2150 gradu
1762 2080 1895 2134 satis
1915 2079 2135 2150 prolixe

562 2155 825 2228 tractatis,
862 2153 1075 2228 atlalios
1097 2153 1291 2220 gradus
1316 2154 1536 2228 gradum
1560 2149 1864 2204 accelerare
1893 2149 2132 2228 deceret,

569 2224 620 2275 ni
650 2223 867 2289 gradum
894 2222 977 2275 hic
1006 2223 1196 2275 sistcie
1227 2224 1477 2274 nonnulla
1521 2229 1797 2289 cogerent,
1828 2234 1947 2286 qute
1985 2222 2129 2289 circa

567 2294 624 2347 S.
655 2288 871 2360 Regula)
900 2302 1099 2345 textum
1125 2300 1409 2357 supersunt
1435 2289 1811 2357 expendenda.
1839 2288 2127 2360 Nouenith

565 2364 720 2429 simpl
741 2358 880 2416 'citcr
903 2362 1050 2422 dicit,
1083 2371 1137 2412 ut
1165 2376 1218 2411 se
1247 2361 1479 2411 omnibus
1516 2360 1809 2427 inferiorem
1836 2367 1883 2429 et
1908 2358 2131 2429 viliorem

573 2427 897 2498 pronuntiet;
936 2432 1028 2483 sed
1052 2439 1109 2481 ut
1157 2429 1204 2480 id
1246 2430 1459 2495 insuper
1484 2428 1555 2481 ita
1597 2442 1718 2480 esse
1747 2427 1967 2487 credat;
1997 2427 2129 2498 quia

567 2495 762 2552 inultos
793 2500 974 2553 videas
1025 2499 1112 2562 qui
1160 2511 1220 2550 se
1250 2501 1484 2549 Otttllium
1537 2506 1840 2565 peccatores
1870 2495 2131 2549 maximos

568 2569 877 2634 pradicant,
923 2567 988 2619 ad
1034 2567 1296 2619 infernum
1328 2582 1493 2635 usque
1524 2567 1868 2632 deprimunt;
1901 2580 2035 2632 quos
2078 2567 2125 2619 si

568 2643 645 2689 vel
672 2638 888 2690 minimo
918 2638 1041 2705 tetig
1079 2638 1150 2689 ris
1180 2636 1362 2699 verbo,
1398 2637 1846 2690 excandescentes
1881 2636 2125 2702 injuriam

562 2709 665 2759 sibi
693 2707 1247 2773 liet‘iconqueruntnr;
1272 2721 1403 2773 quos
1431 2722 1532 2759 non
1564 2716 1668 2759 tam
1700 2706 1946 2764 humiles.
1969 2721 2125 2775 quam

559 2775 877 2829 humilitatis
909 2776 1079 2828 larvas
1110 2776 1330 2829 dixeris.
1365 2776 1509 2829 'l‘alis
1538 2785 1653 2829 erat
1705 2775 1997 2829 monachus
2035 2776 2126 2831 ille

564 2849 699 2913 apud
742 2848 1051 2899 Cassianum
1098 2845 1311 2913 (Co/lat.
1347 2847 1431 2907 18,
1465 2862 1578 2912 cap.
1636 2847 1746 2913 ll),
1782 2846 1871 2914 qui
1904 2860 2022 2898 cum
2067 2861 2124 2901 se

566 2916 846 2982 plurimum
884 2916 1063 2969 verbis
1088 2917 1458 2983 depressisset,
1489 2918 1558 2969 ita
1582 2924 1637 2968 ut
1666 2929 1763 2970 nec
1785 2931 2119 2969 communem

561 2988 766 3054 spirare
815 3000 991 3040 aerem
1025 2986 1239 3052 dignum
1294 3001 1352 3039 se
1399 2986 1690 3048 clamaret;
1740 2986 2043 3039 admonitus
2090 3003 2119 3041 a

563 3055 853 3123 Serapione
884 3071 950 3109 ne
976 3064 1257 3123 vagaretur
1278 3056 1503 3119 otiosus,
1548 3056 1641 3110 sed
1689 3057 1742 3108 in
1789 3056 1919 3110 cella
1945 3057 2120 3110 consi-

563 3134 744 3187 steret,
776 3125 915 3180 ferre
946 3126 1081 3178 haud
1108 3126 1296 3193 potuit,
1330 3140 1426 3179 nec
1468 3125 1806 3179 dissimulare
1848 3126 2113 3179 dolorem.

2240 1953 2396 2007 quem
2427 1954 2546 1993 cum
2579 1940 2906 2007 Theophilus
2927 1942 3211 2011 episcopus
3239 1957 3341 1995 una
3366 1958 3486 1995 cum
3512 1944 3693 2011 judice
3718 1948 3809 1998 in-

2240 2018 2580 2075 teriogasset,
2598 2024 2901 2080 sermonem
2923 2010 2991 2080 ab
3010 2027 3074 2064 eo
3096 2013 3279 2065 audire
3308 2015 3527 2079 cupiens
3548 2056 3563 2078 ,
3598 2016 3806 2080 paulis-

2238 2091 2332 2145 per
2354 2081 2540 2141 tacuit;
2574 2079 2789 2150 deinde,
2812 2080 2858 2132 si
2880 2079 3093 2150 dixero,
3127 2081 3261 2142 iullt,
3286 2084 3638 2137 custodietis?
3661 2085 3808 2150 quod

2235 2160 2354 2219 cum
2384 2146 2835 2219 spopondissem:
2873 2147 3187 2219 Ubicunque,
3238 2153 3334 2210 ait.
3388 2155 3603 2206 audietis
3652 2146 3809 2209 Arse-

2236 2216 2395 2286 niuin,
2428 2218 2581 2269 nolite
2606 2219 3035 2286 apprapinquare.

2306 2284 2575 2356 Emttntus
2596 2284 2753 2356 suun]
2787 2289 3003 2341 Scilicet
3028 2290 3078 2341 in
3110 2289 3307 2342 szeeulo
3378 2290 3468 2345 tibi
3506 2290 3806 2348 honoratos

2234 2354 2363 2417 vixi,
2390 2357 2461 2408 uti
2493 2354 2767 2423 exponunt
2824 2358 3159 2411 Ilildemarus
3189 2369 3242 2412 et
3285 2359 3585 2415 Bernardus
3625 2361 3807 2417 Cassi-

2233 2426 2433 2500 nensis.
2469 2425 2582 2490 Vel,
2622 2438 2686 2500 ut
2706 2426 3163 2500 dicitlticbardns
3189 2429 3256 2482 de
3278 2430 3335 2483 S.
3362 2431 3593 2500 Angelo,
3629 2432 3806 2485 Exal-

2234 2501 2370 2574 tatus
2403 2495 2455 2575 in
2485 2498 2753 2563 superbia:
2785 2496 2860 2551 vel
2880 2499 2933 2550 in
2955 2498 3209 2565 baptismo
3236 2495 3806 2569 recepta'peccatorum

2231 2579 2545 2617 remissione.

2302 2632 2367 2685 Et
2390 2636 2689 2712 humiliatus
2716 2646 2763 2689 et
2795 2636 3083 2712 confusum]
3104 2636 3327 2712 Cognita
3357 2639 3562 2712 vilitate
3584 2647 3805 2712 prppria

2229 2711 2283 2756 et
2308 2706 2558 2774 peccatis.
2588 2722 2705 2773 qua:
2733 2716 2914 2774 postea
2945 2706 3107 2761 miser
3135 2706 3402 2764 commisi.

2352 2782 2368 2824 t
2406 2778 2525 2827 item
2550 2776 2733 2845 bonum
2757 2778 2878 2830 mihi
2897 2780 3018 2845 quia
3063 2780 3348 2833 ltumiliastt
3375 2796 3474 2842 me,
3521 2789 3577 2833 ut
3608 2782 3808 2835 discam

2227 2844 2470 2917 mandata
2502 2843 2635 2914 tua.]
2679 2846 2782 2900 Sed
2814 2843 2937 2903 licet
2970 2850 3281 2901 hnmdiatns
3302 2852 3600 2904 contundar
3628 2893 3644 2913 ,
3673 2870 3803 2917 gra-

2228 2914 2329 2990 t_i_a_s_
2351 2916 2443 2990 tibi
2469 2925 2669 2990 tamen,
2691 2930 2723 2969 ο
2751 2918 2885 2971 bone
2912 2919 3061 2990 Jesu,
3087 2920 3207 2986 quia
3237 2934 3355 2972 cum
3384 2914 3804 2990 mehumiliasti,

2225 2982 2384 3038 didici
2414 2986 2660 3039 mandata
2689 2994 2799 3055 tua,
2827 3003 2945 3055 qua:
2971 2982 3298 3044 olim'elatus
3323 2994 3668 3059 spernebam.

2599 3094 2675 3149 De
2705 3107 2878 3150 octavo
2904 3092 3206 3152 humilitatis
3229 3100 3410 3168 gradu.

563 3185 903 3271 Notat'po‘rro
935 3196 990 3249 S.
1028 3185 1329 3271 Bernartius
1358 3196 1550 3271 (Serm.
1588 3196 1673 3271 t6,
1701 3196 1755 3247 in
1777 3194 1952 3271 Cant.)
1986 3197 2118 3271 alios

2266 3256 2276 3271 Ι
2300 3185 2517 3268 Octavus
2547 3188 2847 3271 humilitatis
2872 3191 3063 3271 gradus
3088 3201 3181 3253 est,
3212 3192 3260 3271 si
3278 3191 3597 3271 nihiiagat“
3617 3210 3800 3271 mona-

563 3280 703 3332 esse,
735 3268 818 3334 qui
842 3266 1104 3333 jactanter
1135 3277 1189 3318 et
1219 3265 1558 3332 impudenter
1582 3268 1713 3317 vitia
1758 3276 1811 3317 et
1845 3265 2121 3319 malefacta

562 3339 908 3398 conlitentur;
940 3335 1075 3388 alios
1114 3337 1200 3401 qui
1249 3336 1432 3388 dolose
1460 3344 1513 3388 et
1541 3335 1689 3402 quasi
1724 3335 2032 3400 ptenitendo
2060 3350 2123 3389 ea

562 3415 1020 3468 commemonant;
1071 3405 1165 3457 sed
1211 3404 1429 3473 gloriam
1467 3404 1763 3458 intentione
1812 3416 2119 3474 captantes;

562 3477 696 3528 alios
727 3476 954 3542 denique
1005 3477 1092 3541 qui
1127 3489 1229 3527 non
1282 3476 1404 3540 quia
1444 3483 1570 3528 sunt
1615 3474 1876 3539 humiles,
1924 3475 2017 3528 sed
2069 3486 2125 3529 nt

565 3546 788 3598 humiles
815 3553 1100 3610 appareant
1142 3558 1236 3596 sua
1259 3545 1375 3597 aliis
1414 3554 1626 3611 peCCata
1656 3545 1947 3610 declarant,
1991 3560 2124 3601 auos

562 3628 745 3667 omnes
768 3614 825 3667 S.
851 3614 1038 3666 doctor
1063 3614 1312 3680 reprobat
1340 3624 1393 3667 et
1418 3615 1651 3666 damnat.

635 3684 899 3737 Deinch.
921 3684 976 3735 P.
995 3682 1311 3735 Benedictus
1329 3699 1429 3737 non
1450 3686 1620 3737 solum
1638 3683 1791 3745 dixit,
1818 3692 1870 3736 ut
1890 3684 2122 3739 omnibus

561 3752 852 3820 inferiorem
893 3762 938 3805 et
968 3752 1194 3805 viliorem
1240 3769 1293 3805 se
1315 3756 1501 3815 credat,
1532 3755 1625 3807 sed
1666 3755 1868 3817 intimo,
1928 3756 2118 3819 inquit,

558 3825 725 3874 cordis
755 3824 923 3876 credat
953 3822 1160 3889 a/fect‘u.
1195 3823 1294 3877 hoc.
1321 3834 1402 3877 est
1431 3826 1587 3876 talem
1617 3840 1675 3877 se
1704 3824 1829 3876 foris
1848 3826 2118 3887 exhibeat,

556 3893 766 3959 qualem
798 3909 855 3946 se
884 3895 1023 3945 intus
1051 3893 1321 3947 existimat
1345 3935 1358 3954 ,
1390 3894 1546 3947 talem
1580 3908 1638 3946 se
1666 3894 1732 3945 ab
1762 3895 1877 3945 aliis
1908 3896 2117 3949 tiactari

555 3964 802 4030 gaudeat,
834 3962 1042 4031 qualem
1068 3963 1180 4030 ipse
1198 3977 1255 4015 se
1276 3966 1554 4030 praedicat:
1581 3964 1693 4015 h.ec
1719 3966 1861 4014 enim
1895 3973 1971 4016 est
1996 3980 2119 4017 vera

554 4033 732 4085 cordis
762 4035 1051 4095 humilitas,
1082 4047 1237 4100 quam
1269 4033 1403 4085 adeo
1430 4033 1822 4086 commendavit
1852 4033 2121 4097 Canstns,

552 4116 673 4154 com
721 4103 895 4155 dixit:
943 4101 1188 4155 Discitea
1220 4119 1294 4154 me
1320 4103 1437 4168 quia
1483 4104 1617 4155 utilis
1668 4118 1782 4154 sum
1823 4112 1868 4154 et
1914 4104 2123 4157 humilis

540 4173 901 4225 Δεονιιελὶονάε
922 4172 1054 4225 dixit
1078 4188 1093 4233 ;
1124 4188 1226 4224 non
1252 4174 1413 4226 verbo
1441 4182 1531 4225 aut
1553 4175 1759 4238 lingua;
1786 4174 1936 4224 corde
1962 4174 2117 4239 dixit,

554 4258 657 4294 non
696 4244 898 4309 judicio
924 4254 1013 4295 aut
1051 4244 1381 4309 cognitione;
1415 4243 1567 4295 corde
1596 4242 1751 4302 dixit,
1786 4244 1956 4309 qualis
2004 4245 2120 4311 ipse

554 4314 790 4375 luit,cui.
812 4324 867 4366 ut
891 4315 1121 4379 loquitur
1134 4314 1190 4365 ὃ.
1214 4312 1719 4383 Bertiardus(Serm.
1738 4312 1826 4375 4'2,
1852 4313 1901 4363 in
1920 4311 2120 4383 Cmtt.),
2146 4338 2157 4347 -

553 4382 744 4447 placuit
778 4384 1037 4434 minimum
1063 4382 1311 4449 reputari,
1340 4382 1427 4449 qui
1467 4397 1518 4433 se
1548 4398 1799 4433 summum
1838 4398 1937 4433 non
1970 4383 2121 4450 igno-

552 4452 716 4503 rabat.
745 4453 806 4504 Et
829 4467 957 4504 sane
980 4450 1105 4519 quid
1128 4454 1341 4519 prodest
1361 4466 1419 4503 se
1444 4461 1775 4517 peccatorctn
1794 4452 2119 4517 prstadicare?

551 4521 677 4583 quid
722 4522 970 4575 omnibus
1002 4518 1318 4573 inferiorem
1374 4530 1427 4572 et
1478 4521 1713 4573 viliorem
1754 4537 1811 4574 se
1860 4521 2117 4576 credere?

551 4588 731 4644 Talem
762 4601 813 4644 et
846 4591 943 4658 ipsi
968 4591 1239 4643 dmmones
1270 4589 1468 4644 habere
1491 4601 1709 4657 possunt
1738 4592 2112 4655 humilitatem,

552 4675 709 4726 quam
743 4662 851 4729 ipsa
884 4660 1050 4715 nostri
1082 4660 1314 4728 cognitio
1346 4662 1601 4727 exigit,et
1625 4660 1821 4713 habere
1849 4676 1941 4714 nos
1974 4664 2115 4727 cogit

552 4730 770 4794 veritas,
806 4732 1155 4784 humilitatem
1189 4731 1394 4784 scilicet
1422 4732 1530 4784 oris
1561 4741 1615 4784 et
1660 4731 1781 4784 intel
1808 4742 1978 4793 eclus,
2010 4747 2114 4785 non

550 4797 901 4853 humilitatem
922 4802 1125 4864 cordis;
1149 4802 1498 4853 humilitatem
1528 4802 1785 4864 veritatis,
1810 4818 1912 4853 non
1940 4802 2114 4853 Immi-

550 4871 751 4924 litatetn
803 4870 1018 4926 amoris.
1064 4870 1202 4936 Quid
1253 4873 1448 4938 igitur?
1494 4872 1669 4924 «Vera
1721 4882 1803 4922 est
1845 4871 2115 4923 humilitas

546 4944 725 4994 cordis
755 4940 1049 5004 retinenda,
1081 4941 1250 5009 inquit
1277 4942 1415 5008 apud
1440 4941 1749 4994 Cassianum
1785 4939 1991 5008 (Co'lut.
2028 4942 2109 5005 l8,

546 5025 597 5067 ί,
630 5010 719 5081 il)
747 5014 906 5063 abbas
932 5012 1223 5075 Piamtnun,
1258 5027 1377 5080 qua:
1402 5028 1504 5063 non
1528 5013 1593 5063 de
1615 5012 1853 5063 aliectata
1874 5026 1953 5061 eo.
1973 5011 2115 5075 poris

546 5090 709 5148 atque
736 5082 1043 5145 verborum,
1087 5083 1176 5134 sed
1205 5098 1269 5135 ex
1301 5084 1483 5135 intima
1516 5081 1710 5135 mentis
1752 5081 2116 5134 humiliatone

547 5151 841 5215 descendit,
870 5167 985 5216 qua:
1014 5162 1137 5203 tunc
1164 5152 1374 5204 demum
1405 5150 1821 5205 evidentissitnis
1847 5151 2115 5213 patientia:

547 5220 708 5291 232
722 5236 830 5273 sum
845 5219 1035 5287 fulgebi
1083 5221 1308 5283 indiciis,
1328 5238 1447 5274 cum
1473 5221 1838 5291 quisnonipse
1853 5220 2116 5291 desecri-

546 5289 773 5346 niiinfab
791 5291 906 5363 aliis
934 5304 1036 5342 noo
1059 5291 1616 5363 credendajactaverit
1640 5330 1653 5351 ,
1684 5290 1778 5341 sed
1799 5290 1864 5340 ab
1886 5289 2007 5339 aliis
2029 5300 2113 5363 ar-

547 5371 793 5431 roganter
813 5362 1012 5429 ingeSIa
1043 5370 1096 5413 et
1118 5360 1374 5428 irrogath
1405 5360 1621 5427 injurias
1645 5360 2111 5431 mansnetacordis

544 5429 935 5502 aequanimitate
962 5434 1291 5485 toleraverit.
1314 5449 1332 5481 ι
1366 5432 1591 5502 'l'aletna
1625 5430 1878 5502 (λεῖπε-[ηερ
1911 5429 2110 5502 S._Ilie-

544 5497 798 5571 ronymus‘
855 5502 1200 5568 requirebat,
1254 5515 1374 5553 eum
1437 5500 1641 5551 diceret
1675 5501 1709 5571 _(
1746 5497 1914 5563 Epist.
1970 5497 2107 5571 50):

549 5593 568 5624 s
591 5568 947 5625 Humilitatem
971 5586 1217 5639 sequere,
1240 5584 1475 5635 namque:
1502 5568 1813 5628 ostenditur,
1834 5577 1924 5619 aut
1949 5570 2110 5621 simu-

544 5648 679 5695 lnllll‘
704 5652 851 5707 gestu
875 5646 1136 5705 corporis,
1175 5648 1265 5691 aut
1295 5642 1457 5692 fracta
1489 5653 1618 5692 voce
1659 5640 1977 5696 verborum.
2010 5639 2106 5693 sed

543 5729 660 5783 quze
693 5727 829 5783 puro
850 5710 1042 5783 all'ctu
1072 5711 1246 5783 cordis
1274 5708 1792 5783 expri‘lnitur_:_aliu_d
1840 5716 1922 5761 est
1962 5710 2101 5783 enim

544 5779 787 5837 virtutem
821 5782 1034 5847 habere,
1076 5779 1219 5833 aliud
1253 5779 1461 5834 virtutis
1497 5779 1820 5835 similitudin-
1844 5794 1925 5843 m;
1960 5779 2101 5834 aliud

2228 3256 2370 3332 citus,
2389 3258 2485 3309 nisi
2504 3260 2640 3327 quod
2661 3256 2940 3332 communis
2965 3262 3260 3314 monasterii
3284 3256 3507 3332 rcgulaf]
3538 3262 3632 3316 Hic
3654 3266 3799 3320 locus

2227 3327 2425 3380 multos
2449 3339 2621 3393 potest
2642 3330 2817 3382 sortiri
2849 3345 3057 3383 sensus.
3087 3332 3264 3384 Primo
3286 3327 3427 3386 enim
3461 3327 3799 3389 ll'tldemarus

2226 3397 2501 3450 contendit
2526 3400 2839 3452 vocabulum
2872 3402 3153 3453 communis
3174 3402 3237 3454 ad
3266 3404 3581 3455 vocabulum
3615 3422 3797 3457 mona-

2225 3469 2362 3519 sterii
2388 3467 2515 3521 rel'ei
2533 3468 2610 3533 ri;
2653 3479 2707 3523 et
2752 3485 2814 3524 ex
2849 3469 3116 3524 Bernardu
3162 3470 3467 3526 Cassinensi
3507 3488 3795 3529 commune

2226 3539 2616 3609 monasterium
2641 3550 2722 3593 est
2745 3542 3073 3603 cmnobinsn,
3112 3542 3160 3594 in
3190 3558 3298 3609 qtto
3328 3544 3523 3595 vivitur
3554 3545 3605 3595 in
3642 3562 3793 3599 com-

2227 3608 2370 3659 tnuni
2401 3622 2429 3659 a
2455 3610 2652 3661 multis.
2702 3610 2764 3662 Et
2815 3614 2890 3663 sic
2936 3612 3034 3665 hoc
3063 3608 3224 3665 sensu
3256 3622 3445 3666 octavo
3478 3614 3795 3669 humilitatis

2224 3676 2390 3744 gradu
2414 3678 2571 3747 233
2605 3680 2931 3745 prmcipitur,
2960 3691 3016 3734 ut
3052 3684 3344 3735 monachus
3373 3686 3487 3737 sive
3530 3687 3791 3739 coenobita

2224 3760 2325 3799 suo
2355 3760 2641 3802 contentus
2667 3760 2828 3808 statu.
2866 3762 3065 3805 temere
3097 3767 3200 3805 non
3247 3763 3458 3820 appetat
3492 3759 3788 3809 anachore-

2228 3826 2399 3889 t_arnm
2459 3820 2668 3889 vivendi
2716 3820 3006 3874 rationem:
3048 3839 3066 3870 ι
3095 3821 3370 3889 Superbus
3409 3824 3575 3884 enim.
3636 3834 3693 3878 ut
3721 3828 3791 3879 ait

2223 3885 2671 3961 Cassianusllsib.
2699 3904 2791 3953 xu,
2819 3906 2863 3943 c.
2898 3891 3013 3959 50),
3050 3885 3255 3959 tipsam
3302 3894 3643 3961 disciplinam
3686 3912 3790 3949 caa-

2226 3957 2370 4009 nobii
2420 3960 2796 4022 perhorrescit,
2828 3976 2889 4013 ac
2932 3957 3353 4017 veluti'tratrum
3403 3957 3681 4018 consortio
3724 3969 3790 4019 de

2225 4028 2555 4104 perfectione
2603 4030 2928 4104 retrahatur,
2954 4046 3014 4084 ac.
3041 4033 3109 4104 de
3140 4034 3278 4104 bono
3311 4036 3582 4099 patientia:
3637 4047 3789 4104 atque

2225 4096 2536 4168 humilitatis
2566 4098 2794 4152 aliorum
2828 4104 2955 4154 vitio
2980 4112 3034 4153 et
3063 4096 3445 4168 impedimento
3476 4096 3783 4168 revocet-tr,

2226 4165 2601 4242 habitationem
2629 4171 2881 4242 solitaiite
2903 4172 3051 4242 cella:
3073 4165 3361 4236 desiderat,
3392 4192 3409 4223 ι
3445 4188 3608 4240 quam
3630 4165 3787 4242 supra

2224 4236 2365 4289 vires
2387 4254 2479 4290 sua
2510 4246 2838 4306 presptciens
2869 4240 3107 4306 humilis,
3133 4244 3183 4295 in
3208 4243 3327 4296 altis
3368 4236 3585 4308 quidem
3633 4236 3789 4300 vene-

2222 4315 2393 4378 rat_ur,
2423 4308 2514 4361 sed
2542 4325 2633 4375 pro
2658 4326 2715 4361 se
2737 4320 2989 4376 appetere
3018 4328 3120 4363 non
3151 4314 3446 4378 praesumit.

2294 4376 2568 4455 Secundo,
2600 4379 2819 4455 verbum
2849 4384 3127 4455 c‘onttnunis
3153 4376 3274 4455 cum
3305 4383 3499 4453 regula,
3530 4384 3603 4436 ttti
3632 4386 3785 4453 vulgo

2223 4446 2500 4520 accipitur,
2551 4451 2959 4520 coniungendo;
3011 4461 3064 4504 et
3110 4452 3321 4520 regulus
3359 4446 3684 4509 ctittitnttttes
3724 4446 3785 4507 iu

2222 4516 2488 4589 coenobio,
2524 4532 2642 4584 qua:
2672 4519 2763 4571 toti
2802 4516 3199 4589 congregationi
3244 4536 3635 4588 propenuntur,
3679 4527 3787 4578 dis-

2146 4574 2573 4659 Dtinguendoa
2623 4574 3046 4653 particularihuE,
3096 4608 3214 4656 qnze
3243 4574 3785 4659 quibusilantitantvtit‘n

2222 4656 2434 4730 stripitu
2461 4666 2605 4730 sunt,
2639 4666 2693 4710 ut
2742 4674 2860 4725 cap.
2915 4660 3097 4730 εμπ
3137 4656 3392 4725 ῡεο-ἷηὶδς
3437 4677 3559 4730 cap.
3591 4665 3682 4726 5|,
3719 4667 3785 4717 de

2219 4722 2537 4799 Qellerario;
2593 4722 2847 4799 cap._6_5,
2899 4730 2964 4782 de
2994 4722 3349 4798 'Przeposito;
3381 4722 3521 4799 ’cap;
3575 4722 3681 4797 [ϐξ
3718 4738 3785 4789 de

2219 4792 2453 4847 Ostiario
2470 4812 2487 4867 :7
2504 4792 2695 4850 sensus
2721 4792 2877 4865 hujus
2908 4800 3008 4852 loci
3038 4792 3156 4853 esse
3184 4792 3381 4867 potest,
3415 4792 3481 4854 ιη’
3496 4792 3783 4859 monachus

2222 4866 2597 4919 communibus
2652 4870 2931 4921 adita-rens
2995 4866 3225 4937 regulis,
3280 4872 3687 4938 partionlatibns
3725 4890 3783 4929 se

2222 4947 2327 4985 non
2358 4938 2696 5007 intromittat,
2727 4940 2869 4991 verbi
2898 4949 3063 5005 grata
3090 4950 3145 4993 ut
3176 4942 3410 5007 privatus
3454 4938 3650 5007 aliquis
3679 4945 3773 4997 ira-

2221 5010 2323 5065 ter,
2345 5004 2428 5057 cui
2460 5009 2601 5059 nttlla
2634 5010 2699 5061 ab
2729 5004 2919 5062 abbate
2940 5004 3222 5065 commissa
3253 5021 3336 5065 est
3365 5004 3690 5076 obedientia,
3716 5016 3781 5068 ad

2223 5088 2428 5139 portam
2470 5080 2773 5131 monasterii
2808 5095 2911 5130 non
2960 5089 3142 5148 pergat
3171 5096 3425 5148 responsa
3456 5086 3670 5137 venient
3696 5101 3780 5137 nm

2220 5155 2535 5211 accepturus
2562 5158 2651 5198 aut
2678 5149 3005 5209 redditurus,
3054 5153 3195 5218 quod
3241 5162 3323 5203 est
3366 5152 3602 5215 ostiarii;
3638 5156 3777 5206 utili-

2220 5221 2353 5266 tates
2392 5218 2843 5290 neceSsitatesque
2901 5220 3209 5273 monasterii
3262 5235 3366 5273 nou
3418 5232 3590 5283 curet,
3640 5225 3777 5290 quod

2215 5292 2421 5356 spectat
2449 5287 2513 5337 ad
2544 5289 2921 5351 cellerarinm;
2954 5290 3165 5354 hoSpitii
3198 5290 3334 5343 lecta
3362 5306 3466 5343 non
3497 5287 3777 5356 przrparet.

2215 5363 2343 5431 etc.,
2377 5354 2701 5431 hujusmodi,
2723 5373 2841 5426 qute
2870 5375 2974 5412 non
3007 5360 3151 5413 Ichs
3177 5363 3463 5430 aliquandg
3486 5354 3779 5417 Simultates

2220 5428 2273 5474 in
2292 5428 2638 5495 gmonasteriis
2664 5438 2941 5495 generant.

2289 5493 2487 5570 Tertio,
2517 5497 2561 5549 si
2589 5493 2684 5566 per
2700 5500 2929 5564 regulam
2966 5501 3258 5551 monasterii
3306 5500 3636 5570 intelligatur
3672 5518 3774 5555 non

2214 5563 2490 5637 saliunca,
2524 5563 2641 5634 quae
2660 5582 2689 5619 a
2718 5563 2776 5621 S.
2802 5570 3128 5635 Legislatot-e
3156 5571 3349 5637 scripta
3380 5563 3506 5637 est;
3540 5575 3634 5627 sed
3657 5588 3772 5626 cum

2215 5631 2442 5687 Boltetio
2474 5640 2524 5687 in
2544 5631 2791 5689 secundo
2811 5631 3197 5693 commentario
3222 5631 3771 5702 communestatutum,
3829 5636 3837 5644 ’

2211 5704 2287 5779 sel
2316 5720 2435 5757 usus
2469 5706 2681 5779 cttnobt'i
2711 5709 2912 5779 (habita
2957 5709 3100 5762 enim
3153 5710 3359 5764 ratione
3412 5718 3684 5779 regionum
3715 5730 3773 5764 at:

2208 5775 2489 5844 locorum,
2549 5778 2599 5830 in
2652 5778 2849 5845 quibus
2894 5780 2990 5833 sita
3034 5790 3159 5834 sunt
3213 5775 3554 5849 ttionastt-ria,
3608 5787 3770 5838 multa
