4074 6356
494 363 590 419 ΜΠ

1853 361 1907 418 S.
1950 362 2007 415 P.
2051 354 2403 417 BENEDICTI

3654 365 3760 421 40⁸

494 475 703 528 unicam
735 474 877 530 dedit
931 478 1199 545 linguam,
1244 492 1347 545 quo
1390 490 1595 529 oaeetu.
1644 473 1867 545 intelligi
1899 471 2064 545 dupio
2096 473 2146 532 Δ
2180 471 2374 545 nardus
2406 470 2597 542 (Serm.
2645 470 2715 525 36
2758 471 2812 525 in
2847 472 3055 545 Laut),
3089 490 3193 529 non
3234 491 3361 532 vere
3390 476 3761 534 humiliabitm

496 545 721 615 amplius
746 561 863 599 esse
895 541 1216 601 audiendum
1264 541 1422 615 quam
1476 543 1794 615 loquendum
1824 541 1839 605 ,
1873 541 1945 595 uti
1976 541 2071 595 ob-

498 628 672 668 servat
700 614 754 671 S,
790 618 1014 672 Basilius
1049 618 1104 670 in
1134 618 1222 670 lib.
1256 614 1322 669 de
1354 631 1476 669 vera
1502 614 1707 685 Virgin.

822 727 897 781 De
928 729 1224 781 duodecimo
1250 727 1550 780 humilitatis
1572 728 1751 797 gradu.

577 820 911 872 Duodecimus
940 819 1236 872 humilitatis
1285 819 1478 886 gradus
1528 829 1622 884 est,
1672 820 1716 869 si
1768 834 1867 870 non
1912 835 2077 873 so.qu

503 893 653 943 corde
677 892 948 943 monachus
968 929 981 950 ,
1013 891 1097 943 sed
1128 893 1278 941 etiam
1305 906 1515 956 corpore
1542 889 1882 941 humilitatem
1904 892 2079 941 viden-

504 961 638 1012 tibus
663 977 714 1012 se
734 976 928 1025 semper
943 958 1171 1029 indicet.]
1190 960 1514 1012 llumilitatis
1537 961 1732 1012 scalam
1758 959 2078 1013 duodecimo

506 1030 716 1082 tandem
747 1031 907 1095 gradu
955 1029 1014 1082 S.
1072 1030 1230 1083 Pater
1276 1030 1552 1082 absolvit:
1592 1044 1697 1097 quo
1749 1044 1853 1082 non
1904 1030 2077 1082 solum
2126 1076 2129 1077 ,

505 1102 686 1161 corde,
719 1100 809 1151 sed
834 1114 863 1149 e
891 1101 991 1152 iam
1018 1115 1244 1162 corpore
1275 1101 1626 1153 humilitatem
1656 1098 1875 1152 indicari
1904 1099 2076 1166 jubet.

514 1172 573 1221 l-gt
591 1169 800 1238 quidem
816 1170 965 1221 corde
980 1178 1197 1237 propter
1214 1172 1408 1233 Deum;
1437 1185 1649 1229 corpore
1667 1180 1880 1235 propter
1901 1171 2078 1235 proxi-

508 1255 682 1301 mum,
714 1240 802 1304 qtti
849 1254 910 1293 ex
947 1248 1093 1291 motu
1124 1240 1366 1308 corporis
1408 1238 1684 1301 exteriori,
1720 1239 1787 1293 de
1836 1239 2077 1293 interiori

509 1308 703 1365 animi.
737 1324 894 1375 quem
935 1324 1039 1362 non
1072 1310 1247 1367 videt.
1277 1319 1416 1361 statu
1466 1309 1664 1375 judicat
1704 1310 1827 1361 Imm
1855 1311 1903 1363 le
1926 1325 1955 1359 ιι
1990 1318 2082 1361 aut

508 1382 795 1444 superbum
830 1397 838 1429 :
878 1379 1165 1441 humilem,
1200 1394 1323 1432 cum
1352 1394 1535 1431 omnes
1566 1380 1809 1447 corporis
1840 1389 1989 1431 actus
2015 1378 2079 1431 ad

509 1450 825 1501 modestiam
856 1451 1180 1514 compositos
1210 1449 1585 1516 apprehendt;
1621 1448 1927 1513 superbum,
1960 1464 2082 1500 cum

508 1520 812 1571 inconditus
853 1520 1097 1582 suSpicit.
1148 1519 1277 1571 Vide
1322 1518 1514 1571 Joliani
1548 1519 1774 1570 Pomerii
1809 1518 1898 1570 lib.
1934 1533 1987 1571 Ill
2019 1520 2085 1571 de

509 1588 627 1641 Vita
681 1590 1117 1656 contemplativa,
1172 1604 1290 1656 cap.
1342 1588 1409 1653 8,
1458 1599 1508 1641 et
1559 1586 1799 1641 Cassian.
1854 1589 1943 1641 lib.
1978 1604 2081 1651 xu,

510 1673 628 1712 cit).
656 1659 745 1712 ‘37.

656 1673 690 1710 ἐ
734 1699 745 1711 .

576 1673 652 1782 lli!
678 1673 750 1779 alit
783 1731 833 1781 in
867 1746 1016 1791 apere
1040 1772 1052 1790 .
1100 1731 1151 1782 iu
1194 1728 1448 1790 oratorio,
1492 1725 1621 1798 ctc.]
1654 1728 1957 1780 Distinctius
2002 1727 2087 1782 hic

513 1800 793 1862 exprimit,
827 1801 963 1865 quod
995 1800 1144 1868 qua-i
1173 1801 1463 1866 generatim
1498 1802 1863 1865 praemiserat,
1897 1806 1954 1849 ut
1983 1798 2081 1850 hu-

514 1869 658 1921 tnilit
679 1880 800 1922 .tem
831 1885 896 1921 co
929 1884 1055 1936 pore
1088 1871 1388 1921 videntibus
1416 1882 1475 1921 se
1504 1884 1717 1935 semper
1740 1868 1959 1928 indicet,
1983 1870 2085 1920 sci-

516 1939 633 2011 l'cet
664 1939 714 1990 iu
744 1955 912 2011 opere,
959 1940 1074 2011 sive
1119 1939 1486 2011 humanosive
1517 1938 1727 2011 divino;
1758 1941 1809 1990 in
1839 1939 2083 2011 oratorio,

516 2009 676 2061 etiam
700 2008 1045 2062 extra‘diviui
1075 2023 1287 2062 cursum
1312 2008 1501 2073 ofﬁcii;
1530 2008 1579 2060 in
1604 2009 1926 2071 monasterio,
1956 2019 2085 2071 ctc.,

516 2080 593 2129 vel
624 2079 930 2147 ubicunque,
963 2079 1014 2132 in
1045 2078 1189 2132 omni
1227 2078 1433 2131 scilicet
1465 2080 1615 2141 loco;
1660 2080 1836 2132 sedens
1858 2120 1873 2143 ,
1913 2085 2089 2130 amba-

518 2151 668 2213 lans,
698 2158 863 2210 stans,
914 2151 963 2201 iu
999 2154 1140 2202 omni
1184 2165 1241 2202 se
1265 2151 1385 2201 licet
1425 2149 1664 2215 corporis
1694 2160 1843 2212 actu;
1873 2164 2086 2213 semper,

519 2227 575 2289 et
602 2234 706 2270 non
740 2227 939 2273 tantum
972 2220 1283 2289 aliquando;
1315 2219 1559 2271 inclinato
1584 2235 1675 2270 suo
1700 2221 1881 2289 capite,
1910 2218 2089 2284 άεβιείε

520 2288 573 2339 in
612 2298 797 2340 terram
829 2288 1113 2357 aspectibus
1140 2307 1160 2344 :
1189 2289 1345 2342 ﬁxam
1390 2289 1532 2342 enim
1564 2288 2089 2355 animo'superbtam

520 2358 855 2413 demonstrat
877 2401 889 2419 ,
919 2362 1005 2425 qui
1042 2363 1159 2413 lixis
1192 2360 1241 2412 in
1275 2371 1467 2413 terram
1500 2359 1668 2412 oculis
1694 2359 1940 2412 incedere
1967 2372 2095 2409 con-

522 2429 733 2482 temnit.
786 2429 1005 2483 Terram
1060 2441 1235 2483 autem
1286 2428 1371 2482 hic
1420 2429 1723 2482 Bernardus
1763 2427 2095 2481 Cassinensis

522 2502 750 2566 mystice
779 2500 1026 2566 intelligit
1053 2514 1247 2564 coi‘pus
1284 2509 1549 2563 uostrunt,
1586 2516 1603 2550 ι
1645 2500 1694 2550 in
1725 2513 1850 2565 quo,
1886 2497 2094 2566 inquit,

524 2565 780 2620 debemus
807 2579 860 2622 at
885 2565 1081 2623 enitere
1111 2570 1288 2622 carnis
1317 2568 1612 2634 vilitatem,
1662 2577 1895 2621 nostram
1936 2565 2095 2633 fragi-

525 2635 729 2689 litatem
757 2678 773 2700 ,
816 2648 870 2691 et
923 2639 1172 2706 j-ercatuli
1225 2640 1540 2707 pronitatetu
1571 2657 1582 2691 :
1618 2638 1718 2691 hoc
1748 2646 1832 2692 est
1871 2636 2011 2691 enim
2045 2637 2096 2689 in

526 2714 726 2760 terram
758 2720 1003 2773 aspecuis
1047 2712 1226 2775 figere.
1264 2710 1513 2775 pncdicta
1546 2711 1750 2763 oculata
1784 2707 1888 2761 ﬁde
1925 2708 2099 2760 consi-

527 2775 739 2850 derare.
780 2796 797 2828 ι
846 2779 1093 2832 Nicolaus
1121 2779 1187 2832 de
1221 2780 1494 2850 Fractura
1522 2780 1746 2850 mystice
1789 2778 2099 2850 etAlittera-

528 2844 673 2919 iiler.
704 2848 769 2901 Et
796 2851 1008 2918 quidem
1040 2851 1272 2919 mystice
1300 2844 1592 2903 secundum
1622 2865 1743 2903 eum
1781 2867 1799 2900 ι
1845 2848 2101 2902 debemus

530 2915 587 2968 itt
621 2915 826 2990 terram
858 2915 1109 2988 aspectus
1147 2922 1455 2990 ﬁgere,pro
1484 2935 1548 2973 eo
1576 2921 1716 2988 quod
1747 2921 1814 2973 de
1857 2929 2016 2981 terra,
2051 2919 2099 2970 id

531 2994 615 3038 est
642 2986 707 3040 de
736 2988 793 3040 Β.
824 2986 983 3043 lllaiia
1019 2986 1253 3055 Veritas,
1302 2986 1454 3044 idest
1480 2986 1723 3044 Christus
1758 2999 1871 3044 orta
1901 3000 2098 3041 est.....

531 3056 617 3109 vel
662 3059 917 3140 debemus
946 3060 1228 3140 oculosin
1275 3071 1713 3140 terraAursemper
1761 3062 1995 3140 affigere,
2047 3068 2104 3110 ut

533 3126 931 3202 consideremus
969 3132 1243 3202 materiam
1282 3129 1437 3202 242
1454 3131 1525 3202 ile
1551 3126 1653 3199 qua
1677 3126 1873 3202 ευπηριὶ
1896 3141 2101 3202 ειηψιεο

2179 542 2386 605 anima,
2419 556 2541 615 cum
2569 556 2629 595 se
2667 542 2963 615 perceperit
2992 555 3272 615 oneratam
3304 550 3566 615 peccatis,
3606 550 3759 603 intri-

2180 621 2352 663 catum
2381 612 2544 683 curis,
2572 612 2864 665 carnalium
2892 612 3284 683 desideriorum
3307 612 3445 672 faece
3479 612 3757 683 infectam,

2179 695 2416 742 curvam,
2447 681 2744 744 inﬁrmam,
2773 695 2877 736 etc.
2891 682 2915 735 ’ἶ
2950 681 3102 738 Unde
3142 685 3264 739 huic
3289 689 3597 741 extol'entia
3629 681 3763 741 ocu-

2181 750 2396 827 lorum?
2427 750 2573 827 Unde
2603 751 2783 827 levare
2810 753 3062 827 caput?_i_
3095 754 3229 827 llinc
3256 756 3336 824 pia
3365 758 3450 811 illa
3476 758 3619 827 regis
3652 760 3762 809 Ma-

2182 821 2351 873 nassis
2379 823 2550 872 oratio
2582 838 2594 872 :
2628 820 2863 894 Domine,
2912 820 3269 893 multiplicatoi
3301 840 3415 879 sunt
3460 820 3762 894 iniquitates

2182 907 2338 951 mete,
2370 900 2416 942 et
2446 906 2546 942 non
2577 906 2691 943 sum
2716 892 2898 961 dignus
2923 892 3114 946 intueri
3156 896 3478 949 altitudinem
3507 892 3623 951 caeli
3654 913 3765 952 ora

2183 961 2507 1012 multitudine
2535 961 2857 1026 iniquitatum
2889 979 3133 1016 mearum.

2255 1031 2498 1083 Secunda
2544 1032 2677 1083 ratio
2720 1032 3024 1086 continetur
3054 1032 3136 1086 his
3160 1035 3338 1087 verbis
3368 1053 3381 1088 :
3409 1038 3531 1088 1am
3560 1052 3615 1089 se
3652 1046 3765 1089 tre-

2184 1102 2365 1155 mittdo
2398 1099 2490 1152 Dei
2509 1101 2715 1169 judicio
2763 1104 3117 1169 repraesentari
3164 1105 3397 1159 testimet.
3437 1106 3567 1171 Quis
3612 1111 3766 1160 enim

2184 1184 2364 1223 coram
2399 1171 2641 1241 districto
2671 1171 2847 1236 judice
2877 1182 3051 1226 erecta
3084 1175 3291 1228 cervice
3316 1174 3635 1241 judicandns
3666 1191 3767 1241 ap-

2188 1240 2401 1313 pareat?
2446 1239 2605 1313 Certe
2634 1259 2652 1292 σ
2686 1242 2742 1294 Si
2792 1252 2971 1313 mente
3003 1255 3285 1298 cernerent
3319 1239 3574 1297 homines
3603 1239 3767 1313 quale

2181 1309 2439 1379 judicium
2466 1311 2738 1364 immineat
2767 1312 2965 1365 mundo
2984 1356 2998 1379 ,
3031 1327 3222 1366 sensus
3250 1317 3512 1368 humanus
3533 1309 3639 1369 non
3670 1330 3768 1367 va-

2187 1384 2350 1453 nitate
2378 1380 2788 1453 dispergeretur,
2827 1400 2845 1432 ι
2883 1383 3048 1449 inquit
3079 1384 3135 1437 S.
3160 1383 3541 1453 Hieronymus.

2259 1450 2437 1522 Tertia
2455 1452 2711 1516 repetitur
2729 1451 2797 1503 ab
2813 1453 3060 1522 exemplo
3078 1450 3381 1519 Publicani,
3400 1455 3450 1507 in
3471 1468 3575 1522 quo
3596 1454 3769 1508 etiam

2188 1519 2438 1572 Pharisaei
2484 1529 2700 1588 propter
2743 1521 3045 1588 superbiam
3097 1522 3385 1576 includitur
3432 1519 3763 1577 humiliatio.

2188 1592 2364 1654 Quare
2392 1589 2436 1644 si
2468 1604 2586 1643 cum
2616 1592 2880 1644 lel‘lSJ'O
2911 1593 3156 1647 nolumus
3189 1594 3479 1657 humiliari,
3506 1610 3626 1648 cum
3659 1592 3772 1645 Pn-

2188 1659 2398 1713 hlicano
2430 1660 2547 1712 ﬁxis
2578 1661 2627 1713 in
2662 1672 2856 1714 terram
2878 1663 3046 1715 oculis
3072 1664 3313 1717 dicamus
3340 1679 3353 1716 :
3389 1665 3630 1725 Domine,
3658 1681 3772 1716 non

2189 1745 2301 1781 sum
2328 1730 2510 1798 dignus
2538 1746 2629 1797 ego
2662 1739 2893 1793 peccator
2922 1734 3087 1785 levare
3126 1733 3298 1786 oculos
3326 1750 3461 1787 meos
3490 1736 3557 1788 ad
3589 1737 3769 1788 cmlos.

2192 1799 2342 1872 Quod
2373 1802 2576 1872 a‘uobus
2607 1800 2776 1855 modis
2808 1801 3057 1872 intelligit
3094 1803 3469 1857 llildemarus:
3504 1802 3561 1858 1⁸
3587 1806 3775 1858 levare

2190 1870 2374 1922 oculos
2400 1869 2452 1922 in
2480 1870 2676 1923 malum
2695 1917 2707 1937 ,
2738 1869 3028 1925 :etheremii
3056 1874 3293 1935 scilicet,
3322 1875 3435 1929 sive
3458 1876 3773 1935 sidereum;

2188 1938 2247 2011 ἓξ
2277 1940 2327 2011 in
2359 1939 2575 2003 coelum,
2620 1941 2671 1995 id
2698 1952 2779 1996 est
2808 1942 2858 1992 in
2886 1952 3120 2007 sanctos,
3145 1944 3232 2011 qui
3264 1944 3383 1996 cadi
3416 1946 3631 1996 nomine
3660 1959 3772 1997 sa-

2191 2009 2411 2077 pissimc
2444 2013 2829 2082 vocantur-,3!
2879 2028 3104 2080 quorum
3153 2009 3662 2082 c0ntemp|ationetn
3709 2027 3777 2066 se

2190 2081 2403 2147 dignum
2438 2096 2543 2132 non
2572 2081 2844 2135 credebat.

2271 2147 2429 2218 243
2460 2153 2679 2215 Quarto,
2703 2153 2768 2203 ad
2802 2150 3145 2204 Publicanum
3178 2152 3236 2206 S.
3267 2151 3584 2206 Benedictus
3615 2152 3776 2219 Regii

2195 2218 2475 2285 Propheta:
2509 2221 2689 2287 adjicit
2733 2222 3069 2287 exemplum,
3101 2223 3167 2276 de
3196 2238 3256 2277 se
3292 2223 3405 2288 ipso
3432 2218 3776 2287 perhibentis

2194 2291 2575 2350 testimonium,
2594 2290 2710 2357 quit
2738 2291 3029 2344 incurvatus
3054 2301 3103 2344 et
3126 2293 3426 2345 humiliatus
3444 2308 3558 2344 sum
3589 2308 3779 2359 usque-

2195 2374 2330 2427 quaq
2369 2376 2415 2429 e.
2453 2359 2757 2415 lucurvatus
2788 2375 2902 2413 sum
2934 2376 3179 2429 corpore,
3208 2361 3514 2415 humiliatus
3558 2372 3777 2424 mente;

2197 2430 2316 2495 quia
2347 2428 2474 2481 nihil
2511 2431 2676 2496 proﬁc
2701 2440 2719 2483 t
2747 2428 3043 2484 exterioris
3066 2432 3294 2485 hominis
3322 2431 3643 2494 incurvatio,
3669 2432 3779 2485 nisi

2199 2498 2417 2550 accedat
2448 2499 2669 2553 interior
2701 2501 2892 2553 mentis
2925 2500 3245 2555 humiliatio.
3290 2501 3405 2565 Vel,
3439 2513 3495 2554 ut
3524 2502 3656 2555 dicit
3683 2501 3782 2555 Ni-

2199 2571 2383 2621 cotaus
2404 2568 2471 2622 de
2499 2570 2788 2641 Fractura:
2828 2588 2846 2621 ι
2888 2569 3197 2625 locurvatus
3225 2586 3365 2634 sum,
3399 2587 3492 2639 per
3521 2581 3780 2641 peccato-

2202 2653 2321 2691 rum
2352 2640 2865 2705 acrumulationem;
2898 2641 3203 2695 humiliatus
3234 2657 3372 2706 sum,
3404 2657 3499 2710 per
3524 2640 3782 2710 peccato-

2202 2722 2318 2761 rum
2343 2709 2756 2763 confessionem.
2806 2728 2824 2761 ι

2277 2778 2459 2830 l’lures
2490 2780 2634 2832 hisce
2663 2780 2781 2832 alite
2813 2781 3045 2833 rationes
3069 2790 3285 2847 possent
3310 2781 3457 2842 addi,
3489 2781 3683 2848 quibus
3707 2781 3783 2834 ab

2205 2849 2597 2919 inconsiderato
2637 2864 2949 2903 revocemur
2995 2853 3215 2916 intuitu,
3244 2852 3311 2903 de
3340 2852 3531 2919 quibus
3579 2851 3781 2903 videsis

2206 2918 2549 2971 Benedictum
2577 2918 2888 2973 llael'tenum
2914 2921 3001 2973 lib.
3019 2937 3093 2986 vr,
3111 2922 3333 2982 tract.7,
3357 2918 3567 2988 ἂιειι.4.
3585 2921 3778 2973 Obiter

2206 2988 2293 3041 hic
2314 2988 2543 3041 observo
2567 2989 2705 3058 quod
2741 2990 2790 3041 in
2815 3005 2914 3042 ms.
2944 2991 3000 3043 S.
3031 2991 3249 3057 Benigui
3280 2992 3620 3044 Divionensis
3635 2988 3782 3042 Con-

2206 3058 2576 3112 suctudinibus
2601 3060 2811 3127 legitur,
2836 3074 2957 3123 cap.
2985 3062 3041 3124 '5,
3068 3060 3152 3113 ubi
3180 3061 3246 3115 de
3277 3060 3480 3112 novitio
3504 3061 3782 3114 instruen-

2210 3127 2311 3181 do:
2351 3144 2368 3178 ι
2409 3131 2735 3195 Quocunque
2785 3130 3007 3193 incedit,
3059 3146 3273 3198 semper
3319 3130 3559 3183 demisso
3607 3129 3788 3196 capite

536 3206 592 3248 et
622 3198 685 3250 ad
712 3214 869 3265 quam
903 3202 1095 3255 ιθειιινί
1123 3197 1688 3253 Ιίιιίιιιῶιῖῶιιιρειιιιιιε.
1732 3221 1748 3250 ι
1786 3198 2107 3269 Litteraliter
2138 3208 2184 3269 ρ
2216 3197 2440 3261 incedit;
2469 3208 2520 3251 et
2550 3199 2589 3251 si
2636 3199 2919 3266 aliquando
2950 3202 3092 3253 visus
3120 3197 3280 3254 fuerit
3323 3211 3499 3253 erecta
3533 3200 3787 3269 certiee,

536 3281 689 3333 vero,
715 3278 772 3321 ut
794 3271 1047 3323 inclinato
1068 3272 1241 3338 capite
1263 3272 1417 3326 hanc.
1442 3284 1598 3337 quam
1626 3270 1844 3323 terimus
1863 3268 2103 3335 pedibus,

538 3345 732 3409 u-rram
748 3354 858 3391 sem
868 3356 960 3407 per
973 3355 1002 3391 a
1036 3341 1307 3409 piciamus.
1330 3339 1489 3407 Euhie
1505 3340 1838 3393 videturesse
1851 3338 2111 3409 genuinus

538 3404 601 3460 S.
628 3405 839 3477 Regulae
862 3404 1070 3475 sensus,
1099 3426 1127 3462 a
1151 3409 1249 3463 SS.
1273 3404 1514 3463 Patribus
1538 3410 1670 3463 adeo
1686 3404 2108 3469 commcndatus,

454 3514 459 3519 -
542 3486 597 3530 et
624 3491 652 3526 a
684 3481 935 3544 perfectis
978 3481 1250 3534 monachis
1282 3481 1436 3532 toties
1465 3479 1528 3532 ad
1571 3481 1773 3546 praxim
1814 3478 2060 3532 redactus
2095 3494 2106 3527 :

551 3565 569 3594 ι
608 3546 921 3601 Monachum
953 3559 1165 3615 Oportet
1195 3549 1380 3602 oculos
1409 3553 1472 3601 ad
1516 3560 1711 3603 terram
1745 3549 1943 3602 habere
1968 3547 2113 3611 deje-

546 3623 664 3686 ctos
690 3618 969 3686 ,Aanimum
999 3619 1062 3671 ad
1093 3620 1284 3671 caelum
1318 3629 1549 3671 erectum
1572 3659 1587 3683 ,
1630 3637 1646 3669 ι
1680 3619 1847 3686 inquit
1874 3619 1927 3672 S.
1970 3616 2114 3686 Basi-

545 3684 650 3758 lius
674 3684 870 3751 (Serm.
897 3691 959 3741 de
985 3691 1196 3755 Ascesi).
1235 3689 1298 3743 Et
1339 3690 1395 3744 S.
1428 3689 1725 3742 Dorotheus
1748 3684 1947 3758 (Doctr.
1981 3684 2072 3753 l9)
2100 3704 2111 3737 :

555 3755 820 3809 «Honesta
865 3774 925 3810 ac
975 3762 1232 3821 modesta,
1279 3761 1493 3826 Deoque
1540 3767 1594 3812 et
1643 3755 1940 3812 hominibus
1968 3766 2113 3823 grata

548 3827 798 3880 monachi
827 3830 1141 3893 compo~itio
1190 3832 1299 3882 haec
1342 3840 1421 3882 est
1455 3846 1466 3879 :
1504 3829 1732 3882 Primum
1768 3828 1952 3881 oculos
1999 3835 2116 3879 tuos

551 3895 773 3959 cohibe,
831 3914 896 3951 ne
941 3898 1043 3952 huc
1090 3900 1317 3967 illucque
1361 3899 1842 3964 circumferuntur,
1875 3898 1967 3951 sed
1997 3912 2116 3966 quae

551 3974 773 4037 antete
819 3980 939 4021 sunt
986 3980 1187 4022 tanturn
1235 3969 1425 4023 intueri
1474 3982 1535 4021 ac
1582 3980 1824 4037 spectare
1868 3968 2050 4037 velint.
2092 3984 2110 4016 ι

551 4033 701 4106 Quod
738 4038 873 4091 adeo
918 4041 1163 4106 religiose
1201 4038 1519 4093 observabat
1547 4033 1794 4096 Silvanus
1826 4036 2119 4091 monachus

552 4104 691 4177 (Lib.
725 4123 752 4156 ν
779 4109 842 4162 de
877 4108 977 4162 Vit.
1012 4104 1156 4175 PaL,
1203 4110 1372 4164 tbtllo
1411 4110 1468 4164 ll
1500 4150 1514 4174 ,
1546 4127 1598 4163 η.
1637 4108 1764 4177 28),
1809 4119 1863 4162 ut
1907 4110 2115 4160 hortum

460 4208 473 4221 ς
551 4175 855 4250 τὶεειιυλτυε,
887 4182 1096 4234 cucullo
1126 4190 1283 4250 caput
1307 4191 1548 4248 tegeret,
1588 4179 1653 4233 ad
1701 4175 1864 4250 pedes
1892 4186 2116 4250 tantum

554 4248 835 4302 attendens
875 4267 940 4305 ne
968 4246 1501 4317 arbores'aspicéret.
1544 4246 1778 4304 Plurima
1817 4246 2117 4318 hujusmodi

556 4328 842 4389 occurrunt
889 4324 1127 4388 exempla
1177 4323 1315 4389 apud
1364 4330 1645 4383 auctores,
1696 4319 1853 4384 quale
1882 4318 2118 4389 estiillud

557 4385 766 4459 abbatis
792 4388 1001 4456 lsidori,
1034 4385 1123 4459 qui
1156 4385 1418 4455 profecms
1448 4390 1820 4444 Alexandriam
1851 4388 1916 4442 ad
1946 4388 2119 4441 Theo-

559 4456 761 4520 philum
784 4456 1270 4528 archiepiscopum,
1298 4476 1648 4527 reversusque
1678 4468 1733 4512 et
1762 4460 2120 4525 interrogatus

556 4539 589 4579 a
631 4527 877 4581 fratribus
907 4527 1171 4597 quomodo
1202 4545 1261 4583 se
1288 4531 1509 4583 haberet
1548 4530 1737 4583 civitas
1756 4570 1768 4593 ,
1798 4529 2030 4597 reSpond
2056 4534 2076 4579 t
2103 4544 2116 4579 :

556 4596 671 4666 Ego
686 4597 905 4652 hominis
927 4596 1106 4666 faciem
1132 4616 1231 4653 non
1256 4601 1355 4652 ridi
1379 4608 1710 4668 prwlerquam
1734 4596 2119 4664 archiepiscopi.

558 4670 703 4739 Item,
723 4668 909 4723 Elladii
939 4670 1203 4738 monachi,
1235 4672 1323 4738 qui
1354 4688 1470 4723 cum
1493 4686 1661 4724 annos
1692 4669 1872 4739 viginti
1904 4670 1951 4721 in
1988 4669 2118 4721 cella

560 4738 855 4806 exegisset,
889 4754 1097 4793 sursum
1130 4742 1312 4794 oculos
1345 4757 1447 4793 non
1479 4741 1692 4805 levavit,
1723 4738 1776 4793 ut
1806 4740 2002 4792 videret
2040 4750 2120 4791 tc-

558 4820 705 4879 etuui
733 4808 847 4877 ejus
889 4810 1054 4879 (Tum.
1086 4827 1100 4863 t
1132 4810 1274 4864 Mon.
1323 4810 1521 4864 Eccles.
1554 4811 1790 4879 (ἔναντα).
1823 4811 2009 4861 [Votum
2040 4818 2119 4861 est

562 4877 808 4950 ontuibus
837 4877 974 4946 quod
1015 4884 1081 4934 de
1125 4882 1179 4935 S.
1231 4882 1499 4935 Bernardo
1549 4877 1819 4950 legitur’in
1851 4884 1972 4950 ejus
2007 4878 2119 4931 Vita

558 4949 655 5003 lib.
698 4964 778 5011 ιιι,
807 4964 923 5016 cap.
948 4952 981 5003 2
1013 4950 1149 5019 (Lib.
1188 4968 1217 5003 ν
1249 4954 1311 5005 de
1344 4950 1445 5006 Vit.
1482 4949 1623 5014 PaL,
1654 4951 1809 5004 libell.
1835 4949 1890 5015 4,
1922 4966 1974 5002 tt.
2012 4951 2118 5009 lb'l.

559 5020 631 5074 At
656 5025 973 5086 stupendum
1002 5038 1218 5090 prorsus
1244 5021 1454 5075 videtur
1481 5024 1619 5090 quod
1664 5023 1728 5075 de
1760 5022 1887 5076 Sara
1920 5020 2123 5088 virgine

559 5091 791 5145 referunt
804 5133 816 5146 .
842 5107 899 5162 ca
912 5112 957 5143 ιιι
980 5094 1410 5147 ouuirum'auuos
1426 5096 1699 5162 sexaginta
1716 5107 1876 5160 super
1894 5091 2123 5142 lluuunis

561 5166 773 5215 alveum
799 5161 902 5214 hab
929 5172 1088 5224 ιςιμειι,
1120 5180 1214 5217 nec
1240 5179 1466 5233 unquam
1492 5161 1817 5233 inclinatam,
1848 5170 1904 5213 ut
1930 5163 2124 5233 flumen

557 5233 731 5300 ipsum
762 5236 979 5299 a-picer.
1005 5242 1023 5285 t
1053 5232 1187 5302 (Lib.
1220 5251 1251 5287 v
1283 5230 1343 5287 de
1382 5233 1477 5286 Vit.
1506 5230 1649 5295 PaL,
1674 5232 1831 5284 libell.
1858 5233 1910 5293 7,
1936 5246 1987 5282 η.
2015 5231 2124 5299 l9).

636 5303 794 5357 licunt
824 5319 877 5355 se
904 5307 1038 5356 omni
1067 5305 1195 5356 hora
1214 5307 1522 5365 existimans.
1555 5302 1680 5373 etc.]
1708 5303 1839 5368 Quia
1870 5315 1991 5373 vero
2011 5312 2125 5352 stu-

557 5375 682 5441 pide
709 5383 999 5427 statuarum
1053 5384 1144 5428 aut
1185 5376 1489 5429 animahuin
1520 5370 1690 5428 in~tar
1716 5376 1898 5426 oculos
1926 5370 1989 5422 ad
2024 5378 2127 5422 ter-

556 5460 671 5499 ram
701 5445 905 5499 defixos
936 5444 1050 5498 hab:
1073 5461 1130 5499 re
1177 5446 1494 5499 monachum
1528 5459 1631 5497 non
1682 5444 1848 5508 sapit;
1886 5443 1991 5508 jam
2023 5457 2123 5507 qua

558 5526 735 5569 mente
761 5516 898 5570 istud
942 5516 1154 5585 Regula:
1186 5526 1507 5584 praeceptum
1530 5516 1814 5568 observare
1839 5513 2126 5585 debeamus

558 5586 834 5647 describit,
883 5584 1167 5641 nonnullas
1198 5588 1438 5640 inserens
1469 5586 1721 5647 rationes,
1755 5585 1948 5651 quibus
1976 5584 2122 5648 qna~i

559 5657 780 5708 totidem
809 5658 1037 5710 stimulis
1066 5658 1131 5710 ad
1175 5658 1315 5709 illius
1348 5656 1548 5723 praxim
1581 5657 1799 5708 excitari
1838 5653 2119 5719 pos-iuius.

560 5725 794 5777 Primam
840 5730 1081 5793 proponit
1118 5727 1200 5781 his
1231 5727 1403 5780 verbis
1436 5743 1446 5776 :
1479 5726 1643 5779 Reum
1672 5741 1725 5776 se
1751 5725 1886 5776 muni
1914 5723 2038 5773 hora
2062 5724 2124 5774 tle

562 5797 775 5863 peccatis
796 5799 897 5851 suis
920 5799 1229 5864 existimans.
1250 5796 1526 5862 Quomodo
1545 5798 1706 5855 enim.
1737 5795 1903 5866 inquit
1920 5793 1973 5851 S.
2001 5794 2121 5849 Ber-

2214 3282 2319 3321 tt0u
2346 3269 2627 3338 negligitur
2654 3270 2856 3322 innotat
2895 3286 2940 3323 s.
2974 3289 2991 3320 ι
3031 3270 3179 3323 Idem
3200 3272 3355 3324 habet
3381 3269 3667 3338 Uldaricus
3690 3268 3787 3322 lib.

2214 3353 2272 3399 ll,
2299 3335 2435 3406 eapf
2464 3340 2546 3392 ll.
2576 3338 2851 3403 Quamvis,
2883 3350 2939 3392 ut
2967 3340 3039 3392 ait
3072 3346 3126 3392 ς.
3159 3338 3459 3393 Bernartius
3490 3339 3591 3407 (De
3618 3335 3786 3391 Grant.

2213 3407 2419 3473 humit.,
2453 3424 2571 3476 cap.
2623 3409 2742 3472 10),
2778 3426 2796 3458 ι
2838 3411 3040 3463 duabus
3064 3425 3130 3463 ex
3165 3412 3343 3463 causis
3388 3409 3789 3475 inculpabiliter

2215 3480 2399 3533 oeulos
2431 3478 2600 3539 levas,
2636 3481 2716 3532 vel
2744 3488 2821 3530 ‘ut
2853 3490 3000 3544 petas
3040 3478 3321 3543 auxilium,
3370 3480 3450 3533 vel
3484 3481 3787 3544 impenlas.

2216 3547 2433 3602 Levavit
2471 3548 2655 3600 oculos
2688 3548 2849 3600 David
2882 3552 2930 3601 in
2982 3562 3190 3603 montes
3231 3558 3288 3601 ut
3325 3562 3560 3617 peteret;
3596 3548 3792 3602 levavit

2216 3628 2268 3672 et
2292 3619 2546 3671 Dominus
2590 3632 2751 3685 super
2782 3619 2960 3671 turbas
2988 3628 3042 3671 ut
3074 3617 3431 3687 impenderet;
3461 3619 3598 3672 alter
3627 3619 3791 3671 mise-

2218 3688 2457 3742 rabiliter
2479 3731 2493 3755 ,
2528 3687 2665 3741 alter
2696 3688 3142 3752 misericorditer,
3177 3689 3336 3741 ambo
3374 3688 3788 3755 inculpabiliter.

2218 3756 2296 3810 Tu
2325 3773 2536 3825 quoque
2557 3759 2600 3810 si
2627 3758 2821 3819 locum,
2854 3770 3061 3825 tempus
3091 3768 3143 3811 et
3175 3772 3389 3811 causam
3417 3758 3790 3821 considerans,

2219 3836 2306 3881 tua
2340 3828 2418 3882 vel
2452 3827 2628 3881 fratris
2677 3828 2996 3881 necessitate
3045 3829 3230 3882 oculos
3277 3829 3445 3886 levas.
3484 3844 3588 3880 non
3619 3828 3793 3880 solum

2221 3913 2325 3950 lion
2357 3899 2536 3966 culpo,
2570 3897 2750 3963 sedet
2792 3898 3073 3965 plurimum
3105 3899 3288 3959 laudo;
3324 3898 3425 3951 hoc
3458 3900 3601 3950 enim
3631 3912 3794 3951 excu-

2219 3977 2302 4021 sat
2323 3969 2559 4031 miseria,
2588 3968 2711 4021 illitd
2741 3969 3078 4020 commendat
3106 3968 3495 4020 misericordia.
3520 3968 3615 4020 Sin
3637 3967 3791 4030 alias,

2221 4054 2329 4091 non
2360 4040 2659 4106 pr0phetae,
2686 4052 2789 4089 non
2817 4038 3053 4100 Domini,
3081 4039 3171 4089 sed
3204 4038 3375 4098 Dium,
3401 4048 3490 4089 aut
3516 4038 3665 4102 Eva,
3692 4039 3805 4089 imo

2221 4109 2388 4177 ipsius
2414 4108 2622 4161 Satanas
2650 4109 2967 4161 imitatorem
3002 4118 3053 4160 te
3081 4107 3329 4160 dixerim.
3381 4125 3399 4157 ι

2293 4177 2433 4247 Ergo
2456 4178 2533 4230 his
2564 4180 2791 4229 omnibus
2825 4178 3123 4247 humilitatis
3154 4177 3393 4247 gradibus
3423 4177 3803 4247 ascensistmo-

2220 4244 2413 4303 nuc/itis
2453 4264 2569 4299 mox
2590 4248 2657 4299 ad
2690 4250 2988 4300 charitatem
3023 4246 3114 4298 Dei
3144 4244 3394 4313 perveniet
3434 4244 3628 4315 illam]
3662 4246 3801 4313 Ergo

2223 4321 2304 4373 via
2330 4319 2394 4371 ad
2426 4318 2737 4371 cbaritatem
2768 4318 3054 4370 humilitas.
3093 4316 3183 4368 Via
3218 4316 3400 4383 utique
3423 4332 3546 4368 vera
3574 4328 3628 4369 et
3655 4317 3798 4379 sola;

2224 4391 2363 4444 unde
2395 4392 2451 4442 S.
2502 4389 2868 4455 Augustinus:
2920 4407 2936 4438 ι
2977 4388 3191 4454 (logitas
3243 4400 3487 4454 magnam
3542 4385 3801 4438 fabricam

2224 4468 2535 4514 construere
2564 4458 2946 4511 celsitudinis?
2973 4458 3039 4509 de
3071 4458 3416 4510 fundamento
3449 4458 3595 4523 prius
3632 4458 3801 4522 cogita

2230 4529 2577 4589 Ituu’tililatis,
2596 4565 2609 4579 .
2634 4568 2644 4578 .
2667 4568 2679 4579 .
2707 4527 2807 4581 hoc
2839 4531 2885 4580 in
2916 4540 2966 4582 te
2996 4527 3117 4582 inde
3143 4526 3545 4579 fundamentum
3592 4525 3804 4578 humili-

2156 4569 2203 4628 D
2400 4569 2839 4666 et‘pe'r‘veniesvad
2873 4569 3136 4666 lasvtigiuivn
3169 4597 3466 4651 cliaritatis.
3519 4614 3537 4661 ι
3586 4596 3644 4650 S.
3678 4595 3808 4649 Ber-

2234 4671 2431 4724 nardus
2458 4668 2651 4739 (Epist.
2682 4668 2801 4737 si):
2839 4688 2857 4719 ι
2908 4670 2973 4723 Ut
2995 4670 3213 4722 castitas
3239 4682 3335 4739 seu
3362 4667 3598 4720 charitas
3627 4667 3808 4739 detur,

2235 4742 2504 4794 humilitas
2533 4736 2822 4797 'meretUr,
2857 4749 2959 4792 etc.
3009 4758 3027 4789 ι
3075 4739 3139 4791 ΕΙ.
3188 4736 3403 4803 quidam
3450 4751 3516 4790 ex
3571 4736 3809 4804 antiquis

2237 4812 2476 4866 l'atribus
2504 4809 2713 4876 (Ilii/ﬁn.
2746 4809 2835 4861 lib.
2864 4824 2917 4861 ιιι
2941 4808 3004 4861 de
3038 4807 3135 4860 Vit.
3173 4806 3317 4868 Ραι..
3346 4822 3395 4858 n.
3427 4805 3550 4876 126)
3581 4823 3597 4860 ;
3630 4824 3648 4857 ι
3701 4807 3811 4859 llu-

2236 4884 2430 4935 militas
2461 4875 2758 4948 prtecursor
2783 4889 2864 4931 est
2908 4877 3212 4940 chariiatis;
3234 4877 3379 4948 rsicut
3415 4875 3652 4930 Joannes
3691 4886 3812 4948 erat.

2234 4966 2528 5019 pra-cursor
2553 4947 2696 5019 Jt-su,
2728 4963 2915 5001 omnes
2938 4948 3157 5019 trahens
3179 4947 3247 5000 ad
3268 4961 3424 5019 eum;
3455 4948 3526 4999 ita
3548 4947 3812 5019 etibumi-

2235 5016 2352 5075 litos
2379 5019 2595 5072 attrahit
2625 5018 2691 5070 ad
2732 5020 3071 5083 charitateui,
3101 5018 3148 5070 id
3176 5030 3259 5072 est
3290 5016 3355 5070 ad
3404 5017 3583 5087 ipsum
3610 5018 3773 5071 Deum

2233 5097 2353 5161 quia
2387 5092 2524 5145 Deus
2554 5086 2784 5142 charitas
2814 5099 2913 5140 est.
2965 5108 2982 5161 ι

2308 5162 2432 5225 Qua:
2461 5162 2683 5227 perfecta
2729 5162 2869 5227 foras
2907 5159 3057 5211 mittit
3096 5155 3373 5229 timorem]
3418 5176 3436 5210 ι
3464 5156 3815 5229 Dedignatur

2235 5234 2372 5286 enim
2400 5230 2628 5285 charitas
2675 5229 2878 5281 timoris
2912 5230 3326 5290 commercium,
3358 5228 3475 5293 cogi
3526 5231 3807 5291 nesciens,

2236 5316 2353 5369 ιμιιε
2382 5315 2491 5353 nesi
2512 5299 2551 5351 it
2590 5300 2877 5369 compesci,
2913 5299 3082 5365 inquit
3116 5296 3387 5369 Gilbertus
3414 5297 3808 5369 delloilla‘ndia

2238 5366 2428 5440 (Serm.
2464 5370 2549 5433 l9,
2590 5369 2641 5421 iu
2687 5366 2902 5440 σωκ).
2933 5369 3056 5440 Ideo
3107 5366 3339 5420 charitas
3385 5367 3617 5435 perfecta
3666 5366 3809 5420 foras

2237 5438 2394 5495 mittit
2422 5442 2688 5502 timorem,
2716 5441 2859 5491 veTut
2892 5438 3133 5492 inutilem
3161 5446 3216 5491 et
3258 5452 3682 5504 supervacuum;
3715 5440 3808 5492 sed

2232 5528 2335 5566 non
2372 5515 2615 5564 timorctn
2664 5510 2811 5562 illum
2839 5508 2926 5576 qui
2957 5520 3136 5562 castus
3168 5515 3444 5574 permanet
3470 5507 3521 5560 in
3549 5508 3808 5566 saeculum

2230 5582 2431 5637 sznculi.
2467 5582 2558 5633 Est
2586 5581 2728 5633 enim
2771 5580 2928 5631 timor
2956 5594 3112 5646 quem
3146 5577 3287 5630 foras
3327 5579 3488 5629 mittit
3533 5577 3807 5641 charitas;

2229 5663 2283 5708 et
2310 5665 2389 5707 est
2417 5653 2578 5704 timor
2609 5664 2764 5717 quem
2799 5649 2937 5703 foras
2976 5649 3136 5702 mittit
3176 5648 3406 5710 veritas;
3445 5658 3493 5701 et
3527 5658 3607 5700 est
3649 5648 3809 5700 timor

2230 5740 2389 5794 quem
2435 5720 2740 5794 intromittit
2768 5732 2820 5771 et
2859 5720 3090 5794 charitas
3120 5730 3171 5771 et
3197 5717 3411 5771 veritas.
3443 5717 3652 5794 Primus
3682 5732 3812 5794 cau-

2232 5787 2345 5862 t'us;
2366 5792 2631 5849 secundus
2657 5799 2855 5858 castus,
2884 5790 2975 5844 sed
3001 5804 3104 5845 non
3131 5802 3447 5859 permanens
3472 5787 3524 5844 in
3553 5789 3808 5844 saeculum
