4074 6356
248 364 363 421 409

1314 363 1586 422 REGULA
1626 359 2117 418 COIIMENTA'I‘A.
2157 357 2310 417 CAP.
2354 356 2489 417 VIII.

3409 364 3516 420 llo

248 478 469 543 saeculi;
504 478 689 533 tertius
716 483 770 533 et
795 486 994 542 castus,
1028 487 1081 531 et
1120 492 1439 546 permanens
1461 518 1475 532 .
1509 478 1715 532 Primus
1745 492 1838 531 ve-
1864 477 1917 538 Α
1942 473 2155 546 onerosi
2195 472 2406 528 labores
2435 461 2893 546 amantiumfsed
2925 471 3027 546 ipsi
3055 473 3343 539 delectant,
3373 477 3515 533 sicut

250 559 407 602 retur
429 563 662 617 pinnam,
687 546 952 602 secundus
974 546 1250 610 ollensam,
1277 551 1467 602 tertius
1496 559 1636 603 totus
1665 548 1832 602 libera

248 619 500 689 quaedam
522 627 575 672 et
602 632 786 672 secura
818 618 1115 672 reverentia
1142 629 1245 685 est,
1277 630 1382 673 etc.
1439 637 1457 669 ι

332 747 435 803 Per
459 764 612 815 quam
646 748 913 813 universa,
938 764 1051 818 quia
1078 749 1219 818 prius
1268 766 1370 802 non
1409 750 1517 802 sine
1560 748 1864 817 formidim‘

142 826 157 839 '
250 821 568 882 ooservabat,
597 820 783 886 absque
810 818 916 871 ullo
962 819 1153 881 labore.
1186 829 1232 872 et
1262 822 1393 872 velut
1422 820 1738 870 naturaliter
1768 834 1832 871 ex

248 890 622 961 consuetudine
657 889 862 961 incipiet
896 888 1196 961 custodire.]
1236 887 1397 961 2“
1434 888 1699 961 Describit
1746 889 1831 941 hic

251 958 483 1013 allectus
493 958 742 1027 perlecta)
766 960 908 1012 illius
924 958 1197 1013 ebaritatis
1212 958 1329 1028 qusi
1352 958 1492 1013 l‘uras
1508 960 1654 1028 pellit
1668 960 1826 1012 timo-

251 1043 395 1093 rem,
421 1046 514 1096 per
540 1045 697 1097 quam
727 1028 927 1083 scilicet
947 1030 1216 1093 universa,
1248 1044 1367 1098 qua:
1400 1030 1544 1096 prius
1572 1045 1675 1082 non
1707 1028 1827 1091 sine

252 1098 543 1152 l‘ormidine
565 1113 738 1167 paena:
772 1105 864 1151 aut
892 1098 1087 1152 laboris
1126 1100 1465 1160 observabat,
1484 1100 1595 1166 jam
1626 1099 1826 1167 absque

253 1168 370 1238 ullo
399 1168 578 1224 labore
607 1169 824 1236 incipiat
852 1169 1142 1229 custodire.
1171 1170 1257 1238 qui
1279 1170 1411 1223 enim
1436 1177 1573 1222 amat
1602 1179 1692 1222 aut
1722 1185 1825 1222 non

255 1237 476 1310 leporis],
505 1249 592 1291 aut
614 1240 939 1310 ipsumramat
956 1240 1196 1305 laborem,
1226 1241 1397 1310 inquit
1416 1239 1475 1294 8.
1497 1240 1825 1300 Augustinus

254 1306 367 1375 (De
411 1307 473 1363 S.
527 1309 830 1379 Viduitate).
878 1310 945 1364 Et
981 1310 1173 1365 iterum
1205 1327 1217 1362 :
1264 1306 1487 1364 (Nullo
1516 1310 1674 1363 modo
1701 1317 1827 1363 sunt

1943 545 2269 607 venantium,
2301 544 2699 612 aucupantium,
2726 545 3066 612 piscantium.
3113 561 3131 596 ι
3500 586 3505 595 ην

2021 612 2138 684 Non
2154 616 2269 684 jam
2295 610 2472 684 tingere
2503 610 2791 683 gehennti-J
2819 613 2984 679 Quem
3012 614 3217 682 expulit
3252 616 3510 669 charitas.

2013 683 2118 737 Sed
2147 682 2319 737 amore
2344 682 2532 753 Chrisgi
2572 692 2617 737 et
2638 684 3004 737 consuetudine
3030 684 3141 752 ipsa
3166 684 3322 753 bona,
3352 694 3401 739 et
3420 686 3511 740 ds-

1940 752 2221 823 lectatione_
2232 750 2515 823 oirtutum,]
2540 768 2695 823 quam
2716 752 3018 823 intromittit
3050 750 3159 820 ipsa
3180 750 3438 809 Charitas.

2014 823 2140 894 Quae
2174 820 2435 894 Dominus
2461 820 2532 894 in
2558 820 3112 894 ‘0perarium.]'Quem
3161 825 3411 892 quaesivit
3458 825 3512 879 in

1941 892 2279 947 multitudine
2311 893 2513 962 populi,
2545 894 2676 946 utin
2716 892 2926 947 ollicina
2959 895 3265 949 monasterii
3295 894 3511 962 spirita-

1941 964 2045 1017 lem
2074 975 2241 1016 artem
2286 962 2654 1017 instrumentis
2692 964 2949 1018 bonorum
3000 979 3222 1029 Operum
3272 964 3512 1020 munitus

1935 1044 2246 1097 exerceret;
2272 1035 2518 1086 mundum
2545 1050 2575 1085 α
2611 1034 2747 1086 vitiis
2773 1043 2818 1085 et
2853 1035 3088 1103 peccatis,
3119 1036 3239 1095 iane
3259 1035 3513 1087 nimirum

1934 1103 2231 1168 cbaritatis,
2262 1103 2329 1158 ad
2354 1104 2507 1171 cujus
2535 1103 2745 1157 eultnen
2778 1106 3046 1172 pervenit;
3082 1104 3286 1167 Spiritu
3333 1113 3513 1158 sancto

1938 1173 2296 1240 praeveniente
2339 1184 2394 1228 et
2442 1173 2761 1245 adiuvante;
2806 1174 3098 1245 dignabitur
3128 1176 3513 1245 demonstrare,

1934 1252 1988 1366 tl};
2035 1245 2372 1311 postmodum
2412 1242 2667 1298 aeternam
2710 1242 2934 1314 gloriam
2982 1245 3299 1299 retribuere.
3350 1242 3513 1298 Faxit

1985 1327 2107 1366 eus.

1985 1327 2107 1367 ευε.

276 1436 3522 1497 W

1537 1564 1679 1649 CA
1697 1570 1928 1651 PUT
2002 1568 2263 1654 VIII.

1344 1704 1432 1761 De
1475 1702 1718 1781 Ofﬁciis
1766 1704 2001 1766 divinis
2044 1708 2113 1768 in
2155 1707 2467 1770 noctibus.

331 1825 532 1880 lliemis
582 1836 852 1894 tempore,
906 1826 955 1877 id
986 1834 1066 1879 est
1111 1838 1140 1877 a
1172 1825 1407 1879 calendis
1454 1824 1776 1880 Novembris
1808 1834 1834 1862 ⁸

260 1929 434 1984 usque
460 1915 527 1969 ad
561 1916 763 1970 Pascha
803 1914 851 1980 δ,
876 1915 1027 1983 juxta
1066 1915 1550 1969 considetationem
1595 1914 1838 1975 rationis.

260 2017 449 2059 octava
483 2006 609 2059 hora
642 2007 810 2059 noctis
835 2005 1159 2073 surgendum
1193 2014 1307 2067 est;
1340 2013 1396 2057 ut
1435 2004 1643 2058 modice
1675 2016 1697 2044 ε
1729 2021 1842 2057 am-

260 2097 403 2165 p'ius
422 2095 489 2150 de
517 2086 735 2149 mediatl
764 2111 847 2149 no.
868 2104 919 2149 te
938 2105 1185 2164 pansetur
1208 2104 1253 2157 θ,
1277 2103 1332 2147 et
1358 2094 1466 2161 jam
1497 2093 1689 2162 digesti
1720 2096 1840 2147 sur-

1944 1831 2283 1886 inserviatur.
2317 1832 2358 1885 A
2406 1829 2611 1885 Pascha
2656 1835 2832 1883 autem
2879 1838 3047 1895 usque
3090 1824 3154 1877 ad
3185 1823 3517 1891 supradictas

1943 1924 2196 1978 calendas
2218 1922 2530 1977 Novembris
2551 1920 2595 1987 ί,
2615 1917 2693 1977 sic
2715 1929 3038 1989 temperetur
3059 1916 3186 1971 hora
3217 1916 3519 1983 vigiliarum

1943 2016 2188 2085 agenda;
2216 2016 2539 2083 parvissimo
2562 2024 2586 2060 tt
2611 2009 2916 2076 intervallo,
2963 2024 3069 2080 quo
3114 2010 3305 2063 lratres
3334 2007 3398 2060 ad
3432 2020 3523 2059 ne-

1944 2106 2179 2160 cessaria
2214 2116 2419 2160 natura:
2442 2113 2657 2169 exeant,
2684 2102 2970 2167 custodito,
2995 2116 3114 2154 mox
3145 2099 3410 2167 matutini,
3433 2097 3524 2168 qui

260 2198 405 2255 gant.
438 2188 587 2255 Quod
620 2203 745 2242 vero
786 2197 951 2243 restat
994 2197 1109 2255 post
1141 2188 1347 2253 vigilias
1375 2202 1403 2239 a
1439 2187 1713 2251 fratribus,
1748 2189 1837 2255 qui

1948 2196 2237 2267 incipiente
2268 2196 2387 2251 luce
2415 2194 2606 2263 agendi
2633 2167 2776 2258 sunt,
2807 2193 3219 2260 subsequantur.

262 2278 500 2347 psalterii
540 2279 620 2333 vel
652 2279 938 2334 lectionum
966 2278 1164 2346 aliquid
1192 2278 1451 2347 indigent,
1500 2278 1836 2333 meditationi

340 2418 364 2443 ⁸
391 2408 564 2474 Cass.,
597 2408 764 2474 Flor.,
796 2407 1159 2461 novembribtts.

337 2476 366 2514 δ
387 2479 564 2543 Cass.,
593 2476 759 2541 Flor.,
789 2478 954 2541 Hi.d.,
984 2476 1211 2545 Conch.,
1242 2476 1454 2545 Comp.,
1478 2478 1530 2529 in
1567 2475 1794 2530 Pascha.

339 2557 363 2587 ⁸
395 2548 602 2615 Comp..
628 2556 681 2599 ut
713 2550 766 2601 in
795 2564 855 2601 ea
876 2547 1090 2600 modice.

339 2616 496 2687 ει,Αι.,
528 2619 758 2671 dimidia.

2012 2419 2035 2445 ο
2061 2406 2226 2472 Flor.,
2254 2405 2484 2471 Conch.,
2516 2416 2808 2472 pensantur.

2015 2477 2034 2515 ί
2067 2478 2238 2542 Cass.,
2266 2476 2437 2542 Flor.,
2471 2476 2808 2531 Novembres.

2014 2557 2039 2594 ε
2076 2548 2449 2613 Recenliores,
2482 2556 2538 2600 ut
2564 2547 2887 2615 parvissima.

1575 2851 2195 2920 COMMENTARIUS

348 3007 536 3061 Hiemis
566 3016 808 3072 tempore,
833 3004 964 3075 etc.j
988 3003 1136 3059 Licet
1161 3018 1355 3075 annum
1382 3011 1609 3075 quatuor
1631 3000 1684 3054 in
1716 3014 1836 3075 par-

269 3088 351 3133 tes
378 3076 608 3145 aequales
647 3070 760 3130 sive
790 3070 1134 3142 tempestates
1162 3070 1412 3145 dividere
1446 3072 1688 3145 soleant,
1722 3070 1839 3145 hie-

269 3164 410 3202 mem
441 3141 671 3210 scilicet,
714 3160 860 3214 que
875 3141 1024 3213 juxta
1051 3146 1108 3197 S.
1153 3144 1409 3214 Isidorum
1456 3157 1543 3195 \lll
1588 3141 1840 3194 calendas
1888 3160 1891 3165 ·

271 3218 581 3271 Decembris
609 3213 819 3283 incipit;
844 3213 993 3283 juxta
1022 3214 1237 3268 Graecos
1257 3224 1309 3267 et
1332 3213 1618 3283 Romanos,
1651 3230 1672 3283 ς
1707 3224 1841 3283 quo-

270 3301 419 3348 rum,
468 3286 636 3351 inquit
684 3280 1049 3350 ll’ildet'narus,
1091 3283 1143 3337 in
1189 3283 1490 3351 hujusmodi
1544 3280 1843 3349 disciplinis

270 3357 449 3425 potius
479 3352 639 3425 2&5
662 3354 1194 3425 qiuamillispanorum
1216 3354 1503 3425 auctoritas
1528 3352 1678 3420 sequi
1709 3365 1840 3425 con-

1941 3013 2072 3053 sane
2092 2998 2397 3068 explicatio,
2422 2998 2712 3052 dummodo
2738 3007 2977 3067 tempore
3004 2997 3059 3053 S.
3088 2999 3147 3052 P.
3180 2998 3453 3055 Benedicti
3488 3002 3533 3057 is

1944 3068 2107 3123 fuerit
2136 3069 2186 3122 in
2221 3068 2460 3122 Ecclesia
2485 3068 2645 3123 ollicii
2679 3068 2840 3122 divini
2884 3069 3137 3121 recitandi
3171 3084 3319 3134 usus,
3345 3072 3432 3138 qui
3464 3072 3533 3125 ab

1944 3153 2060 3193 aevo
2092 3138 2384 3193 Hildemari
2411 3140 2476 3192 ad
2508 3150 2749 3193 nostrum
2774 3153 2943 3207 usque
2962 3149 3288 3206 perseverat.
3321 3144 3385 3195 At
3411 3155 3532 3194 cum

1946 3210 2101 3263 nobis
2130 3210 2181 3262 id
2213 3222 2317 3261 non
2347 3219 2577 3272 constet,
2611 3224 2709 3263 nec
2737 3208 2954 3262 aliunde
2979 3219 3233 3275 appareat
3272 3210 3332 3265 S.
3364 3210 3532 3264 Bene-

1946 3279 2145 3332 dictum
2176 3278 2318 3333 diem
2365 3279 2612 3333 Octobris
2660 3278 2724 3333 l6
2758 3278 2842 3332 hic
2888 3278 3250 3335 intellexisse:
3279 3280 3533 3335 calendas

1948 3348 2264 3403 Novembris
2303 3347 2359 3400 in
2386 3350 2613 3403 naturali
2651 3358 2703 3402 et
2727 3349 2959 3419 genuino
2986 3364 3147 3403 sensu
3174 3349 3498 3415 accipientes
3516 3392 3532 3414 ,

271 3412 637 3486 suevit;ij
656 3412 772 3478 idus
796 3412 1138 3488 Novembris;
1166 3440 1275 3486 ver,
1303 3424 1441 3488 quod
1465 3412 1620 3491 juxta
1646 3421 1839 3489 przedi-
1870 3412 1917 3474 C
1949 3419 2185 3491 primum
2218 3419 2375 3491 ltuju_s
2400 3420 2601 3491 mensis
2615 3412 2758 3491 diem
2790 3419 3208 3491 intelligendum;
3226 3412 3552 3491 censemus..

273 3503 420 3548 ctum
450 3493 704 3547 lsidorum
737 3507 825 3548 vnt
854 3494 1105 3548 calendas
1144 3494 1338 3558 Martii,
1362 3489 1511 3561 juxta
1542 3489 1759 3546 Graecos
1791 3499 1846 3543 et

274 3562 546 3617 Romanos
591 3577 660 3617 vu
707 3564 823 3617 idus
862 3562 1166 3626 Februarii;
1199 3560 1439 3618 testatein
1522 3576 1644 3630 qua:
1691 3560 1845 3627 juxta

274 3632 538 3687 Isidorum
564 3648 655 3686 vm
682 3635 931 3688 calendas
952 3633 1115 3699 Junii,
1141 3634 1290 3702 juxta
1320 3631 1535 3686 Graecos
1565 3643 1618 3702 et
1647 3630 1845 3684 Roma-

275 3718 375 3757 nos
406 3718 474 3756 vn
500 3702 615 3756 idus
648 3703 801 3768 Maii;
827 3714 880 3758 et
903 3701 1244 3767 autumnum,
1284 3706 1371 3772 qui
1394 3704 1545 3771 juxta
1578 3701 1846 3772 ilsidnrum

276 3786 367 3827 vm
396 3774 649 3827 calendas
676 3774 1023 3841 septembris,
1062 3774 1211 3841 juxta
1242 3772 1460 3827 Graecos
1489 3782 1543 3827 et
1573 3771 1844 3825 Romanos

277 3856 349 3896 vn
380 3842 499 3896 idus
548 3844 808 3911 Augusti,
836 3844 1113 3898 exordium
1156 3844 1318 3899 ducit.
1369 3843 1571 3897 Tamen
1616 3856 1679 3897 ex
1706 3841 1848 3910 justa

278 3912 505 3966 rationis
553 3914 1019 3981 consideratione,
1074 3915 1478 3968 cenvcnientius
1525 3913 1850 3966 existimavit

279 3981 340 4036 S.
367 3982 427 4035 P.
461 3982 778 4038 Benedictus
807 3985 855 4037 in
896 3984 1209 4037 ordinandis
1253 3984 1449 4045 divinis
1501 3981 1690 4035 olliciis
1716 3982 1851 4034 duas

279 4060 490 4122 tantum,
515 4052 565 4106 in
595 4064 770 4121 partes
813 4068 1008 4106 annum
1039 4054 1298 4122 dividete,
1328 4054 1530 4108 scilicet
1557 4066 1588 4104 a
1616 4051 1853 4122 calendis

275 4120 605 4176 Novembris
637 4137 802 4191 usque
845 4125 909 4176 ad
934 4124 1154 4188 Pascha,
1202 4134 1255 4176 et
1284 4120 1322 4175 'a
1362 4123 1561 4177 Pascha
1593 4136 1759 4190 usque
1784 4120 1850 4174 ad

276 4191 561 4312 praedictas
602 4193 869 4247 calendas.
890 4192 1125 4247 Priorem
1163 4205 1363 4261 partem
1405 4193 1633 4246 hiemem
1664 4201 1850 4257 vocat,

316 4261 457 4312 iemis
482 4271 726 4312 tempore.
748 4264 932 4312 innuit.
962 4264 1085 4312 licet
1106 4263 1156 4312 in
1188 4279 1248 4312 ea
1275 4262 1471 4312 aliquid
1496 4262 1735 4312 autumni
1766 4276 1850 4312 ve-

316 4261 457 4332 iemis
482 4271 727 4330 tempore,
748 4264 932 4331 inquit,
962 4264 1085 4316 licet
1106 4263 1156 4315 in
1188 4279 1248 4317 ea
1275 4262 1471 4332 aliquid
1496 4262 1735 4314 autumni
1766 4276 1854 4315 ve-

277 4330 833 4411 risquecontineatur,
856 4334 942 4411 v_e_l
963 4334 1084 4401 quia
1101 4334 1322 4385 aliarum
1349 4330 1721 4411 tempestatum
1747 4347 1851 4385 non

279 4399 385 4454 nisi
412 4402 601 4470 aliqua:
645 4412 851 4470 partes;
884 4399 1054 4456 hiems
1080 4417 1206 4456 vero
1236 4412 1340 4455 tot-t
1370 4410 1426 4455 et
1466 4404 1669 4471 integra
1708 4401 1758 4454 in
1789 4416 1851 4456 ea

278 4473 774 4538 comprehenditur,
805 4482 859 4527 et
884 4488 913 4524 a
944 4473 1128 4539 majori
1179 4482 1325 4540 parte
1360 4473 1731 4526 denominatnr
1774 4481 1848 4525 to-

281 4542 417 4612 gum.
440 4541 527 4612 Vel
547 4543 669 4609 quia
690 4556 720 4595 a
742 4542 978 4604 calendis
994 4543 1307 4599 Novembris
1327 4542 1528 4612 incipit,
1545 4557 1649 4612 quo
1671 4557 1855 4598 mense

281 4608 457 4681 hiems
486 4608 690 4666 initium
715 4614 876 4681 capit.
1436 4608 1450 4612 ⁷
1496 4614 1499 4615 ⁷

353 4676 423 4731 Id
443 4690 525 4755 est
554 4697 585 4732 a
610 4676 835 4737 colendis
865 4681 1210 4755 Novembris.]
1238 4682 1489 4755 Calenda:
1536 4681 1747 4755 proprie
1776 4681 1853 4735 lo-

281 4749 495 4822 quendo
538 4760 662 4805 sunt
690 4754 847 4820 primi
894 4753 1094 4807 mensis
1124 4749 1377 4822 cujusque
1423 4749 1575 4807 dies:
1609 4752 1700 4822 sed
1730 4766 1851 4804 eum

282 4818 517 4904 calendar
539 4818 807 4904 δ’ἀρεςίῳο
828 4831 1016 4904 quarto
1045 4832 1137 4876 aut
1174 4818 1383 4904 decimo
1421 4821 1690 4904 se_xto_die
1715 4835 1856 4902 men:

282 4891 359 4942 sis
386 4890 735 4956 praecedentis
756 4890 1011 4962 incipiant
1040 4896 1335 4956 numerari,
1359 4894 1548 4949 merito
1577 4892 1661 4946 hic
1688 4892 1854 4959 quaeri

258 4968 465 5025 posset
482 4974 581 5027 QUI
612 4963 816 5018 ratione
841 4964 942 5017 iste
963 4964 1112 5017 locus
1136 4981 1167 5016 ιι
1198 4966 1422 5018 calendis
1453 4963 1753 5017 Novembris
1776 4962 1856 5015 iu-

284 5029 600 5109 telligendus
629 5033 727 5097 sit;
758 5048 826 5109 an
851 5034 1062 5109 scilicet
1082 5051 1109 5087 a
1136 5035 1222 5087 die
1255 5034 1320 5109 16
1347 5035 1613 5109 Qctobris,
1640 5046 1748 5109 quo
1775 5032 1856 5086 in-

284 5104 487 5164 cipiunt
536 5104 801 5157 numerari
848 5105 1172 5158 Novembres
1201 5105 1458 5168 calendas,
1500 5119 1567 5159 eo
1603 5104 1853 5157 nimirum

287 5169 449 5243 modo
476 5184 581 5238 quo
619 5186 736 5241 cap.
770 5172 837 5227 48
865 5174 1116 5229 calendas
1146 5175 1389 5229 Octobris
1420 5190 1515 5243 pro
1543 5176 1629 5229 die
1661 5175 1724 5227 l4
1751 5172 1852 5227 Se-

256 5248 265 5315 ᾗ
284 5238 541 5320 ptembrts
562 5238 815 5320 usurpat;
844 5258 910 5297 an
932 5260 1059 5320 vero
1080 5261 1117 5320 a_
1141 5238 1772 5320 primadie'Novembris.
1802 5244 1852 5296 in

286 5320 443 5381 quem
474 5311 710 5365 incidunt
761 5315 887 5381 ipsae
934 5311 1187 5368 calendte.
1242 5315 1576 5369 Hildemarus
1604 5315 1669 5368 ad
1701 5329 1852 5367 usum

288 5377 423 5454 [orte
449 5382 526 5454 sui
552 5377 805 5454 temporis
828 5385 1139 5451 respiciens,
1181 5386 1455 5439 existimat
1484 5401 1576 5454 per
1605 5384 1855 5439 calendas

288 5449 600 5523 Novembris
622 5449 1017 5523 intelligendam
1034 5468 1154 5508 esse
1170 5449 1498 5509 dominicani
1516 5454 1853 5523 primomen-

286 5520 360 5592 sis
383 5519 700 5577 Novembris
724 5519 827 5577 diei
856 5524 1229 5592 proximiorem
1246 5565 1260 5590 ,
1284 5527 1395 5578 sive
1426 5519 1598 5592 primo
1628 5526 1853 5581 Noveru-

291 5590 401 5663 bris
429 5592 541 5655 die,
571 5592 683 5646 sive
720 5590 871 5657 ante,
903 5595 1016 5647 sive
1057 5604 1237 5661 postea
1279 5590 1578 5663 contingat;
1616 5596 1683 5649 ita
1728 5606 1782 5649 ut
1810 5598 1854 5649 si

291 5662 420 5714 feria
447 5663 500 5725 2,
526 5664 560 5716 5
581 5671 671 5715 aut
698 5664 750 5725 4,
779 5664 1015 5718 calendas
1037 5665 1303 5731 eveniant,
1332 5662 1601 5718 institutus
1623 5684 1648 5716 a
1673 5665 1727 5719 S.
1757 5666 1855 5719 Be-

295 5733 506 5802 nedicto
534 5732 668 5787 nrdo
712 5734 973 5789 dominica
1003 5735 1336 5802 praecedente
1366 5736 1612 5802 incipiat;
1654 5736 1698 5787 si
1729 5751 1852 5788 vero

292 5801 420 5858 feria
450 5803 504 5865 5.
537 5808 570 5861 ϐ
598 5813 689 5859 aut
719 5805 959 5877 sabbato,
993 5801 1021 5861 tt
1052 5804 1312 5862 dominica
1343 5801 1595 5876 sequente
1642 5806 1849 5877 Optima

2012 3488 2196 3557 .Usque
2224 3492 2292 3541 ad
2322 3486 2573 3559 Pascha.]
2618 3507 2637 3542 ς
2688 3488 2888 3543 Pascha
2911 3528 2926 3554 ,
2955 3486 3125 3557 inquit
3166 3488 3532 3556 Hildemarus,

1949 3560 2246 3627 antiquitus
2280 3559 2518 3630 Ecclesia
2549 3558 2736 3630 quarta
2767 3558 2976 3613 decima
3022 3560 3142 3613 luna
3194 3560 3497 3630 ceirbrabat
3518 3602 3534 3625 ,

1948 3644 2264 3699 quocunque
2288 3629 2377 3684 die
2402 3627 2737 3695 occurreret;
2765 3645 2921 3698 quem
2950 3630 3109 3682 ritum
3133 3630 3230 3685 SS.
3263 3627 3449 3685 Patres
3480 3631 3535 3683 in

1949 3698 2403 3770 Nicmna’synodo
2440 3700 2852 3770 prohibuerunt,
2877 3700 3266 3755 constituentes
3314 3714 3419 3753 non
3450 3715 3536 3755 so-

1950 3768 2059 3823 lum
2084 3768 2260 3824 lunam
2284 3768 2588 3839 pasclialem
2607 3781 2661 3824 et
2682 3785 2914 3824 mensem
2945 3770 3235 3834 inquirere,
3257 3770 3349 3824 sed
3373 3771 3535 3825 etiam

1951 3848 2006 3895 et
2042 3840 2183 3894 diem
2215 3840 2645 3895 Resurrecuonis
2694 3840 2976 3894 dominica:
3006 3841 3324 3905 observue,
3354 3851 3456 3896 etc.
3512 3859 3531 3891 ι

1950 3910 2049 3964 Hic
2078 3911 2223 3964 locus
2252 3913 2294 3963 si
2325 3912 2378 3964 in
2406 3913 2581 3980 rigore
2609 3921 2870 3973 sumatur,
2902 3909 3041 3964 laede
3066 3911 3386 3964 allucinatur
3417 3911 3529 3965 llil-

1950 3981 2203 4035 demarus
2230 3980 2282 4034 in
2304 3995 2369 4034 eo
2390 3982 2531 4050 quod
2555 3981 2647 4044 ait,
2675 3991 2860 4048 quarta
2893 3981 3096 4033 decima
3126 3980 3271 4044 luna,
3300 3996 3534 4050 quacun-

1918 4064 2055 4119 vque
2100 4051 2381 4104 accidisset
2413 4051 2521 4117 die,
2555 4050 2829 4119 antiquam
2884 4050 3179 4104 Ecelesiam
3232 4051 3537 4106 celebrasse

1953 4119 2181 4174 Pascha.
2215 4122 2280 4173 Et
2307 4120 2524 4187 quidem
2572 4122 2623 4173 in
2658 4121 2786 4188 ipsis
2838 4121 3085 4173 Ecclesia
3111 4122 3379 4172 nascentis
3425 4122 3539 4187 pri—

1954 4189 2198 4259 mordiis,
2227 4189 2426 4244 Iuda-is
2468 4191 2532 4242 ad
2567 4190 2721 4245 Iidem
2765 4191 3040 4244 conversis
3083 4190 3315 4257 priscum
3349 4201 3535 4259 quarta

1954 4258 2159 4313 decima
2192 4261 2312 4312 luna
2340 4260 2508 4314 Martii
2543 4259 2744 4313 Pascha
2788 4259 3091 4313 celebrandi
3131 4274 3333 4312 morem
3386 4260 3537 4329 sequi

1956 4329 2275 4399 permissum
2320 4342 2435 4394 est;
2468 4340 2522 4384 at
2561 4336 2631 4384 ob
2659 4330 2915 4383 honorem
2943 4330 3224 4383 dominicae
3281 4329 3537 4385 Resurre-

1956 4400 2149 4454 ctionis
2175 4402 2531 4468 subsequente
2571 4410 2815 4470 quartam
2861 4400 3122 4469 decimam
3154 4399 3323 4453 Martii
3356 4400 3536 4455 lunam

1957 4470 2222 4525 dominica
2252 4485 2465 4540 semper
2491 4473 2542 4525 in
2576 4471 2809 4525 Ecclesia
2843 4471 3109 4539 paschalis
3151 4471 3413 4525 festivitas
3448 4487 3537 4526 ce-

1960 4541 2163 4596 lebrata
2191 4551 2293 4595 est.
2336 4543 2493 4596 Certe
2521 4552 2646 4596 ante
2685 4541 2968 4595 concilium
3016 4541 3286 4596 Nictcnum
3321 4542 3446 4594 illud
3481 4543 3533 4596 in

1958 4612 2263 4682 Arelatensi
2286 4613 2467 4666 canil
2513 4613 2782 4667 decretum
2818 4613 3008 4675 fuerat,
3055 4610 3216 4682 256
3247 4614 3536 4682 utieodem

1962 4681 2069 4745 die,
2096 4683 2195 4737 hoc
2221 4694 2303 4737 est
2333 4683 2619 4749 dominica,
2653 4698 2748 4751 per
2773 4681 3078 4736 universum
3101 4681 3284 4736 orbem
3319 4681 3538 4736 Pascha:

1965 4751 2171 4822 Domini
2224 4753 2416 4807 festum
2463 4754 2856 4817 celebraretur;
2902 4753 2952 4805 id
2984 4753 3125 4822 quod
3177 4754 3332 4821 longe
3381 4762 3536 4805 antea

1965 4821 2142 4875 Victor
2174 4838 2325 4891 papa,
2360 4833 2547 4877 coacto
2578 4824 2761 4876 llomte
2782 4821 3028 4887 concilio,
3062 4822 3407 4875 mandaverat
3434 4824 3536 4877 sub

1926 4934 1927 4937 η
1960 4906 2114 4959 [tanta
2146 4892 2732 4955 excommunicationis,
2763 4894 3178 4946 reclamantibus
3222 4894 3343 4946 licet
3380 4893 3537 4947 Asia-

1922 5002 1927 5005 .
1960 4965 2064 5025 nis,
2098 4964 2334 5016 maxime
2362 4963 2625 5017 Polierate
2660 4963 2926 5029 l'lphesino
2956 4964 3230 5032 episcopo.
3264 4964 3413 5028 Quod
3442 4965 3535 5019 de-

1958 5041 2161 5085 cretum
2195 5033 2261 5086 de
2282 5033 2601 5087 celebranda
2620 5034 2820 5087 Pascha
2838 5034 2925 5088 die
2940 5034 3208 5087 dominico
3236 5033 3287 5086 in
3306 5035 3538 5089 concilio

1961 5103 2291 5173 Autiocheno
2310 5118 2452 5156 anno
2481 5104 2607 5167 541,
2643 5120 2762 5157 can.
2797 5106 2849 5169 l,
2874 5107 3247 5169 instauratum,
3276 5105 3535 5173 plmimas

1962 5172 2012 5226 in
2043 5173 2290 5227 Hibernia
2318 5175 2521 5244 turbas,
2549 5191 2667 5242 qua:
2707 5177 2919 5229 srcculis
2960 5177 3160 5229 secutis
3199 5172 3535 5244 contigerant

1958 5259 2020 5314 ea
2050 5246 2116 5298 de
2152 5259 2333 5309 causa,
2364 5242 2582 5298 minime
2614 5246 2904 5314 prohibuit,
2936 5245 3005 5299 de
3033 5246 3225 5310 quibus
3272 5248 3298 5275 "
3354 5242 3369 5244 ⁷
3402 5260 3538 5299 orze-

1958 5313 2144 5367 I‘ation.
2168 5315 2234 5367 ad
2259 5314 2393 5370 Sec.
2426 5330 2481 5368 Ill
2514 5313 2737 5378 Bened.,
2769 5327 2916 5383 parte
2940 5332 2974 5368 ι.

2028 5384 2189 5438 Juxta
2236 5386 2692 5440 considerationettt
2737 5389 2949 5439 rationis
2994 5396 3168 5439 octava
3205 5385 3333 5437 liora
3376 5387 3537 5437 noctis

1959 5456 2270 5525 surgendum
2313 5455 2429 5527 est.]
2461 5459 2714 5521 Quatnam
2756 5459 2825 5511 sit
2860 5458 2988 5510 hora
3018 5458 3116 5510 ista
3150 5456 3323 5527 noctis
3345 5463 3534 5527 octava

1924 5524 2063 5577 non
2112 5524 2451 5580 consentiunt
2487 5530 2959 5581 commentatores.
3009 5525 3308 5579 Bernardus
3352 5524 3531 5577 Cassi-

1960 5597 2141 5649 uensis
2180 5598 2470 5665 respiciens
2495 5598 2559 5650 ad
2591 5612 2743 5650 nsum
2772 5599 2852 5650 sui
2883 5597 3157 5663 temporis,
3200 5593 3342 5647 dietn
3378 5605 3537 5649 natu-

1961 5668 2124 5719 ralem
2150 5667 2200 5719 in
2231 5670 2387 5720 horas
2415 5668 2483 5720 ‘26
2510 5668 2798 5731 dividendi,
2830 5678 3061 5737 mentem
3086 5679 3240 5737 suam
3268 5666 3338 5719 ita
3370 5667 3537 5733 expli-

1958 5746 2077 5807 cat:
2109 5754 2127 5785 t
2166 5737 2305 5791 Istud
2349 5741 2487 5807 quod
2528 5738 2655 5791 dicit
2705 5738 2878 5798 Pater,
2918 5735 3121 5807 Scilicet
3150 5735 3301 5807 juxta
3352 5738 3536 5807 consi-

1957 5806 2288 5863 derationem
2340 5806 2593 5865 rationis.
2648 5816 2858 5877 tempus
2909 5806 3195 5876 aequinoxii
3240 5806 3539 5864 sttondisse
