4074 6356
589 354 682 411 ιιι

1974 355 2031 413 8.
2070 354 2126 410 P.
2172 353 2527 412 BENEDICTI

3775 354 3897 411 ιιι

592 472 824 529 Videtur.
858 484 1000 537 quau
1032 462 1152 534 post
1190 448 1420 524 medium
1462 469 1793 538 Septembris
1822 472 2020 525 mensis
2045 486 2166 526 esse
2195 470 2248 528 Δ
2274 470 2398 524 utin
2426 470 2648 538 singulis
2671 469 2876 525 ordinis
2900 472 3239 527 monasteriis
3260 470 3463 527 feriatis
3490 468 3690 527 diebus
3726 470 3891 525 hora

590 540 960 606 dignoscitur;
986 551 1040 593 et
1072 542 1141 593 ita
1186 549 1305 607 post
1340 539 1467 592 illud
1507 540 1886 608 :equinoctium
1920 544 2165 608 Septem-

596 610 728 671 bris,
759 611 1055 665 November
1077 610 1234 664 habet
1262 610 1313 662 in
1337 619 1493 663 nocte
1521 609 1680 663 horas
1708 611 1794 664 H.
1818 609 2171 664 Considerate

592 694 725 748 ergo
744 681 883 746 quod
913 681 1208 733 November
1229 680 1386 733 habet
1408 679 1472 731 Η
1497 679 1656 732 horas
1680 681 1729 732 in
1755 690 1930 741 nocte,
1958 691 2012 732 nt
2037 681 2167 746 dixi,

592 750 803 803 dividas
829 762 1032 804 nortem
1063 765 1163 815 per.
1183 749 1432 812 medium,
1462 760 1513 819 et
1546 760 1823 803 remanent
1855 753 1903 802 in
1935 752 2171 819 qualibet

597 831 749 886 parte
788 821 959 873 noctis
999 830 1200 886 septem
1249 822 1429 883 horse;
1480 818 1614 871 facta
1660 832 1835 873 autem
1888 818 1993 883 jam
2039 820 2169 874 hora

594 898 784 942 octava
809 889 1070 942 modicum
1093 890 1198 942 erit
1225 889 1450 956 amplius
1474 889 1543 941 de
1563 890 1734 942 media
1760 898 1935 952 nocte,
1958 890 2170 955 quando

598 963 892 1013 surrexerit
928 959 1202 1027 horologio
1231 960 1495 1013 excitante
1517 959 1606 1027 qui
1648 959 1808 1013 habet
1838 960 2168 1027 horologium

598 1030 889 1095 custodire,
913 1038 961 1079 et
987 1030 1227 1083 accensis
1250 1030 1481 1082 lucernis
1500 1029 1760 1093 ecclesize,
1788 1046 1907 1097 quae
1929 1039 2171 1097 poterant

606 1109 825 1164 propter
852 1099 1206 1164 prolixitatem
1236 1101 1406 1152 noctis
1434 1098 1598 1151 fuisse
1624 1100 1941 1163 obscurataa,
1967 1115 2029 1153 ac
2058 1102 2172 1167 pnl-

596 1169 729 1221 satis
743 1169 1012 1235 campanis
1037 1168 1103 1222 ad
1126 1169 1500 1231 dormientium
1525 1168 1745 1222 fratrum
1763 1169 2167 1233 excitationem,

595 1238 768 1303 potuit
790 1239 1017 1293 transire
1042 1240 1258 1292 dimidia
1282 1247 1486 1292 octava:
1514 1239 1658 1291 hunc
1684 1248 1966 1306 antequam
1991 1256 2172 1293 surre-

596 1308 772 1378 xerint
802 1308 1011 1361 fratres.
1040 1310 1105 1361 Et
1133 1310 1420 1362 secundum
1455 1309 1781 1363 intellectum
1814 1310 1971 1362 istum
1998 1319 2171 1378 potest

596 1377 763 1443 accipi
782 1378 922 1446 quod
937 1378 1096 1432 dixit:
1118 1378 1270 1432 Juxta
1291 1378 1595 1432 considerat
1616 1394 1770 1433 onem
1792 1377 2012 1433 rationis
2034 1388 2167 1435 octa-

595 1460 660 1498 va
694 1447 821 1499 hora
868 1449 1039 1501 noctis
1076 1449 1397 1514 surgendum
1430 1460 1542 1511 est;
1576 1462 1627 1501 et
1668 1450 1784 1501 ideo
1814 1449 2075 1517 sequitur,
2114 1460 2172 1504 ut

598 1517 768 1588 magis
797 1518 935 1582 quod
976 1519 1185 1571 dixerat
1224 1519 1521 1572 declaretur
1561 1535 1573 1569 :
1606 1529 1662 1573 ut
1700 1519 1904 1573 modice
1941 1520 2172 1588 amplius

598 1587 667 1639 de
691 1588 861 1640 media
886 1597 1039 1641 nocte
1066 1600 1315 1655 pausetur
1341 1605 1354 1639 :
1383 1588 1514 1641 satis
1542 1600 1625 1641 est
1653 1590 1917 1642 modicum
1943 1587 2171 1657 amplius

601 1657 731 1707 hora
758 1657 998 1722 dimidia,
1028 1659 1109 1711 vel
1136 1674 1319 1724 parum
1356 1659 1487 1722 plus.
1530 1676 1547 1707 ι
1580 1658 1845 1711 Hactenus
1869 1659 2169 1713 Bernardus

597 1726 954 1797 Cassinensis,
986 1743 1049 1779 ex
1080 1729 1232 1797 cujus
1258 1727 1597 1797 menteihora
1628 1737 1748 1796 post
1776 1739 2008 1782 nostram
2034 1730 2169 1783 duo-

599 1794 862 1877 decimam
895 1794 1409 1890 media'su'rgendmn
1442 1796 1587 1890 foret
1609 1794 1762 1852 {vult
1787 1798 1925 1851 enim
1958 1808 2012 1851 ut
2034 1799 2169 1890 fasi-ta
2206 1832 2250 1890 Β

599 1865 713 1917 sive
759 1866 1045 1934 incipiente
1078 1869 1201 1919 liora
1232 1879 1414 1921 octava
1445 1868 1641 1930 noctis,
1686 1883 1803 1935 qua:
1843 1882 2026 1922 mense
2064 1871 2171 1923 No-

601 1935 805 2005 vembri
841 1938 1020 1989 statim
1063 1945 1181 2003 post
1212 1939 1436 1991 mediam
1470 1947 1679 1990 noctem
1709 1952 1926 1991 currere
1966 1939 2170 2005 incipit,

603 2002 860 2072 horologii
892 2002 1073 2059 custos
1103 2010 1362 2061 excitatus
1409 2016 1611 2073 surgat,
1648 2010 1697 2060 iu
1730 2009 2021 2061 oratorium
2054 2002 2175 2075 per-

600 2084 708 2142 gat,
729 2075 999 2143 lampades
1022 2080 1153 2130 forte
1172 2078 1459 2131 exsainctas
1483 2087 1573 2130 aut
1598 2078 1787 2132 saltem
1810 2079 1960 2132 valde
1981 2080 2173 2133 obscu-

604 2154 746 2196 ratas
769 2149 1042 2209 accendat,
1069 2148 1388 2213 tandemque
1413 2147 1477 2198 ad
1506 2149 1816 2200 excitandos
1843 2148 2173 2205 dormientes

607 2213 798 2285 fratres
825 2216 1029 2284 signum
1056 2219 1247 2284 pulset,
1278 2228 1434 2283 atque
1462 2216 1513 2269 in
1537 2232 1600 2269 eo
1622 2217 1853 2271 dimidia:
1878 2218 2023 2272 hora:
2054 2234 2174 2285 spa-

606 2284 743 2355 titttn
765 2284 1015 2349 insumat,
1069 2296 1188 2353 post
1239 2302 1399 2355 quam
1446 2288 1658 2340 excitati
1690 2288 1879 2341 fratres
1913 2284 2172 2354 surgant,

605 2352 778 2434 media
827 2356 1027 2434 scilicet
1082 2366 1201 2423 post
1244 2352 1481 2434 nostram
1530 2356 1899 2434 duodecimam
1950 2352 2170 2434 elapsa;

602 2422 741 2487 quod
772 2426 1054 2477 confirmat
1080 2422 1355 2493 exponens
1396 2426 1483 2477 illa
1515 2431 1675 2479 verba
1707 2444 1717 2478 :
1752 2428 1819 2479 Ut
1846 2422 2175 2481 modice'am-

600 2493 735 2561 ptius
779 2494 839 2544 de
885 2497 1051 2546 media
1102 2506 1246 2548 nocte
1276 2506 1546 2561 pausetnr,
1578 2496 1664 2547 tthi
1694 2496 1803 2549 ait:
1851 2514 1870 2547 ι
1918 2498 2059 2551 Satis
2093 2506 2175 2552 est

604 2561 870 2631 inodicum
902 2564 1127 2624 amplius
1156 2565 1284 2618 hora
1313 2565 1548 2626 dimidii,
1572 2569 1650 2618 vel
1676 2580 1860 2631 parum
1895 2567 2028 2629 plus.
2079 2588 2097 2619 ι

677 2630 728 2682 In
759 2632 1000 2685 eamdem
1027 2634 1135 2685 abit
1160 2636 1477 2688 sententiam
1501 2630 1957 2689 Guidoiluveualis
1978 2637 2029 2689 in
2055 2654 2173 2689 ver-

604 2700 755 2754 sione
769 2700 964 2755 Gallica
992 2704 1204 2773 ltegulm
1223 2705 1276 2758 S.
1309 2704 1601 2763 Benedicti.
1628 2706 1811 2758 horam
1833 2708 2003 2759 noctis
2023 2718 2141 2761 ecta
2158 2738 2172 2748 -

506 2824 525 2843 .
605 2783 724 2843 vam
759 2781 997 2843 tempore
1032 2772 1222 2826 luetnis
1271 2774 1485 2827 circiter
1519 2774 1654 2827 intra
1687 2774 1916 2829 mediam
1956 2789 2169 2831 noctem

606 2846 659 2891 et
689 2841 871 2893 horam
903 2841 1126 2909 primam
1157 2843 1505 2896 constituens.

676 2909 778 2979 sed
813 2926 983 2979 neque
1008 2912 1230 2964 multum
1258 2913 1324 2965 ab
1347 2927 1407 2966 ea
1432 2912 1683 2966 recedere
1712 2912 1920 2966 videtur
1939 2913 2175 2969 Joannes

605 2979 671 3032 de
698 2978 1101 3034 Tttrrecremata
1122 3026 1136 3048 ,
1188 2982 1276 3046 qui
1308 2984 1468 3035 etiam
1497 2992 1737 3036 octavam
1758 2990 1765 2997 '
1784 2984 1957 3037 noctis
1990 2987 2173 3039 horam

608 3050 900 3103 secundum
935 3054 1330 3119 proportionem
1363 3054 1427 3106 ad
1459 3062 1665 3119 tempus
1696 3054 2038 3107 calendarum
2073 3056 2175 3107 No-

605 3121 842 3191 vembris
865 3122 1175 3175 sumendam
1202 3122 1502 3185 existimat;
1530 3138 1633 3187 quo
1650 3132 1906 3191 tempore,
1934 3135 1987 3177 ut
2017 3126 2175 3179 modo

2277 551 2395 607 post
2427 541 2655 595 mediam
2687 550 2898 595 noctem
2928 542 3192 601 secunda:
3220 542 3549 596 solemnibus
3574 552 3629 597 et
3673 541 3888 596 domi-

2276 612 2412 663 uicis
2440 611 2628 665 diebus
2656 613 2828 676 prima
2859 612 3063 678 vigilias
3085 614 3305 665 saerista
3338 612 3512 676 pulset

2347 680 2475 745 Quae
2502 696 2621 753 cum
2657 682 2725 735 ita
2751 697 2806 753 se
2834 682 3079 753 habeant,
3109 693 3291 753 octava
3322 683 3495 735 noctis
3525 681 3659 735 hora
3691 681 3884 753 modo

2276 748 2454 814 citius,
2490 751 2651 804 modo
2678 752 2880 804 tardius
2910 751 3193 815 incipiebat
3225 766 3320 818 pro
3342 755 3577 805 noctium
3608 749 3875 805 diversi-

2276 826 2405 872 tate.
2441 820 2503 872 Et
2533 821 2747 889 quidem
2794 835 2978 874 mense
3019 820 3337 885 Novembri,
3370 837 3477 890 quo
3530 838 3632 874 nox
3702 820 3881 887 juxta
3964 824 3969 831 ’

2275 901 2595 956 praesentem
2654 900 2894 943 nostrum
2952 891 3201 943 horarum
3248 906 3422 953 usum,
3471 891 3633 944 horas
3690 890 3882 943 habet

2275 960 2676 1025 quatuordecim
2706 1004 2720 1024 ,
2758 956 2885 1012 hora
2916 962 3087 1014 noctis
3116 971 3303 1015 octava
3351 963 3645 1014 secundum
3687 960 3879 1013 ritum

2276 1030 2548 1095 antiquum
2605 1030 2894 1098 incipiebat
2942 1032 3100 1096 paulo
3152 1040 3277 1084 ante
3320 1031 3681 1098 quadrantem
3744 1040 3878 1097 post

2276 1108 2509 1151 nostram
2562 1100 2743 1151 limam
2799 1099 3064 1165 primam,
3096 1110 3149 1155 et
3198 1101 3475 1155 destnebat
3510 1102 3674 1169 paulo
3737 1110 3874 1167 post

2272 1169 2621 1232 quadrantem
2649 1178 2883 1223 nostram
2900 1169 3084 1223 horam
3098 1172 3385 1224 secundam
3398 1172 3869 1238 subsequentem.

2276 1238 2456 1291 Mense
2494 1240 2766 1293 Decembri
2788 1280 2801 1299 .
2834 1255 2940 1307 quo
2973 1242 3287 1303 prolixiores
3316 1250 3499 1295 noctes
3525 1242 3697 1293 horas
3737 1254 3873 1293 sex-

2274 1308 2446 1379 decim
2466 1308 3029 1372 habent,boraoctava
3058 1311 3343 1377 incipiebat
3375 1311 3532 1379 paulo
3558 1320 3686 1377 post
3707 1326 3866 1377 qua-

2275 1376 2516 1431 drantem
2550 1390 2668 1447 post
2714 1380 2899 1433 horam
2926 1376 3429 1449 nostram’primam,
3458 1390 3512 1432 et
3555 1376 3866 1435 desinebat

2275 1450 2434 1513 paulo
2457 1460 2581 1503 ante
2612 1451 2827 1505 tertium
2851 1452 3194 1517 quadrantem
3230 1461 3351 1519 post
3380 1460 3617 1505 nostram
3650 1450 3863 1504 horam

2273 1520 2581 1573 secundam.

2344 1586 2461 1640 Jam
2494 1603 2621 1641 vero
2646 1590 2789 1657 quia,
2814 1597 2871 1642 ut
2899 1591 2969 1642 ait
2996 1589 3354 1654 llildcmarus,
3373 1610 3391 1641 ι
3416 1591 3636 1645 dubium
3668 1599 3770 1644 est
3795 1606 3866 1645 an

2276 1656 2564 1727 inchoante
2594 1669 2800 1719 octava,
2829 1675 2895 1710 an
2930 1660 3122 1721 media,
3154 1675 3219 1713 an
3263 1676 3427 1727 prope
3471 1664 3631 1714 linem
3680 1662 3869 1727 ipsius

2276 1725 2421 1780 horze
2442 1736 2645 1781 octavae
2672 1729 2991 1796 surgendum
3023 1730 3113 1792 sit,
3153 1748 3171 1779 ι
3201 1739 3257 1782 ιιι
3284 1725 3444 1783 fixum
3468 1730 3686 1798 aliquod
3709 1725 3869 1783 item-

2270 1812 2393 1864 .pus,
2422 1812 2525 1863 quo
2540 1798 2739 1868 diebus
2768 1800 2993 1866 singulis
3031 1800 3349 1867 regulariter
3375 1810 3621 1868 surgatur
3652 1800 3861 1865 (talem

2279 1882 2505 1936 namque
2533 1866 2695 1921 fuisse
2717 1867 2775 1922 S.
2794 1868 2853 1922 P.
2880 1866 3145 1922 Benedicti
3176 1866 3496 1923 voluntatem
3527 1870 3866 1923 existiman—

2276 1936 2400 2007 dum
2426 1936 2527 2007 est)
2550 1939 2870 2007 assignetur;
2902 1955 3022 1992 eum
3053 1939 3238 1992 eodem
3272 1939 3572 1991 llildemaro
3597 1954 3863 1993 asseren-

2276 2006 2399 2059 dum
2434 2006 2679 2070 videtur,
2716 2026 2733 2057 ι
2771 2020 2972 2076 quanto
3002 2010 3235 2061 minores
3262 2018 3387 2062 sunt
3417 2021 3601 2062 noetes
3632 2049 3648 2073 ,
3699 2018 3861 2076 tanta

2278 2091 2441 2157 prope
2460 2077 2615 2130 linem
2645 2074 2807 2144 ipsius
2833 2080 2975 2157 ltorre
2989 2079 3183 2133 debere
3208 2079 3414 2146 signum
3440 2078 3610 2157 tang_i._
3636 2096 3654 2129 ι
3685 2074 3861 2157 2‘8

2276 2156 2329 2199 et
2360 2156 2578 2217 econtra
2608 2157 2806 2217 quanto
2836 2154 3088 2212 maiores,
3137 2158 3283 2203 tanto
3309 2164 3470 2217 prope
3496 2148 3751 2211 initium;
3778 2148 3858 2203 ita

2278 2224 2333 2267 ut
2382 2215 2521 2268 circa
2552 2215 2791 2271 mensem
2838 2218 3103 2283 Martium,
3134 2233 3239 2284 quo
3267 2215 3448 2271 octava
3483 2218 3655 2272 noetis
3720 2219 3858 2273 hora

2276 2284 2491 2357 circiter
2537 2287 2663 2341 hora
2692 2298 2872 2341 nostra
2906 2289 3072 2356 prima
3104 2290 3315 2342 evoluta
3348 2288 3549 2357 incipit,
3582 2299 3639 2342 et
3660 2290 3857 2355 elapsa

2278 2356 2509 2427 secunda
2546 2358 2741 2427 desinit
2763 2398 2777 2422 ,
2808 2367 2992 2410 octava
3049 2359 3275 2411 mediata
3307 2356 3631 2427 surgendum
3678 2359 3761 2411 sit
3790 2361 3856 2410 ad

2276 2426 2484 2493 signum
2515 2426 2815 2493 vigiliarum
2847 2430 3093 2494 primum,
3131 2438 3251 2496 post
3278 2430 3625 2493 quadrantem
3659 2429 3855 2495 pulse-

2279 2502 2364 2548 tur
2393 2497 2599 2562 signum
2640 2497 2931 2551 secundum
2952 2539 2967 2562 ,
2998 2498 3175 2564 elapsa
3207 2513 3334 2551 vero
3357 2501 3556 2565 integra
3589 2497 3727 2550 hora
3761 2513 3855 2552 oc-

2280 2574 2401 2617 tava
2438 2575 2680 2631 tangatur
2706 2568 2918 2621 tertium
2966 2575 3019 2621 et
3062 2568 3341 2633 ultimum;
3376 2568 3515 2621 inter
3565 2567 3853 2635 signorum

2278 2635 2417 2687 enim
2451 2635 2730 2688 intervalla
2762 2637 2992 2690 mediam
3024 2636 3207 2689 horam
3237 2638 3487 2704 explicari
3515 2638 3634 2691 vult
3682 2638 3853 2690 Sma-

2280 2704 2492 2774 ragdus,
2525 2704 2614 2774 qui
2636 2744 2651 2765 .
2683 2715 2739 2757 ut
2763 2706 2891 2758 dicit
2916 2704 3146 2759 Joannes
3174 2708 3316 2761 Bona
3348 2706 3366 2774 (
3388 2706 3460 2760 De
3488 2705 3662 2759 Diviu.
3686 2705 3852 2759 Psal-

2280 2773 2420 2827 mod.
2448 2789 2494 2825 ε.
2526 2773 2582 2833 4,
2612 2774 2638 2842 §
2666 2778 2727 2838 3,
2759 2791 2812 2828 η.
2841 2775 2876 2827 2
2900 2775 2940 2843 ),
2971 2778 3247 2830 tnonastici
3277 2778 3496 2843 spiritus
3524 2776 3851 2842 purissimos

2281 2843 2463 2897 latices
2490 2845 2541 2896 in
2572 2846 2685 2911 ipso
2712 2844 2857 2898 fonte
2883 2852 3107 2912 putarat.
3134 2844 3309 2900 Mense
3330 2857 3506 2899 autem
3538 2846 3846 2910 Decembri,

2280 2928 2386 2979 quo
2417 2912 2647 2980 majores
2674 2923 2793 2966 sunt
2825 2925 3031 2979 noctes,
3065 2924 3118 2968 et
3141 2917 3343 2970 tardius
3370 2917 3553 2983 incipit
3585 2914 3722 2968 hora
3754 2930 3848 2968 oc-

2280 2992 2417 3046 tava,
2449 2984 2617 3055 paulo
2649 2994 2768 3051 post
2809 2985 3051 3037 eamdem
3085 2985 3370 3053 inemptum
3419 2995 3692 3055 surgatur,
3731 2987 3841 3053 pri-

2280 3068 2531 3122 mumque
2571 3053 2870 3121 vigiliarum
2904 3056 3109 3121 signum
3143 3065 3406 3121 tangatur.
3438 3053 3684 3108 ultimum
3714 3070 3844 3108 vero

2281 3134 2461 3175 octava
2495 3125 2621 3175 hora
2661 3124 2910 3185 mediata,
2951 3125 3050 3177 hoc
3078 3134 3161 3177 est
3203 3126 3344 3179 circa
3388 3127 3569 3177 horam
3602 3134 3843 3179 nostram

604 3189 818 3243 dcebat
855 3191 1155 3244 Bernardns
1183 3194 1538 3256 Cassincnsis,
1570 3189 1961 3246 oet-iva'noetis
1994 3196 2121 3248 hora
2150 3212 2178 3248 a
2207 3192 2254 3254 C
2286 3194 2593 3253 secundam.
2626 3208 2729 3261 qua
2758 3194 3112 3249 communiter
3144 3198 3193 3248 in
3233 3196 3480 3249 omnibus
3510 3195 3718 3259 ordinis
3751 3210 3846 3248 no-

606 3270 787 3331 npstra
819 3261 1129 3315 duodecima
1174 3261 1527 3326 incipiensad
1556 3275 1792 3315 nostram
1836 3265 2060 3331 primani
2089 3266 2183 3319 de-

605 3329 753 3382 sinit.
790 3330 844 3402 In
875 3332 974 3383 huc
1022 3333 1194 3385 solum
1241 3331 1421 3385 differt
1457 3347 1484 3383 a
1523 3329 2007 3402 Berttartlo,'257
2040 3336 2177 3400 quod

539 3447 573 3455 ..
607 3414 712 3452 non
744 3401 977 3463 assignet
998 3418 1097 3469 qua
1123 3413 1271 3467 parte
1296 3403 1439 3455 hora:
1459 3410 1683 3467 octavae,
1710 3402 1881 3467 initio,
1911 3401 1985 3455 an
2005 3407 2143 3458 medi
2168 3423 2181 3455 ι

606 3469 810 3535 spatio,
841 3485 906 3522 an
951 3487 1078 3523 vero
1127 3474 1178 3524 in
1221 3473 1325 3525 fine
1370 3473 1690 3539 surgendum
1732 3474 1839 3526 sit:
1878 3474 2181 3529 Bernardns

605 3553 737 3591 vero
758 3542 942 3612 statim
976 3552 1093 3608 post
1123 3542 1409 3595 mediatam
1432 3552 1679 3598 octavam
1706 3543 2031 3612 surgendum
2060 3560 2181 3600 esse

605 3608 813 3661 asserit.

679 3677 859 3751 Neutri
884 3682 1058 3734 tamen
1079 3681 1411 3735 S.Benedicti
1427 3696 1641 3736 sensum
1660 3683 1898 3751 attigisse
1912 3684 2176 3750 videntur;

609 3763 767 3823 quem
787 3750 945 3823 etiam
972 3752 1137 3805 multo
1164 3752 1394 3823 amplius
1426 3752 1557 3820 fugit
1588 3750 1817 3822 Hispana
1835 3760 2179 3823 congregatio

610 3815 988 3890 _Va:lis_oletana
1016 3861 1031 3883 ,
1062 3837 1181 3890 qua:
1201 3863 1215 3884 ,
1250 3815 1515 3876 referente
1563 3832 1619 3876 et
1649 3815 1908 3890 probante
1942 3815 2179 3879 Knt'onio

610 3888 850 3953 Perezio,
891 3888 1093 3944 horam'
1125 3892 1296 3945 noctis
1328 3903 1567 3946 octavam
1595 3888 1661 3944 ad
1711 3894 1939 3948 mediam
1969 3905 2177 3949 noctem

608 3967 816 4032 statutt,
836 3974 900 4032 eo
930 3962 1109 4026 quoda
1127 3963 1365 4017 colendis
1386 3962 1692 4017 novembris
1719 3979 1747 4016 a
1778 3973 1965 4032 quarta
1993 3980 2179 4032 pome-

611 4028 816 4102 ridiana
840 4030 904 4082 ad
935 4034 1162 4086 mediam
1196 4043 1404 4087 noctem
1431 4033 1578 4087 horae
1604 4043 1724 4086 octo
1746 4028 2178 4102 intercipiuntur.

607 4099 812 4163 Quamv
835 4116 861 4154 s
888 4102 1025 4175 haud
1058 4104 1327 4175 improbet
1354 4120 1538 4157 eorum
1575 4105 1804 4171 praxim,
1851 4099 1954 4175 Qui
1974 4104 2179 4161 duabus

609 4178 813 4243 tantum
845 4182 962 4237 post
986 4174 1130 4226 horis
1153 4183 1398 4243 surgunt.

686 4239 792 4294 llos
820 4256 1007 4295 omnes
1036 4239 1354 4310 decepit'sui
1385 4244 1639 4310 temporis
1669 4258 1817 4306 usus.
1852 4245 1993 4298 diem
2023 4254 2174 4298 natu-

611 4309 779 4363 ralem
829 4313 882 4365 in
930 4313 1085 4365 horas
1123 4309 1304 4381 viginti
1337 4309 1566 4382 qualiter
1609 4316 1843 4382 aequales
1871 4315 2175 4380 dividendi;

610 4394 735 4451 cum
765 4388 942 4451 tamen
974 4392 1181 4436 veteres
1210 4385 1438 4437 maxime
1466 4384 1655 4446 Judaei,
1680 4384 1926 4444 llomani.
1958 4396 2013 4440 et
2036 4386 2170 4451 Itali,

610 4459 667 4501 ut
689 4449 923 4503 historiae
949 4460 1005 4505 et
1032 4452 1528 4505 mathematicorum
1560 4453 1679 4508 libri
1707 4464 1987 4519 testantur,
2011 4449 2177 4509 artili-

610 4520 998 4592 cialem‘diem,
1033 4520 1133 4592 hoc
1159 4532 1241 4574 est
1277 4532 1441 4575 totum
1484 4522 1612 4575 illud
1652 4526 1881 4590 spatium
1918 4527 2174 4592 temporis

611 4588 752 4653 quod
778 4590 845 4661 ab
870 4600 991 4643 ortu
1034 4591 1164 4645 solis
1206 4592 1273 4644 ad
1324 4606 1573 4646 occasum
1628 4588 1958 4661 iutereipitur
1991 4588 2045 4648 et
2074 4610 2171 4649 no-

609 4668 773 4722 etem,
803 4660 915 4730 sive
942 4669 1150 4729 tempus
1180 4661 1309 4715 illud
1334 4661 1475 4730 quod
1513 4661 1643 4716 solis
1672 4660 2083 4718 inter’occasum
2116 4674 2172 4719 et

609 4737 783 4804 ortum
812 4729 1058 4804 elabitur,
1084 4731 1134 4785 in
1159 4730 1319 4804 horas
1338 4729 1451 4804 sive
1480 4743 1658 4800 partes
1684 4733 1966 4788 duodecim
1992 4750 2171 4804 mqua-

611 4798 689 4873 les
710 4798 1683 4873 partirentur,modobreviores,modo
1706 4803 2041 4872 prolixiores.
2057 4798 2170 4873 'pro

610 4869 869 4941 brevitate
895 4880 985 4925 aut
1020 4873 1317 4939 prolixitate
1345 4876 1518 4927 noctis
1540 4883 1631 4927 aut
1651 4869 1755 4928 diei
1786 4890 1799 4926 :
1825 4889 1943 4926 nam
1964 4869 2165 4941 aestate,

609 4954 712 5006 qua
739 4939 1009 4996 breviores
1030 4952 1152 4996 sunt
1167 4954 1369 5008 noetes,
1390 4944 1534 4997 hora:
1554 4943 1759 4997 diurnae
1777 4939 2167 5012 prolixissimm,

610 5018 883 5081 nocturna:
910 5012 1257 5076 brevissimae,
1285 5022 1340 5067 et
1363 5028 1393 5067 e
1409 5029 1669 5068 converso
1685 5014 1873 5068 hiemis
1895 5025 2164 5081 tempore;

611 5079 751 5132 unde
769 5080 927 5133 horas
942 5082 1058 5135 illas
1073 5083 1330 5137 vocabant
1354 5085 1665 5153 inaequales,
1683 5101 1787 5139 non
1804 5085 1942 5152 quod
1959 5079 2094 5139 inter
2109 5102 2170 5140 se

610 5163 715 5224 non
729 5154 1185 5224 essentrmquales,
1204 5154 1298 5208 sed
1323 5156 1463 5223 quod
1490 5165 1732 5224 respectu
1762 5155 1865 5209 diei
1894 5156 2168 5223 sequentis

606 5218 687 5273 vel
722 5223 1089 5289 prmcedemis,
1122 5218 1217 5277 aut
1252 5218 1457 5279 diurna:
1486 5218 1630 5279 hora:
1672 5234 1919 5295 respectu
1952 5218 2169 5279 noctur-

606 5306 816 5353 narum,
845 5304 1069 5365 eicepto
1095 5295 1432 5363 aequinoctio,
1456 5306 1633 5349 essent
1664 5295 1950 5365 inequales
1976 5311 2166 5363 :quam

603 5362 1048 5417 consuetudinem
1081 5362 1174 5432 per
1204 5366 1397 5419 sazcula
1428 5366 1706 5419 duodecim
1740 5362 1796 5417 iu’
1824 5362 2057 5419 Ecclesia
2089 5367 2169 5419 vi-

602 5434 779 5498 guisse
806 5435 991 5488 scribit
1022 5435 1212 5488 Paulus
1245 5435 1820 5504 Lefort,Cistcrciensis
1849 5436 2161 5502 menachus,

604 5518 671 5555 eo
705 5506 755 5555 in
784 5504 961 5557 libello
981 5519 1137 5573 quem
1161 5505 1229 5558 de
1250 5506 1481 5573 antiquis
1501 5515 1555 5559 et
1576 5505 1843 5559 modernis
1872 5505 2017 5558 horis
2037 5521 2166 5559 eon-

604 5521 671 5555 eo
705 5521 755 5555 in
784 5521 961 5557 uueuo
1021 5521 1137 5558 uem
1161 5521 1229 5558 ae
1250 5521 1481 5573 anuquns
1501 5521 1555 5559 et
1576 5521 1843 5559 mouernts
1872 5521 2017 5558 nom
2037 5521 2160 5559 eon-

601 5573 813 5639 scripsit
841 5590 960 5639 cap.
1078 5575 1104 5644 §
1134 5577 1166 5629 5
1196 5574 1297 5644 (De
1323 5577 1486 5639 prima
1515 5575 1713 5628 vivendi
1734 5576 1929 5629 ratione
1949 5574 2160 5629 Cisterc.

605 5653 739 5714 part.
766 5648 1019 5712 tu,cap.t.
1052 5645 1078 5714 §
1113 5647 1184 5713 1).
1211 5646 1318 5699 lino
1348 5654 1532 5700 auctor
1562 5653 1643 5698 est
1661 5644 1902 5699 Julianus
1935 5645 2163 5699 Parisius

606 5710 751 5766 horis
775 5710 1122 5780 ίιιςιειιυιιὼῖις
1146 5710 1279 5769 usos
1310 5715 1471 5769 fuiss:
1499 5716 1881 5771 Cistercienses
1903 5730 2070 5783 usque
2093 5717 2157 5768 ad

603 5797 801 5841 annum
834 5784 986 5849 1429,
1013 5802 1115 5854 quo
1146 5787 1198 5842 in
1235 5787 1466 5858 generali
1512 5787 1745 5857 capitulo
1774 5789 2163 5844 constituerunt

2289 3263 2382 3314 stri
2415 3264 2749 3316 monasteriis
2781 3266 3022 3317 nocturni
3059 3266 3417 3319 celebrantur.
3445 3265 3509 3318 Et
3538 3266 3615 3318 sic
3642 3264 3844 3319 intelli-

2284 3333 2511 3399 gendum
2544 3344 2689 3399 puto.
2721 3335 2860 3401 quod
2890 3339 2963 3386 ait
2990 3334 3049 3388 S.
3076 3334 3135 3387 P.
3158 3334 3471 3389 Benedictus
3487 3337 3641 3403 justo
3666 3336 3841 3389 consi—

2284 3403 2596 3473 derationem
2622 3405 2854 3465 rationis,
2879 3413 2936 3457 ut
2964 3406 3119 3458 citius
3138 3405 3350 3473 quando
3373 3405 3691 3473 prolixiores
3715 3414 3841 3458 sunt

2283 3475 2454 3526 noctis
2484 3472 2651 3537 Itone,
2687 3474 2889 3527 tardius
2918 3489 3039 3527 eum
3069 3476 3340 3528 breviores
3369 3472 3619 3541 Surgatur
3652 3494 3665 3526 :
3699 3474 3839 3530 unde

2281 3543 2491 3607 quando
2509 3546 2827 3612 Smaragdus
2848 3543 2995 3604 dicit.
3019 3552 3075 3597 ut
3094 3544 3388 3599 dormiatur
3413 3563 3431 3596 ι
3454 3544 3583 3597 hora
3609 3546 3837 3611 septima

2281 3614 2453 3666 noctis
2485 3622 2613 3683 tota,
2648 3621 2703 3665 et
2745 3622 2932 3666 octava
2962 3614 3210 3675 dimidia;
3262 3623 3385 3668 tunc
3439 3614 3647 3683 pulsato
3687 3614 3838 3681 signo

2282 3695 2470 3753 omnes
2499 3682 2697 3750 pariter
2724 3693 2959 3748 surgant,
2983 3694 3036 3736 et
3064 3684 3143 3738 sic
3167 3684 3254 3737 illa
3278 3699 3397 3753 qua:
3427 3682 3591 3737 restat
3620 3685 3835 3738 dimidia

2283 3751 2412 3805 hora
2441 3753 2507 3805 de
2534 3760 2718 3806 octava
2741 3753 2876 3807 inter
2904 3756 3173 3821 signorum
3204 3751 3500 3821 explicetur
3528 3754 3829 3814 intervalla.

2282 3832 2337 3874 ut
2366 3826 2432 3876 ab
2460 3824 2557 3876 hac
2602 3823 2727 3875 hora
2760 3838 2897 3876 nona
2944 3825 3117 3876 noctis
3168 3825 3444 3878 inchoetnr
3483 3824 3677 3891 psalmi
3724 3823 3836 3877 laus

2286 3892 2395 3960 ipsa
2429 3904 2710 3960 nocturna,
2751 3910 2770 3944 ι
2804 3892 2873 3947 ita
2904 3893 3217 3959 capiendum
3246 3905 3329 3947 est
3360 3911 3374 3946 :
3406 3893 3537 3948 Cum
3567 3894 3840 3948 breviores

2281 3973 2407 4015 sunt
2452 3964 2622 4017 noctis
2666 3964 2834 4028 horae,
2868 3972 2989 4031 puta
3020 3978 3203 4018 mense
3230 3964 3447 4026 Martio;
3480 3978 3602 4018 nam
3630 3962 3839 4033 quando

2283 4033 2597 4099 prolixiores
2658 4036 2914 4099 existunt,
2978 4042 3032 4086 ut
3081 4049 3263 4088 mense
3312 4033 3618 4097 Decembri,
3654 4044 3840 4086 octava

2283 4102 2589 4163 inchoante,
2621 4114 2712 4155 aut
2742 4103 2929 4157 saltem
2960 4105 3117 4170 paulo
3147 4114 3263 4171 post
3299 4103 3621 4171 surgendum
3651 4114 3754 4166 est,
3785 4112 3838 4156 et

2282 4174 2459 4238 elapsa
2491 4174 2688 4235 media,
2722 4189 2839 4240 qua:
2871 4174 2923 4226 in
2950 4183 3185 4226 nostram
3220 4174 3403 4228 horam
3434 4174 3729 4226 secundam
3758 4174 3837 4225 in-

2281 4241 2426 4306 cidit,
2458 4243 2584 4296 dato
2624 4244 2813 4296 ultuno
2848 4244 3031 4311 signo,
3064 4244 3365 4312 incipienda
3395 4253 3658 4298 nocturna
3692 4243 3831 4303 laus;

2280 4313 2323 4365 si
2354 4324 2529 4365 tamen
2553 4313 2608 4367 S.
2643 4312 2958 4367 Benedictus
2982 4312 3153 4367 media
3191 4322 3316 4367 ante
3355 4314 3600 4367 ultimum
3626 4313 3835 4379 vigilia-

2283 4398 2400 4435 rutn
2434 4382 2641 4451 signum
2675 4382 2866 4437 fratres
2910 4398 3127 4451 surgere
3152 4384 3379 4437 voluerit
3405 4424 3421 4448 ,
3448 4397 3583 4451 quos
3613 4383 3835 4435 vestitos

2281 4450 2517 4505 dormire
2547 4451 2719 4517 jubet,
2743 4463 2800 4505 ut
2832 4454 2940 4506 sint
2968 4450 3158 4518 parati,
3191 4463 3244 4506 et
3268 4455 3407 4506 facto
3436 4450 3588 4521 signo
3633 4452 3834 4518 absque

2202 4554 2257 4614 D
2283 4525 3117 4614 [ΨΒ.,ΞΨὲῩἿῬῩῗκίῖῗὲῘίξῖῗῗῖἷὲῗῗ
3141 4522 3833 4614 ν.¹ἶὶ¹ἱῗθ1¹ξῖέ.²ἶ“ἒίζ⁸ἶῗὲῗὲῗί.ς

2280 4592 2520 4659 quamvis
2550 4592 2603 4645 id
2642 4593 2779 4644 haud
2817 4593 3119 4661 negaverim
3169 4602 3276 4645 tum
3310 4603 3521 4660 promer
3563 4594 3838 4652 Smarattdi

2274 4662 2670 4726 auctoritatem,
2704 4671 2811 4715 tum
2842 4666 2961 4730 quia
2992 4662 3044 4715 id
3071 4662 3337 4730 colligitur
3377 4677 3444 4716 ex
3473 4662 3692 4729 antiquo
3734 4660 3835 4714 0r-

2274 4731 2401 4786 dine
2430 4732 2853 4785 conversationis
2898 4732 3209 4785 monasticae
3241 4733 3298 4787 S.
3338 4731 3626 4786 Benedicto
3652 4746 3834 4798 perpe-

2275 4816 2391 4855 ram
2422 4803 2678 4868 ascripto,
2707 4801 2801 4855 sed
2833 4811 3008 4855 tamen
3044 4812 3290 4864 vetusto;
3330 4810 3439 4854 tum
3480 4802 3603 4869 quia
3650 4800 3702 4852 id
3732 4816 3834 4853 non

2274 4873 2503 4925 obscure
2537 4873 2766 4925 insinuat
2794 4872 2904 4940 ipsa
2929 4872 3126 4939 Regula
3152 4885 3273 4941 cap.
3298 4872 3391 4933 48,
3414 4871 3562 4938 plura
3586 4869 3653 4941 ad
3678 4870 3834 4923 horas

2274 4942 2437 4995 dii-ini
2465 4942 2625 4996 officii
2656 4943 2805 5011 signa
2838 4940 3309 5009 praescribens.Et
3335 4955 3463 4996 sane
3491 4940 3701 5011 modice
3724 4954 3834 4993 am-

2277 5011 2502 5089 pliusde
2531 5010 2886 5089 mediauocte
2916 5011 3179 5089 duntasat
3210 5026 3437 5089 pausare
3478 5010 3678 5089 debent
3717 5024 3831 5089 mo-

2275 5084 2427 5135 nachi
2449 5122 2464 5144 ,
2488 5082 2627 5149 quod
2657 5084 2925 5135 modicum
2973 5097 3081 5136 non
3100 5079 3223 5150 jam'
3254 5082 3547 5142 modicum,
3579 5079 3676 5133 sed
3716 5079 3835 5147 jure

2278 5152 2564 5205 maximum
2609 5151 2902 5216 videbitur;
2933 5152 2981 5206 si
3011 5153 3146 5206 ultra
3195 5154 3454 5221 integram
3497 5152 3683 5204 horam
3712 5164 3832 5221 cum

2276 5222 2495 5275 dimidia
2522 5221 2863 5284 extendatur,
2891 5237 3013 5276 cum
3061 5221 3130 5276 ad
3178 5224 3277 5277 huc
3311 5219 3577 5276 'sullicere
3604 5219 3837 5275 mediam

2275 5302 2478 5344 asserat
2508 5291 2807 5346 Bernardns
2829 5292 3181 5347 Cassinensis.
3220 5292 3285 5345 Et
3315 5293 3430 5345 haec
3458 5291 3613 5345 nobis
3636 5290 3831 5343 certior

2275 5362 2480 5413 videtur
2509 5362 2575 5416 de
2599 5362 2862 5430 assignate
2882 5379 2910 5415 a
2940 5364 2999 5418 S.
3020 5363 3079 5416 P.
3105 5362 3392 5417 Benedicto
3421 5363 3551 5415 hora
3583 5359 3835 5428 surgendi

2273 5431 2557 5497 sententia,
2591 5446 2750 5499 quam
2777 5433 3059 5487 confirmat
3088 5432 3427 5487 Hildemarus
3457 5431 3672 5493 iterum,
3715 5444 3831 5482 cum

2273 5501 2373 5553 sibi
2404 5502 2682 5571 objiciens,
2716 5505 2855 5570 quod
2882 5504 3159 5557 Decembri
3189 5512 3243 5556 et
3272 5502 3525 5556 Januario
3555 5515 3656 5571 nos
3680 5499 3838 5553 horas

2273 5571 2455 5625 decem
2476 5570 2540 5627 et
2561 5582 2682 5627 octo
2706 5572 2924 5637 habeat;
2955 5572 3242 5642 respondet
3263 5572 3322 5628 S.
3350 5571 3563 5626 Patrem
3584 5570 3650 5624 ad
3670 5571 3841 5642 atqui-

2274 5642 2527 5712 noctium,
2554 5659 2659 5712 quo
2689 5643 2881 5699 diebus
2904 5640 3059 5712 pares
3085 5652 3210 5696 sunt
3238 5653 3443 5703 noctes,
3471 5640 3795 5712 reSpexisse:

2345 5710 2411 5764 Ut
2467 5706 2661 5767 modice
2698 5706 2917 5783 amplius
2946 5715 3008 5766 de
3055 5713 3223 5765 media
3265 5720 3408 5764 nocte
3436 5706 3725 5783 pamturJ
3755 5708 3830 5783 ετ

2274 5784 2373 5836 hoc
2415 5785 2530 5840 loco
2576 5779 2909 5838 manifestum
2938 5792 3019 5847 est
3070 5797 3163 5837 eos
3210 5796 3239 5835 a
3288 5782 3588 5851 praestituta
3619 5779 3829 5849 Regium:
