4074 6356
244 370 351 424 813

1288 363 1560 433 ιιΕουιΑ
1592 359 2073 417 (ἷΟΜΜΕΝΤΑΤΑ.
2113 360 2265 415 CAP.
2311 359 2439 414 Vill.

3354 357 3461 413 Mil

243 482 404 548 liora
445 478 720 543 recedere,
759 478 848 546 qui
881 475 1564 548 mediahnoctesurgunt,’
1597 485 1653 529 ιιι
1691 483 1864 548 διιιιιΑ
1892 479 2031 548 quod
2061 480 2419 533 necessarium
2443 478 2572 545 erit;
2605 494 2623 530 ι
2649 491 2715 533 ex
2740 466 3227 533 Consuetudinibus
3247 477 3461 548 Clunia-

246 547 713 603 Bursfeldensesin
730 548 1043 609 Allemania,
1068 546 1427 601 Vallisoletaui
1453 548 1503 600 in
1530 547 1815 614 llispania:

244 636 388 682 nam,
415 620 558 687 quod
585 619 662 671 ait
693 620 951 671 Antonius
973 618 1153 681 Perez,
1209 618 1473 670 modicum
1522 633 1619 684 pro
1648 617 1817 687 nihilo

241 686 517 759 reputari;
552 688 816 741 modicum
839 698 941 750 est,
969 698 1022 759 et
1047 702 1140 759 pro
1166 687 1594 759 nitiilorepu'ari
1631 686 1809 739 debet.

234 800 241 803 -
310 756 383 813 Et
397 759 511 827 jam
533 759 715 828 digesti
742 756 999 827 surgant.]
1034 757 1180 828 Quod
1202 759 1275 809 ait
1307 757 1817 828 digesti'kinterpreg

241 826 423 883 tantur
447 826 683 897 nonnulli
715 829 929 881 decoctis
952 826 1092 886 cibis.
1122 827 1275 895 juxta
1324 827 1473 897 izlud
1509 826 1815 897 llieronymi

241 901 308 953 ad
334 894 682 953 Eustocliium
713 914 726 950 :
761 916 779 947 ι
817 899 897 952 Ad
914 894 1208 951 orationem
1254 896 1415 966 2&9
1445 896 1535 949 [illi
1582 894 1816 965 surgenti

200 1024 203 1025 ν
242 980 399 1024 nocte
428 984 534 1021 non
567 969 847 1035 indigestio
894 980 1097 1023 ruciutn
1132 967 1310 1033 faciat,
1358 966 1452 1019 sed
1504 968 1750 1019 inanitas.
1792 985 1810 1016 ι

240 1044 311 1093 At
333 1054 452 1092 cum
479 1040 535 1092 S.
561 1038 881 1091 Benedictus
910 1038 995 1090 hic
1019 1040 1261 1105 loquatur
1312 1038 1379 1089 de
1419 1046 1655 1103 tempore
1705 1035 1819 1089 liie-

240 1110 363 1172 mis,
395 1122 501 1176 quo
531 1107 725 1160 fratres
759 1108 967 1160 unicam
1000 1110 1061 1157 a'l
1092 1106 1815 1176 nonain_refemiouemacci-

285 1172 425 1242 iuni,
448 1174 563 1229 hac
603 1176 885 1241 praecautio
908 1190 1013 1230 non
1037 1175 1244 1229 videtur
1279 1173 1440 1242 fuisse
1469 1172 1793 1242 necessaria.

272 1238 425 1315 taque
453 1238 633 1314 digesti
682 1245 784 1315 hoc
818 1244 939 1315 loco
988 1245 1288 1315 significare
1312 1238 1537 1304 videtur,
1562 1249 1620 1294 ut
1647 1239 1795 1293 suffi-

242 1312 403 1369 cienti
434 1312 621 1368 somno
650 1312 853 1378 refecti,
872 1315 978 1381 jam
1010 1315 1113 1367 laeti
1138 1322 1195 1368 et
1222 1313 1427 1366 alacres
1456 1318 1695 1381 surgant.

196 1438 201 1441 .
320 1386 467 1449 Quod
483 1400 596 1436 i'ero
619 1394 773 1435 restat
805 1379 915 1449 post
938 1384 1158 1451 vigilias,
1183 1400 1212 1436 a
1237 1383 1481 1450 fratribus
1500 1380 1587 1452 qui
1614 1379 1798 1452 psalte-

242 1454 312 1505 rii
341 1457 415 1506 vel
437 1455 705 1505 lectionum
724 1452 916 1520 aliquid
939 1449 1186 1522 indigent,
1208 1449 1521 1505 meditationi
1554 1449 1798 1522 inserviav

243 1522 389 1594 tun]
434 1523 527 1576 Hic
577 1522 724 1594 locus
754 1518 1188 1594 stiardiflieu’ltate
1220 1538 1324 1594 non
1365 1529 1546 1583 caret;
1574 1518 1713 1594 unde
1742 1526 1798 1594 et

246 1588 394 1645 varie
422 1608 450 1644 a
479 1592 998 1654 variisintelligitur;
1026 1608 1145 1645 nam
1171 1592 1312 1659 quod
1335 1594 1407 1643 ait
1436 1606 1449 1641 :
1483 1588 1799 1659 meditationi

243 1662 562 1720 iuserviatur.
594 1660 894 1715 Bernardus
923 1658 1256 1715 Cassinensis
1294 1660 1469 1714 tribus
1498 1658 1670 1711 modis
1699 1672 1797 1709 ex-

245 1732 438 1794 ponit:
477 1749 493 1781 ι
534 1731 590 1783 ιο
632 1745 727 1798 pro
771 1732 947 1784 studio
988 1742 1041 1785 et
1084 1731 1799 1799 Scripturarnmpertracta-

192 1859 198 1863 η
242 1802 422 1861 tione;
454 1800 514 1849 2°
549 1796 646 1866 pro
674 1801 996 1868 psalmorum
1020 1796 1443 1854 silenti’sibimet
1470 1796 1799 1851 decantatio-

184 1929 193 1933 η
247 1885 349 1933 ne;
382 1870 443 1923 3°
466 1870 512 1923 si
536 1868 673 1939 Deus
705 1870 946 1936 dederit,
977 1885 1075 1939 pro
1104 1878 1303 1922 attenta
1349 1868 1799 1939 contemplatione

238 1940 501 2007 geltenna:
529 1938 594 1991 ad
616 1933 1129 2007 timenduin,’giori:e
1151 1939 1214 1991 ad
1236 1937 1672 1996 desitlerattdum,
1707 1933 1800 1987 Dei

237 2010 308 2061 ad
341 2007 646 2073 amandum,
676 2018 979 2063 sanctomm
1003 2009 1068 2062 ad
1092 2008 1431 2073 imitandum,
1466 2013 1800 2075 peccatorum

238 2078 310 2131 ad
334 2078 660 2147 fugiendum.
696 2095 717 2129 ι
1018 2146 1021 2147 ν
1107 2145 1134 2147 Α
1696 2142 1733 2147 ἠ

319 2142 592 2199 Είιτὶιιιιε
634 2148 779 2201 hisce
800 2145 1220 2209 expositionibus
1249 2148 1471 2213 primam
1510 2153 1564 2197 et
1589 2142 1801 2197 tertiam

242 2217 526 2268 admisisse
548 2216 757 2270 videtur
784 2218 839 2270 S.
874 2216 1242 2283 llildegardis,
1270 2217 1412 2268 hunc
1434 2217 1489 2269 in
1515 2215 1689 2267 locum
1725 2217 1804 2265 sic

245 2284 493 2339 scribeiis
527 2300 540 2338 :
580 2303 598 2335 ι
632 2286 754 2339 Post
784 2287 955 2339 noctis
990 2286 1216 2353 vigilias,
1250 2285 1301 2337 id
1330 2294 1417 2338 est
1446 2284 1661 2351 psalmis
1711 2297 1806 2333 no-

246 2355 450 2407 cturnis
482 2354 666 2416 finitis.
699 2356 1031 2409 intervallum
1063 2356 1257 2407 habere
1282 2369 1373 2421 per
1407 2353 1803 2408 meditationem

245 2427 547 2492 orationum
571 2433 661 2476 aut
688 2426 971 2480 lectionum
997 2424 1312 2492 designavit.
1343 2443 1361 2475 ι
1442 2486 1449 2489 ν

323 2493 492 2547 Aliter
518 2491 750 2547 Joannes
787 2491 1129 2548 Craesbeecli'
1152 2495 1292 2547 hunc
1333 2494 1507 2548 locum
1542 2491 1795 2559 explicat,

248 2562 472 2626 scilicet,
503 2580 521 2614 ι
547 2576 601 2615 ut
628 2579 781 2631 queui
812 2565 946 2617 forte
968 2565 1355 2631 imprudentem
1380 2574 1434 2617 et
1455 2561 1809 2630 negligentem

250 2632 449 2699 aliquid
477 2632 544 2687 de
572 2634 785 2700 psalmis
813 2636 896 2687 vel
926 2635 1024 2687 alia
1054 2634 1218 2686 divini
1240 2634 1402 2687 officii
1434 2646 1555 2701 pars
1587 2634 1636 2684 in
1664 2646 1811 2701 cout-

254 2702 401 2775 inuni
432 2699 629 2775 synaiti
660 2704 935 2775 praeteriit,
962 2704 1012 2756 id
1048 2704 1290 2775 privatim
1319 2699 1589 2775 suppleat.
1615 2720 1640 2775 i
1667 2699 1809 2775 Nova

253 2772 469 2837 quidem
493 2773 793 2839 explicatio,
819 2783 872 2826 et
904 2770 997 2826 sua
1028 2774 1259 2826 novitate
1281 2784 1472 2826 merito
1498 2770 1809 2838 rejicienda.

256 2840 419 2911 Addit
443 2852 659 2911 tamen:
691 2861 707 2892 ι
744 2841 839 2894 V'el
871 2842 959 2911 qui
989 2844 1131 2910 cupit
1160 2842 1388 2909 aliquant
1416 2843 1695 2894 lectionem
1721 2855 1811 2911 pii-

256 2908 391 2966 blice
405 2910 723 2964 recitandum
748 2908 974 2975 discere,
1000 2908 1091 2965 seu
1114 2908 1429 2978 cogitatione
1450 2917 1541 2963 aut
1559 2908 1814 2962 memoria

257 2982 551 3048 percipere,
585 2981 666 3034 vel
694 2996 859 3034 sacra:
890 2981 1177 3049 Scriptura:
1218 2982 1451 3042 studere,
1487 2981 1568 3033 vel
1599 2979 1699 3032 alia
1730 2992 1816 3029 ra-

260 3054 404 3103 tione
429 3050 668 3118 spiritum
699 3051 763 3104 ad
799 3054 1045 3119 pietatem
1078 3065 1351 3111 exercere,
1383 3050 1433 3103 id
1455 3049 1609 3103 faciat
1633 3062 1813 3100 secum

261 3121 589 3242 mleditando,
620 3136 723 3174 non
768 3136 887 3173 cum
919 3121 1036 3174 aliis
1071 3120 1423 3187 conferendo,
1452 3120 1575 3189 quia
1609 3129 1815 3185 tempus

261 3204 303 3242 Si
332 3205 454 3242 enin
486 3199 583 3242 est.
629 3209 647 3241 ι

190 3194 195 3199 ”
258 3190 454 3242 silentii
486 3199 583 3243 est.
629 3209 647 3241 ι

330 3260 397 3312 Αι
424 3274 548 3313 vero
568 3259 812 3313 Nicolaus
850 3259 1051 3313 Bravus
1097 3257 1491 3313 meditationem
1529 3257 1614 3312 bic
1643 3257 1811 3310 inter.

262 3338 501 3397 pretatur
531 3345 636 3382 non
682 3330 748 3383 de
795 3330 1012 3397 Spiritus
1052 3330 1531 3397 contemplatione;
1564 3330 1657 3382 sed
1695 3346 1714 3377 ι
1749 3326 1814 3379 de

258 3396 519 3452 exercitio
552 3400 691 3452 circa
739 3396 973 3466 psal‘iuos
1000 3410 1053 3453 et
1076 3396 1351 3463 lectiones,
1383 3401 1590 3465 aliaque
1618 3397 1812 3450 similia

259 3468 602 3521 addiscenda.
643 3488 660 3519 ι
698 3472 989 3523 Attendeus
1011 3470 1217 3523 scilicet
1256 3469 1320 3522 ad
1354 3484 1505 3521 usuin
1532 3477 1585 3522 et
1612 3483 1811 3520 morem

262 3553 376 3607 sua:
403 3541 850 3607 congregationis,
882 3554 1037 3606 quem
1089 3539 1258 3593 fusius
1303 3539 1556 3592 describi
1583 3538 1814 3591 Joannes

260 3605 544 3661 Caramuel
575 3605 657 3661 liis
685 3609 859 3661 verbis
890 3605 910 3659 ξ
944 3630 959 3657 ι
989 3608 1250 3677 Tempore
1276 3609 1415 3675 quod
1447 3608 1669 3661 interest
1695 3609 1811 3659 Iau-

260 3677 420 3730 dibus
440 3688 492 3732 et
519 3679 723 3746 primm,
757 3679 958 3733 licitum
982 3688 1064 3732 est
1084 3680 1384 3733 senioribus
1413 3678 1477 3731 ad
1504 3693 1628 3732 suas
1650 3678 1815 3733 cellas

261 3750 486 3818 reverti;
534 3748 716 3801 novuii
746 3764 871 3801 vero
911 3748 1225 3817 etjuniores
1265 3749 1423 3818 (tales
1461 3748 1681 3801 audiunt
1724 3748 1811 3815 qui

263 3832 370 3869 non
417 3817 609 3871 habent
638 3819 868 3886 quinque
908 3819 1252 3887 professionis
1277 3817 1450 3872 annos
1478 3826 1514 3883 ),
1545 3819 1670 3885 quia
1699 3833 1816 3870 cre-

266 3890 469 3957 duntur
498 3888 730 3954 psalterii
765 3888 991 3941 lectione
1020 3888 1256 3956 indigere
1275 3930 1289 3951 ,
1314 3890 1616 3957 congregati
1648 3887 1698 3939 in
1727 3902 1817 3939 cu-

262 3956 443 4008 biculo
468 3971 633 4024 prope
658 3957 1056 4010 calefactorium
1088 3972 1387 4025 pneparato
1417 3956 1587 4025 (quod
1623 3957 1811 4024 Hispa-

263 4027 384 4079 itice
414 4036 603 4079 vocant
649 4026 726 4078 La
771 4027 1151 4094 Lamparilla),
1188 4028 1508 4080 meditantur
1558 4027 1813 4090 psalmos,

264 4094 625 4163 mandantque
647 4098 935 4149 memoria).
956 4096 1054 4148 ISie
1073 4097 1339 4162 junioruni
1356 4106 1648 4149 coiiventus
1669 4104 1818 4148 actus

261 4165 659 4218 communitatis
686 4178 796 4229 est,
823 4169 905 4219 cui
943 4166 1189 4231 pitesidet
1230 4166 1447 4235 majoris
1477 4167 1652 4217 missa:
1691 4168 1819 4235 lteb-

261 4234 623 4299 domadarins,
650 4238 763 4289 sine
776 4238 927 4301 cujus
942 4236 1152 4289 licentia
1176 4236 1351 4289 nullus
1366 4234 1819 4301 potestdiscedere

262 4319 330 4354 ex
359 4304 450 4355 illo
476 4304 758 4357 loco.Cum
778 4306 990 4357 auditur
1013 4307 1217 4372 siguunt
1234 4307 1669 4373 prteparatorium
1694 4313 1819 4358 ante

264 4375 489 4440 primas,
513 4374 727 4427 advenit
767 4376 1017 4442 magister
1048 4375 1387 4437 novitiorum,
1433 4376 1519 4441 qui
1561 4374 1818 4427 lectiones

264 4455 375 4493 cori
403 4458 451 4494 m
507 4444 697 4511 recipit
724 4483 736 4499 .
766 4453 819 4496 et
849 4447 993 4496 videt
1020 4455 1273 4509 quantum
1313 4444 1504 4511 singuli
1547 4447 1820 4497 memoria:

263 4512 600 4567 tradiderint.
632 4516 767 4567 Ecce
792 4513 855 4565 ad
887 4514 1111 4566 litteram
1132 4514 1277 4583 praxi
1300 4514 1576 4567 mandatur
1602 4513 1820 4583 Regula:

261 4590 284 4635 ι
305 4591 456 4633 ἰιιιέ.
497 4601 515 4633 ι

220 4662 227 4667 '
339 4652 623 4705 Menardus
665 4651 824 4705 etiam
875 4652 1269 4706 meditationem
1327 4653 1411 4707 liic
1455 4653 1672 4721 exponit
1723 4668 1818 4720 pro

260 4722 438 4773 studio
474 4722 708 4788 psalterii
742 4732 793 4776 et
840 4722 921 4776 lec
948 4723 1149 4784 ionutn,
1200 4741 1217 4773 ι
1252 4732 1307 4776 ιιι
1336 4723 1547 4777 discant
1576 4723 1818 4779 rudiores

261 4800 409 4843 recte
436 4793 633 4860 legere,
667 4800 720 4845 et
741 4792 1373 4859 pronuntiarelecliones,
1396 4805 1452 4847 ei
1485 4793 1815 4861 psalterium,

262 4875 422 4927 atque
453 4868 609 4913 etiam
643 4860 1002 4929 interpretari,
1032 4864 1137 4915 into
1178 4871 1231 4915 et
1280 4865 1450 4930 ipsum
1500 4863 1814 4931 psalterium

263 4944 533 4999 memora:
564 4938 816 4983 mantient
842 4932 889 4984 si
922 4935 1159 4999 possint,
1197 4950 1215 4984 ι
1252 4934 1389 4999 quod
1438 4932 1717 4986 confirmat
1748 4948 1815 4987 ex

194 5030 197 5035 «
264 4998 385 5071 Vita
417 5004 472 5050 ὃ.
508 5000 723 5053 Οσιενίηἱ
758 4998 931 5071 250
961 5003 1091 5055 abba
1121 5002 1165 5056 is
1203 5004 1689 5069 Aqinscincteusis,
1725 5004 1813 5070 qtii

263 5068 491 5122 instiuit
517 5079 570 5122 nt
601 5078 719 5138 post
748 5068 949 5138 vigilias
981 5074 1121 5137 pueri
1164 5075 1228 5124 ad
1259 5068 1526 5126 lucernam
1559 5068 1810 5140 psalmos,

262 5149 319 5189 et
348 5140 631 5202 lectiones,
659 5150 710 5192 et
733 5140 920 5193 siuulii
953 5142 1291 5206 ediscerent,
1325 5152 1378 5196 et
1407 5158 1470 5197 ex
1520 5141 1814 5197 Concordia

266 5208 521 5280 Diutstani
551 5223 670 5277 cap.
698 5209 753 5262 2.
785 5211 1305 5280 Possetqtteiusuper
1330 5213 1553 5267 stabiliri
1577 5228 1640 5265 ex
1674 5214 1811 5267 anti-

262 5279 386 5351 quis
414 5279 709 5351 Germania:
740 5279 1224 5335 Consuetudinibtts
1253 5297 1405 5346 inss.,
1447 5285 1500 5336 in
1531 5285 1720 5351 quibus
1760 5300 1816 5336 ii.

262 5350 334 5422 {id
366 5349 477 5422 il:!_‘C
508 5350 764 5422 habentur
796 5367 811 5403 :
848 5369 865 5399 ι
900 5352 1199 5422 Qtiodvero
1229 5363 1389 5405 restat
1419 5362 1535 5420 post
1550 5349 1764 5422 vigilias
1784 5368 1813 5406 a

266 5419 539 5486 fratribus,
567 5420 657 5487 Qui
689 5420 929 5472 Psalteri
964 5430 1015 5472 et
1058 5421 1364 5483 lectionum,
1391 5419 1483 5477 seu
1508 5419 1683 5476 cantus
1711 5423 1813 5475 ali-

264 5489 390 5560 quid
421 5489 670 5560 indigent,
703 5489 1026 5560 meditationi
1059 5490 1393 5557 inset'vialitr,
1417 5494 1549 5545 sicut
1579 5493 1816 5560 prii-cipit.

266 5558 487 5627 ltegula,
513 5573 785 5626 usquequo
812 5559 1019 5625 aliquod
1046 5560 1293 5613 iudiciuin
1323 5561 1451 5614 lucis
1481 5558 1758 5629 appareat;
1792 5581 1811 5613 ι

262 5643 331 5681 ex
368 5632 587 5682 Statutis
620 5629 918 5700 Laltfl‘alll'l,
950 5646 1064 5690 quae
1107 5630 1395 5683 decernunt
1426 5637 1441 5697 (
1477 5630 1602 5700 Cap.
1638 5632 1726 5699 ‘1),
1761 5640 1817 5684 ut

265 5710 385 5766 post
418 5708 703 5751 nocturnos
745 5717 761 5749 ι
802 5699 1026 5752 infantes
1056 5715 1176 5753 cum
1211 5700 1557 5754 litminaribtis
1590 5702 1639 5752 iii
1671 5704 1815 5767 capi-

264 5770 378 5827 tulo
423 5769 474 5822 di
502 5769 702 5837 igenter
755 5787 782 5822 a
835 5770 1096 5839 magistris
1142 5770 1524 5836 custodiantur,
1564 5778 1813 5825 canentes

1895 551 2074 603 censis
2112 550 2444 605 monasterii.
2477 547 2528 601 in
2577 548 2768 617 quibus
2818 548 3094 617 Udalricus
3142 547 3457 617 exprimens

1893 620 2021 683 quid
2054 633 2148 682 per
2170 619 2499 673 intervallum
2529 616 2791 687 ageretur,
2811 634 2832 669 ι
2858 616 3025 685 pueri,
3055 618 3243 686 inquit,
3267 616 3461 687 sedent

1894 689 1945 741 iu
1973 688 2311 757 capitulo,et
2344 703 2440 755 per
2467 684 2699 755 aliquem
2722 684 3096 757 prrecinentem
3119 684 3332 740 cantum
3365 684 3460 738 ad-

1893 759 2136 820 discunt;
2176 776 2193 807 ι
2219 756 2523 820 denitiueex
2545 758 2658 810 Vita
2681 756 2739 811 S.
2773 756 2988 811 Gildasii
3013 757 3219 826 abbatis
3242 757 3456 826 Ruyen-

1894 827 1968 880 sis
2001 844 2055 880 ιι.
2080 826 2149 878 42.
2171 826 2327 897 (Sive.
2361 841 2376 878 i
2410 826 2623 891 Bened.,
2646 844 2765 897 pag.
2797 828 2921 894 150)
2949 844 2963 880 :
2992 825 3204 897 «,Nocte
3232 825 3460 897 quadam

1894 898 2019 949 dum
2054 894 2285 960 pueriles
2316 898 2558 949 monachi
2587 894 2653 949 ad
2681 894 2915 949 mensam
2944 895 3213 960 sederent,
3237 904 3292 951 et
3321 894 3464 964 psal-

1884 980 2017 1019 mos
2045 966 2335 1027 firmarent,
2364 965 2700 1019 adveisarius
2721 965 2904 1019 adfuit.
2943 984 2961 1017 ι

1964 1034 2199 1088 Tandem
2231 1032 2401 1087 Guido
2429 1033 2704 1087 iuvenalis
2744 1036 2796 1087 in
2822 1036 3019 1089 Gallica
3051 1036 3299 1090 versione
3325 1047 3457 1088 san-

1897 1112 2040 1157 ctuiu
2078 1104 2419 1157 Benedictum
2449 1105 2519 1155 ita
2546 1105 2810 1174 intelligit,
2835 1117 2890 1157 ut
2919 1106 3004 1167 qui
3040 1106 3239 1174 legere,
3264 1104 3459 1173 proavi-

1897 1174 2027 1225 dere
2076 1182 2130 1225 et
2158 1187 2400 1240 quierere
2438 1173 2633 1238 aliquid
2674 1189 2807 1241 opus
2855 1176 3049 1226 habent
3084 1173 3133 1227 id
3163 1189 3461 1243 exsequan-

1897 1252 1983 1296 tur
2012 1256 2027 1293 :
2055 1243 2144 1295 alii
2177 1256 2304 1295 vero
2331 1244 2765 1308 contemplationi
2797 1259 2890 1295 seu
2924 1259 3104 1297 rerum
3151 1243 3461 1297 divinarum

1898 1310 2229 1366 meditationi
2258 1325 2466 1375 vacent,
2490 1313 2704 1381 Regula:
2731 1322 2928 1366 textum
2956 1322 3139 1366 contra
3170 1313 3326 1366 fidem
3348 1328 3463 1366 om.

1899 1384 2043 1434 nium
2081 1396 2208 1434 mss.
2248 1383 2316 1434 ita
2360 1396 2706 1444 corrumpens
2739 1399 2752 1433 :
2801 1382 2949 1446 Quod
2994 1398 3111 1435 vero
3158 1393 3312 1436 restat
3345 1393 3459 1451 post

1899 1452 2117 1521 uigilias,
2137 1469 2167 1503 (ι
2189 1453 2425 1520 fratribus
2445 1454 2660 1521 fuisiqui
2684 1450 2935 1515 Psalterii,
2949 1453 3024 1505 vel
3038 1451 3249 1504 lectione
3264 1450 3463 1521 aliquid

1898 1520 2152 1587 indigent)
2178 1519 2495 1574 meditationi
2522 1522 2839 1574 inservintur.

1979 1588 2041 1642 Ut
2073 1600 2248 1643 autem
2281 1592 2332 1643 iii
2364 1600 2504 1643 tanta
2535 1591 2841 1657 opinionum
2870 1591 3124 1643 varietate
3150 1590 3306 1643 etiam
3334 1590 3459 1657 quid

1901 1659 2130 1712 sentiam
2179 1661 2412 1726 aperiam
2452 1678 2464 1713 :
2500 1659 2698 1725 Primo,
2733 1661 2980 1713 existimo
3024 1660 3082 1714 S.
3126 1661 3464 1714 Benedictum

1901 1742 2018 1779 eam
2049 1744 2153 1782 non
2186 1732 2583 1797 pra-scripsisse
2614 1730 3013 1783 meditationem
3058 1744 3176 1797 qua:
3206 1733 3256 1783 in
3288 1746 3464 1785 terum

1903 1797 2201 1851 divinarum
2224 1800 2669 1866 contemplatione
2685 1800 2949 1860 consistit,
2974 1815 3131 1867 quam
3160 1800 3315 1867 vulgo
3344 1815 3468 1852 ora-

1907 1867 2066 1920 tionis
2106 1869 2348 1921 mentalis
2392 1869 2603 1921 nomine
2652 1869 3030 1931 intelligimus;
3066 1878 3176 1921 tum
3208 1872 3327 1933 quia
3363 1885 3466 1921 non

1903 1937 2112 1989 videtur
2123 1938 2374 1991 credibile
2391 1953 2509 1989 eum
2537 1946 2682 1991 tanto
2700 1938 2953 2003 temporis
2968 1938 3246 1991 intervallo
3262 1948 3469 1991 mentes

1905 2005 2285 2075 discipulorum
2332 2007 2665 2074 applicasse,
2705 2008 2793 2075 qui
2846 2007 2897 2060 in
2942 2018 3203 2061 conventu
3253 2009 3469 2061 omnino

1908 2074 2133 2127 breviari
2166 2076 2462 2130 orationem
2493 2076 2677 2142 jubet;
2715 2085 2825 2128 tum
2853 2079 2975 2143 quia
3020 2078 3062 2129 si
3097 2080 3164 2128 ita
3198 2086 3359 2141 esset,
3387 2079 3470 2129 liis

1908 2145 1996 2211 qui
2042 2144 2299 2211 psalterio
2327 2155 2381 2197 et
2410 2146 2636 2199 lectione
2684 2147 2939 2211 indigent,
2973 2147 3113 2199 aliud
3158 2157 3363 2213 tempus
3401 2148 3466 2198 ad

1907 2214 2304 2267 meditationem
2328 2216 2702 2282 assignandum
2726 2216 2929 2277 fuisset,
2960 2218 3095 2283 quod
3129 2225 3303 2269 tamen
3330 2218 3466 2269 liaitd

1909 2284 2064 2347 facit;
2091 2292 2198 2335 tuin
2230 2284 2457 2352 denique
2486 2289 2606 2350 quia
2636 2286 2689 2338 in
2719 2285 2945 2351 antiquis
2975 2287 3352 2338 monachorum
3383 2301 3470 2339 re-

1909 2354 2045 2421 gulis
2075 2354 2267 2405 nullam
2309 2355 2532 2407 orationi
2566 2356 2779 2407 mentali
2813 2354 2993 2407 horam
3028 2356 3275 2407 indiciam
3308 2356 3471 2408 fuisse

1910 2422 2153 2490 legimus,
2183 2438 2302 2476 cum
2336 2424 2386 2476 in
2417 2424 2561 2478 omni
2604 2425 2805 2478 locoet
2837 2435 3072 2493 tempore
3116 2424 3349 2478 cmlestia
3388 2425 3472 2493 ju-

1910 2506 2049 2561 gner
2070 2493 2467 2547 meditarentur.

1980 2561 2247 2625 Secundo,
2279 2563 2526 2616 existimo
2554 2564 2610 2618 S.
2640 2564 2699 2616 P.
2735 2562 2998 2616 Benedicti
3030 2577 3242 2617 sensum
3268 2562 3353 2616 ltic
3368 2564 3471 2617 loci

1914 2646 2017 2684 non
2046 2646 2185 2697 esse,
2220 2641 2276 2683 ιιι
2303 2636 2390 2700 qui
2436 2634 2485 2685 in
2524 2635 2745 2700 psalmis
2776 2642 2866 2685 aut
2894 2633 3208 2687 lectionibus
3249 2648 3343 2685 sua
3376 2648 3467 2685 ne-

1913 2703 2163 2768 gligentia
2201 2702 2252 2755 in
2298 2704 2566 2755 committi
2592 2704 2785 2773 synaxi
2823 2703 3019 2771 aliquid
3055 2704 3318 2766 omiserit,
3350 2711 3471 2773 post

1917 2772 2119 2837 vigilia.
2140 2772 2392 2824 omissum
2407 2772 2641 2837 repetat;
2664 2775 2901 2840 quamvis
2922 2774 2969 2823 id
2992 2788 3093 2827 non
3116 2772 3468 2826 omittendum

1917 2840 2056 2893 foret
2086 2856 2099 2891 :
2127 2856 2245 2893 nam
2283 2842 2396 2895 litec
2423 2844 2682 2895 sententia
2709 2857 2800 2894 sua
2832 2842 3063 2895 novitate
3090 2843 3399 2895 destruiiur.

1989 2910 2192 2970 Tertio,
2224 2926 2319 2964 nec
2346 2920 2470 2978 puto
2499 2914 2556 2962 S.
2592 2911 2797 2963 Patrem
2829 2914 3145 2978 praecepisse
3175 2921 3229 2965 ιιι
3259 2923 3471 2964 cantum

1919 2979 2089 3045 ignari
2118 2991 2239 3033 tunc
2270 2981 2522 3047 temporis
2548 2981 2835 3039 discctent,
2872 2996 3085 3048 propter
3131 2982 3325 3034 silentii
3379 2995 3473 3033 no-

1918 3051 2091 3100 ctutni
2119 3050 2450 3115 religionem,
2483 3066 2641 3117 quam
2672 3065 2731 3103 ea
2765 3050 2965 3102 ratione
3002 3066 3102 3103 non
3149 3051 3347 3103 violare
3378 3050 3474 3101 im-

1923 3118 2173 3184 possibile
2220 3120 2430 3183 fuisset,
2467 3121 2565 3173 nisi
2596 3136 2714 3172 cum
2762 3121 3030 3173 Bernardo
3057 3120 3355 3173 Cassinensi
3395 3120 3474 3171 iti-

1845 3197 1890 3260 C
1925 3188 2217 3255 tellgamus
2247 3192 2310 3260 de
2338 3194 2644 3260 psalmorum
2668 3190 2832 3241 silenti
2858 3190 3056 3243 sibimet
3090 3192 3473 3260 decantatione:

1922 3260 2042 3311 licet
2064 3274 2177 3310 eam
2214 3259 2374 3313 fuisse
2404 3275 2741 3313 communem
2773 3268 2825 3312 et
2850 3275 2983 3325 pene
3005 3265 3304 3329 generalem
3332 3259 3478 3311 ordi~

1917 3330 1998 3381 nis
2028 3329 2191 3381 nostri
2241 3344 2333 3396 per
2375 3346 2429 3395 x,
2460 3346 2510 3382 IIl
2551 3339 2604 3383 et
2646 3344 2715 3382 xu
2746 3331 2995 3383 saeculum
3040 3329 3475 3384 consuetudinem

1919 3414 2014 3465 pro
2045 3410 2323 3467 comperio
2350 3401 2628 3453 habeatur.

1986 3469 2205 3533 Quarto,
2225 3470 2292 3521 dli
2311 3484 2342 3520 ο
2367 3469 2425 3525 S.
2462 3470 2799 3523 Benedictum
2831 3467 2930 3523 lioc
2947 3470 3063 3523 loco
3090 3468 3195 3522 duo
3212 3468 3472 3537 attigisse.

1917 3538 2170 3591 lcetioncs
2216 3550 2268 3593 et
2300 3541 2531 3605 ps;tlmos
2574 3557 2586 3591 :
2642 3541 2862 3591 multum
2906 3549 3080 3593 autem
3112 3540 3163 3592 iit
3205 3554 3324 3592 eam
3355 3554 3475 3605 pro-

1917 3608 2126 3676 pendeo
2181 3613 2531 3672 sententiain,
2566 3625 2683 3677 quae
2716 3620 2858 3663 tenet
2893 3610 2951 3665 S.
2986 3612 3197 3664 Patrem
3230 3609 3475 3675 praescri-

1920 3679 2091 3745 psisse
2117 3689 2172 3732 ut
2201 3681 2443 3735 rudiores
2474 3679 2763 3734 cantandas
2789 3681 2902 3735 sive
2928 3680 3228 3734 recitandas
3270 3678 3477 3743 publice

1917 3749 2169 3803 lectiones
2202 3752 2443 3816 privatim
2476 3750 2847 3818 pra-viderent,
2876 3761 2928 3804 et
2958 3749 3274 3803 Psalterium
3304 3749 3474 3816 ipsum

1917 3820 2229 3873 memoriter
2245 3821 2510 3873 discerent
2542 3821 2720 3890 251,
2738 3822 2967 3874 maxime
2990 3836 3109 3873 cum
3138 3819 3478 3890 nondum'inf

1922 3899 2077 3941 venia
2110 3900 2222 3942 arte
2252 3888 2809 3960 iypograpliﬁafiuss.
2842 3891 3057 3944 codices
3084 3889 3265 3943 multis
3294 3888 3476 3944 referti

1918 3960 2125 4011 mendis
2157 3961 2208 4012 in
2237 3960 2473 4012 infinitus
2512 3976 2726 4014 errores
2766 3962 2905 4013 inter
2934 3961 3211 4026 legendum
3239 3960 3479 4027 iuniores

1918 4037 1972 4081 et
2005 4028 2278 4093 imperitos
2295 4032 2625 4091 imlucereni,
2649 4030 2915 4096 morisque
2942 4030 3096 4083 fuerit
3117 4031 3253 4096 apud
3274 4039 3481 4082 veteres

1925 4101 2217 4150 monachos
2257 4099 2573 4152 Psalterium
2609 4102 2919 4153 memoriter
2950 4102 3191 4155 discere:
3218 4114 3338 4149 nam
3378 4112 3481 4148 nie-

1920 4167 2075 4218 ditari
2104 4170 2241 4235 apud
2272 4170 2521 4235 antiquos
2552 4183 2694 4234 saepe
2724 4169 2951 4221 sumitur
2984 4185 3079 4236 pro
3117 4168 3346 4234 simplici
3376 4167 3482 4219 ιαμ

1923 4236 2089 4300 tione,
2120 4250 2174 4289 ut
2206 4240 2255 4289 in
2289 4239 2520 4291 secunda
2551 4239 2746 4299 Ilegula
2768 4238 2863 4290 SS.
2894 4237 3110 4290 Patrum
3133 4252 3250 4305 cap.
3281 4238 3335 4299 5,
3369 4238 3484 4290 sive

1924 4320 1955 4375 p
1987 4325 2018 4354 ιι
2043 4308 2249 4370 studio;
2297 4309 2437 4361 unde
2488 4309 2701 4375 antiqua
2734 4308 2909 4361 versio
2958 4308 3158 4361 Gallica
3208 4321 3310 4359 ms.
3342 4305 3486 4359 Con-

1923 4377 2136 4447 eltensis
2172 4378 2479 4431 monasterii
2527 4382 2668 4431 liuuc
2699 4378 2917 4447 Begultn
2947 4391 3145 4431 textum
3173 4378 3246 4430 ita
3282 4377 3438 4447 vertit
3468 4391 3482 4428 :

1922 4442 1994 4518 Le
2023 4454 2181 4514 temps
2203 4450 2287 4510 qui
2312 4457 2437 4500 reste
2457 4448 2606 4518 api-es
2626 4442 2888 4518 i'igile'soit
2910 4452 3097 4516 occupé
3127 4450 3157 4500 ὰ
3187 4449 3298 4499 dire
3322 4445 3488 4499 Psau-

1923 4515 2016 4567 tier
2042 4532 2106 4568 ou
2132 4519 2163 4568 ii
2198 4518 2417 4571 étudier.

1848 4560 1936 4656 D_
1993 4585 2207 4653 Quinto,
2242 4603 2344 4641 nou
2375 4588 2542 4641 solum
2575 4588 2922 4649 Psalterium,
2954 4589 3045 4642 sel
3085 4590 3219 4642 alios
3265 4590 3485 4656 insuper

1921 4653 2207 4723 Scriptura:
2246 4659 2408 4711 libros
2451 4675 2518 4712 ex
2571 4671 2747 4712 ineuie
2793 4661 2847 4712 ὃ.
2897 4659 3163 4711 Benedicn
3211 4653 3485 4711 memoria:

1920 4728 2371 4779 commendandus
2396 4743 2515 4781 esse
2556 4730 2824 4791 existimo,
2855 4731 3083 4782 maxime
3113 4744 3235 4781 cum
3264 4731 3488 4781 nonnul-

1920 4794 1999 4849 las
2020 4795 2275 4851 lectiones
2304 4799 2369 4849 ad
2397 4814 2528 4864 opus
2555 4798 2648 4851 Dei
2672 4800 2977 4854 memoriter
3004 4799 3215 4853 recitari
3241 4799 3486 4861 voluerit,

1919 4878 2322 4934 continuusque
2351 4870 2488 4935 apud
2522 4878 2726 4923 \etei'es
2754 4870 3042 4922 inonaclios
3090 4884 3215 4921 usus
3244 4870 3487 4921 obtinue-

1920 4936 2008 4998 rit,
2037 4935 2363 5004 Scripturani
2395 4938 2666 4992 memoria:
2689 4937 2992 4991 mandandi.
3048 4939 3199 4994 Addo
3230 4948 3483 5006 praeterea

1917 5007 2154 5076 occultos
2186 5006 2330 5059 illius
2358 5008 2639 5076 variosque
2665 5022 2854 5062 sensus
2880 5022 2998 5062 esse
3019 5008 3290 5062 rimandos
3313 5026 3327 5060 :
3363 5024 3482 5061 nam

1919 5073 2205 5143 Scriptura:
2224 5093 2388 5130 sacra:
2417 5073 2652 5131 studium
2684 5079 2818 5145 apud
2849 5093 2941 5131 eos
2973 5081 3294 5145 pra-cipuutn
3324 5080 3487 5132 fuisse

1918 5154 2156 5218 constat;
2192 5149 2330 5199 unde
2354 5149 2512 5200 etiam
2547 5147 2877 5201 llildemarus
2901 5149 3099 5201 uolenti
3124 5150 3344 5218 vigilare
3380 5149 3487 5201 fra-

1922 5216 2011 5275 tri,
2042 5223 2096 5269 et
2125 5217 2254 5288 iiiliil
2296 5232 2353 5270 se
2392 5220 2676 5283 adjuvaute
2720 5218 2943 5271 Domino
2985 5216 3223 5288 indigere
3262 5219 3484 5283 dicenti,

1925 5302 1942 5334 ι
1974 5288 2167 5349 Alibas,
2203 5286 2387 5354 inquit,
2420 5291 2576 5341 talem
2629 5288 3044 5355 propositionem
3087 5286 3244 5344 debet
3296 5305 3489 5356 propu-

1920 5369 2069 5417 itere,
2099 5370 2255 5424 quam
2289 5358 2373 5411 ille
2396 5360 2555 5411 l'iater
2585 5374 2687 5411 non
2721 5360 2884 5423 possit
2905 5360 3131 5421 solvere,
3162 5370 3215 5413 nt
3244 5358 3490 5411 lnunilie-

1922 5433 2066 5497 iur,»
2105 5429 2331 5497 aliquem
2385 5428 2588 5480 scilicet
2640 5431 2928 5495 Scriptura!
2982 5432 3154 5482 locum
3202 5428 3469 5497 pcidillici-

1919 5494 2020 5572 lem
2056 5494 2206 5563 cujus
2252 5513 2464 5551 sensum
2497 5502 2653 5552 l‘rater
2685 5494 2773 5553 ille
2822 5500 3091 5569 negligens
3134 5494 3486 5565 et'superbut

1920 5575 2143 5631 ignoret.

1989 5634 2170 5701 Sexto,
2203 5634 2429 5705 denique
2470 5652 2571 5705 non
2616 5640 2692 5690 sic
2723 5639 2884 5691 credo
2931 5637 3216 5703 Scriptnrzc
3248 5636 3485 5689 studium

1918 5703 2124 5775 aliaque
2150 5721 2267 5774 qua:
2301 5703 2527 5762 diximus
2555 5704 2583 5759 τι
2611 5710 2671 5761 S.
2703 5708 2985 5761 Benedicto
3014 5708 3248 5775 principi,
3277 5716 3333 5759 ut
3359 5724 3487 5760 ora-

1920 5773 2046 5828 tioni
2080 5773 2267 5831 vacare
2292 5778 2502 5845 valenti,
2529 5778 2666 5847 quod
2696 5778 2833 5832 Deus
2862 5777 2949 5832 dat
2975 5773 3213 5846 exsequi,
3250 5794 3481 5847 permis-
