4074 6356
617 339 718 395 us
1994 328 2050 385 δ.
2090 326 2149 383 P.
2192 322 2545 382 BENEDICTI
2624 392 2627 393 ί
3793 330 3900 386 us

624 472 742 511 sum
769 468 873 507 non
906 451 1083 525 fuerit,
1113 448 1498 525 maxime:ch
1533 446 1791 525 prolixius
1819 462 1975 525 orare
2004 448 2183 525 volen-
2214 445 2266 506 Α
2290 458 2511 525 exosum
2540 442 2744 525 habuit.
2771 451 2851 525 ut,
2879 442 3039 525 Petro
3066 442 3307 525 Dsmianl
3326 446 3736 525 referente_(lu_
3775 450 3895 525 Vit.

627 537 734 580 tem
766 527 816 577 in
848 514 1082 587 oratorio
1120 518 1372 573 remorari
1417 514 1549 571 infra
1592 517 1881 587 permittat.
1912 521 2083 585 Atque
2111 520 2182 587 ita
2296 515 2360 571 S.
2399 514 2607 587 Rom),
2636 531 2656 567 ι
2686 514 2883 587 siquis
2915 516 2979 587 ei,
3014 514 3361 571 confiteretur
3414 529 3535 587 post
3586 514 3897 576 duodecim

629 596 781 649 ttddn
808 583 1095 647 Aidue'nsis
1124 588 1412 644 monachus
1445 602 1543 641 usu
1589 586 1837 642 habuisse
1863 583 2057 642 dicitur
2082 588 2100 655 (
2124 585 2191 641 In
2298 586 2624 653 psalmorum
2652 584 2873 653 vigilias,
2903 586 2985 640 vel
3031 587 3261 640 maxime
3281 583 3758 644 circa-diluculum
3794 594 3900 644 oh-

638 666 758 717 Vitu
782 663 841 718 S.
869 662 1105 730 fingam,
1137 678 1190 714 η.
1223 660 1313 723 Η,
1338 656 1529 730 atecqu
1556 658 1609 725 ν)
1647 676 1662 730 t
1691 659 2190 730 postexpletionem
2296 655 2581 730 durmisse,
2616 668 2945 730 nequaquam
2978 664 3158 730 posset
3181 672 3247 711 eo
3270 658 3358 730 die
3374 673 3493 730 cum
3516 659 3633 730 ejus
3669 662 3898 715 licent'a

632 724 1227 795 mat.utinalis'synaxis,
1282 738 1337 780 ut
1379 729 1437 780 Β.
1490 724 1751 795 permittit
1796 724 2110 781 Benedictus
2141 728 2192 780 in
2300 724 2581 778 missarum
2641 725 2898 795 solemnia
2943 725 3237 780 celebrare.
3270 747 3288 780 ι
3341 728 3481 782 Idem
3535 729 3733 784 Petrus
3790 733 3897 785 Da-

635 788 873 859 διιιιονίο
903 788 1181 873 peculiaris
1206 788 1657 873 orationis_grat_ia
1686 798 1970 873 remorari:
1994 815 2012 847 ι
2056 867 2087 873 η
2186 863 2197 873 _
2300 794 2645 873 miani_lianc
2670 794 2800 873 _suis
2842 794 3013 863 legem
3067 800 3467 873 praescripserat
3495 800 3737 873 (qusc.
3799 803 3892 867 15,

708 872 859 941 Quod
891 863 1013 925 vero
1040 870 1099 924 S.
1129 868 1380 941 Paterait
1409 884 1442 920 α
1462 863 1820 941 fratribusgui
1845 863 2197 941 Ptulterii‘vel
2301 879 2416 941 sup.
2451 864 2551 931 l7)
2578 880 2593 922 :
2626 864 2792 941 tl’ost
2823 875 3135 941 nocturnum
3166 866 3399 941 officium
3430 863 3684 934 repetere
3730 863 3897 925 acc";

640 934 913 997 lectionum
961 938 1153 1005 aliquid
1192 939 1442 1008 indigent,
1463 934 1565 990 'sic
1604 938 1849 1006 intelligit
1891 936 2195 1008 Menardus,
2303 934 2471 1008 bitum
2498 936 2717 1008 omnino
2742 950 2847 987 non
2878 937 3039 1008 licet;
3073 937 3211 990 unde
3235 953 3352 1008 nos,
3384 948 3443 992 ut
3472 941 3586 994 haec
3616 943 3894 1008 regularis

641 1025 702 1069 ut
730 1013 919 1067 fratres
962 1004 1053 1078 qui
1094 1004 1350 1062 Psalterio
1392 1018 1481 1061 aut
1512 1008 1743 1078 lectione
1780 1004 1889 1061 non
1940 1007 2199 1075 indigent,
2304 1004 2644 1078 observautia
2673 1013 2853 1078 posset
2877 1005 3082 1078 facilius
3103 1007 3382 1078 custodiri.
3409 1009 3509 1063 hoc
3529 1004 3893 1072 instituimus,

643 1086 837 1138 liberas
868 1076 1089 1149 lioc’per
1119 1078 1451 1149 intervallum
1480 1080 1636 1149 horas
1665 1076 1915 1149 habeant.
1941 1080 2063 1145 quia
2098 1091 2204 1129 non

643 1154 819 1205 omnia
866 1152 967 1203 diei
990 1159 1257 1203 momenta
1297 1150 1355 1201 8.
1387 1148 1541 1201 Pater
1570 1148 1867 1201 minutatim
1895 1154 2206 1215 prosecutus

643 1232 747 1288 est,
778 1235 949 1287 neque
994 1218 1259 1273 ordinavit
1311 1218 1435 1286 quid
1492 1218 1629 1288 inter
1674 1217 1856 1271 laudes
1885 1228 1939 1288 et
1984 1220 2208 1286 primam

647 1286 760 1346 tieri
812 1286 1065 1352 deberet,
1108 1304 1284 1358 neque
1314 1298 1554 1356 tempore
1584 1287 1768 1358 jejunii
1805 1286 1931 1356 quid
1962 1303 1989 1339 a
2019 1299 2209 1355 vespe-

644 1364 722 1417 ris
765 1360 829 1414 ad
876 1357 1525 1414 collationis’lectionem.
1577 1357 1680 1411 Sed
1733 1358 2097 1420 llildemarus,
2155 1362 2213 1409 ut

648 1432 810 1485 modo
838 1431 1165 1493 dicebamus,
1190 1438 1369 1481 censet
1393 1430 1439 1481 ei
1458 1426 1559 1497 qui
1590 1426 1717 1480 nihil
1743 1442 1801 1480 se
1831 1428 2069 1495 indigere
2094 1439 2214 1479 cre-

649 1502 729 1555 dit
759 1502 916 1554 talem
943 1500 1009 1552 ab
1034 1499 1223 1551 abbate
1256 1497 1544 1563 Scriptura:
1570 1501 1914 1564 qumstionem
1942 1511 2061 1551 esse
2094 1510 2213 1563 pro-

691 1572 974 1632 onendam,
1026 1582 1182 1637 quam
1230 1568 1316 1621 ille
1360 1566 1573 1620 difficile
1618 1567 1811 1619 solvat.
1844 1566 2041 1620 Verum
2087 1579 2214 1637 cum

701 1642 868 1710 egola:
896 1635 1107 1710 textum
1137 1652 1243 1690 non
1286 1638 1459 1710 solum
1487 1638 1553 1689 de
1584 1637 1936 1710 prgevidendis
1980 1635 2219 1710 lectioni-

654 1706 759 1766 bui
782 1720 835 1763 et
892 1709 1149 1763 Psalterio
1193 1707 1501 1761 memoriter
1542 1706 1885 1769 addiscendo,
1916 1706 2011 1760 sed
2056 1706 2217 1758 etiam

654 1782 726 1836 de
751 1780 927 1834 studio
970 1778 1373 1846 scrutandisque
1413 1776 1701 1842 Scriptura:
1732 1775 1863 1829 locis
1909 1774 2221 1846 difficiliori-

656 1852 757 1906 bus
799 1848 1237 1917 explicuerimns;
1287 1844 1569 1969 nullusqite
1596 1848 1664 1898 sit
1691 1848 1778 1914 qui
1813 1845 1895 1899 bis
1932 1860 2037 1899 non
2085 1844 2222 1898 indi-

658 1932 800 1969 neat-
834 1934 1020 1969 omnes
1060 1918 1333 1969 :cuualiter
1363 1917 1447 1969 hic
1524 1916 1693 1969 ecula:
1720 1916 1868 1969 locus
1906 1926 2120 1969 tangere
2142 1914 2219 1967 di-

658 1932 801 1989 geat,
834 1915 1020 1972 omnes
1060 1918 1333 1985 :cqualiter
1363 1917 1447 1989 hic
1479 1915 1693 1989 Regula:
1720 1916 1868 1989 locus
1906 1926 2120 1989 tangere
2142 1915 2219 1989 di:

656 1983 861 2045 cendus
888 1999 1000 2051 est;
1045 1983 1331 2056 possetque
1362 1987 1430 2039 ita
1470 1983 1721 2053 intelligi:
1750 1986 1796 2040 A
1826 1986 2079 2039 fratribus
2119 1983 2222 2056 qui

657 2075 850 2113 omnes
900 2054 1135 2127 indigent
1189 2054 1448 2127 Psalterio
1489 2068 1545 2111 et
1594 2057 1843 2127 lectione,
1889 2054 2223 2109 meditationi

662 2131 979 2184 inserviator
1004 2126 1029 2182 τί
1052 2142 1171 2193 nam
1192 2128 1348 2181 verba
1390 2126 1477 2180 ilia
1506 2128 1594 2196 qui
1634 2126 1861 2196 indigent
1890 2134 2225 2196 notaut__cau-

662 2216 775 2254 sam
823 2199 976 2264 hujus
1020 2197 1288 2265 praacepti.
1316 2199 1396 2251 Au
1428 2193 1554 2251 vero
1586 2201 1653 2251 ita
1699 2193 2022 2250 intellexerit
2064 2193 2224 2265 Nico:

666 2272 779 2324 laus
805 2271 871 2322 de
900 2269 1172 2331 Fractura,
1196 2264 1315 2321 eum
1360 2266 1495 2320 facta
1541 2267 1643 2321 sibi
1686 2266 2007 2335 objectione.
2045 2264 2227 2332 «quod

662 2342 709 2396 si
735 2355 837 2393 non
867 2339 1100 2407 indigeat
1128 2339 1344 2405 psalmis
1368 2339 1452 2392 vel
1483 2338 1709 2391 lectione
1748 2337 2027 2389 intendere
2053 2376 2068 2399 ,
2094 2349 2228 2407 nun-

659 2412 787 2480 quid
820 2411 871 2464 in
900 2404 1051 2464 lectis
1068 2404 1139 2460 ad
1157 2408 1567 2480 pausandumse
1596 2406 1833 2480 ponent?
1862 2424 1880 2457 ι
1901 2404 2188 2480 respondet
2212 2423 2223 2457 :

670 2476 701 2530 ἱ
725 2482 876 2534 Dicas
906 2482 1043 2544 quod
1076 2493 1203 2541 non,
1237 2480 1360 2541 quia
1406 2479 1505 2531 etsi
1539 2493 1641 2531 non
1687 2476 1958 2546 indigeant
1991 2476 2227 2543 psalmis,

663 2552 745 2605 vel
797 2549 1135 2613 let'tionihu~,
1191 2562 1284 2601 seu
1331 2548 1663 2601 orationibus
1713 2548 1885 2610 quoad
1932 2546 2229 2601 doctrinam

664 2636 875 2683 eorum,
928 2619 1164 2685 indigent
1213 2627 1388 2672 tamen
1442 2618 1575 2686 ipsis
1620 2616 1779 2688 252
1804 2618 1973 2682 quoad
2005 2618 2229 2688 salutem

668 2691 965 2743 animarum
990 2690 1249 2755 ipsorum;
1268 2698 1320 2742 et
1343 2686 1774 2757 proptereaTlicit
1802 2687 2153 2757 Hieronymus
2165 2686 2232 2740 ad

671 2760 945 2815 Rusticum
976 2759 1291 2812 monachum
1320 2776 1336 2814 :
1364 2759 1639 2827 Nunquam
1681 2758 1748 2813 de
1775 2773 1933 2811 tnanu
1966 2765 2055 2810 tua
2082 2757 2231 2810 cadat

672 2831 1046 2899 psalterium.»
1094 2829 1359 2883 Caeterum
1406 2831 1491 2883 hic
1539 2830 1809 2899 przcterire
1856 2843 1959 2899 nou
2018 2842 2232 2899 possum

670 2894 812 2969 quod
838 2899 905 2953 de
931 2900 1027 2964 piis
1047 2900 1480 2968 Sanctigallensis
1503 2894 1812 2969 monasterii
1838 2894 2090 2969 Notkero,
2119 2897 2236 2969 llat-

670 2968 825 3041 perto
853 2980 905 3041 et
933 2970 1181 3041 'li‘ntilone
1212 2970 1506 3041 monachis
1534 2970 1719 3025 scribit
1751 2968 2234 3041 Ekkeliardusujn-

672 3038 790 3096 itior
819 3039 910 3107 (In
950 3040 1066 3094 Vita
1094 3040 1326 3102 Notkeri,
1360 3058 1413 3093 η.
1449 3042 1503 3105 4,
1537 3056 1653 3094 διες.
1685 3054 1717 3092 v
1744 3038 1978 3107 Bened.)
2012 3056 2023 3090 :
2064 3056 2082 3089 t
2115 3039 2239 3091 Erat

672 3114 842 3167 tribus
872 3112 906 3165 il
931 3112 973 3163 is
1002 3111 1447 3180 inseparabilibus
1468 3109 1816 3173 consuetudo,
1838 3108 2099 3176 permisso
2120 3108 2237 3177 qui-

671 3184 792 3237 dem
825 3183 1038 3251 proris,
1066 3184 1118 3236 in
1156 3181 1434 3234 intervallo
1462 3181 1675 3233 laudum
1713 3190 1993 3251 nocturno,
2037 3193 2233 3251 conve-

675 3254 793 3306 nire
821 3247 873 3305 in
917 3252 1221 3317 scriptorio,
1251 3251 1667 3321 collationesque
1697 3248 1786 3302 tali
1833 3249 1978 3302 liora:
2026 3247 2238 3318 aptissi-

675 3339 791 3379 mas
819 3324 885 3376 de
911 3321 1196 3389 Scriptnris
1236 3321 1430 3373 facere.
1464 3338 1482 3370 ι

748 3393 824 3447 Ex
852 3392 1011 3445 dictis
1034 3386 1294 3444 hactenus
1324 3398 1532 3443 constat
1555 3389 1846 3458 perfectum
1876 3386 1933 3443 S.
1968 3387 2240 3445 Benedicti

677 3464 999 3531 discipulum
1025 3470 1145 3528 post
1172 3468 1458 3513 nocturnas
1490 3461 1694 3529 vigilias
1724 3459 1918 3513 lectum
1949 3474 2056 3513 non
2086 3475 2242 3526 posse

680 3530 941 3602 repetere;
966 3531 1016 3584 id
1032 3533 1173 3599 quod
1200 3541 1308 3582 tum
1334 3531 1562 3602 antiquis
1581 3540 1688 3583 tum
1712 3530 2097 3602 recentioribus
2127 3545 2242 3584 mo-

680 3599 867 3659 nachis
896 3602 995 3663 sub
1022 3614 1210 3669 magna
1236 3600 1565 3655 districtione
1594 3611 1805 3653 cantum
1830 3599 2096 3655 videmus:
2122 3616 2241 3655 nam

682 3674 744 3729 8.
762 3672 1677 3742 Cbrysostomusmonachorumsui
1697 3673 1951 3742 temporis
1974 3672 2129 3724 vitam
2152 3672 2246 3726 de-

684 3739 1156 3812 scribens(Homif.
1179 3741 1267 3807 59,
1286 3742 1353 3793 ad
1367 3742 1542 3812 popul.
1558 3739 1842 3812 Αηιίοεήρ),
1864 3755 2012 3795 tcum
2031 3742 2245 3795 matuti-

686 3830 783 3869 nas
816 3811 1084 3867 orationes
1120 3821 1171 3866 et
1230 3811 1455 3882 hymnos
1500 3811 1919 3882 celebraverint,
1948 3812 2116 3882 inquit
2140 3852 2154 3873 ,
2180 3812 2246 3866 ad

689 3885 1077 3953 Scripturartnn
1096 3880 1373 3937 lectionem
1386 3890 1787 3935 Convertuntur.
1802 3881 1970 3935 ildem
1983 3880 2249 3953 dedigypc

689 3958 780 4010 tiis
803 3952 1078 4009 monachis
1095 3955 1282 4006 asserit
1306 3953 1593 4006 Cassianus
1621 3952 1673 4005 in
1698 3953 1789 4005 lib.
1817 3968 1871 4017 ιι,
1893 3966 2010 4020 cap.
2034 3952 2120 4006 η.
2144 3952 2246 4006 lte-

690 4028 793 4081 fert
819 4028 977 4079 etiam
1007 4024 1245 4077 Bullinus
1276 4022 1484 4092 (Lib.tn
1517 4023 1579 4075 de
1597 4021 1704 4075 Vit.
1737 4020 1949 4087 Pat.,n.
1974 4023 2096 4092 199)
2116 4039 2247 4076 non-

692 4098 867 4151 nullos
892 4095 1105 4157 fratres,
1129 4102 1355 4163 quatuor
1385 4104 1539 4148 nocte
1580 4092 1726 4147 boris
1766 4108 1974 4157 somno,
2017 4103 2247 4160 quatuor

692 4167 930 4235 psalmis,
956 4173 1184 4233 quatuor
1233 4164 1399 4217 labori
1452 4178 1701 4219 manuum
1747 4178 1963 4231 Operam
2012 4166 2244 4235 dedisse,

692 4238 751 4294 8.
765 4237 1028 4292 (ἰωεπίυε
1051 4238 1102 4289 in
1119 4235 1319 4306 liegula
1337 4235 1407 4306 ad,
1422 4236 1673 4306 virgines,
1689 4235 1965 4306 qualisest
1983 4234 2118 4306 apud
2137 4236 2251 4287 Bol-

693 4309 907 4361 landum
931 4307 1049 4361 Jan.
1072 4305 1158 4370 1‘2,
1178 4304 1473 4373 praescribit
1492 4314 1547 4359 ut
1568 4308 1727 4372 tipsa:
1742 4304 1936 4374 vigilia:
1952 4305 2026 4359 sic
2050 4313 2251 4374 tempe-

692 4389 897 4440 rentur,
918 4387 979 4430 ut
1004 4392 1121 4445 qua:
1149 4391 1275 4429 sane
1291 4386 1412 4429 sunt
1434 4386 1549 4442 post
1573 4376 1655 4445 vig
1683 4377 1777 4428 lias
1808 4390 1997 4429 somno
2027 4391 2131 4429 non
2160 4391 2254 4445 op-

696 4449 1021 4515 primantur;
1055 4465 1072 4496 »
1095 4446 1549 4517 etS.Aurelianus
1567 4445 1779 4517 (Regni.
1811 4461 1927 4515 cap.
1949 4445 2064 4514 28),
2090 4464 2107 4497 ε
2138 4458 2257 4512 post

2251 1819 2299 1881 B

2265 3152 2311 3217 C

2309 1084 2365 1128 ut
2386 1072 2622 1141 quotidie
2642 1074 2849 1142 signum
2879 1075 3123 1143 primitus
3154 1076 3218 1128 ad
3244 1078 3447 1137 vigilias
3474 1089 3628 1133 sonet
3653 1097 3668 1144 ;
3694 1082 3895 1136 deinde

2306 1144 2521 1217 expleto
2548 1159 2611 1197 ex
2632 1159 2792 1217 Amore
2825 1145 3108 1209 Psalter’m,
3138 1147 3219 1199 vel
3258 1158 3524 1217 .qnantum
3580 1153 3729 1203 ratio
3760 1148 3895 1204 te}...

2310 1207 2457 1282 poris
2494 1207 2831 1290 cousidet‘ata
2887 1207 3168 1290 permittit,
3199 1207 3422 1290 so'n'ante
3468 1220 3664 1274 iterum
3717 1222 3892 1290 signo,

2313 1285 2623 1357 nocturnale
2666 1294 2947 1353 peragatur
2977 1285 3233 1352 officium,
3277 1297 3333 1340 ut
3371 1288 3520 1357 juxta
3569 1285 3889 1351 diluculum.

2313 1368 2418 1420 quo
2449 1354 2697 1409 videlicet
2720 1364 2959 1420 tempore
2977 1358 3189 1425 gravius
3212 1354 3463 1411 incumbit
3490 1361 3709 1418 acedia.
3744 1373 3891 1413 stan-

2316 1432 2397 1496 tes
2445 1439 2545 1479 nos
2570 1434 2640 1496 _et
2682 1426 2960 1496 canonicis
3007 1427 3245 1480 inveniat
3293 1439 3580 1496 occupatos
3625 1431 3889 1484 officiis:

2316 1494 2520 1548 Statuta
2568 1493 2899 1568 Lanfranci_(
2924 1494 3106 1568 Capul
3144 1496 3267 1568 εἰ)
3302 1493 3617 1559 decernunt.
3654 1511 3725 1553 ut
3781 1512 3893 1568 post

2318 1574 2606 1635 nocturnas
2624 1565 2831 1633 vigilias
2848 1564 3039 1620 fratres
3061 1566 3112 1619 in
3139 1567 3306 1620 choro
3318 1569 3558 1635 sedeant,
3578 1564 3823 1626 infantes
3845 1573 3891 1624 in

2318 1634 2552 1709 capitulo
2571 1649 2691 1709 cum
2714 1636 2825 1688 suis
2850 1638 3119 1709 magistris
3138 1646 3358 1709 cantum
3384 1634 3700 1709 adducant,
3736 1650 3892 1709 atque

2323 1704 2533 1757 interim
2576 1706 2741 1773 prior,
2780 1704 3002 1760 accensa
3049 1707 3284 1773 lucerna,
3313 1707 3487 1763 videat
3531 1704 3895 1765 num’omnes

2324 1774 2570 1847 ordinate
2598 1776 2756 1845 253
2796 1776 3037 1841 sedeant,
3070 1777 3355 1847 omniaque
3382 1781 3699 1835 monasterii
3732 1797 3895 1836 mem-

2327 1844 2419 1898 bra
2443 1844 2794 1917 perlustrans,
2825 1860 2870 1899 si
2899 1861 3058 1917 quem
3081 1844 3433 1917 dormientem
3465 1852 3728 1917 reperiat,
3761 1855 3895 1907 exci-

2330 1915 2706 1988 tatumusiguo
2756 1916 2951 1988 reverti
2996 1917 3047 1970 in
3087 1916 3312 1988 chorum
3364 1915 3661 1988 praecipiat.
3700 1922 3893 1976 Eadem

2326 1998 2465 2059 pene
2494 1983 2771 2059 disciplina
2815 1983 3027 2059 vigebat
3064 1989 3202 2059 apud
3245 1983 3644 2049 Cluniacenses.
3672 2008 3894 2059 quorum

2328 2052 2557 2130 autiqua:
2587 2052 3006 2130 consuetudines
3037 2052 3172 2130 apud
3208 2058 3509 2130 Ud‘alricum
3539 2052 3894 2130 praescribunt

2332 2123 2480 2193 (Lib.
2516 2126 2845 2195 t,cap.4l),
2873 2137 2931 2179 ut
2983 2123 3201 2195 privatis
3239 2128 3447 2193 diebus,
3494 2123 3554 2186 si'
3589 2134 3761 2187 nulla:
3801 2136 3895 2188 sint

2329 2202 2557 2266 Ortavze,
2590 2205 2867 2266 postquam
2903 2197 3069 2252 semel
3105 2203 3460 2266 surrexerint,
3488 2202 3554 2255 ad
3587 2202 3767 2256 lectos
3799 2221 3891 2256 non

2331 2263 2806 2341 redeautsdeinde
2836 2266 2984 2341 factae
3025 2269 3419 2341 interrogationi
3447 2263 3701 2339 ’qnamiiu
3749 2275 3895 2327 dura.

2331 2343 2414 2388 ret
2459 2334 2633 2411 ipsum
2657 2338 3053 2411 _int-'_rvall_nm?
3086 2334 3435 2411 respondetur
3463 2334 3538 2396 sic
3589 2346 3892 2411 temperari,

2334 2414 2390 2457 ut
2421 2419 2515 2472 per
2543 2405 2670 2458 illud
2720 2407 2866 2474 prior
2894 2405 3193 2463 claustralis
3230 2424 3416 2465 omnes
3446 2405 3762 2467 monasterii
3790 2405 3897 2468 ofﬁ;

2332 2476 2482 2555 uinus
2527 2489 2843 2555 percurrere
2892 2479 3091 2545 possit;
3124 2489 3233 2533 tum
3265 2490 3319 2533 ut
3346 2482 3536 2536 fratres
3576 2484 3647 2555 de
3674 2487 3897 2539 ecclesia

2335 2543 2394 2599 Β.
2414 2543 2588 2619 Mariae
2614 2546 2773 2619 simul
2796 2543 3086 2619 exeuntes,
3103 2558 3378 2619 postquam
3400 2553 3679 2617 corporeis
3704 2564 3901 2610 natura:

2336 2616 2766 2682 necessitatibus,
2796 2617 2841 2671 si
2873 2620 2960 2692 qui
2987 2616 3278 2687 indigeant,
3310 2616 3669 2692 providerint,
3698 2625 3756 2677 in
3784 2628 3901 2679 cho-

2336 2699 2457 2763 rum
2476 2695 2843 2763 revertantur;
2871 2690 2955 2741 ubi
2986 2700 3147 2757 caput
3167 2693 3404 2763 coeperti
3419 2690 3683 2763 sedeant;
3727 2694 3901 2763 ibique

2336 2756 2588 2824 quidquid
2620 2758 2883 2827 voluerint
2918 2768 3010 2812 aut
3032 2756 3299 2827 potuerith
3332 2761 3561 2816 faciant:
3597 2756 3739 2818 nihil
3767 2756 3899 2819 enim

2339 2835 2468 2879 tunc
2505 2830 2760 2895 temporis
2794 2826 3046 2883 fratribus
3086 2831 3348 2898 agendum
3378 2836 3773 2900 praescribitur.
3811 2838 3902 2889 l’o-

2341 2903 2516 2973 terant
2541 2906 2717 2973 autem
2746 2901 2787 2951 si
2818 2901 3037 2973 vellen_t__
3058 2915 3301 2973 surgere,
3332 2903 3518 2957 altaria
3563 2906 3821 2973 circuire,
3851 2917 3900 2959 et

2340 2964 2958 3041 ibiipeculiariterorare.
2978 2969 3076 3024 Ubi
3099 2964 3543 3041 merito'eorrigas
3565 2964 3899 3039 Haeftenum,

2341 3038 2520 3115 qui_ex
2548 3052 2618 3115 eo_
2641 3038 2781 3105 quod
2820 3041 3160 3115 conqueritur
3178 3042 3376 3115 ’Petrus
3410 3038 3746 3099 venerabilis

2343 3106 2509 3181 multa
2534 3107 2707 3181 adhuc
2734 3119 2887 3165 nocte
2925 3106 2977 3164 in
3008 3112 3220 3181 hymnis
3250 3112 3462 3167 laudum
3486 3127 3739 3170 cantetur
3763 3106 3905 3172 εἈι-

2343 3193 2461 3253 rora
2492 3178 2822 3253 lucis_ruti.’at
2848 3199 2861 3233 .'
2889 3178 3089 3253 Aurora
3109 3184 3220 3252 jam
3246 3186 3439 3253 spargit
3461 3187 3664 3252 polum,
3697 3196 3751 3241 et
3779 3189 3907 3241 simi-

2343 3247 2410 3300 lia
2434 3263 2450 3313 ;
2479 3247 2746 3303 existimat
2763 3252 3024 3319 jam'olim
3054 3247 3409 3307 columnae;
3430 3247 3761 3311 interrallum
3786 3260 3909 3311 illud

2346 3333 2447 3371 non
2474 3333 2732 3391 seruasse.
2766 3321 2881 3375 Non
2912 3323 3052 3375 enim
3078 3322 3315 3391 queritur
3345 3324 3532 3379 Petrus
3584 3327 3910 3382 Venerabilis

2347 3388 2487 3456 quod
2519 3388 2719 3443 nullum
2745 3388 3451 3468 servareturiiitervallum;
3496 3400 3589 3450 sed
3636 3399 3783 3468 quod
3823 3415 3909 3453 auo

2347 3473 2522 3528 roram
2554 3473 2719 3528 usque
2746 3476 2849 3515 non
2878 3462 3277 3518 ostenderetur.
3310 3466 3396 3518 Ait
3416 3475 3593 3520 autem
3631 3462 3908 3525 Udalricus

2347 3527 2510 3606 fuisse
2556 3527 2840 3606 aliquando
2882 3546 3013 3606 cum
3059 3532 3315 3606 intentius
3362 3545 3575 3604 oraret,
3624 3540 3909 3606 aliquando

2347 3601 2580 3674 psalmos
2612 3602 2923 3674 ruminaret,
2946 3601 3231 3674 aliquando
3258 3617 3445 3658 somno
3472 3601 3788 3674 oppressus,
3811 3613 3913 3663 vel-

2352 3667 2425 3742 let
2452 3670 2637 3742 nollet,
2665 3671 2980 3742 dormitaret
3002 3688 3016 3729 :
3037 3667 3298 3742 additque
3317 3689 3421 3728 non
3455 3667 3661 3731 inultos
3675 3667 3911 3734 Clu'niaci

2347 3739 2525 3817 fuisse_
2552 3740 2864 3817 dissimiles;
2908 3743 3032 3817 Haec
3078 3743 3129 3817 in
3176 3739 3484 3799 memoriam
3532 3760 3791 3802 revocant
3817 3766 3912 3817 qua

2348 3823 2463 3864 arte
2491 3810 2548 3865 8.
2567 3809 2805 3871 Joannes
2825 3810 3130 3868 Goniensis
3159 3826 3404 3868 somnum
3435 3816 3605 3870 hocin
3640 3809 3918 3874 intervallo

2347 3877 2552 3957 fugaret
2584 3881 2673 3952 (In
2701 3886 2812 3957 eius
2848 3881 2998 3957 Vita,
3029 3900 3080 3936 η.
3112 3884 3201 3949 80,
3228 3900 3345 3957 nec.
3372 3901 3406 3939 v
3435 3884 3655 3957 Bened.)
3674 3929 3690 3953 ,
3718 3890 3921 3944 scilicet

2356 3969 2373 4004 ι
2406 3956 2456 4005 in
2488 3965 2688 4006 morem
2727 3955 2842 4022 apis
2889 3956 3120 4022 psalmos
3166 3956 3329 4009 tacito
3366 3955 3642 4011 murmure
3669 3962 3921 4014 continue

2350 4022 2689 4095 revolvenda,
2724 4037 2865 4077 nunc
2892 4024 3036 4077 circa
3065 4024 3276 4091 altaria,
3311 4041 3448 4080 nunc
3480 4028 3760 4095 paululum
3793 4035 3921 4085 resi-

2352 4092 2545 4157 dendo,
2587 4108 3037 4169 moxhexsurgere
3062 4104 3117 4148 et
3160 4096 3459 4169 aliquandiu
3482 4092 3664 4158 stare;
3695 4102 3925 4169 itemque

2353 4176 2601 4237 egressus
2644 4163 2777 4217 cella
2810 4173 3017 4233 tempus
3057 4168 3227 4218 noctis
3250 4163 3532 4237 'inspirerc
3560 4185 3573 4233 ;
3604 4169 3805 4224 deinde
3845 4163 3923 4223 lu-

2354 4234 2529 4288 cernis
2547 4242 2635 4286 aut
2659 4237 3028 4305 emungendis,
3053 4246 3143 4288 aut
3165 4234 3468 4290 reficiendis
3497 4240 3789 4305 assistere;
3819 4252 3923 4294 tum

2356 4305 2514 4358 etiam
2557 4304 2767 4357 scholas
2798 4308 3100 4361 canentium
3129 4308 3401 4371 revisere;
3430 4309 3700 4363 interdum
3726 4304 3925 4367 rctibus

2360 4374 2598 4445 texendis
2630 4376 2769 4442 quod
2811 4376 2981 4429 noctis
3008 4387 3311 4444 superesset
3340 4378 3665 4445 expendere.
3695 4400 3713 4431 ι

2430 4442 2812 4498 Cistercienses
2841 4447 3001 4519 etiam
3024 4442 3234 4519 constat
3259 4457 3379 4516 post
3402 4442 3693 4504 nocturnas
3722 4452 3926 4519 vigilias

698 4514 982 4590 matutinas
1028 4517 1319 4590 orationes,
1346 4516 1487 4590 infit,
1534 4514 1599 4590 ad
1647 4514 1893 4569 somnum
1926 4518 2116 4590 reverti
2148 4532 2256 4571 non
2286 4531 2339 4590 ι)
2364 4514 2529 4568 lectos
2578 4529 2681 4590 non
2729 4517 3007 4583 repetiisse
3046 4532 3109 4569 ex
3136 4514 3292 4590 libro
3344 4518 3540 4572 Usuum
3588 4518 3722 4573 Cist.
3757 4514 3811 4574 c'.
3842 4524 3929 4588 Ἠ,

700 4587 875 4641 liceat.
907 4606 926 4638 ι
954 4584 1010 4638 ln
1039 4585 1257 4652 antiquo
1286 4587 1443 4639 etiam
1465 4586 1663 4640 Ordine
1686 4586 2105 4640 conversationis
2145 4602 2260 4639 tm-

699 4658 917 4712 nastica:
964 4656 1153 4727 legitur
1194 4654 1362 4727 (Cap.
1394 4656 1458 4727 Ξ)
1491 4675 1502 4708 :
1535 4675 1553 4707 ι
1585 4658 1709 4711 Post
1734 4658 2088 4726 cxpletionem
2133 4672 2261 4711 vero

700 4738 977 4782 nocturna:
1023 4726 1210 4791 laudis,
1256 4727 1310 4780 in
1348 4726 1445 4781 illo
1484 4728 1763 4782 intervallo
1790 4743 2056 4781 summum
2098 4728 2260 4781 silen-

698 4799 832 4852 tium
865 4798 954 4851 liat
984 4805 1088 4850 tam
1119 4797 1169 4850 in
1195 4812 1326 4851 voce
1350 4813 1506 4866 quam
1533 4800 1584 4853 in
1613 4796 1841 4865 incessu,
1867 4800 1981 4853 sive
2011 4812 2143 4851 sono
2169 4798 2265 4851 ali-

700 4869 852 4936 cujus
883 4868 983 4933 rei,
1014 4878 1069 4919 ut
1100 4867 1255 4938 liceat
1295 4870 1575 4938 unicuique
1603 4869 1720 4924 sine
1750 4868 1972 4924 alterius
2003 4868 2266 4937 inquietu-

699 4940 827 4994 dine
857 4937 1327 5007 peccata‘Domino
1355 4937 1614 5006 conliteri,
1642 4952 1695 4994 et
1729 4940 1937 4993 veniam
1981 4949 2036 4993 et
2077 4940 2267 4993 remis-

701 5011 904 5063 sionem
958 5023 1053 5076 pro
1103 5008 1230 5076 ipsis
1280 5009 1453 5064 llendo
1509 5010 1672 5065 Deum
1728 5011 2057 5077 postulare.»
2097 5009 2154 5061 Et
2208 5013 2259 5064 in

701 5078 1188 5133 Consuetudinibns
1239 5079 1297 5135 8.
1365 5080 1633 5135 Benedicti
1685 5081 1889 5134 abbatis
1944 5081 2263 5133 Anianensis

704 5148 877 5220 (Tom.
909 5165 958 5203 iv
990 5150 1251 5220 Annal.):
1290 5168 1307 5201 t
1336 5150 1461 5206 Post
1507 5152 1793 5205 matminas
1837 5151 1997 5203 horas
2028 5164 2131 5202 non
2182 5166 2265 5205 re-

701 5225 892 5275 deatur
920 5221 983 5273 ad
1013 5221 1255 5287 lectulos,
1293 5222 1395 5275 nisi
1439 5222 1652 5291 quando
1698 5222 1987 5290 plcnarium
2032 5221 2264 5275 ol’ticium

703 5292 1051 5363 celebratur,
1108 5292 1192 5347 vel
1248 5294 1471 5363 contigit
1522 5305 1645 5347 ante
1708 5293 1892 5344 horam
1947 5294 2265 5363 surrexisse,

702 5371 932 5429 excepto
971 5362 1195 5416 infirmis
1239 5365 1315 5417 vel
1350 5361 1442 5432 prio
1474 5364 1783 5417 lassitudine
1814 5376 1918 5414 non
1948 5361 2265 5432 valentibus,

742 5448 929 5486 norum
961 5432 1290 5487 imbecillitas
1311 5431 1358 5485 a7
1377 5436 1551 5503 priore
1575 5432 1957 5503 consideranda
1987 5440 2121 5485 est.»
2146 5431 2270 5486 Cro-

742 5449 929 5486 norum
961 5449 1290 5487 nnoecnntas
1311 5452 1338 5485 a
1377 5449 1551 5503 priore
1575 5449 1957 5487 consmeranaa
1987 5449 2121 5485 CM.)
2146 5449 2266 5486 ωὀ-

702 5449 975 5575 gegangns
1013 5506 1171 5559 etiam
1201 5504 1483 5575 Mettensis
1516 5505 1798 5575 episcopus
1821 5501 2158 5575 (Spec._tom.
2201 5503 2266 5572 I),

706 5572 915 5641 nequis
946 5584 1066 5642 post
1110 5584 1395 5629 nocturnas
1441 5574 1663 5643 vigilias,
1695 5574 1795 5627 nisi
1842 5574 1977 5627 forte
2008 5572 2268 5637 infirmus,

705 5654 759 5697 et
791 5644 888 5697 hoc
911 5660 1031 5697 cum
1063 5645 1295 5708 licentia,
1323 5645 1568 5710 dormiat,
1598 5645 1696 5699 sub
1725 5659 1876 5713 poma
1905 5646 2271 5698 excomtnuoi-

706 5714 931 5768 cationis
956 5725 1094 5769 vetat
1118 5717 1169 5770 in
1195 5715 1391 5784 liegnla
1409 5714 1820 5775 Canonicornm,
1837 5730 1953 5782 cap.
1986 5716 2069 5768 l5.
2093 5714 2147 5768 S.
2170 5713 2272 5767 lio-

712 5786 953 5840 mualdus
983 5800 1146 5856 usque
1178 5786 1311 5841 adeo
1338 5799 1457 5857 post
1486 5796 1770 5845 nocturnas
1795 5786 2000 5856 vigilias
2026 5799 2270 5843 somnum

2362 4599 2467 4657 quo
2497 4586 2767 4657 statuitur,
2793 4595 2849 4657 ut
2883 4604 2901 4637 ι
2930 4594 3048 4657 post
3094 4588 3301 4657 vigilias
3332 4589 3412 4642 vel
3440 4599 3558 4657 post
3580 4593 3823 4645 olficium
3846 4586 3931 4645 de;

2364 4654 2688 4719 functorum,
2714 4656 2759 4709 si
2782 4655 3063 4710 dicendum
3086 4654 3265 4724 fuerit,
3288 4654 3514 4712 accenso
3548 4660 3751 4715 lumine
3783 4678 3814 4714 a
3836 4678 3931 4716 ser-

2364 4728 2537 4779 vitore
2566 4728 2803 4780 ecclesia:
2833 4737 2956 4780 ante
2986 4742 3274 4781 armatum
3293 4738 3347 4783 et
3368 4730 3418 4782 iu
3439 4732 3696 4795 capitulo,
3714 4736 3931 4787 sedeant

2367 4796 2559 4868 fratres
2587 4796 2636 4847 in
2668 4797 2782 4864 ipso
2817 4797 3067 4868 capitulo,
3103 4806 3153 4850 et
3187 4797 3362 4865 legant
3390 4800 3478 4868 qni
3509 4802 3807 4865 voluerint.
3846 4819 3935 4857 nec

2367 4867 2588 4921 sedeant
2617 4868 2667 4920 in
2699 4868 2907 4935 angulis
2937 4867 3035 4921 nisi
3070 4868 3306 4937 legentes
3336 4884 3349 4921 :
3380 4867 3466 4937 qui
3499 4872 3677 4927 taliter
3706 4874 3935 4927 habeant

2369 4942 2579 5005 caputia
2611 4938 2661 4990 in
2692 4938 2980 5007 capitibus,
3013 4948 3069 4991 ut
3097 4940 3266 5003 possit
3294 4940 3513 5005 agnosci
3553 4944 3598 4995 si
3638 4943 3934 5007 dormiant,

2364 5023 2430 5061 an
2461 5023 2631 5061 non.»
2671 5008 2735 5061 Et
2784 5008 2898 5063 base
2941 5008 3157 5078 quidem
3206 5010 3410 5072 hieme;
3464 5026 3585 5065 nam
3639 5024 3837 5067 testate
3887 5018 3931 5065 in

2366 5079 2602 5132 claustro
2640 5093 2759 5133 sese
2790 5080 3135 5146 recipiebant,
3170 5094 3234 5134 ex
3267 5095 3383 5148 cap.
3418 5080 3525 5147 84;
3554 5084 3698 5137 unde
3727 5085 3787 5137 S.
3820 5085 3936 5137 Ber-

2368 5150 2573 5221 nardns
2601 5150 2921 5217 singularem
2952 5151 3276 5205 monachum
3306 5152 3616 5208 describens
3641 5152 3749 5221 (De
3776 5153 3935 5208 (ἓν-σά,

2369 5219 2583 5290 humil.)
2608 5261 2622 5284 ,
2650 5223 2766 5274 aliis
2795 5222 2848 5273 iu
2876 5225 3116 5293 iclaustro
3161 5223 3548 5293 quiescentibus,
3575 5219 3769 5293 inqbit,
3804 5227 3938 5279 solus

2371 5301 2593 5344 remanet
2612 5293 2664 5342 iu
2695 5292 2913 5343 oratorio
2945 5309 2961 5344 :
2994 5291 3244 5361 ubiquod
3276 5290 3402 5345 dicit
3430 5290 3809 5359 quiescentibus
3841 5311 3938 5351 non

2374 5361 2441 5415 de
2488 5375 2763 5430 corporea.
2797 5362 2891 5436 sed
2921 5362 2988 5436 de
3035 5363 3262 5436 spiritali
3310 5365 3488 5436 quiete
3535 5364 3941 5436 intelligendum

2374 5440 2474 5495 est,
2498 5441 2555 5484 ut
2584 5441 2725 5500 patet
2753 5446 2815 5485 ex
2863 5433 3093 5487 Aelredo
3121 5433 3312 5487 abbate
3347 5433 3491 5487 hom.
3524 5435 3592 5488 de
3620 5433 3837 5491 duobus
3880 5440 3941 5491 di-

2374 5502 2593 5570 scipulis
2620 5502 2867 5557 euntibus
2899 5504 2948 5557 in
2984 5502 3260 5567 Emmaus,
3290 5513 3344 5558 et
3364 5521 3426 5558 ex
3451 5506 3693 5560 Gilberto
3709 5508 3779 5561 de
3809 5509 3943 5561 lloil-

2376 5572 2552 5644 landia
2602 5573 2780 5644 Serm.
2826 5573 2916 5644 i5,
2952 5575 3002 5626 in
3053 5575 3207 5629 Cant.
3261 5576 3498 5643 Denique
3551 5578 3692 5644 apud
3746 5580 3943 5643 primos

2379 5642 2723 5719 l}_.AStepbani
2750 5643 2958 5719 abbatis
2986 5644 3339 5719 Qbaziueusis
3369 5642 3659 5713 discipulus
3689 5642 3941 5719 (1‘0va

2380 5713 2533 5785 Μίδα.
2558 5711 2767 5782 Belus.)
2791 5755 2807 5781 ,
2847 5732 2863 5764 t
2893 5715 3019 5768 illud
3046 5714 3185 5784 quod
3218 5723 3338 5783 post
3369 5711 3576 5785 vigilias
3607 5711 3943 5775 intervallum

2378 5784 2634 5854 restabit.
2664 5800 2769 5841 non
2804 5786 2982 5842 ’uuieti
3031 5796 3123 5842 aut
3171 5800 3361 5843 smnno
3410 5784 3806 5861 deputabatur,
