  <div class='ocr_page' id='page_1' title='image "/cluster/home/n/w/nwhite01/storage/ocr_20150623/66/hvd.32044015469323/216.png"; bbox 0 0 4074 6356; ppageno 0'>
   <div class='ocr_carea' id='block_1_1' title="bbox 228 327 319 381">
    <p class='ocr_par' dir='ltr' id='par_1_1' title="bbox 228 327 319 381">
     <span class='ocr_line' id='line_1_1' title="bbox 228 327 319 381; baseline -0.022 0"><span class='ocrx_word' id='word_1_1' title='bbox 228 327 319 381; x_wconf 74' lang='grc' dir='ltr'><strong>ιιτ</strong></span> 
     </span>
    </p>
   </div>
   <div class='ocr_carea' id='block_1_2' title="bbox 1265 312 2426 377">
    <p class='ocr_par' dir='ltr' id='par_1_2' title="bbox 1265 312 2426 377">
     <span class='ocr_line' id='line_1_2' title="bbox 1265 312 2426 377; baseline -0.003 -2"><span class='ocrx_word' id='word_1_2' title='bbox 1265 317 1541 377; x_wconf 71' lang='grc' dir='ltr'>ιιεςυωι</span> <span class='ocrx_word' id='word_1_3' title='bbox 1577 313 2064 374; x_wconf 76' lang='lat' dir='ltr'><strong>COMMENTATA.</strong></span> <span class='ocrx_word' id='word_1_4' title='bbox 2103 312 2253 370; x_wconf 70' lang='lat' dir='ltr'><strong>CAP.</strong></span> <span class='ocrx_word' id='word_1_5' title='bbox 2300 312 2426 371; x_wconf 80' lang='lat' dir='ltr'><strong>VIII.</strong></span> 
     </span>
    </p>
   </div>
   <div class='ocr_carea' id='block_1_3' title="bbox 3370 321 3475 375">
    <p class='ocr_par' dir='ltr' id='par_1_3' title="bbox 3370 321 3475 375">
     <span class='ocr_line' id='line_1_3' title="bbox 3370 321 3475 375; baseline 0.01 -1"><span class='ocrx_word' id='word_1_6' title='bbox 3370 321 3475 375; x_wconf 71' lang='grc' dir='ltr'><strong>ιιι</strong></span> 
     </span>
    </p>
   </div>
   <div class='ocr_carea' id='block_1_4' title="bbox 229 428 3471 509">
    <p class='ocr_par' dir='ltr' id='par_1_4' title="bbox 229 428 3471 509">
     <span class='ocr_line' id='line_1_4' title="bbox 229 428 3471 509; baseline -0.001 -14"><span class='ocrx_word' id='word_1_7' title='bbox 229 436 587 509; x_wconf 78' lang='lat' dir='ltr'><strong>peculiaribus</strong></span> <span class='ocrx_word' id='word_1_8' title='bbox 625 433 975 509; x_wconf 57' lang='lat' dir='ltr'><strong>orationibus</strong></span> <span class='ocrx_word' id='word_1_9' title='bbox 1000 442 1092 509; x_wconf 79' lang='lat' dir='ltr'><strong>aut</strong></span> <span class='ocrx_word' id='word_1_10' title='bbox 1117 435 1406 509; x_wconf 80' lang='lat' dir='ltr'><strong>_operibus_</strong></span> <span class='ocrx_word' id='word_1_11' title='bbox 1436 446 1687 489; x_wconf 83' lang='lat' dir='ltr'><strong>manuum</strong></span> <span class='ocrx_word' id='word_1_12' title='bbox 1715 433 1794 486; x_wconf 86' lang='lat' dir='ltr'><strong>in-</strong></span> <span class='ocrx_word' id='word_1_13' title='bbox 1822 435 1872 494; x_wconf 77' lang='grc' dir='ltr'><strong>Α</strong></span> <span class='ocrx_word' id='word_1_14' title='bbox 1901 439 1954 483; x_wconf 89' lang='lat' dir='ltr'><strong>et</strong></span> <span class='ocrx_word' id='word_1_15' title='bbox 1978 433 2060 509; x_wconf 76' lang='lat' dir='ltr'><strong>sic</strong></span> <span class='ocrx_word' id='word_1_16' title='bbox 2087 430 2338 509; x_wconf 70' lang='lat' dir='ltr'><strong>deinceps</strong></span> <span class='ocrx_word' id='word_1_17' title='bbox 2364 430 2427 485; x_wconf 91' lang='lat' dir='ltr'><strong>ad</strong></span> <span class='ocrx_word' id='word_1_18' title='bbox 2454 428 2882 509; x_wconf 66' lang='lat' dir='ltr'><strong>loeaconstituta</strong></span> <span class='ocrx_word' id='word_1_19' title='bbox 2904 430 3163 509; x_wconf 66' lang='lat' dir='ltr'><strong>accedant</strong></span> <span class='ocrx_word' id='word_1_20' title='bbox 3183 471 3198 499; x_wconf 93' lang='lat'><strong>,</strong></span> <span class='ocrx_word' id='word_1_21' title='bbox 3222 432 3471 509; x_wconf 82' lang='lat' dir='ltr'><strong>diurnum</strong></span> 
     </span>
    </p>
   </div>
   <div class='ocr_carea' id='block_1_5' title="bbox 231 505 1767 582">
    <p class='ocr_par' dir='ltr' id='par_1_5' title="bbox 231 505 1767 582">
     <span class='ocr_line' id='line_1_5' title="bbox 231 505 1767 582; baseline -0.005 -18"><span class='ocrx_word' id='word_1_22' title='bbox 231 505 513 582; x_wconf 73' lang='lat' dir='ltr'><strong>serviebat,</strong></span> <span class='ocrx_word' id='word_1_23' title='bbox 536 526 555 559; x_wconf 76' lang='grc' dir='ltr'><strong>ι</strong></span> <span class='ocrx_word' id='word_1_24' title='bbox 592 516 647 561; x_wconf 88' lang='grc' dir='ltr'><strong>ιιι</strong></span> <span class='ocrx_word' id='word_1_25' title='bbox 677 507 867 582; x_wconf 79' lang='lat' dir='ltr'><strong>legitur</strong></span> <span class='ocrx_word' id='word_1_26' title='bbox 893 508 946 559; x_wconf 90' lang='lat' dir='ltr'><strong>in</strong></span> <span class='ocrx_word' id='word_1_27' title='bbox 972 506 1091 576; x_wconf 85' lang='lat' dir='ltr'><strong>ejus</strong></span> <span class='ocrx_word' id='word_1_28' title='bbox 1117 505 1260 582; x_wconf 75' lang='lat' dir='ltr'><strong>Vita,</strong></span> <span class='ocrx_word' id='word_1_29' title='bbox 1294 521 1346 560; x_wconf 94' lang='lat' dir='ltr'><strong>n.</strong></span> <span class='ocrx_word' id='word_1_30' title='bbox 1379 507 1433 558; x_wconf 85' lang='lat'><strong>7.</strong></span> <span class='ocrx_word' id='word_1_31' title='bbox 1495 573 1507 582; x_wconf 89' lang='lat'>_</span> <span class='ocrx_word' id='word_1_32' title='bbox 1534 572 1547 582; x_wconf 87' lang='lat'><em>_</em></span> <span class='ocrx_word' id='word_1_33' title='bbox 1675 579 1684 582; x_wconf 86' lang='lat'><em>_</em></span> <span class='ocrx_word' id='word_1_34' title='bbox 1754 569 1767 582; x_wconf 46' lang='lat'><strong><em>.</em></strong></span> 
     </span>
    </p>
   </div>
   <div class='ocr_carea' id='block_1_6' title="bbox 307 572 1799 642">
    <p class='ocr_par' dir='ltr' id='par_1_6' title="bbox 307 572 1799 642">
     <span class='ocr_line' id='line_1_6' title="bbox 307 572 1799 642; baseline -0.006 -10"><span class='ocrx_word' id='word_1_35' title='bbox 307 580 444 633; x_wconf 92' lang='lat' dir='ltr'><strong>Istud</strong></span> <span class='ocrx_word' id='word_1_36' title='bbox 476 588 650 631; x_wconf 90' lang='lat' dir='ltr'><strong>autem</strong></span> <span class='ocrx_word' id='word_1_37' title='bbox 682 572 977 631; x_wconf 59' lang='lat' dir='ltr'><strong>inalitutum</strong></span> <span class='ocrx_word' id='word_1_38' title='bbox 1005 572 1259 642; x_wconf 35' lang='lat' dir='ltr'><strong>vantiquis</strong></span> <span class='ocrx_word' id='word_1_39' title='bbox 1300 572 1602 636; x_wconf 85' lang='lat' dir='ltr'><strong>monachis,</strong></span> <span class='ocrx_word' id='word_1_40' title='bbox 1633 579 1690 624; x_wconf 90' lang='grc' dir='ltr'><strong>ιιι</strong></span> <span class='ocrx_word' id='word_1_41' title='bbox 1719 572 1799 624; x_wconf 82' lang='lat' dir='ltr'><strong>vi-</strong></span> 
     </span>
    </p>
   </div>
   <div class='ocr_carea' id='block_1_7' title="bbox 229 644 1797 722">
    <p class='ocr_par' dir='ltr' id='par_1_7' title="bbox 229 644 1797 722">
     <span class='ocr_line' id='line_1_7' title="bbox 229 644 1797 722; baseline -0.006 -20"><span class='ocrx_word' id='word_1_42' title='bbox 229 650 406 703; x_wconf 86' lang='lat' dir='ltr'><strong>dimus</strong></span> <span class='ocrx_word' id='word_1_43' title='bbox 450 649 723 722; x_wconf 83' lang='lat' dir='ltr'><strong>hactenus,</strong></span> <span class='ocrx_word' id='word_1_44' title='bbox 767 647 1069 722; x_wconf 63' lang='lat' dir='ltr'><strong>inviolabile</strong></span> <span class='ocrx_word' id='word_1_45' title='bbox 1115 644 1275 722; x_wconf 65' lang='grc'><strong>254</strong></span> <span class='ocrx_word' id='word_1_46' title='bbox 1313 645 1797 722; x_wconf 30' lang='grc' dir='ltr'><strong>όυιιιίςίᾐειηοαιιεὶι</strong></span> 
     </span>
    </p>
   </div>
   <div class='ocr_carea' id='block_1_8' title="bbox 234 713 1797 782">
    <p class='ocr_par' dir='ltr' id='par_1_8' title="bbox 234 713 1797 782">
     <span class='ocr_line' id='line_1_8' title="bbox 234 713 1797 782; baseline -0.007 -9"><span class='ocrx_word' id='word_1_47' title='bbox 234 719 576 773; x_wconf 80' lang='lat' dir='ltr'><strong>commendat</strong></span> <span class='ocrx_word' id='word_1_48' title='bbox 602 718 834 771; x_wconf 83' lang='lat' dir='ltr'><strong>Joannes</strong></span> <span class='ocrx_word' id='word_1_49' title='bbox 862 713 1263 770; x_wconf 50' lang='lat' dir='ltr'><strong>Cassianusz&#39;t‘</strong></span> <span class='ocrx_word' id='word_1_50' title='bbox 1281 731 1346 767; x_wconf 89' lang='lat' dir='ltr'><strong>ne</strong></span> <span class='ocrx_word' id='word_1_51' title='bbox 1372 713 1797 782; x_wconf 85' lang='lat' dir='ltr'><strong>purificationem</strong></span> 
     </span>
    </p>
   </div>
   <div class='ocr_carea' id='block_1_9' title="bbox 234 782 1797 852">
    <p class='ocr_par' dir='ltr' id='par_1_9' title="bbox 234 782 1797 852">
     <span class='ocr_line' id='line_1_9' title="bbox 234 782 1797 852; baseline -0.005 -10"><span class='ocrx_word' id='word_1_52' title='bbox 234 798 469 842; x_wconf 87' lang='lat' dir='ltr'><strong>nostram</strong></span> <span class='ocrx_word' id='word_1_53' title='bbox 513 787 785 841; x_wconf 72' lang='lat' dir='ltr'><strong>nocturnis</strong></span> <span class='ocrx_word' id='word_1_54' title='bbox 833 786 1164 839; x_wconf 90' lang='lat' dir='ltr'><strong>orationibus</strong></span> <span class='ocrx_word' id='word_1_55' title='bbox 1212 784 1527 852; x_wconf 90' lang='lat' dir='ltr'><strong>acquisitam</strong></span> <span class='ocrx_word' id='word_1_56' title='bbox 1583 782 1797 835; x_wconf 90' lang='lat' dir='ltr'><strong>invidus</strong></span> 
     </span>
    </p>
   </div>
   <div class='ocr_carea' id='block_1_10' title="bbox 237 852 1802 917">
    <p class='ocr_par' dir='ltr' id='par_1_10' title="bbox 237 852 1802 917">
     <span class='ocr_line' id='line_1_10' title="bbox 237 852 1802 917; baseline -0.004 -7"><span class='ocrx_word' id='word_1_57' title='bbox 237 860 408 912; x_wconf 88' lang='lat' dir='ltr'><strong>hostis</strong></span> <span class='ocrx_word' id='word_1_58' title='bbox 440 858 684 911; x_wconf 89' lang='lat' dir='ltr'><strong>illusione</strong></span> <span class='ocrx_word' id='word_1_59' title='bbox 710 858 882 909; x_wconf 87' lang='lat' dir='ltr'><strong>somni</strong></span> <span class='ocrx_word' id='word_1_60' title='bbox 904 856 1262 917; x_wconf 81' lang='lat' dir='ltr'><strong>contaminet;</strong></span> <span class='ocrx_word' id='word_1_61' title='bbox 1297 855 1350 908; x_wconf 74' lang='lat'><strong>2&quot;</strong></span> <span class='ocrx_word' id='word_1_62' title='bbox 1368 869 1435 906; x_wconf 91' lang='lat' dir='ltr'><strong>ne</strong></span> <span class='ocrx_word' id='word_1_63' title='bbox 1464 867 1686 906; x_wconf 89' lang='lat' dir='ltr'><strong>somnus</strong></span> <span class='ocrx_word' id='word_1_64' title='bbox 1711 852 1802 904; x_wconf 88' lang='lat' dir='ltr'><strong>ille</strong></span> 
     </span>
    </p>
   </div>
   <div class='ocr_carea' id='block_1_11' title="bbox 237 921 1802 994">
    <p class='ocr_par' dir='ltr' id='par_1_11' title="bbox 237 921 1802 994">
     <span class='ocr_line' id='line_1_11' title="bbox 237 921 1802 994; baseline -0.005 -13"><span class='ocrx_word' id='word_1_65' title='bbox 237 928 484 981; x_wconf 84' lang='lat' dir='ltr'><strong>inertiam</strong></span> <span class='ocrx_word' id='word_1_66' title='bbox 515 928 565 980; x_wconf 90' lang='lat' dir='ltr'><strong>in</strong></span> <span class='ocrx_word' id='word_1_67' title='bbox 607 927 868 979; x_wconf 84' lang='lat' dir='ltr'><strong>monacho</strong></span> <span class='ocrx_word' id='word_1_68' title='bbox 911 927 1192 994; x_wconf 81' lang='lat' dir='ltr'><strong>parturiat,</strong></span> <span class='ocrx_word' id='word_1_69' title='bbox 1222 939 1285 977; x_wconf 91' lang='lat' dir='ltr'><strong>ac</strong></span> <span class='ocrx_word' id='word_1_70' title='bbox 1328 938 1426 992; x_wconf 90' lang='lat' dir='ltr'><strong>per</strong></span> <span class='ocrx_word' id='word_1_71' title='bbox 1456 933 1622 976; x_wconf 90' lang='lat' dir='ltr'><strong>totum</strong></span> <span class='ocrx_word' id='word_1_72' title='bbox 1655 921 1802 994; x_wconf 65' lang='lat' dir='ltr'><strong>dFem</strong></span> 
     </span>
    </p>
   </div>
   <div class='ocr_carea' id='block_1_12' title="bbox 239 991 1805 1071">
    <p class='ocr_par' dir='ltr' id='par_1_12' title="bbox 239 991 1805 1071">
     <span class='ocr_line' id='line_1_12' title="bbox 239 991 1805 1071; baseline -0.005 -20"><span class='ocrx_word' id='word_1_73' title='bbox 239 1002 488 1071; x_wconf 81' lang='lat' dir='ltr'><strong>vigorem</strong></span> <span class='ocrx_word' id='word_1_74' title='bbox 507 997 622 1071; x_wconf 76' lang='lat' dir='ltr'><strong>ejus</strong></span> <span class='ocrx_word' id='word_1_75' title='bbox 664 991 941 1071; x_wconf 77' lang='lat' dir='ltr'><strong>obtundat,</strong></span> <span class='ocrx_word' id='word_1_76' title='bbox 971 996 1149 1071; x_wconf 78' lang='lat' dir='ltr'><strong>cordis</strong></span> <span class='ocrx_word' id='word_1_77' title='bbox 1179 991 1551 1071; x_wconf 74' lang='lat' dir='ltr'><strong>pinguedinem</strong></span> <span class='ocrx_word' id='word_1_78' title='bbox 1581 991 1805 1071; x_wconf 38' lang='lat' dir='ltr'><strong>.eahao-</strong></span> 
     </span>
    </p>
   </div>
   <div class='ocr_carea' id='block_1_13' title="bbox 236 1061 1800 1133">
    <p class='ocr_par' dir='ltr' id='par_1_13' title="bbox 236 1061 1800 1133">
     <span class='ocr_line' id='line_1_13' title="bbox 236 1061 1800 1133; baseline -0.005 -12"><span class='ocrx_word' id='word_1_79' title='bbox 236 1061 363 1133; x_wconf 74' lang='lat' dir='ltr'><strong>riat,</strong></span> <span class='ocrx_word' id='word_1_80' title='bbox 387 1077 441 1120; x_wconf 90' lang='lat' dir='ltr'><strong>et</strong></span> <span class='ocrx_word' id='word_1_81' title='bbox 461 1061 685 1120; x_wconf 82' lang='lat' dir='ltr'><strong>debilem</strong></span> <span class='ocrx_word' id='word_1_82' title='bbox 718 1066 903 1119; x_wconf 82' lang='lat' dir='ltr'><strong>reddat</strong></span> <span class='ocrx_word' id='word_1_83' title='bbox 923 1082 1042 1119; x_wconf 84' lang='lat' dir='ltr'><strong>eum</strong></span> <span class='ocrx_word' id='word_1_84' title='bbox 1065 1061 1319 1117; x_wconf 85' lang='lat' dir='ltr'><strong>adversus</strong></span> <span class='ocrx_word' id='word_1_85' title='bbox 1340 1064 1559 1116; x_wconf 82' lang='lat' dir='ltr'><strong>insidias</strong></span> <span class='ocrx_word' id='word_1_86' title='bbox 1581 1061 1800 1133; x_wconf 81' lang='lat' dir='ltr'><strong>inimici.</strong></span> 
     </span>
    </p>
   </div>
   <div class='ocr_carea' id='block_1_14' title="bbox 238 1131 1806 1207">
    <p class='ocr_par' dir='ltr' id='par_1_14' title="bbox 238 1131 1806 1207">
     <span class='ocr_line' id='line_1_14' title="bbox 238 1131 1806 1207; baseline -0.005 -16"><span class='ocrx_word' id='word_1_87' title='bbox 238 1131 392 1191; x_wconf 82' lang='lat' dir='ltr'><strong>Adde</strong></span> <span class='ocrx_word' id='word_1_88' title='bbox 413 1137 548 1207; x_wconf 87' lang='lat' dir='ltr'><strong>quod</strong></span> <span class='ocrx_word' id='word_1_89' title='bbox 574 1136 650 1188; x_wconf 87' lang='lat' dir='ltr'><strong>ait</strong></span> <span class='ocrx_word' id='word_1_90' title='bbox 678 1135 1041 1207; x_wconf 84' lang='lat' dir='ltr'><strong>Stnaragdus:</strong></span> <span class='ocrx_word' id='word_1_91' title='bbox 1068 1153 1097 1207; x_wconf 63' lang='grc' dir='ltr'><strong>Δ‹</strong></span> <span class='ocrx_word' id='word_1_92' title='bbox 1122 1136 1388 1207; x_wconf 82' lang='lat' dir='ltr'><strong>Scriptum</strong></span> <span class='ocrx_word' id='word_1_93' title='bbox 1414 1142 1493 1187; x_wconf 88' lang='lat' dir='ltr'><strong>est</strong></span> <span class='ocrx_word' id='word_1_94' title='bbox 1526 1133 1579 1184; x_wconf 92' lang='lat' dir='ltr'><strong>in</strong></span> <span class='ocrx_word' id='word_1_95' title='bbox 1612 1131 1806 1207; x_wconf 82' lang='lat' dir='ltr'><strong>lectulo</strong></span> 
     </span>
    </p>
   </div>
   <div class='ocr_carea' id='block_1_15' title="bbox 241 1201 1807 1274">
    <p class='ocr_par' dir='ltr' id='par_1_15' title="bbox 241 1201 1807 1274">
     <span class='ocr_line' id='line_1_15' title="bbox 241 1201 1807 1274; baseline -0.004 -14"><span class='ocrx_word' id='word_1_96' title='bbox 241 1209 393 1261; x_wconf 87' lang='lat' dir='ltr'><strong>meo!</strong></span> <span class='ocrx_word' id='word_1_97' title='bbox 434 1201 672 1273; x_wconf 58' lang='lat' dir='ltr'><strong>Quassivi</strong></span> <span class='ocrx_word' id='word_1_98' title='bbox 720 1201 893 1274; x_wconf 44' lang='lat' dir='ltr'><strong>quein&#39;</strong></span> <span class='ocrx_word' id='word_1_99' title='bbox 934 1204 1104 1273; x_wconf 84' lang='lat' dir='ltr'><strong>diligit</strong></span> <span class='ocrx_word' id='word_1_100' title='bbox 1157 1201 1334 1274; x_wconf 76' lang='lat' dir='ltr'><strong>anima</strong></span> <span class='ocrx_word' id='word_1_101' title='bbox 1387 1218 1556 1274; x_wconf 69' lang='lat' dir='ltr'><strong>mea;</strong></span> <span class='ocrx_word' id='word_1_102' title='bbox 1585 1201 1807 1269; x_wconf 72' lang='lat' dir='ltr'><strong>quaesivi</strong></span> 
     </span>
    </p>
   </div>
   <div class='ocr_carea' id='block_1_16' title="bbox 242 1272 1809 1331">
    <p class='ocr_par' dir='ltr' id='par_1_16' title="bbox 242 1272 1809 1331">
     <span class='ocr_line' id='line_1_16' title="bbox 242 1272 1809 1331; baseline -0.003 -1"><span class='ocrx_word' id='word_1_103' title='bbox 242 1293 370 1331; x_wconf 87' lang='lat' dir='ltr'><strong>eum</strong></span> <span class='ocrx_word' id='word_1_104' title='bbox 398 1272 584 1330; x_wconf 89' lang='lat' dir='ltr'><strong>etnon</strong></span> <span class='ocrx_word' id='word_1_105' title='bbox 623 1272 795 1329; x_wconf 86' lang='lat' dir='ltr'><strong>inveni</strong></span> <span class='ocrx_word' id='word_1_106' title='bbox 820 1291 941 1329; x_wconf 90' lang='lat' dir='ltr'><strong>eum</strong></span> <span class='ocrx_word' id='word_1_107' title='bbox 970 1292 984 1329; x_wconf 90' lang='lat'><strong>:</strong></span> <span class='ocrx_word' id='word_1_108' title='bbox 1014 1291 1117 1328; x_wconf 75' lang='lat' dir='ltr'><strong>non</strong></span> <span class='ocrx_word' id='word_1_109' title='bbox 1153 1273 1294 1328; x_wconf 90' lang='lat' dir='ltr'><strong>enim</strong></span> <span class='ocrx_word' id='word_1_110' title='bbox 1323 1273 1375 1326; x_wconf 92' lang='lat' dir='ltr'><strong>in</strong></span> <span class='ocrx_word' id='word_1_111' title='bbox 1401 1272 1597 1326; x_wconf 87' lang='lat' dir='ltr'><strong>lectulo</strong></span> <span class='ocrx_word' id='word_1_112' title='bbox 1627 1285 1809 1325; x_wconf 89' lang='lat' dir='ltr'><strong>carna-</strong></span> 
     </span>
    </p>
   </div>
   <div class='ocr_carea' id='block_1_17' title="bbox 245 1342 1809 1421">
    <p class='ocr_par' dir='ltr' id='par_1_17' title="bbox 245 1342 1809 1421">
     <span class='ocr_line' id='line_1_17' title="bbox 245 1342 1809 1421; baseline -0.002 -23"><span class='ocrx_word' id='word_1_113' title='bbox 245 1348 374 1421; x_wconf 71' lang='lat' dir='ltr'><strong>lium</strong></span> <span class='ocrx_word' id='word_1_114' title='bbox 404 1348 734 1421; x_wconf 71' lang='lat' dir='ltr'><strong>voluptatum</strong></span> <span class='ocrx_word' id='word_1_115' title='bbox 763 1344 1267 1421; x_wconf 78' lang='lat' dir='ltr'><strong>dilectus_CIirist_us</strong></span> <span class='ocrx_word' id='word_1_116' title='bbox 1305 1342 1809 1421; x_wconf 77' lang='lat' dir='ltr'><strong>itivettitur,_sed_in</strong></span> 
     </span>
    </p>
   </div>
   <div class='ocr_carea' id='block_1_18' title="bbox 245 1412 1811 1480">
    <p class='ocr_par' dir='ltr' id='par_1_18' title="bbox 245 1412 1811 1480">
     <span class='ocr_line' id='line_1_18' title="bbox 245 1412 1811 1480; baseline -0.003 -12"><span class='ocrx_word' id='word_1_117' title='bbox 245 1412 770 1480; x_wconf 34' lang='lat' dir='ltr'><strong>laboribus&#39;sanctis,</strong></span> <span class='ocrx_word' id='word_1_118' title='bbox 805 1415 1039 1470; x_wconf 78' lang='lat' dir='ltr'><strong>excubiis</strong></span> <span class='ocrx_word' id='word_1_119' title='bbox 1077 1416 1244 1469; x_wconf 89' lang='lat' dir='ltr'><strong>sacris</strong></span> <span class='ocrx_word' id='word_1_120' title='bbox 1289 1423 1345 1467; x_wconf 92' lang='lat' dir='ltr'><strong>et</strong></span> <span class='ocrx_word' id='word_1_121' title='bbox 1373 1412 1705 1466; x_wconf 86' lang='lat' dir='ltr'><strong>orationibus</strong></span> <span class='ocrx_word' id='word_1_122' title='bbox 1735 1412 1811 1464; x_wconf 89' lang='lat' dir='ltr'><strong>in-</strong></span> 
     </span>
    </p>
   </div>
   <div class='ocr_carea' id='block_1_19' title="bbox 242 1481 1811 1551">
    <p class='ocr_par' dir='ltr' id='par_1_19' title="bbox 242 1481 1811 1551">
     <span class='ocr_line' id='line_1_19' title="bbox 242 1481 1811 1551; baseline 0 -18"><span class='ocrx_word' id='word_1_123' title='bbox 242 1487 459 1538; x_wconf 76' lang='lat' dir='ltr'><strong>venitur</strong></span> <span class='ocrx_word' id='word_1_124' title='bbox 496 1486 737 1538; x_wconf 84' lang='lat' dir='ltr'><strong>crebris:</strong></span> <span class='ocrx_word' id='word_1_125' title='bbox 772 1502 874 1539; x_wconf 91' lang='lat' dir='ltr'><strong>nou</strong></span> <span class='ocrx_word' id='word_1_126' title='bbox 922 1486 973 1538; x_wconf 90' lang='lat' dir='ltr'><strong>in</strong></span> <span class='ocrx_word' id='word_1_127' title='bbox 1002 1486 1174 1538; x_wconf 90' lang='lat' dir='ltr'><strong>somni</strong></span> <span class='ocrx_word' id='word_1_128' title='bbox 1222 1493 1476 1551; x_wconf 79' lang='lat' dir='ltr'><strong>torpore.</strong></span> <span class='ocrx_word' id='word_1_129' title='bbox 1509 1483 1601 1534; x_wconf 87' lang='lat' dir='ltr'><strong>sed</strong></span> <span class='ocrx_word' id='word_1_130' title='bbox 1642 1482 1693 1534; x_wconf 92' lang='lat' dir='ltr'><strong>in</strong></span> <span class='ocrx_word' id='word_1_131' title='bbox 1730 1481 1811 1533; x_wconf 82' lang='lat' dir='ltr'><strong>vi-</strong></span> 
     </span>
    </p>
   </div>
   <div class='ocr_carea' id='block_1_20' title="bbox 241 1552 1808 1623">
    <p class='ocr_par' dir='ltr' id='par_1_20' title="bbox 241 1552 1808 1623">
     <span class='ocr_line' id='line_1_20' title="bbox 241 1552 1808 1623; baseline -0.003 -17"><span class='ocrx_word' id='word_1_132' title='bbox 241 1557 491 1623; x_wconf 86' lang='lat' dir='ltr'><strong>giliarum</strong></span> <span class='ocrx_word' id='word_1_133' title='bbox 538 1557 800 1619; x_wconf 77' lang='lat' dir='ltr'><strong>oratione,</strong></span> <span class='ocrx_word' id='word_1_134' title='bbox 846 1567 899 1608; x_wconf 90' lang='lat' dir='ltr'><strong>et</strong></span> <span class='ocrx_word' id='word_1_135' title='bbox 944 1552 1515 1623; x_wconf 9' lang='lat' dir='ltr'><strong>oratiouisginveniturr</strong></span> <span class='ocrx_word' id='word_1_136' title='bbox 1552 1566 1808 1623; x_wconf 55' lang='lat' dir='ltr'><strong>corripian-</strong></span> 
     </span>
    </p>
   </div>
   <div class='ocr_carea' id='block_1_21' title="bbox 241 1620 1807 1691">
    <p class='ocr_par' dir='ltr' id='par_1_21' title="bbox 241 1620 1807 1691">
     <span class='ocr_line' id='line_1_21' title="bbox 241 1620 1807 1691; baseline -0.003 -15"><span class='ocrx_word' id='word_1_137' title='bbox 241 1620 478 1678; x_wconf 63' lang='lat' dir='ltr'><strong>étione.»</strong></span> <span class='ocrx_word' id='word_1_138' title='bbox 504 1624 567 1676; x_wconf 82' lang='lat' dir='ltr'><strong>Et</strong></span> <span class='ocrx_word' id='word_1_139' title='bbox 593 1626 721 1678; x_wconf 90' lang='lat' dir='ltr'><strong>illud</strong></span> <span class='ocrx_word' id='word_1_140' title='bbox 748 1627 885 1679; x_wconf 83' lang='lat' dir='ltr'><strong>Petri</strong></span> <span class='ocrx_word' id='word_1_141' title='bbox 911 1625 1150 1679; x_wconf 79' lang='lat' dir='ltr'><strong>Datniani</strong></span> <span class='ocrx_word' id='word_1_142' title='bbox 1178 1622 1399 1691; x_wconf 77' lang='lat' dir='ltr'><strong>(Opusc.</strong></span> <span class='ocrx_word' id='word_1_143' title='bbox 1430 1622 1516 1686; x_wconf 76' lang='grc'><strong>15,</strong></span> <span class='ocrx_word' id='word_1_144' title='bbox 1540 1638 1652 1690; x_wconf 87' lang='lat' dir='ltr'><strong>cap.</strong></span> <span class='ocrx_word' id='word_1_145' title='bbox 1680 1620 1768 1689; x_wconf 79' lang='grc'><strong>17)</strong></span> <span class='ocrx_word' id='word_1_146' title='bbox 1794 1637 1807 1672; x_wconf 85' lang='lat'><strong>:</strong></span> 
     </span>
    </p>
   </div>
   <div class='ocr_carea' id='block_1_22' title="bbox 248 1690 1813 1762">
    <p class='ocr_par' dir='ltr' id='par_1_22' title="bbox 248 1690 1813 1762">
     <span class='ocr_line' id='line_1_22' title="bbox 248 1690 1813 1762; baseline 0 -18"><span class='ocrx_word' id='word_1_147' title='bbox 248 1712 271 1744; x_wconf 68' lang='grc' dir='ltr'><strong>ι</strong></span> <span class='ocrx_word' id='word_1_148' title='bbox 308 1694 457 1747; x_wconf 75' lang='lat' dir='ltr'><strong>Absit</strong></span> <span class='ocrx_word' id='word_1_149' title='bbox 486 1706 608 1747; x_wconf 90' lang='lat' dir='ltr'><strong>tunc</strong></span> <span class='ocrx_word' id='word_1_150' title='bbox 638 1711 735 1747; x_wconf 89' lang='lat' dir='ltr'><strong>nos</strong></span> <span class='ocrx_word' id='word_1_151' title='bbox 756 1697 933 1762; x_wconf 83' lang='lat' dir='ltr'><strong>sepori</strong></span> <span class='ocrx_word' id='word_1_152' title='bbox 964 1696 1043 1748; x_wconf 85' lang='lat' dir='ltr'><strong>vel</strong></span> <span class='ocrx_word' id='word_1_153' title='bbox 1072 1693 1295 1761; x_wconf 75' lang='lat' dir='ltr'><strong>ignavia:</strong></span> <span class='ocrx_word' id='word_1_154' title='bbox 1316 1693 1507 1747; x_wconf 89' lang='lat' dir='ltr'><strong>cedere</strong></span> <span class='ocrx_word' id='word_1_155' title='bbox 1537 1705 1640 1759; x_wconf 85' lang='lat' dir='ltr'><strong>qua</strong></span> <span class='ocrx_word' id='word_1_156' title='bbox 1663 1690 1813 1744; x_wconf 86' lang='lat' dir='ltr'><strong>vide-</strong></span> 
     </span>
    </p>
   </div>
   <div class='ocr_carea' id='block_1_23' title="bbox 244 1764 1811 1831">
    <p class='ocr_par' dir='ltr' id='par_1_23' title="bbox 244 1764 1811 1831">
     <span class='ocr_line' id='line_1_23' title="bbox 244 1764 1811 1831; baseline -0.002 -15"><span class='ocrx_word' id='word_1_157' title='bbox 244 1765 374 1816; x_wconf 86' lang='lat' dir='ltr'><strong>licet</strong></span> <span class='ocrx_word' id='word_1_158' title='bbox 402 1764 527 1816; x_wconf 90' lang='lat' dir='ltr'><strong>hora</strong></span> <span class='ocrx_word' id='word_1_159' title='bbox 555 1775 764 1816; x_wconf 88' lang='lat' dir='ltr'><strong>constat</strong></span> <span class='ocrx_word' id='word_1_160' title='bbox 812 1766 1223 1831; x_wconf 75' lang='lat' dir='ltr'><strong>Redemptorem</strong></span> <span class='ocrx_word' id='word_1_161' title='bbox 1269 1776 1508 1816; x_wconf 90' lang='lat' dir='ltr'><strong>nostrum</strong></span> <span class='ocrx_word' id='word_1_162' title='bbox 1538 1770 1811 1814; x_wconf 85' lang='lat' dir='ltr'><strong>destructo</strong></span> 
     </span>
    </p>
   </div>
   <div class='ocr_carea' id='block_1_24' title="bbox 242 1831 1809 1901">
    <p class='ocr_par' dir='ltr' id='par_1_24' title="bbox 242 1831 1809 1901">
     <span class='ocr_line' id='line_1_24' title="bbox 242 1831 1809 1901; baseline -0.002 -15"><span class='ocrx_word' id='word_1_163' title='bbox 242 1836 438 1887; x_wconf 89' lang='lat' dir='ltr'><strong>mortis</strong></span> <span class='ocrx_word' id='word_1_164' title='bbox 486 1834 711 1901; x_wconf 88' lang='lat' dir='ltr'><strong>imperio</strong></span> <span class='ocrx_word' id='word_1_165' title='bbox 754 1836 1077 1898; x_wconf 76' lang='lat' dir='ltr'><strong>surrexisse,</strong></span> <span class='ocrx_word' id='word_1_166' title='bbox 1109 1847 1175 1887; x_wconf 91' lang='lat' dir='ltr'><strong>ne</strong></span> <span class='ocrx_word' id='word_1_167' title='bbox 1204 1833 1246 1885; x_wconf 91' lang='lat' dir='ltr'><strong>si</strong></span> <span class='ocrx_word' id='word_1_168' title='bbox 1288 1841 1412 1885; x_wconf 91' lang='lat' dir='ltr'><strong>tunc</strong></span> <span class='ocrx_word' id='word_1_169' title='bbox 1458 1831 1809 1895; x_wconf 86' lang='lat' dir='ltr'><strong>dormiamus,</strong></span> 
     </span>
    </p>
   </div>
   <div class='ocr_carea' id='block_1_25' title="bbox 245 1901 1815 1971">
    <p class='ocr_par' dir='ltr' id='par_1_25' title="bbox 245 1901 1815 1971">
     <span class='ocr_line' id='line_1_25' title="bbox 245 1901 1815 1971; baseline 0 -17"><span class='ocrx_word' id='word_1_170' title='bbox 245 1903 465 1970; x_wconf 90' lang='lat' dir='ltr'><strong>quando</strong></span> <span class='ocrx_word' id='word_1_171' title='bbox 490 1914 695 1956; x_wconf 81' lang='lat' dir='ltr'><strong>oriente</strong></span> <span class='ocrx_word' id='word_1_172' title='bbox 723 1906 838 1956; x_wconf 92' lang='lat' dir='ltr'><strong>sole</strong></span> <span class='ocrx_word' id='word_1_173' title='bbox 883 1919 1144 1971; x_wconf 82' lang='lat' dir='ltr'><strong>corporeo</strong></span> <span class='ocrx_word' id='word_1_174' title='bbox 1170 1903 1329 1955; x_wconf 89' lang='lat' dir='ltr'><strong>etiam</strong></span> <span class='ocrx_word' id='word_1_175' title='bbox 1377 1901 1601 1954; x_wconf 88' lang='lat' dir='ltr'><strong>interior</strong></span> <span class='ocrx_word' id='word_1_176' title='bbox 1632 1910 1815 1954; x_wconf 84' lang='lat' dir='ltr'><strong>noster</strong></span> 
     </span>
    </p>
   </div>
   <div class='ocr_carea' id='block_1_26' title="bbox 248 1971 1818 2039">
    <p class='ocr_par' dir='ltr' id='par_1_26' title="bbox 248 1971 1818 2039">
     <span class='ocr_line' id='line_1_26' title="bbox 248 1971 1818 2039; baseline -0.001 -15"><span class='ocrx_word' id='word_1_177' title='bbox 248 1971 417 2024; x_wconf 84' lang='lat' dir='ltr'><strong>homo</strong></span> <span class='ocrx_word' id='word_1_178' title='bbox 447 1972 617 2026; x_wconf 83' lang='lat' dir='ltr'><strong>lucem</strong></span> <span class='ocrx_word' id='word_1_179' title='bbox 648 1974 802 2026; x_wconf 85' lang='lat' dir='ltr'><strong>debet</strong></span> <span class='ocrx_word' id='word_1_180' title='bbox 830 1974 1158 2026; x_wconf 85' lang='lat' dir='ltr'><strong>inocciduain</strong></span> <span class='ocrx_word' id='word_1_181' title='bbox 1189 1980 1522 2039; x_wconf 65' lang='lat' dir='ltr'><strong>exspectare,</strong></span> <span class='ocrx_word' id='word_1_182' title='bbox 1555 1972 1695 2039; x_wconf 88' lang='lat' dir='ltr'><strong>quod</strong></span> <span class='ocrx_word' id='word_1_183' title='bbox 1726 1971 1818 2023; x_wconf 85' lang='lat' dir='ltr'><strong>ab-</strong></span> 
     </span>
    </p>
   </div>
   <div class='ocr_carea' id='block_1_27' title="bbox 240 2040 1818 2109">
    <p class='ocr_par' dir='ltr' id='par_1_27' title="bbox 240 2040 1818 2109">
     <span class='ocr_line' id='line_1_27' title="bbox 240 2040 1818 2109; baseline -0.001 -16"><span class='ocrx_word' id='word_1_184' title='bbox 240 2046 345 2108; x_wconf 78' lang='lat' dir='ltr'><strong>sit,</strong></span> <span class='ocrx_word' id='word_1_185' title='bbox 372 2041 548 2094; x_wconf 73' lang='lat' dir='ltr'><strong>inrisio</strong></span> <span class='ocrx_word' id='word_1_186' title='bbox 593 2043 746 2094; x_wconf 81' lang='lat' dir='ltr'><strong>nobis</strong></span> <span class='ocrx_word' id='word_1_187' title='bbox 788 2043 1032 2097; x_wconf 85' lang='lat' dir='ltr'><strong>videatur</strong></span> <span class='ocrx_word' id='word_1_188' title='bbox 1076 2043 1161 2096; x_wconf 89' lang='lat' dir='ltr'><strong>illa</strong></span> <span class='ocrx_word' id='word_1_189' title='bbox 1203 2056 1536 2109; x_wconf 70' lang='lat' dir='ltr'><strong>congruere:</strong></span> <span class='ocrx_word' id='word_1_190' title='bbox 1567 2040 1818 2104; x_wconf 81' lang='lat' dir='ltr'><strong>Discipuli</strong></span> 
     </span>
    </p>
   </div>
   <div class='ocr_carea' id='block_1_28' title="bbox 243 2111 1817 2179">
    <p class='ocr_par' dir='ltr' id='par_1_28' title="bbox 243 2111 1817 2179">
     <span class='ocr_line' id='line_1_28' title="bbox 243 2111 1817 2179; baseline -0.001 -16"><span class='ocrx_word' id='word_1_191' title='bbox 243 2114 366 2179; x_wconf 67' lang='lat' dir='ltr'><strong>ejus</strong></span> <span class='ocrx_word' id='word_1_192' title='bbox 394 2121 536 2164; x_wconf 84' lang='lat' dir='ltr'><strong>nocte</strong></span> <span class='ocrx_word' id='word_1_193' title='bbox 561 2123 824 2178; x_wconf 75' lang='lat' dir='ltr'><strong>venerunt,</strong></span> <span class='ocrx_word' id='word_1_194' title='bbox 857 2123 903 2165; x_wconf 88' lang='lat' dir='ltr'><strong>et</strong></span> <span class='ocrx_word' id='word_1_195' title='bbox 942 2114 1086 2166; x_wconf 81' lang='lat' dir='ltr'><strong>nobis</strong></span> <span class='ocrx_word' id='word_1_196' title='bbox 1122 2111 1482 2165; x_wconf 78' lang='lat' dir='ltr'><strong>dormientibus</strong></span> <span class='ocrx_word' id='word_1_197' title='bbox 1514 2111 1671 2178; x_wconf 79' lang='lat' dir='ltr'><strong>furati</strong></span> <span class='ocrx_word' id='word_1_198' title='bbox 1696 2119 1817 2164; x_wconf 75' lang='lat' dir='ltr'><strong>sunt</strong></span> 
     </span>
    </p>
   </div>
   <div class='ocr_carea' id='block_1_29' title="bbox 242 2196 504 2239">
    <p class='ocr_par' dir='ltr' id='par_1_29' title="bbox 242 2196 504 2239">
     <span class='ocr_line' id='line_1_29' title="bbox 242 2196 504 2239; baseline -0.004 -8"><span class='ocrx_word' id='word_1_199' title='bbox 242 2196 387 2233; x_wconf 78' lang='lat' dir='ltr'><strong>cum.</strong></span> <span class='ocrx_word' id='word_1_200' title='bbox 422 2198 441 2230; x_wconf 73' lang='grc' dir='ltr'><strong>ι</strong></span> <span class='ocrx_word' id='word_1_201' title='bbox 479 2229 504 2239; x_wconf 78' lang='lat'>_</span> 
     </span>
    </p>
   </div>
   <div class='ocr_carea' id='block_1_30' title="bbox 324 2249 1816 2320">
    <p class='ocr_par' dir='ltr' id='par_1_30' title="bbox 324 2249 1816 2320">
     <span class='ocr_line' id='line_1_30' title="bbox 324 2249 1816 2320; baseline 0.002 -19"><span class='ocrx_word' id='word_1_202' title='bbox 324 2251 437 2303; x_wconf 81' lang='lat' dir='ltr'><strong>Non</strong></span> <span class='ocrx_word' id='word_1_203' title='bbox 469 2249 755 2305; x_wconf 70' lang='lat' dir='ltr'><strong>defuerunt</strong></span> <span class='ocrx_word' id='word_1_204' title='bbox 786 2262 961 2306; x_wconf 84' lang='lat' dir='ltr'><strong>tamen</strong></span> <span class='ocrx_word' id='word_1_205' title='bbox 992 2267 1056 2305; x_wconf 79' lang='lat' dir='ltr'><strong>ex</strong></span> <span class='ocrx_word' id='word_1_206' title='bbox 1086 2250 1276 2320; x_wconf 86' lang='lat' dir='ltr'><strong>priscis</strong></span> <span class='ocrx_word' id='word_1_207' title='bbox 1305 2249 1599 2313; x_wconf 84' lang='lat' dir='ltr'><strong>monachis,</strong></span> <span class='ocrx_word' id='word_1_208' title='bbox 1625 2265 1816 2315; x_wconf 86' lang='lat' dir='ltr'><strong>quam-</strong></span> 
     </span>
    </p>
   </div>
   <div class='ocr_carea' id='block_1_31' title="bbox 246 2320 1821 2390">
    <p class='ocr_par' dir='ltr' id='par_1_31' title="bbox 246 2320 1821 2390">
     <span class='ocr_line' id='line_1_31' title="bbox 246 2320 1821 2390; baseline 0.003 -20"><span class='ocrx_word' id='word_1_209' title='bbox 246 2321 333 2371; x_wconf 85' lang='lat' dir='ltr'><strong>vis</strong></span> <span class='ocrx_word' id='word_1_210' title='bbox 359 2323 530 2387; x_wconf 87' lang='lat' dir='ltr'><strong>pauci,</strong></span> <span class='ocrx_word' id='word_1_211' title='bbox 564 2323 652 2388; x_wconf 89' lang='lat' dir='ltr'><strong>qui</strong></span> <span class='ocrx_word' id='word_1_212' title='bbox 683 2330 799 2390; x_wconf 91' lang='lat' dir='ltr'><strong>post</strong></span> <span class='ocrx_word' id='word_1_213' title='bbox 828 2332 1144 2376; x_wconf 90' lang='lat' dir='ltr'><strong>nocturnum</strong></span> <span class='ocrx_word' id='word_1_214' title='bbox 1176 2321 1408 2390; x_wconf 82' lang='lat' dir='ltr'><strong>officium</strong></span> <span class='ocrx_word' id='word_1_215' title='bbox 1433 2333 1621 2373; x_wconf 84' lang='lat' dir='ltr'><strong>somno</strong></span> <span class='ocrx_word' id='word_1_216' title='bbox 1650 2320 1821 2375; x_wconf 83' lang='lat' dir='ltr'><strong>indul-</strong></span> 
     </span>
    </p>
   </div>
   <div class='ocr_carea' id='block_1_32' title="bbox 248 2389 1815 2459">
    <p class='ocr_par' dir='ltr' id='par_1_32' title="bbox 248 2389 1815 2459">
     <span class='ocr_line' id='line_1_32' title="bbox 248 2389 1815 2459; baseline 0.002 -18"><span class='ocrx_word' id='word_1_217' title='bbox 248 2404 384 2459; x_wconf 76' lang='lat' dir='ltr'><strong>gere</strong></span> <span class='ocrx_word' id='word_1_218' title='bbox 413 2389 791 2456; x_wconf 87' lang='lat' dir='ltr'><strong>permiserunt,</strong></span> <span class='ocrx_word' id='word_1_219' title='bbox 810 2402 931 2459; x_wconf 89' lang='lat' dir='ltr'><strong>puta</strong></span> <span class='ocrx_word' id='word_1_220' title='bbox 955 2392 1011 2445; x_wconf 99' lang='grc'><strong>8.</strong></span> <span class='ocrx_word' id='word_1_221' title='bbox 1033 2392 1289 2444; x_wconf 76' lang='lat' dir='ltr'><strong>Isidorum</strong></span> <span class='ocrx_word' id='word_1_222' title='bbox 1310 2394 1359 2443; x_wconf 92' lang='lat' dir='ltr'><strong>in</strong></span> <span class='ocrx_word' id='word_1_223' title='bbox 1384 2389 1597 2457; x_wconf 76' lang='lat' dir='ltr'><strong>Regula:</strong></span> <span class='ocrx_word' id='word_1_224' title='bbox 1616 2404 1730 2457; x_wconf 87' lang='lat' dir='ltr'><strong>cap.</strong></span> <span class='ocrx_word' id='word_1_225' title='bbox 1760 2390 1815 2455; x_wconf 87' lang='lat'><strong>6,</strong></span> 
     </span>
    </p>
   </div>
   <div class='ocr_carea' id='block_1_33' title="bbox 251 2458 1817 2529">
    <p class='ocr_par' dir='ltr' id='par_1_33' title="bbox 251 2458 1817 2529">
     <span class='ocr_line' id='line_1_33' title="bbox 251 2458 1817 2529; baseline 0.001 -17"><span class='ocrx_word' id='word_1_226' title='bbox 251 2469 313 2512; x_wconf 81' lang='lat' dir='ltr'><strong>et</strong></span> <span class='ocrx_word' id='word_1_227' title='bbox 342 2458 647 2527; x_wconf 80' lang='lat' dir='ltr'><strong>Magistrum</strong></span> <span class='ocrx_word' id='word_1_228' title='bbox 688 2458 823 2514; x_wconf 13' lang='lat' dir='ltr'><strong>item,</strong></span> <span class='ocrx_word' id='word_1_229' title='bbox 849 2461 1064 2529; x_wconf 66' lang='lat' dir='ltr'><strong>Regulae</strong></span> <span class='ocrx_word' id='word_1_230' title='bbox 1115 2477 1233 2529; x_wconf 83' lang='lat' dir='ltr'><strong>cap.</strong></span> <span class='ocrx_word' id='word_1_231' title='bbox 1266 2461 1354 2513; x_wconf 72' lang='grc' dir='ltr'>Μ.</span> <span class='ocrx_word' id='word_1_232' title='bbox 1410 2460 1568 2528; x_wconf 90' lang='lat' dir='ltr'><strong>quue</strong></span> <span class='ocrx_word' id='word_1_233' title='bbox 1602 2476 1700 2514; x_wconf 90' lang='lat' dir='ltr'><strong>usu</strong></span> <span class='ocrx_word' id='word_1_234' title='bbox 1731 2477 1817 2515; x_wconf 90' lang='lat' dir='ltr'><strong>re-</strong></span> 
     </span>
    </p>
   </div>
   <div class='ocr_carea' id='block_1_34' title="bbox 252 2529 1817 2597">
    <p class='ocr_par' dir='ltr' id='par_1_34' title="bbox 252 2529 1817 2597">
     <span class='ocr_line' id='line_1_34' title="bbox 252 2529 1817 2597; baseline 0.001 -15"><span class='ocrx_word' id='word_1_235' title='bbox 252 2538 468 2597; x_wconf 85' lang='lat' dir='ltr'><strong>ceptum</strong></span> <span class='ocrx_word' id='word_1_236' title='bbox 500 2531 665 2585; x_wconf 87' lang='lat' dir='ltr'><strong>fuisse</strong></span> <span class='ocrx_word' id='word_1_237' title='bbox 694 2534 834 2585; x_wconf 90' lang='lat' dir='ltr'><strong>circa</strong></span> <span class='ocrx_word' id='word_1_238' title='bbox 869 2534 1025 2585; x_wconf 91' lang='lat' dir='ltr'><strong>tinem</strong></span> <span class='ocrx_word' id='word_1_239' title='bbox 1056 2532 1237 2585; x_wconf 71' lang='lat' dir='ltr'><strong>smculi</strong></span> <span class='ocrx_word' id='word_1_240' title='bbox 1268 2531 1401 2583; x_wconf 80' lang='lat' dir='ltr'><strong>sexti</strong></span> <span class='ocrx_word' id='word_1_241' title='bbox 1433 2531 1484 2582; x_wconf 90' lang='lat' dir='ltr'><strong>in</strong></span> <span class='ocrx_word' id='word_1_242' title='bbox 1526 2529 1817 2585; x_wconf 84' lang='lat' dir='ltr'><strong>Reomensi</strong></span> 
     </span>
    </p>
   </div>
   <div class='ocr_carea' id='block_1_35' title="bbox 253 2599 1816 2669">
    <p class='ocr_par' dir='ltr' id='par_1_35' title="bbox 253 2599 1816 2669">
     <span class='ocr_line' id='line_1_35' title="bbox 253 2599 1816 2669; baseline 0 -15"><span class='ocrx_word' id='word_1_243' title='bbox 253 2599 315 2654; x_wconf 87' lang='grc'><strong>8.</strong></span> <span class='ocrx_word' id='word_1_244' title='bbox 341 2600 565 2653; x_wconf 81' lang='lat' dir='ltr'><strong>Joannis</strong></span> <span class='ocrx_word' id='word_1_245' title='bbox 593 2602 914 2655; x_wconf 87' lang='lat' dir='ltr'><strong>monasterio</strong></span> <span class='ocrx_word' id='word_1_246' title='bbox 942 2603 1237 2669; x_wconf 74' lang='lat' dir='ltr'><strong>colligimus</strong></span> <span class='ocrx_word' id='word_1_247' title='bbox 1259 2616 1322 2654; x_wconf 79' lang='lat' dir='ltr'><strong>ex</strong></span> <span class='ocrx_word' id='word_1_248' title='bbox 1350 2601 1485 2653; x_wconf 91' lang='lat' dir='ltr'><strong>libro</strong></span> <span class='ocrx_word' id='word_1_249' title='bbox 1513 2601 1580 2653; x_wconf 91' lang='lat' dir='ltr'><strong>de</strong></span> <span class='ocrx_word' id='word_1_250' title='bbox 1612 2600 1816 2655; x_wconf 86' lang='lat' dir='ltr'><strong>Trans-</strong></span> 
     </span>
    </p>
   </div>
   <div class='ocr_carea' id='block_1_36' title="bbox 260 2669 1817 2739">
    <p class='ocr_par' dir='ltr' id='par_1_36' title="bbox 260 2669 1817 2739">
     <span class='ocr_line' id='line_1_36' title="bbox 260 2669 1817 2739; baseline 0.002 -18"><span class='ocrx_word' id='word_1_251' title='bbox 260 2669 457 2722; x_wconf 88' lang='lat' dir='ltr'><strong>Iatione</strong></span> <span class='ocrx_word' id='word_1_252' title='bbox 502 2680 557 2723; x_wconf 89' lang='lat' dir='ltr'><strong>et</strong></span> <span class='ocrx_word' id='word_1_253' title='bbox 582 2671 851 2725; x_wconf 85' lang='lat' dir='ltr'><strong>miraculis</strong></span> <span class='ocrx_word' id='word_1_254' title='bbox 877 2672 1016 2739; x_wconf 85' lang='lat' dir='ltr'><strong>ejus,</strong></span> <span class='ocrx_word' id='word_1_255' title='bbox 1050 2690 1103 2724; x_wconf 88' lang='grc' dir='ltr'>ιι.</span> <span class='ocrx_word' id='word_1_256' title='bbox 1141 2672 1161 2721; x_wconf 82' lang='grc'>1</span> <span class='ocrx_word' id='word_1_257' title='bbox 1192 2686 1207 2733; x_wconf 91' lang='lat'><strong>;</strong></span> <span class='ocrx_word' id='word_1_258' title='bbox 1258 2670 1351 2723; x_wconf 89' lang='lat' dir='ltr'><strong>sed</strong></span> <span class='ocrx_word' id='word_1_259' title='bbox 1380 2680 1435 2724; x_wconf 93' lang='lat' dir='ltr'><strong>et</strong></span> <span class='ocrx_word' id='word_1_260' title='bbox 1462 2671 1518 2724; x_wconf 90' lang='lat' dir='ltr'><strong>S.</strong></span> <span class='ocrx_word' id='word_1_261' title='bbox 1552 2670 1687 2724; x_wconf 87' lang='lat' dir='ltr'><strong>Galli</strong></span> <span class='ocrx_word' id='word_1_262' title='bbox 1720 2672 1817 2724; x_wconf 90' lang='lat' dir='ltr'><strong>ab-</strong></span> 
     </span>
    </p>
   </div>
   <div class='ocr_carea' id='block_1_37' title="bbox 256 2740 1820 2810">
    <p class='ocr_par' dir='ltr' id='par_1_37' title="bbox 256 2740 1820 2810">
     <span class='ocr_line' id='line_1_37' title="bbox 256 2740 1820 2810; baseline 0.002 -20"><span class='ocrx_word' id='word_1_263' title='bbox 256 2740 395 2791; x_wconf 88' lang='lat' dir='ltr'><strong>batis</strong></span> <span class='ocrx_word' id='word_1_264' title='bbox 421 2740 708 2803; x_wconf 87' lang='lat' dir='ltr'><strong>discipulos</strong></span> <span class='ocrx_word' id='word_1_265' title='bbox 734 2751 845 2810; x_wconf 84' lang='lat' dir='ltr'><strong>post</strong></span> <span class='ocrx_word' id='word_1_266' title='bbox 873 2744 1097 2795; x_wconf 83' lang='lat' dir='ltr'><strong>laborem</strong></span> <span class='ocrx_word' id='word_1_267' title='bbox 1140 2741 1452 2810; x_wconf 78' lang='lat' dir='ltr'><strong>matutinalis</strong></span> <span class='ocrx_word' id='word_1_268' title='bbox 1472 2740 1626 2810; x_wconf 71' lang='lat' dir='ltr'><strong>oﬂicii</strong></span> <span class='ocrx_word' id='word_1_269' title='bbox 1678 2742 1820 2808; x_wconf 81' lang='lat' dir='ltr'><strong>quie-</strong></span> 
     </span>
    </p>
   </div>
   <div class='ocr_carea' id='block_1_38' title="bbox 252 2808 1817 2877">
    <p class='ocr_par' dir='ltr' id='par_1_38' title="bbox 252 2808 1817 2877">
     <span class='ocr_line' id='line_1_38' title="bbox 252 2808 1817 2877; baseline 0.003 -16"><span class='ocrx_word' id='word_1_270' title='bbox 252 2812 429 2862; x_wconf 76' lang='lat' dir='ltr'><strong>scendi</strong></span> <span class='ocrx_word' id='word_1_271' title='bbox 456 2815 621 2877; x_wconf 83' lang='lat' dir='ltr'><strong>gratia</strong></span> <span class='ocrx_word' id='word_1_272' title='bbox 657 2808 808 2864; x_wconf 72' lang='lat' dir='ltr'><strong>leclos</strong></span> <span class='ocrx_word' id='word_1_273' title='bbox 840 2812 1086 2865; x_wconf 86' lang='lat' dir='ltr'><strong>revisisse</strong></span> <span class='ocrx_word' id='word_1_274' title='bbox 1114 2822 1299 2864; x_wconf 89' lang='lat' dir='ltr'><strong>auctor</strong></span> <span class='ocrx_word' id='word_1_275' title='bbox 1321 2821 1403 2863; x_wconf 89' lang='lat' dir='ltr'><strong>est</strong></span> <span class='ocrx_word' id='word_1_276' title='bbox 1444 2808 1736 2864; x_wconf 86' lang='lat' dir='ltr'><strong>Walfridus</strong></span> <span class='ocrx_word' id='word_1_277' title='bbox 1764 2814 1817 2866; x_wconf 92' lang='lat' dir='ltr'><strong>in</strong></span> 
     </span>
    </p>
   </div>
   <div class='ocr_carea' id='block_1_39' title="bbox 262 2878 1819 2950">
    <p class='ocr_par' dir='ltr' id='par_1_39' title="bbox 262 2878 1819 2950">
     <span class='ocr_line' id='line_1_39' title="bbox 262 2878 1819 2950; baseline 0.003 -20"><span class='ocrx_word' id='word_1_278' title='bbox 262 2879 378 2932; x_wconf 91' lang='lat' dir='ltr'><strong>Vita</strong></span> <span class='ocrx_word' id='word_1_279' title='bbox 417 2880 475 2934; x_wconf 93' lang='grc'><strong>8.</strong></span> <span class='ocrx_word' id='word_1_280' title='bbox 502 2881 639 2933; x_wconf 56' lang='lat' dir='ltr'><strong>Galli</strong></span> <span class='ocrx_word' id='word_1_281' title='bbox 666 2896 783 2948; x_wconf 86' lang='lat' dir='ltr'><strong>cap.</strong></span> <span class='ocrx_word' id='word_1_282' title='bbox 813 2883 882 2935; x_wconf 69' lang='lat'><strong>26</strong></span> <span class='ocrx_word' id='word_1_283' title='bbox 912 2886 929 2950; x_wconf 91' lang='lat'><strong>(</strong></span> <span class='ocrx_word' id='word_1_284' title='bbox 957 2882 1089 2935; x_wconf 71' lang='grc' dir='ltr'><strong>δατ.</strong></span> <span class='ocrx_word' id='word_1_285' title='bbox 1125 2898 1160 2934; x_wconf 83' lang='grc' dir='ltr'><strong>ιι</strong></span> <span class='ocrx_word' id='word_1_286' title='bbox 1184 2883 1221 2949; x_wconf 94' lang='grc'>).</span> <span class='ocrx_word' id='word_1_287' title='bbox 1258 2880 1515 2934; x_wconf 91' lang='lat' dir='ltr'><strong>Similiter</strong></span> <span class='ocrx_word' id='word_1_288' title='bbox 1558 2880 1616 2933; x_wconf 83' lang='grc'><strong>8.</strong></span> <span class='ocrx_word' id='word_1_289' title='bbox 1651 2878 1819 2934; x_wconf 85' lang='lat' dir='ltr'><strong>Gere-</strong></span> 
     </span>
    </p>
   </div>
   <div class='ocr_carea' id='block_1_40' title="bbox 260 2950 1819 3019">
    <p class='ocr_par' dir='ltr' id='par_1_40' title="bbox 260 2950 1819 3019">
     <span class='ocr_line' id='line_1_40' title="bbox 260 2950 1819 3019; baseline 0.002 -18"><span class='ocrx_word' id='word_1_290' title='bbox 260 2964 441 3002; x_wconf 88' lang='lat' dir='ltr'><strong>marus</strong></span> <span class='ocrx_word' id='word_1_291' title='bbox 477 2950 643 3005; x_wconf 82' lang='lat' dir='ltr'><strong>abbas</strong></span> <span class='ocrx_word' id='word_1_292' title='bbox 686 2951 1042 3005; x_wconf 72' lang='lat' dir='ltr'><strong>Flaviacmsis</strong></span> <span class='ocrx_word' id='word_1_293' title='bbox 1080 2952 1326 3019; x_wconf 86' lang='lat' dir='ltr'><strong>completo</strong></span> <span class='ocrx_word' id='word_1_294' title='bbox 1371 2950 1528 3018; x_wconf 68' lang='lat' dir='ltr'><strong>ofﬁcio</strong></span> <span class='ocrx_word' id='word_1_295' title='bbox 1568 2960 1819 3004; x_wconf 73' lang='lat' dir='ltr'><strong>revertens</strong></span> 
     </span>
    </p>
   </div>
   <div class='ocr_carea' id='block_1_41' title="bbox 258 3019 1816 3083">
    <p class='ocr_par' dir='ltr' id='par_1_41' title="bbox 258 3019 1816 3083">
     <span class='ocr_line' id='line_1_41' title="bbox 258 3019 1816 3083; baseline 0.001 -13"><span class='ocrx_word' id='word_1_296' title='bbox 258 3019 312 3070; x_wconf 77' lang='lat' dir='ltr'><strong>in</strong></span> <span class='ocrx_word' id='word_1_297' title='bbox 338 3020 690 3073; x_wconf 84' lang='lat' dir='ltr'><strong>dormitorium</strong></span> <span class='ocrx_word' id='word_1_298' title='bbox 716 3026 766 3073; x_wconf 83' lang='lat' dir='ltr'><strong>in</strong></span> <span class='ocrx_word' id='word_1_299' title='bbox 796 3031 956 3073; x_wconf 80' lang='lat' dir='ltr'><strong>strata</strong></span> <span class='ocrx_word' id='word_1_300' title='bbox 983 3039 1073 3074; x_wconf 82' lang='lat' dir='ltr'><strong>suo</strong></span> <span class='ocrx_word' id='word_1_301' title='bbox 1100 3023 1350 3074; x_wconf 85' lang='lat' dir='ltr'><strong>collocare</strong></span> <span class='ocrx_word' id='word_1_302' title='bbox 1378 3036 1431 3072; x_wconf 80' lang='lat' dir='ltr'><strong>se</strong></span> <span class='ocrx_word' id='word_1_303' title='bbox 1469 3030 1816 3083; x_wconf 79' lang='lat' dir='ltr'><strong>consueverat,</strong></span> 
     </span>
    </p>
   </div>
   <div class='ocr_carea' id='block_1_42' title="bbox 262 3089 1819 3159">
    <p class='ocr_par' dir='ltr' id='par_1_42' title="bbox 262 3089 1819 3159">
     <span class='ocr_line' id='line_1_42' title="bbox 262 3089 1819 3159; baseline 0.002 -19"><span class='ocrx_word' id='word_1_304' title='bbox 262 3101 319 3141; x_wconf 93' lang='lat' dir='ltr'><strong>ut</strong></span> <span class='ocrx_word' id='word_1_305' title='bbox 349 3092 544 3143; x_wconf 83' lang='lat' dir='ltr'><strong>habent</strong></span> <span class='ocrx_word' id='word_1_306' title='bbox 583 3091 702 3158; x_wconf 82' lang='lat' dir='ltr'><strong>ejus</strong></span> <span class='ocrx_word' id='word_1_307' title='bbox 742 3102 861 3144; x_wconf 89' lang='lat' dir='ltr'><strong>acta</strong></span> <span class='ocrx_word' id='word_1_308' title='bbox 887 3110 942 3144; x_wconf 85' lang='grc' dir='ltr'>ιι.</span> <span class='ocrx_word' id='word_1_309' title='bbox 980 3093 1064 3145; x_wconf 76' lang='grc' dir='ltr'>Η.</span> <span class='ocrx_word' id='word_1_310' title='bbox 1099 3093 1238 3145; x_wconf 81' lang='lat' dir='ltr'><strong>Idem</strong></span> <span class='ocrx_word' id='word_1_311' title='bbox 1265 3090 1490 3158; x_wconf 82' lang='lat' dir='ltr'><strong>viguisse</strong></span> <span class='ocrx_word' id='word_1_312' title='bbox 1521 3089 1573 3143; x_wconf 90' lang='lat' dir='ltr'><strong>in</strong></span> <span class='ocrx_word' id='word_1_313' title='bbox 1606 3089 1819 3159; x_wconf 88' lang='lat' dir='ltr'><strong>Longo-</strong></span> 
     </span>
    </p>
   </div>
   <div class='ocr_carea' id='block_1_43' title="bbox 262 3160 1820 3224">
    <p class='ocr_par' dir='ltr' id='par_1_43' title="bbox 262 3160 1820 3224">
     <span class='ocr_line' id='line_1_43' title="bbox 262 3160 1820 3224; baseline 0.001 -14"><span class='ocrx_word' id='word_1_314' title='bbox 262 3163 427 3212; x_wconf 86' lang='lat' dir='ltr'><strong>retico</strong></span> <span class='ocrx_word' id='word_1_315' title='bbox 448 3160 776 3215; x_wconf 70' lang='lat' dir='ltr'><strong>monasterio</strong></span> <span class='ocrx_word' id='word_1_316' title='bbox 797 3162 1052 3218; x_wconf 83' lang='lat' dir='ltr'><strong>discimus</strong></span> <span class='ocrx_word' id='word_1_317' title='bbox 1078 3177 1143 3214; x_wconf 80' lang='lat' dir='ltr'><strong>ex</strong></span> <span class='ocrx_word' id='word_1_318' title='bbox 1169 3160 1383 3214; x_wconf 83' lang='lat' dir='ltr'><strong>Visione</strong></span> <span class='ocrx_word' id='word_1_319' title='bbox 1416 3161 1650 3223; x_wconf 79' lang='lat' dir='ltr'><strong>Baronti,</strong></span> <span class='ocrx_word' id='word_1_320' title='bbox 1679 3175 1733 3212; x_wconf 89' lang='grc' dir='ltr'>ιι.</span> <span class='ocrx_word' id='word_1_321' title='bbox 1765 3162 1820 3224; x_wconf 86' lang='lat'><strong>7,</strong></span> 
     </span>
    </p>
   </div>
   <div class='ocr_carea' id='block_1_44' title="bbox 263 3230 1820 3295">
    <p class='ocr_par' dir='ltr' id='par_1_44' title="bbox 263 3230 1820 3295">
     <span class='ocr_line' id='line_1_44' title="bbox 263 3230 1820 3295; baseline 0.001 -13"><span class='ocrx_word' id='word_1_322' title='bbox 263 3232 460 3283; x_wconf 80' lang='lat' dir='ltr'><strong>sa-culo</strong></span> <span class='ocrx_word' id='word_1_323' title='bbox 490 3244 526 3283; x_wconf 91' lang='grc' dir='ltr'><strong>ιι</strong></span> <span class='ocrx_word' id='word_1_324' title='bbox 580 3231 810 3295; x_wconf 87' lang='lat' dir='ltr'><strong>Beued.;</strong></span> <span class='ocrx_word' id='word_1_325' title='bbox 862 3232 914 3284; x_wconf 91' lang='lat' dir='ltr'><strong>in</strong></span> <span class='ocrx_word' id='word_1_326' title='bbox 966 3232 1289 3285; x_wconf 77' lang='lat' dir='ltr'><strong>l’auliaceusi</strong></span> <span class='ocrx_word' id='word_1_327' title='bbox 1341 3230 1820 3283; x_wconf 78' lang='lat' dir='ltr'><strong>sanctimonialium</strong></span> 
     </span>
    </p>
   </div>
   <div class='ocr_carea' id='block_1_45' title="bbox 269 3299 1822 3367">
    <p class='ocr_par' dir='ltr' id='par_1_45' title="bbox 269 3299 1822 3367">
     <span class='ocr_line' id='line_1_45' title="bbox 269 3299 1822 3367; baseline 0 -15"><span class='ocrx_word' id='word_1_328' title='bbox 269 3314 334 3352; x_wconf 85' lang='lat' dir='ltr'><strong>ex</strong></span> <span class='ocrx_word' id='word_1_329' title='bbox 367 3299 476 3353; x_wconf 93' lang='lat' dir='ltr'><strong>Vita</strong></span> <span class='ocrx_word' id='word_1_330' title='bbox 508 3303 566 3352; x_wconf 83' lang='grc'><strong>8.</strong></span> <span class='ocrx_word' id='word_1_331' title='bbox 600 3302 979 3366; x_wconf 73' lang='lat' dir='ltr'><strong>Austrtbertae,</strong></span> <span class='ocrx_word' id='word_1_332' title='bbox 1010 3317 1064 3354; x_wconf 87' lang='grc' dir='ltr'>ιι.</span> <span class='ocrx_word' id='word_1_333' title='bbox 1110 3302 1199 3365; x_wconf 82' lang='lat'><strong>15,</strong></span> <span class='ocrx_word' id='word_1_334' title='bbox 1243 3314 1368 3354; x_wconf 64' lang='lat' dir='ltr'><strong>saec.</strong></span> <span class='ocrx_word' id='word_1_335' title='bbox 1402 3314 1478 3363; x_wconf 89' lang='lat' dir='ltr'><strong>III,</strong></span> <span class='ocrx_word' id='word_1_336' title='bbox 1517 3308 1651 3367; x_wconf 84' lang='lat' dir='ltr'><strong>part.</strong></span> <span class='ocrx_word' id='word_1_337' title='bbox 1684 3303 1822 3367; x_wconf 88' lang='lat' dir='ltr'><strong>t;_in</strong></span> 
     </span>
    </p>
   </div>
   <div class='ocr_carea' id='block_1_46' title="bbox 254 3359 1819 3437">
    <p class='ocr_par' dir='ltr' id='par_1_46' title="bbox 254 3359 1819 3437">
     <span class='ocr_line' id='line_1_46' title="bbox 254 3359 1819 3437; baseline 0.001 -16"><span class='ocrx_word' id='word_1_338' title='bbox 254 3368 679 3423; x_wconf 69' lang='lat' dir='ltr'><strong>Lindisfarnensi</strong></span> <span class='ocrx_word' id='word_1_339' title='bbox 703 3387 767 3424; x_wconf 80' lang='lat' dir='ltr'><strong>ex</strong></span> <span class='ocrx_word' id='word_1_340' title='bbox 784 3359 1028 3425; x_wconf 76' lang='lat' dir='ltr'><strong>Carmine</strong></span> <span class='ocrx_word' id='word_1_341' title='bbox 1052 3359 1321 3425; x_wconf 71' lang='lat' dir='ltr'><strong>Iithilvulti</strong></span> <span class='ocrx_word' id='word_1_342' title='bbox 1340 3359 1583 3422; x_wconf 75' lang='lat' dir='ltr'><strong>monachi</strong></span> <span class='ocrx_word' id='word_1_343' title='bbox 1599 3359 1819 3437; x_wconf 34' lang='lat' dir='ltr'><strong>capaftl,</strong></span> 
     </span>
    </p>
   </div>
   <div class='ocr_carea' id='block_1_47' title="bbox 260 3438 1821 3506">
    <p class='ocr_par' dir='ltr' id='par_1_47' title="bbox 260 3438 1821 3506">
     <span class='ocr_line' id='line_1_47' title="bbox 260 3438 1821 3506; baseline 0.003 -17"><span class='ocrx_word' id='word_1_344' title='bbox 260 3438 351 3502; x_wconf 72' lang='lat' dir='ltr'><strong>2t,</strong></span> <span class='ocrx_word' id='word_1_345' title='bbox 380 3441 482 3502; x_wconf 67' lang='lat'><strong>22;</strong></span> <span class='ocrx_word' id='word_1_346' title='bbox 536 3440 586 3491; x_wconf 91' lang='lat' dir='ltr'><strong>in</strong></span> <span class='ocrx_word' id='word_1_347' title='bbox 638 3442 959 3495; x_wconf 86' lang='lat' dir='ltr'><strong>monasterio</strong></span> <span class='ocrx_word' id='word_1_348' title='bbox 989 3444 1047 3496; x_wconf 89' lang='grc'><strong>8.</strong></span> <span class='ocrx_word' id='word_1_349' title='bbox 1077 3441 1383 3495; x_wconf 76' lang='lat' dir='ltr'><strong>Corbiniani</strong></span> <span class='ocrx_word' id='word_1_350' title='bbox 1424 3456 1487 3492; x_wconf 74' lang='lat' dir='ltr'><strong>ex</strong></span> <span class='ocrx_word' id='word_1_351' title='bbox 1538 3440 1657 3506; x_wconf 91' lang='lat' dir='ltr'><strong>ejus</strong></span> <span class='ocrx_word' id='word_1_352' title='bbox 1705 3440 1821 3494; x_wconf 90' lang='lat' dir='ltr'><strong>Vita</strong></span> 
     </span>
    </p>
   </div>
   <div class='ocr_carea' id='block_1_48' title="bbox 261 3510 1818 3580">
    <p class='ocr_par' dir='ltr' id='par_1_48' title="bbox 261 3510 1818 3580">
     <span class='ocr_line' id='line_1_48' title="bbox 261 3510 1818 3580; baseline 0.003 -20"><span class='ocrx_word' id='word_1_353' title='bbox 261 3519 481 3580; x_wconf 77' lang='lat' dir='ltr'><strong>auctore</strong></span> <span class='ocrx_word' id='word_1_354' title='bbox 507 3510 739 3563; x_wconf 83' lang='lat' dir='ltr'><strong>Aribone</strong></span> <span class='ocrx_word' id='word_1_355' title='bbox 769 3527 823 3563; x_wconf 90' lang='grc' dir='ltr'>ιι.</span> <span class='ocrx_word' id='word_1_356' title='bbox 856 3512 908 3578; x_wconf 80' lang='grc'><strong>5,</strong></span> <span class='ocrx_word' id='word_1_357' title='bbox 929 3512 1153 3580; x_wconf 86' lang='lat' dir='ltr'><strong>denique</strong></span> <span class='ocrx_word' id='word_1_358' title='bbox 1182 3512 1231 3562; x_wconf 91' lang='lat' dir='ltr'><strong>in</strong></span> <span class='ocrx_word' id='word_1_359' title='bbox 1262 3510 1632 3564; x_wconf 78' lang='lat' dir='ltr'><strong>SueSsioiiensi</strong></span> <span class='ocrx_word' id='word_1_360' title='bbox 1664 3511 1722 3563; x_wconf 88' lang='grc' dir='ltr'>Β.</span> <span class='ocrx_word' id='word_1_361' title='bbox 1752 3512 1818 3565; x_wconf 82' lang='grc' dir='ltr'>Μ.</span> 
     </span>
    </p>
   </div>
   <div class='ocr_carea' id='block_1_49' title="bbox 263 3578 1824 3647">
    <p class='ocr_par' dir='ltr' id='par_1_49' title="bbox 263 3578 1824 3647">
     <span class='ocr_line' id='line_1_49' title="bbox 263 3578 1824 3647; baseline 0.001 -16"><span class='ocrx_word' id='word_1_362' title='bbox 263 3578 603 3633; x_wconf 82' lang='lat' dir='ltr'><strong>Parthenone</strong></span> <span class='ocrx_word' id='word_1_363' title='bbox 651 3580 701 3632; x_wconf 84' lang='lat' dir='ltr'><strong>al</strong></span> <span class='ocrx_word' id='word_1_364' title='bbox 726 3579 770 3632; x_wconf 89' lang='lat' dir='ltr'><strong>is</strong></span> <span class='ocrx_word' id='word_1_365' title='bbox 810 3582 860 3634; x_wconf 92' lang='lat' dir='ltr'><strong>in</strong></span> <span class='ocrx_word' id='word_1_366' title='bbox 909 3578 1131 3635; x_wconf 73' lang='lat' dir='ltr'><strong>ecclesia</strong></span> <span class='ocrx_word' id='word_1_367' title='bbox 1172 3580 1365 3647; x_wconf 79' lang='lat' dir='ltr'><strong>vigiliis</strong></span> <span class='ocrx_word' id='word_1_368' title='bbox 1392 3589 1446 3632; x_wconf 89' lang='lat' dir='ltr'><strong>et</strong></span> <span class='ocrx_word' id='word_1_369' title='bbox 1490 3580 1824 3633; x_wconf 86' lang='lat' dir='ltr'><strong>orationibus</strong></span> 
     </span>
    </p>
   </div>
   <div class='ocr_carea' id='block_1_50' title="bbox 263 3646 1826 3717">
    <p class='ocr_par' dir='ltr' id='par_1_50' title="bbox 263 3646 1826 3717">
     <span class='ocr_line' id='line_1_50' title="bbox 263 3646 1826 3717; baseline 0.003 -17"><span class='ocrx_word' id='word_1_370' title='bbox 263 3646 661 3713; x_wconf 84' lang='lat' dir='ltr'><strong>insistentibus,</strong></span> <span class='ocrx_word' id='word_1_371' title='bbox 691 3652 809 3703; x_wconf 71' lang='lat' dir='ltr'><strong>alia:</strong></span> <span class='ocrx_word' id='word_1_372' title='bbox 838 3662 954 3717; x_wconf 92' lang='lat' dir='ltr'><strong>post</strong></span> <span class='ocrx_word' id='word_1_373' title='bbox 983 3646 1297 3705; x_wconf 83' lang='lat' dir='ltr'><strong>nocturnum</strong></span> <span class='ocrx_word' id='word_1_374' title='bbox 1329 3650 1558 3702; x_wconf 89' lang='lat' dir='ltr'><strong>otlicium</strong></span> <span class='ocrx_word' id='word_1_375' title='bbox 1590 3650 1826 3704; x_wconf 74' lang='lat' dir='ltr'><strong>dormire</strong></span> 
     </span>
    </p>
   </div>
   <div class='ocr_carea' id='block_1_51' title="bbox 270 3720 1824 3787">
    <p class='ocr_par' dir='ltr' id='par_1_51' title="bbox 270 3720 1824 3787">
     <span class='ocr_line' id='line_1_51' title="bbox 270 3720 1824 3787; baseline 0.001 -14"><span class='ocrx_word' id='word_1_376' title='bbox 270 3722 713 3787; x_wconf 80' lang='lat' dir='ltr'><strong>permittebantur</strong></span> <span class='ocrx_word' id='word_1_377' title='bbox 732 3736 796 3774; x_wconf 80' lang='lat' dir='ltr'><strong>ex</strong></span> <span class='ocrx_word' id='word_1_378' title='bbox 828 3720 943 3773; x_wconf 86' lang='lat' dir='ltr'><strong>Vita</strong></span> <span class='ocrx_word' id='word_1_379' title='bbox 975 3721 1029 3775; x_wconf 93' lang='grc'><strong>8.</strong></span> <span class='ocrx_word' id='word_1_380' title='bbox 1058 3721 1260 3774; x_wconf 88' lang='lat' dir='ltr'><strong>Drausii</strong></span> <span class='ocrx_word' id='word_1_381' title='bbox 1283 3720 1473 3787; x_wconf 85' lang='lat' dir='ltr'><strong>episc.,</strong></span> <span class='ocrx_word' id='word_1_382' title='bbox 1498 3736 1552 3773; x_wconf 88' lang='grc' dir='ltr'>ιι.</span> <span class='ocrx_word' id='word_1_383' title='bbox 1580 3722 1665 3787; x_wconf 88' lang='lat' dir='ltr'><strong>I7,</strong></span> <span class='ocrx_word' id='word_1_384' title='bbox 1685 3720 1824 3787; x_wconf 90' lang='lat' dir='ltr'><strong>apud</strong></span> 
     </span>
    </p>
   </div>
   <div class='ocr_carea' id='block_1_52' title="bbox 264 3788 1826 3858">
    <p class='ocr_par' dir='ltr' id='par_1_52' title="bbox 264 3788 1826 3858">
     <span class='ocr_line' id='line_1_52' title="bbox 264 3788 1826 3858; baseline 0.002 -17"><span class='ocrx_word' id='word_1_385' title='bbox 264 3788 593 3854; x_wconf 79' lang='lat' dir='ltr'><strong>Belland.,5</strong></span> <span class='ocrx_word' id='word_1_386' title='bbox 624 3791 817 3843; x_wconf 82' lang='lat' dir='ltr'><strong>Martii.</strong></span> <span class='ocrx_word' id='word_1_387' title='bbox 865 3794 970 3845; x_wconf 79' lang='lat' dir='ltr'><strong>Sed</strong></span> <span class='ocrx_word' id='word_1_388' title='bbox 1019 3796 1131 3845; x_wconf 63' lang='lat' dir='ltr'><strong>haec</strong></span> <span class='ocrx_word' id='word_1_389' title='bbox 1176 3806 1333 3844; x_wconf 64' lang='lat' dir='ltr'><strong>mera:</strong></span> <span class='ocrx_word' id='word_1_390' title='bbox 1373 3792 1731 3858; x_wconf 69' lang='lat' dir='ltr'><strong>indulgentiae,</strong></span> <span class='ocrx_word' id='word_1_391' title='bbox 1773 3802 1826 3844; x_wconf 92' lang='lat' dir='ltr'><strong>et</strong></span> 
     </span>
    </p>
   </div>
   <div class='ocr_carea' id='block_1_53' title="bbox 264 3862 1826 3931">
    <p class='ocr_par' dir='ltr' id='par_1_53' title="bbox 264 3862 1826 3931">
     <span class='ocr_line' id='line_1_53' title="bbox 264 3862 1826 3931; baseline 0.002 -19"><span class='ocrx_word' id='word_1_392' title='bbox 264 3874 459 3931; x_wconf 66' lang='lat' dir='ltr'><strong>piaater</strong></span> <span class='ocrx_word' id='word_1_393' title='bbox 501 3862 749 3927; x_wconf 67' lang='lat' dir='ltr'><strong>ltegulain</strong></span> <span class='ocrx_word' id='word_1_394' title='bbox 781 3863 838 3915; x_wconf 84' lang='grc'><strong>8.</strong></span> <span class='ocrx_word' id='word_1_395' title='bbox 870 3862 1164 3928; x_wconf 80' lang='lat' dir='ltr'><strong>Benedicti,</strong></span> <span class='ocrx_word' id='word_1_396' title='bbox 1197 3876 1315 3931; x_wconf 74' lang='lat' dir='ltr'><strong>qua:</strong></span> <span class='ocrx_word' id='word_1_397' title='bbox 1345 3862 1546 3914; x_wconf 91' lang='lat' dir='ltr'><strong>nullum</strong></span> <span class='ocrx_word' id='word_1_398' title='bbox 1595 3870 1714 3929; x_wconf 91' lang='lat' dir='ltr'><strong>post</strong></span> <span class='ocrx_word' id='word_1_399' title='bbox 1750 3863 1826 3915; x_wconf 82' lang='lat' dir='ltr'><strong>vi-</strong></span> 
     </span>
    </p>
   </div>
   <div class='ocr_carea' id='block_1_54' title="bbox 261 3929 981 3998">
    <p class='ocr_par' dir='ltr' id='par_1_54' title="bbox 261 3929 981 3998">
     <span class='ocr_line' id='line_1_54' title="bbox 261 3929 981 3998; baseline 0.001 -16"><span class='ocrx_word' id='word_1_400' title='bbox 261 3929 417 3998; x_wconf 86' lang='lat' dir='ltr'><strong>gilias</strong></span> <span class='ocrx_word' id='word_1_401' title='bbox 443 3945 687 3983; x_wconf 83' lang='lat' dir='ltr'><strong>Sttlttlttttll</strong></span> <span class='ocrx_word' id='word_1_402' title='bbox 721 3934 981 3985; x_wconf 84' lang='lat' dir='ltr'><strong>concedit.</strong></span> 
     </span>
    </p>
   </div>
   <div class='ocr_carea' id='block_1_55' title="bbox 319 4000 1823 4070">
    <p class='ocr_par' dir='ltr' id='par_1_55' title="bbox 319 4000 1823 4070">
     <span class='ocr_line' id='line_1_55' title="bbox 319 4000 1823 4070; baseline 0.001 -18"><span class='ocrx_word' id='word_1_403' title='bbox 319 4001 395 4052; x_wconf 84' lang='lat' dir='ltr'><strong>De</strong></span> <span class='ocrx_word' id='word_1_404' title='bbox 408 4016 645 4069; x_wconf 81' lang='lat' dir='ltr'><strong>tempore</strong></span> <span class='ocrx_word' id='word_1_405' title='bbox 658 4006 797 4069; x_wconf 76' lang='lat' dir='ltr'><strong>quoa</strong></span> <span class='ocrx_word' id='word_1_406' title='bbox 814 4002 997 4056; x_wconf 91' lang='lat' dir='ltr'><strong>Iaudes</strong></span> <span class='ocrx_word' id='word_1_407' title='bbox 1014 4002 1149 4057; x_wconf 90' lang='lat' dir='ltr'><strong>inter</strong></span> <span class='ocrx_word' id='word_1_408' title='bbox 1161 4010 1215 4056; x_wconf 92' lang='lat' dir='ltr'><strong>et</strong></span> <span class='ocrx_word' id='word_1_409' title='bbox 1229 4000 1451 4070; x_wconf 88' lang='lat' dir='ltr'><strong>primam</strong></span> <span class='ocrx_word' id='word_1_410' title='bbox 1469 4000 1823 4069; x_wconf 87' lang='lat' dir='ltr'><strong>intercipitur,</strong></span> 
     </span>
    </p>
   </div>
   <div class='ocr_carea' id='block_1_56' title="bbox 267 4071 1824 4138">
    <p class='ocr_par' dir='ltr' id='par_1_56' title="bbox 267 4071 1824 4138">
     <span class='ocr_line' id='line_1_56' title="bbox 267 4071 1824 4138; baseline 0 -15"><span class='ocrx_word' id='word_1_411' title='bbox 267 4072 444 4138; x_wconf 81' lang='lat' dir='ltr'><strong>aliqua</strong></span> <span class='ocrx_word' id='word_1_412' title='bbox 480 4081 658 4138; x_wconf 75' lang='lat' dir='ltr'><strong>posset</strong></span> <span class='ocrx_word' id='word_1_413' title='bbox 686 4088 805 4125; x_wconf 82' lang='lat' dir='ltr'><strong>esse</strong></span> <span class='ocrx_word' id='word_1_414' title='bbox 845 4072 1131 4126; x_wconf 80' lang='lat' dir='ltr'><strong>diflicultas</strong></span> <span class='ocrx_word' id='word_1_415' title='bbox 1163 4090 1175 4126; x_wconf 87' lang='lat'><strong>:</strong></span> <span class='ocrx_word' id='word_1_416' title='bbox 1207 4088 1327 4125; x_wconf 91' lang='lat' dir='ltr'><strong>nam</strong></span> <span class='ocrx_word' id='word_1_417' title='bbox 1356 4071 1411 4124; x_wconf 90' lang='lat' dir='ltr'><strong>S.</strong></span> <span class='ocrx_word' id='word_1_418' title='bbox 1442 4071 1597 4124; x_wconf 80' lang='lat' dir='ltr'><strong>Pater</strong></span> <span class='ocrx_word' id='word_1_419' title='bbox 1626 4073 1824 4123; x_wconf 90' lang='lat' dir='ltr'><strong>nullum</strong></span> 
     </span>
    </p>
   </div>
   <div class='ocr_carea' id='block_1_57' title="bbox 263 4140 1823 4205">
    <p class='ocr_par' dir='ltr' id='par_1_57' title="bbox 263 4140 1823 4205">
     <span class='ocr_line' id='line_1_57' title="bbox 263 4140 1823 4205; baseline -0.001 -12"><span class='ocrx_word' id='word_1_420' title='bbox 263 4154 390 4193; x_wconf 88' lang='lat' dir='ltr'><strong>tunc</strong></span> <span class='ocrx_word' id='word_1_421' title='bbox 416 4142 656 4194; x_wconf 87' lang='lat' dir='ltr'><strong>delinivit</strong></span> <span class='ocrx_word' id='word_1_422' title='bbox 684 4145 1013 4196; x_wconf 64' lang='lat' dir='ltr'><strong>exercitium.</strong></span> <span class='ocrx_word' id='word_1_423' title='bbox 1046 4143 1172 4197; x_wconf 88' lang='lat' dir='ltr'><strong>Item</strong></span> <span class='ocrx_word' id='word_1_424' title='bbox 1203 4142 1269 4195; x_wconf 88' lang='lat' dir='ltr'><strong>de</strong></span> <span class='ocrx_word' id='word_1_425' title='bbox 1309 4140 1587 4194; x_wconf 73' lang='lat' dir='ltr'><strong>dominicis</strong></span> <span class='ocrx_word' id='word_1_426' title='bbox 1616 4143 1823 4205; x_wconf 86' lang='lat' dir='ltr'><strong>diebus,</strong></span> 
     </span>
    </p>
   </div>
   <div class='ocr_carea' id='block_1_58' title="bbox 264 4212 1829 4281">
    <p class='ocr_par' dir='ltr' id='par_1_58' title="bbox 264 4212 1829 4281">
     <span class='ocr_line' id='line_1_58' title="bbox 264 4212 1829 4281; baseline 0.001 -18"><span class='ocrx_word' id='word_1_427' title='bbox 264 4212 320 4263; x_wconf 89' lang='lat' dir='ltr'><strong>in</strong></span> <span class='ocrx_word' id='word_1_428' title='bbox 369 4212 559 4278; x_wconf 86' lang='lat' dir='ltr'><strong>quibus</strong></span> <span class='ocrx_word' id='word_1_429' title='bbox 607 4214 866 4266; x_wconf 86' lang='lat' dir='ltr'><strong>maturius</strong></span> <span class='ocrx_word' id='word_1_430' title='bbox 910 4215 974 4266; x_wconf 86' lang='lat' dir='ltr'><strong>ad</strong></span> <span class='ocrx_word' id='word_1_431' title='bbox 1025 4212 1237 4281; x_wconf 77' lang='lat' dir='ltr'><strong>vigilias</strong></span> <span class='ocrx_word' id='word_1_432' title='bbox 1290 4212 1580 4281; x_wconf 81' lang='lat' dir='ltr'><strong>monachos</strong></span> <span class='ocrx_word' id='word_1_433' title='bbox 1610 4224 1829 4278; x_wconf 86' lang='lat' dir='ltr'><strong>surgere</strong></span> 
     </span>
    </p>
   </div>
   <div class='ocr_carea' id='block_1_59' title="bbox 260 4279 1827 4351">
    <p class='ocr_par' dir='ltr' id='par_1_59' title="bbox 260 4279 1827 4351">
     <span class='ocr_line' id='line_1_59' title="bbox 260 4279 1827 4351; baseline 0.002 -20"><span class='ocrx_word' id='word_1_434' title='bbox 260 4281 454 4349; x_wconf 79' lang='lat' dir='ltr'><strong>jussit,</strong></span> <span class='ocrx_word' id='word_1_435' title='bbox 486 4282 775 4350; x_wconf 84' lang='lat' dir='ltr'><strong>laudesque</strong></span> <span class='ocrx_word' id='word_1_436' title='bbox 814 4283 1008 4351; x_wconf 80' lang='lat' dir='ltr'><strong>vigiliis</strong></span> <span class='ocrx_word' id='word_1_437' title='bbox 1034 4279 1342 4337; x_wconf 86' lang='lat' dir='ltr'><strong>immediate</strong></span> <span class='ocrx_word' id='word_1_438' title='bbox 1370 4279 1670 4349; x_wconf 74' lang='lat' dir='ltr'><strong>subjungit;</strong></span> <span class='ocrx_word' id='word_1_439' title='bbox 1702 4296 1827 4334; x_wconf 89' lang='lat' dir='ltr'><strong>num</strong></span> 
     </span>
    </p>
   </div>
   <div class='ocr_carea' id='block_1_60' title="bbox 269 4351 1829 4421">
    <p class='ocr_par' dir='ltr' id='par_1_60' title="bbox 269 4351 1829 4421">
     <span class='ocr_line' id='line_1_60' title="bbox 269 4351 1829 4421; baseline 0.003 -20"><span class='ocrx_word' id='word_1_440' title='bbox 269 4351 494 4421; x_wconf 83' lang='lat' dir='ltr'><strong>privatis</strong></span> <span class='ocrx_word' id='word_1_441' title='bbox 534 4354 603 4403; x_wconf 69' lang='grc' dir='ltr'>ιιι.</span> <span class='ocrx_word' id='word_1_442' title='bbox 623 4351 724 4405; x_wconf 90' lang='lat' dir='ltr'><strong>bus</strong></span> <span class='ocrx_word' id='word_1_443' title='bbox 769 4356 957 4406; x_wconf 88' lang='lat' dir='ltr'><strong>saltem</strong></span> <span class='ocrx_word' id='word_1_444' title='bbox 1000 4354 1147 4407; x_wconf 82' lang='lat' dir='ltr'><strong>brevi</strong></span> <span class='ocrx_word' id='word_1_445' title='bbox 1194 4352 1289 4405; x_wconf 90' lang='lat' dir='ltr'><strong>illo</strong></span> <span class='ocrx_word' id='word_1_446' title='bbox 1340 4354 1531 4420; x_wconf 87' lang='lat' dir='ltr'><strong>spatio,</strong></span> <span class='ocrx_word' id='word_1_447' title='bbox 1564 4352 1705 4419; x_wconf 85' lang='lat' dir='ltr'><strong>quod</strong></span> <span class='ocrx_word' id='word_1_448' title='bbox 1748 4362 1829 4406; x_wconf 86' lang='lat' dir='ltr'><strong>est</strong></span> 
     </span>
    </p>
   </div>
   <div class='ocr_carea' id='block_1_61' title="bbox 267 4422 1829 4491">
    <p class='ocr_par' dir='ltr' id='par_1_61' title="bbox 267 4422 1829 4491">
     <span class='ocr_line' id='line_1_61' title="bbox 267 4422 1829 4491; baseline 0.001 -17"><span class='ocrx_word' id='word_1_449' title='bbox 267 4425 409 4474; x_wconf 75' lang='lat' dir='ltr'><strong>inter</strong></span> <span class='ocrx_word' id='word_1_450' title='bbox 436 4422 618 4476; x_wconf 88' lang='lat' dir='ltr'><strong>Iaudes</strong></span> <span class='ocrx_word' id='word_1_451' title='bbox 662 4431 716 4475; x_wconf 89' lang='lat' dir='ltr'><strong>et</strong></span> <span class='ocrx_word' id='word_1_452' title='bbox 763 4424 1009 4490; x_wconf 88' lang='lat' dir='ltr'><strong>primam,</strong></span> <span class='ocrx_word' id='word_1_453' title='bbox 1044 4439 1106 4477; x_wconf 91' lang='lat' dir='ltr'><strong>ac</strong></span> <span class='ocrx_word' id='word_1_454' title='bbox 1150 4423 1338 4476; x_wconf 90' lang='lat' dir='ltr'><strong>diebus</strong></span> <span class='ocrx_word' id='word_1_455' title='bbox 1380 4422 1661 4474; x_wconf 89' lang='lat' dir='ltr'><strong>dominicis</strong></span> <span class='ocrx_word' id='word_1_456' title='bbox 1710 4432 1829 4491; x_wconf 91' lang='lat' dir='ltr'><strong>post</strong></span> 
     </span>
    </p>
   </div>
   <div class='ocr_carea' id='block_1_62' title="bbox 270 4491 1823 4549">
    <p class='ocr_par' dir='ltr' id='par_1_62' title="bbox 270 4491 1823 4549">
     <span class='ocr_line' id='line_1_62' title="bbox 270 4491 1823 4549; baseline 0.002 -6"><span class='ocrx_word' id='word_1_457' title='bbox 270 4502 585 4544; x_wconf 82' lang='lat' dir='ltr'><strong>ttoctumum</strong></span> <span class='ocrx_word' id='word_1_458' title='bbox 623 4494 855 4547; x_wconf 80' lang='lat' dir='ltr'><strong>officiunt</strong></span> <span class='ocrx_word' id='word_1_459' title='bbox 895 4509 960 4547; x_wconf 71' lang='lat' dir='ltr'><strong>es</strong></span> <span class='ocrx_word' id='word_1_460' title='bbox 1004 4492 1280 4549; x_wconf 71' lang='lat' dir='ltr'><strong>mentes.</strong></span> <span class='ocrx_word' id='word_1_461' title='bbox 1312 4491 1585 4546; x_wconf 82' lang='lat' dir='ltr'><strong>BenediCti</strong></span> <span class='ocrx_word' id='word_1_462' title='bbox 1628 4491 1823 4548; x_wconf 91' lang='lat' dir='ltr'><strong>lectum</strong></span> 
     </span>
    </p>
   </div>
   <div class='ocr_carea' id='block_1_63' title="bbox 266 4560 818 4629">
    <p class='ocr_par' dir='ltr' id='par_1_63' title="bbox 266 4560 818 4629">
     <span class='ocr_line' id='line_1_63' title="bbox 266 4560 818 4629; baseline 0.002 -14"><span class='ocrx_word' id='word_1_463' title='bbox 266 4560 501 4615; x_wconf 77' lang='lat' dir='ltr'><strong>revisere</strong></span> <span class='ocrx_word' id='word_1_464' title='bbox 540 4565 818 4629; x_wconf 88' lang='lat' dir='ltr'><strong>possimus.</strong></span> 
     </span>
    </p>
   </div>
   <div class='ocr_carea' id='block_1_64' title="bbox 339 4631 1833 4701">
    <p class='ocr_par' dir='ltr' id='par_1_64' title="bbox 339 4631 1833 4701">
     <span class='ocr_line' id='line_1_64' title="bbox 339 4631 1833 4701; baseline 0.003 -18"><span class='ocrx_word' id='word_1_465' title='bbox 339 4631 442 4684; x_wconf 79' lang='lat' dir='ltr'><strong>Sed</strong></span> <span class='ocrx_word' id='word_1_466' title='bbox 485 4647 604 4684; x_wconf 91' lang='lat' dir='ltr'><strong>cum</strong></span> <span class='ocrx_word' id='word_1_467' title='bbox 654 4648 731 4685; x_wconf 71' lang='lat' dir='ltr'><strong>cae</strong></span> <span class='ocrx_word' id='word_1_468' title='bbox 786 4633 1017 4688; x_wconf 84' lang='lat' dir='ltr'><strong>rationes</strong></span> <span class='ocrx_word' id='word_1_469' title='bbox 1062 4641 1117 4687; x_wconf 87' lang='lat' dir='ltr'><strong>et</strong></span> <span class='ocrx_word' id='word_1_470' title='bbox 1162 4646 1377 4695; x_wconf 64' lang='lat' dir='ltr'><strong>causa),</strong></span> <span class='ocrx_word' id='word_1_471' title='bbox 1432 4642 1648 4699; x_wconf 84' lang='lat' dir='ltr'><strong>propter</strong></span> <span class='ocrx_word' id='word_1_472' title='bbox 1701 4647 1833 4701; x_wconf 87' lang='lat' dir='ltr'><strong>quas</strong></span> 
     </span>
    </p>
   </div>
   <div class='ocr_carea' id='block_1_65' title="bbox 267 4703 1829 4772">
    <p class='ocr_par' dir='ltr' id='par_1_65' title="bbox 267 4703 1829 4772">
     <span class='ocr_line' id='line_1_65' title="bbox 267 4703 1829 4772; baseline 0 -17"><span class='ocrx_word' id='word_1_473' title='bbox 267 4715 458 4772; x_wconf 86' lang='lat' dir='ltr'><strong>somno</strong></span> <span class='ocrx_word' id='word_1_474' title='bbox 522 4711 641 4770; x_wconf 91' lang='lat' dir='ltr'><strong>post</strong></span> <span class='ocrx_word' id='word_1_475' title='bbox 708 4703 910 4772; x_wconf 82' lang='lat' dir='ltr'><strong>vigilias</strong></span> <span class='ocrx_word' id='word_1_476' title='bbox 986 4704 1309 4757; x_wconf 74' lang='lat' dir='ltr'><strong>interdixere</strong></span> <span class='ocrx_word' id='word_1_477' title='bbox 1373 4703 1556 4755; x_wconf 80' lang='lat' dir='ltr'><strong>Patres</strong></span> <span class='ocrx_word' id='word_1_478' title='bbox 1622 4705 1829 4769; x_wconf 69' lang='lat' dir='ltr'><strong>nosui,</strong></span> 
     </span>
    </p>
   </div>
   <div class='ocr_carea' id='block_1_66' title="bbox 267 4771 1835 4841">
    <p class='ocr_par' dir='ltr' id='par_1_66' title="bbox 267 4771 1835 4841">
     <span class='ocr_line' id='line_1_66' title="bbox 267 4771 1835 4841; baseline -0.001 -17"><span class='ocrx_word' id='word_1_479' title='bbox 267 4771 524 4825; x_wconf 83' lang='lat' dir='ltr'><strong>adversus</strong></span> <span class='ocrx_word' id='word_1_480' title='bbox 575 4786 695 4826; x_wconf 92' lang='lat' dir='ltr'><strong>eum</strong></span> <span class='ocrx_word' id='word_1_481' title='bbox 740 4771 829 4840; x_wconf 73' lang='lat' dir='ltr'><strong>qui</strong></span> <span class='ocrx_word' id='word_1_482' title='bbox 889 4784 1005 4841; x_wconf 87' lang='lat' dir='ltr'><strong>post</strong></span> <span class='ocrx_word' id='word_1_483' title='bbox 1047 4774 1228 4826; x_wconf 89' lang='lat' dir='ltr'><strong>Iaudes</strong></span> <span class='ocrx_word' id='word_1_484' title='bbox 1273 4773 1389 4840; x_wconf 85' lang='lat' dir='ltr'><strong>capi</strong></span> <span class='ocrx_word' id='word_1_485' title='bbox 1444 4781 1643 4839; x_wconf 86' lang='lat' dir='ltr'><strong>posset,</strong></span> <span class='ocrx_word' id='word_1_486' title='bbox 1694 4773 1835 4824; x_wconf 87' lang='lat' dir='ltr'><strong>mih-</strong></span> 
     </span>
    </p>
   </div>
   <div class='ocr_carea' id='block_1_67' title="bbox 269 4842 1835 4911">
    <p class='ocr_par' dir='ltr' id='par_1_67' title="bbox 269 4842 1835 4911">
     <span class='ocr_line' id='line_1_67' title="bbox 269 4842 1835 4911; baseline 0.002 -18"><span class='ocrx_word' id='word_1_487' title='bbox 269 4849 386 4893; x_wconf 91' lang='lat' dir='ltr'><strong>tare</strong></span> <span class='ocrx_word' id='word_1_488' title='bbox 451 4852 694 4902; x_wconf 84' lang='lat' dir='ltr'><strong>constet;</strong></span> <span class='ocrx_word' id='word_1_489' title='bbox 748 4845 1016 4910; x_wconf 68' lang='lat' dir='ltr'><strong>mqualiter</strong></span> <span class='ocrx_word' id='word_1_490' title='bbox 1070 4854 1294 4911; x_wconf 91' lang='lat' dir='ltr'><strong>utroque</strong></span> <span class='ocrx_word' id='word_1_491' title='bbox 1356 4853 1595 4908; x_wconf 73' lang='lat' dir='ltr'><strong>tempore</strong></span> <span class='ocrx_word' id='word_1_492' title='bbox 1654 4842 1835 4910; x_wconf 88' lang='lat' dir='ltr'><strong>prohi-</strong></span> 
     </span>
    </p>
   </div>
   <div class='ocr_carea' id='block_1_68' title="bbox 270 4911 1834 4967">
    <p class='ocr_par' dir='ltr' id='par_1_68' title="bbox 270 4911 1834 4967">
     <span class='ocr_line' id='line_1_68' title="bbox 270 4911 1834 4967; baseline 0 -3"><span class='ocrx_word' id='word_1_493' title='bbox 270 4911 441 4964; x_wconf 89' lang='lat' dir='ltr'><strong>bitum</strong></span> <span class='ocrx_word' id='word_1_494' title='bbox 487 4926 608 4964; x_wconf 78' lang='lat' dir='ltr'><strong>esse</strong></span> <span class='ocrx_word' id='word_1_495' title='bbox 658 4914 1006 4967; x_wconf 83' lang='lat' dir='ltr'><strong>asserentlum</strong></span> <span class='ocrx_word' id='word_1_496' title='bbox 1053 4922 1155 4967; x_wconf 74' lang='lat' dir='ltr'><strong>est.</strong></span> <span class='ocrx_word' id='word_1_497' title='bbox 1200 4917 1268 4966; x_wconf 77' lang='lat' dir='ltr'><strong>Et</strong></span> <span class='ocrx_word' id='word_1_498' title='bbox 1312 4927 1440 4966; x_wconf 86' lang='lat' dir='ltr'><strong>sane</strong></span> <span class='ocrx_word' id='word_1_499' title='bbox 1485 4926 1606 4965; x_wconf 92' lang='lat' dir='ltr'><strong>cum</strong></span> <span class='ocrx_word' id='word_1_500' title='bbox 1657 4923 1834 4965; x_wconf 87' lang='lat' dir='ltr'><strong>matu-</strong></span> 
     </span>
    </p>
   </div>
   <div class='ocr_carea' id='block_1_69' title="bbox 270 4981 1827 5052">
    <p class='ocr_par' dir='ltr' id='par_1_69' title="bbox 270 4981 1827 5052">
     <span class='ocr_line' id='line_1_69' title="bbox 270 4981 1827 5052; baseline 0.001 -18"><span class='ocrx_word' id='word_1_501' title='bbox 270 4983 396 5034; x_wconf 63' lang='lat' dir='ltr'><strong>tina:</strong></span> <span class='ocrx_word' id='word_1_502' title='bbox 448 4982 634 5036; x_wconf 88' lang='lat' dir='ltr'><strong>Iaudes</strong></span> <span class='ocrx_word' id='word_1_503' title='bbox 689 4984 753 5035; x_wconf 90' lang='lat' dir='ltr'><strong>ad</strong></span> <span class='ocrx_word' id='word_1_504' title='bbox 794 4987 961 5037; x_wconf 89' lang='lat' dir='ltr'><strong>solam</strong></span> <span class='ocrx_word' id='word_1_505' title='bbox 1013 4998 1260 5038; x_wconf 86' lang='lat' dir='ltr'><strong>auroram</strong></span> <span class='ocrx_word' id='word_1_506' title='bbox 1288 4981 1546 5036; x_wconf 83' lang='lat' dir='ltr'><strong>celebrari</strong></span> <span class='ocrx_word' id='word_1_507' title='bbox 1576 4983 1827 5052; x_wconf 72' lang='lat' dir='ltr'><strong>debeant,</strong></span> 
     </span>
    </p>
   </div>
   <div class='ocr_carea' id='block_1_70' title="bbox 268 5052 1830 5123">
    <p class='ocr_par' dir='ltr' id='par_1_70' title="bbox 268 5052 1830 5123">
     <span class='ocr_line' id='line_1_70' title="bbox 268 5052 1830 5123; baseline 0.002 -19"><span class='ocrx_word' id='word_1_508' title='bbox 268 5052 432 5123; x_wconf 74' lang='lat'><strong>255</strong></span> <span class='ocrx_word' id='word_1_509' title='bbox 486 5068 584 5105; x_wconf 81' lang='lat' dir='ltr'><strong>nec</strong></span> <span class='ocrx_word' id='word_1_510' title='bbox 643 5057 814 5105; x_wconf 86' lang='lat' dir='ltr'><strong>minus</strong></span> <span class='ocrx_word' id='word_1_511' title='bbox 868 5055 999 5108; x_wconf 80' lang='lat' dir='ltr'><strong>llul&#39;a</strong></span> <span class='ocrx_word' id='word_1_512' title='bbox 1036 5054 1309 5107; x_wconf 88' lang='lat' dir='ltr'><strong>dimidiata</strong></span> <span class='ocrx_word' id='word_1_513' title='bbox 1368 5053 1570 5106; x_wconf 76' lang='lat' dir='ltr'><strong>absolvi</strong></span> <span class='ocrx_word' id='word_1_514' title='bbox 1611 5064 1830 5121; x_wconf 86' lang='lat' dir='ltr'><strong>queant,</strong></span> 
     </span>
    </p>
   </div>
   <div class='ocr_carea' id='block_1_71' title="bbox 271 5122 1832 5193">
    <p class='ocr_par' dir='ltr' id='par_1_71' title="bbox 271 5122 1832 5193">
     <span class='ocr_line' id='line_1_71' title="bbox 271 5122 1832 5193; baseline 0.003 -20"><span class='ocrx_word' id='word_1_515' title='bbox 271 5130 378 5193; x_wconf 77' lang='lat' dir='ltr'><strong>tam</strong></span> <span class='ocrx_word' id='word_1_516' title='bbox 411 5128 570 5193; x_wconf 84' lang='lat' dir='ltr'><strong>breve</strong></span> <span class='ocrx_word' id='word_1_517' title='bbox 598 5137 628 5174; x_wconf 86' lang='lat' dir='ltr'><strong>a</strong></span> <span class='ocrx_word' id='word_1_518' title='bbox 688 5124 845 5177; x_wconf 85' lang='lat' dir='ltr'><strong>finitis</strong></span> <span class='ocrx_word' id='word_1_519' title='bbox 887 5125 1132 5178; x_wconf 86' lang='lat' dir='ltr'><strong>laudibus</strong></span> <span class='ocrx_word' id='word_1_520' title='bbox 1173 5126 1239 5176; x_wconf 89' lang='lat' dir='ltr'><strong>ad</strong></span> <span class='ocrx_word' id='word_1_521' title='bbox 1291 5122 1512 5190; x_wconf 90' lang='lat' dir='ltr'><strong>primam</strong></span> <span class='ocrx_word' id='word_1_522' title='bbox 1548 5124 1691 5193; x_wconf 74' lang='lat' dir='ltr'><strong>(qua:</strong></span> <span class='ocrx_word' id='word_1_523' title='bbox 1712 5134 1832 5178; x_wconf 93' lang='lat' dir='ltr'><strong>orto</strong></span> 
     </span>
    </p>
   </div>
   <div class='ocr_carea' id='block_1_72' title="bbox 270 5190 1830 5261">
    <p class='ocr_par' dir='ltr' id='par_1_72' title="bbox 270 5190 1830 5261">
     <span class='ocr_line' id='line_1_72' title="bbox 270 5190 1830 5261; baseline 0.003 -18"><span class='ocrx_word' id='word_1_524' title='bbox 270 5190 378 5244; x_wconf 74' lang='lat' dir='ltr'><strong>iam</strong></span> <span class='ocrx_word' id='word_1_525' title='bbox 408 5192 523 5245; x_wconf 88' lang='lat' dir='ltr'><strong>sole</strong></span> <span class='ocrx_word' id='word_1_526' title='bbox 548 5195 820 5260; x_wconf 82' lang='lat' dir='ltr'><strong>incipitur)</strong></span> <span class='ocrx_word' id='word_1_527' title='bbox 851 5200 1081 5261; x_wconf 87' lang='lat' dir='ltr'><strong>spatium</strong></span> <span class='ocrx_word' id='word_1_528' title='bbox 1135 5193 1418 5248; x_wconf 85' lang='lat' dir='ltr'><strong>intercedit</strong></span> <span class='ocrx_word' id='word_1_529' title='bbox 1446 5233 1459 5258; x_wconf 89' lang='lat'><strong>,</strong></span> <span class='ocrx_word' id='word_1_530' title='bbox 1486 5203 1538 5246; x_wconf 93' lang='lat' dir='ltr'><strong>ut</strong></span> <span class='ocrx_word' id='word_1_531' title='bbox 1558 5190 1566 5193; x_wconf 57' lang='grc'>⁷</span> <span class='ocrx_word' id='word_1_532' title='bbox 1587 5196 1673 5247; x_wconf 83' lang='lat' dir='ltr'><strong>vix</strong></span> <span class='ocrx_word' id='word_1_533' title='bbox 1701 5192 1830 5247; x_wconf 86' lang='lat' dir='ltr'><strong>dor-</strong></span> 
     </span>
    </p>
   </div>
   <div class='ocr_carea' id='block_1_73' title="bbox 276 5262 1830 5333">
    <p class='ocr_par' dir='ltr' id='par_1_73' title="bbox 276 5262 1830 5333">
     <span class='ocr_line' id='line_1_73' title="bbox 276 5262 1830 5333; baseline 0.004 -20"><span class='ocrx_word' id='word_1_534' title='bbox 276 5262 671 5333; x_wconf 68' lang='lat' dir='ltr'><strong>mirndilocum</strong></span> <span class='ocrx_word' id='word_1_535' title='bbox 727 5278 984 5332; x_wconf 77' lang='lat' dir='ltr'><strong>reperias.</strong></span> <span class='ocrx_word' id='word_1_536' title='bbox 1031 5268 1365 5333; x_wconf 78' lang='lat' dir='ltr'><strong>Quapropter</strong></span> <span class='ocrx_word' id='word_1_537' title='bbox 1410 5272 1469 5317; x_wconf 71' lang='grc'><strong>8.</strong></span> <span class='ocrx_word' id='word_1_538' title='bbox 1515 5264 1830 5319; x_wconf 82' lang='lat' dir='ltr'><strong>Benedictus</strong></span> 
     </span>
    </p>
   </div>
   <div class='ocr_carea' id='block_1_74' title="bbox 270 5331 1835 5406">
    <p class='ocr_par' dir='ltr' id='par_1_74' title="bbox 270 5331 1835 5406">
     <span class='ocr_line' id='line_1_74' title="bbox 270 5331 1835 5406; baseline 0.002 -22"><span class='ocrx_word' id='word_1_539' title='bbox 270 5331 767 5406; x_wconf 74' lang='lat' dir='ltr'><strong>abbasAnianensis</strong></span> <span class='ocrx_word' id='word_1_540' title='bbox 788 5331 875 5403; x_wconf 83' lang='lat' dir='ltr'><strong>(lu</strong></span> <span class='ocrx_word' id='word_1_541' title='bbox 900 5331 1229 5406; x_wconf 73' lang='lat' dir='ltr'><strong>ejusVita,n.</strong></span> <span class='ocrx_word' id='word_1_542' title='bbox 1253 5331 1342 5404; x_wconf 63' lang='lat'><strong>5%)</strong></span> <span class='ocrx_word' id='word_1_543' title='bbox 1362 5351 1380 5384; x_wconf 76' lang='grc' dir='ltr'><strong>ι</strong></span> <span class='ocrx_word' id='word_1_544' title='bbox 1406 5343 1645 5402; x_wconf 84' lang='lat' dir='ltr'><strong>tempoie</strong></span> <span class='ocrx_word' id='word_1_545' title='bbox 1672 5336 1835 5406; x_wconf 84' lang='lat' dir='ltr'><strong>siqui-</strong></span> 
     </span>
    </p>
   </div>
   <div class='ocr_carea' id='block_1_75' title="bbox 269 5403 1831 5474">
    <p class='ocr_par' dir='ltr' id='par_1_75' title="bbox 269 5403 1831 5474">
     <span class='ocr_line' id='line_1_75' title="bbox 269 5403 1831 5474; baseline 0 -19"><span class='ocrx_word' id='word_1_546' title='bbox 269 5403 394 5455; x_wconf 83' lang='lat' dir='ltr'><strong>dem</strong></span> <span class='ocrx_word' id='word_1_547' title='bbox 434 5406 634 5457; x_wconf 79' lang='lat' dir='ltr'><strong>:estatis</strong></span> <span class='ocrx_word' id='word_1_548' title='bbox 676 5412 797 5471; x_wconf 88' lang='lat' dir='ltr'><strong>post</strong></span> <span class='ocrx_word' id='word_1_549' title='bbox 841 5403 1109 5473; x_wconf 79' lang='lat' dir='ltr'><strong>expletum</strong></span> <span class='ocrx_word' id='word_1_550' title='bbox 1144 5409 1523 5458; x_wconf 85' lang='lat' dir='ltr'><strong>matutinorum</strong></span> <span class='ocrx_word' id='word_1_551' title='bbox 1554 5403 1786 5459; x_wconf 81' lang='lat' dir='ltr'><strong>officium</strong></span> <span class='ocrx_word' id='word_1_552' title='bbox 1816 5449 1831 5474; x_wconf 79' lang='lat'><strong>,</strong></span> 
     </span>
    </p>
   </div>
   <div class='ocr_carea' id='block_1_76' title="bbox 272 5473 1838 5544">
    <p class='ocr_par' dir='ltr' id='par_1_76' title="bbox 272 5473 1838 5544">
     <span class='ocr_line' id='line_1_76' title="bbox 272 5473 1838 5544; baseline 0.002 -19"><span class='ocrx_word' id='word_1_553' title='bbox 272 5488 395 5525; x_wconf 74' lang='lat' dir='ltr'><strong>mox</strong></span> <span class='ocrx_word' id='word_1_554' title='bbox 426 5473 607 5540; x_wconf 88' lang='lat' dir='ltr'><strong>egredi</strong></span> <span class='ocrx_word' id='word_1_555' title='bbox 628 5480 696 5527; x_wconf 86' lang='lat' dir='ltr'><strong>ab</strong></span> <span class='ocrx_word' id='word_1_556' title='bbox 720 5477 943 5529; x_wconf 89' lang='lat' dir='ltr'><strong>ecclesia</strong></span> <span class='ocrx_word' id='word_1_557' title='bbox 973 5484 1188 5544; x_wconf 87' lang='lat' dir='ltr'><strong>propter</strong></span> <span class='ocrx_word' id='word_1_558' title='bbox 1216 5476 1621 5529; x_wconf 88' lang='lat' dir='ltr'><strong>somnolentiam</strong></span> <span class='ocrx_word' id='word_1_559' title='bbox 1654 5474 1838 5543; x_wconf 87' lang='lat' dir='ltr'><strong>jussit,</strong></span> 
     </span>
    </p>
   </div>
   <div class='ocr_carea' id='block_1_77' title="bbox 274 5545 1841 5609">
    <p class='ocr_par' dir='ltr' id='par_1_77' title="bbox 274 5545 1841 5609">
     <span class='ocr_line' id='line_1_77' title="bbox 274 5545 1841 5609; baseline 0.001 -12"><span class='ocrx_word' id='word_1_560' title='bbox 274 5556 502 5609; x_wconf 75' lang='lat' dir='ltr'><strong>seseque</strong></span> <span class='ocrx_word' id='word_1_561' title='bbox 541 5549 843 5597; x_wconf 87' lang='lat' dir='ltr'><strong>calceantes</strong></span> <span class='ocrx_word' id='word_1_562' title='bbox 874 5547 992 5598; x_wconf 90' lang='lat' dir='ltr'><strong>lotis</strong></span> <span class='ocrx_word' id='word_1_563' title='bbox 1013 5546 1244 5597; x_wconf 74' lang='lat' dir='ltr'><strong>facuebus</strong></span> <span class='ocrx_word' id='word_1_564' title='bbox 1274 5550 1338 5597; x_wconf 88' lang='lat' dir='ltr'><strong>ad</strong></span> <span class='ocrx_word' id='word_1_565' title='bbox 1378 5545 1656 5598; x_wconf 85' lang='lat' dir='ltr'><strong>ecclesiam</strong></span> <span class='ocrx_word' id='word_1_566' title='bbox 1711 5559 1841 5599; x_wconf 77' lang='lat' dir='ltr'><strong>con-</strong></span> 
     </span>
    </p>
   </div>
   <div class='ocr_carea' id='block_1_78' title="bbox 275 5614 1839 5684">
    <p class='ocr_par' dir='ltr' id='par_1_78' title="bbox 275 5614 1839 5684">
     <span class='ocr_line' id='line_1_78' title="bbox 275 5614 1839 5684; baseline 0.003 -21"><span class='ocrx_word' id='word_1_567' title='bbox 275 5615 377 5664; x_wconf 89' lang='lat' dir='ltr'><strong>cite</strong></span> <span class='ocrx_word' id='word_1_568' title='bbox 404 5614 638 5677; x_wconf 76' lang='lat' dir='ltr'><strong>redeant,</strong></span> <span class='ocrx_word' id='word_1_569' title='bbox 663 5628 712 5668; x_wconf 86' lang='lat' dir='ltr'><strong>et</strong></span> <span class='ocrx_word' id='word_1_570' title='bbox 728 5617 874 5683; x_wconf 68' lang='lat' dir='ltr'><strong>juxta</strong></span> <span class='ocrx_word' id='word_1_571' title='bbox 907 5615 1182 5684; x_wconf 69' lang='lat' dir='ltr'><strong>praefatum</strong></span> <span class='ocrx_word' id='word_1_572' title='bbox 1223 5615 1465 5667; x_wconf 89' lang='lat' dir='ltr'><strong>ordinem</strong></span> <span class='ocrx_word' id='word_1_573' title='bbox 1487 5614 1674 5684; x_wconf 82' lang='lat' dir='ltr'><strong>(Quem</strong></span> <span class='ocrx_word' id='word_1_574' title='bbox 1701 5614 1839 5669; x_wconf 79' lang='lat' dir='ltr'><strong>uili-</strong></span> 
     </span>
    </p>
   </div>
   <div class='ocr_carea' id='block_1_79' title="bbox 275 5684 1837 5755">
    <p class='ocr_par' dir='ltr' id='par_1_79' title="bbox 275 5684 1837 5755">
     <span class='ocr_line' id='line_1_79' title="bbox 275 5684 1837 5755; baseline 0.002 -19"><span class='ocrx_word' id='word_1_575' title='bbox 275 5692 355 5736; x_wconf 74' lang='lat' dir='ltr'><strong>ut</strong></span> <span class='ocrx_word' id='word_1_576' title='bbox 385 5693 500 5755; x_wconf 80' lang='lat' dir='ltr'><strong>ante</strong></span> <span class='ocrx_word' id='word_1_577' title='bbox 539 5686 735 5755; x_wconf 79' lang='lat' dir='ltr'><strong>vigilias</strong></span> <span class='ocrx_word' id='word_1_578' title='bbox 769 5687 1074 5749; x_wconf 79' lang='lat' dir='ltr'><strong>instituerat,</strong></span> <span class='ocrx_word' id='word_1_579' title='bbox 1107 5701 1221 5751; x_wconf 86' lang='lat' dir='ltr'><strong>cap.</strong></span> <span class='ocrx_word' id='word_1_580' title='bbox 1244 5684 1338 5754; x_wconf 75' lang='lat' dir='ltr'><strong>3i)</strong></span> <span class='ocrx_word' id='word_1_581' title='bbox 1367 5684 1552 5737; x_wconf 86' lang='lat' dir='ltr'><strong>altaria</strong></span> <span class='ocrx_word' id='word_1_582' title='bbox 1586 5698 1711 5755; x_wconf 3' lang='lat' dir='ltr'><strong>cum,</strong></span> <span class='ocrx_word' id='word_1_583' title='bbox 1752 5700 1837 5739; x_wconf 88' lang='lat' dir='ltr'><strong>re-</strong></span> 
     </span>
    </p>
   </div>
   <div class='ocr_carea' id='block_1_80' title="bbox 278 5751 1832 5827">
    <p class='ocr_par' dir='ltr' id='par_1_80' title="bbox 278 5751 1832 5827">
     <span class='ocr_line' id='line_1_80' title="bbox 278 5751 1832 5827; baseline 0.003 -22"><span class='ocrx_word' id='word_1_584' title='bbox 278 5754 513 5809; x_wconf 67' lang='lat' dir='ltr'><strong>verentia</strong></span> <span class='ocrx_word' id='word_1_585' title='bbox 536 5751 883 5823; x_wconf 77' lang='lat' dir='ltr'><strong>ciicutneant,</strong></span> <span class='ocrx_word' id='word_1_586' title='bbox 915 5757 1216 5827; x_wconf 71' lang='lat' dir='ltr'><strong>sanctisque</strong></span> <span class='ocrx_word' id='word_1_587' title='bbox 1228 5770 1285 5811; x_wconf 91' lang='lat' dir='ltr'><strong>se</strong></span> <span class='ocrx_word' id='word_1_588' title='bbox 1316 5751 1468 5825; x_wconf 85' lang='lat' dir='ltr'><strong>aquis</strong></span> <span class='ocrx_word' id='word_1_589' title='bbox 1495 5751 1832 5825; x_wconf 83' lang='lat' dir='ltr'><strong>perfundant,</strong></span> 
     </span>
    </p>
   </div>
   <div class='ocr_carea' id='block_1_81' title="bbox 1842 1799 1891 1857">
    <p class='ocr_par' dir='ltr' id='par_1_81' title="bbox 1842 1799 1891 1857">
     <span class='ocr_line' id='line_1_81' title="bbox 1842 1799 1891 1857; baseline 0 0"><span class='ocrx_word' id='word_1_590' title='bbox 1842 1799 1891 1857; x_wconf 92' lang='lat' dir='ltr'><strong>B</strong></span> 
     </span>
    </p>
   </div>
   <div class='ocr_carea' id='block_1_82' title="bbox 1855 4531 1907 4590">
    <p class='ocr_par' dir='ltr' id='par_1_82' title="bbox 1855 4531 1907 4590">
     <span class='ocr_line' id='line_1_82' title="bbox 1855 4531 1907 4590; baseline 0 0"><span class='ocrx_word' id='word_1_591' title='bbox 1855 4531 1907 4590; x_wconf 91' lang='lat' dir='ltr'>D</span> 
     </span>
    </p>
   </div>
   <div class='ocr_carea' id='block_1_83' title="bbox 1900 500 3476 570">
    <p class='ocr_par' dir='ltr' id='par_1_83' title="bbox 1900 500 3476 570">
     <span class='ocr_line' id='line_1_83' title="bbox 1900 500 3476 570; baseline 0.004 -16"><span class='ocrx_word' id='word_1_592' title='bbox 1900 500 2163 568; x_wconf 79' lang='lat' dir='ltr'><strong>expletnri</strong></span> <span class='ocrx_word' id='word_1_593' title='bbox 2202 503 2422 555; x_wconf 89' lang='lat' dir='ltr'><strong>honeste</strong></span> <span class='ocrx_word' id='word_1_594' title='bbox 2452 502 2706 556; x_wconf 84' lang='lat' dir='ltr'><strong>officium.</strong></span> <span class='ocrx_word' id='word_1_595' title='bbox 2746 518 2763 551; x_wconf 78' lang='grc' dir='ltr'><strong>ι</strong></span> <span class='ocrx_word' id='word_1_596' title='bbox 2801 500 2857 554; x_wconf 94' lang='lat' dir='ltr'><strong>In</strong></span> <span class='ocrx_word' id='word_1_597' title='bbox 2889 503 3134 570; x_wconf 85' lang='lat' dir='ltr'><strong>capitulis</strong></span> <span class='ocrx_word' id='word_1_598' title='bbox 3165 504 3325 558; x_wconf 88' lang='lat' dir='ltr'><strong>etiam</strong></span> <span class='ocrx_word' id='word_1_599' title='bbox 3358 522 3476 561; x_wconf 86' lang='lat' dir='ltr'><strong>mo-</strong></span> 
     </span>
    </p>
   </div>
   <div class='ocr_carea' id='block_1_84' title="bbox 1902 570 3476 641">
    <p class='ocr_par' dir='ltr' id='par_1_84' title="bbox 1902 570 3476 641">
     <span class='ocr_line' id='line_1_84' title="bbox 1902 570 3476 641; baseline 0.006 -19"><span class='ocrx_word' id='word_1_600' title='bbox 1902 572 2194 641; x_wconf 87' lang='lat' dir='ltr'><strong>nachorum</strong></span> <span class='ocrx_word' id='word_1_601' title='bbox 2222 570 2645 641; x_wconf 84' lang='lat' dir='ltr'><strong>Sangallensium</strong></span> <span class='ocrx_word' id='word_1_602' title='bbox 2676 586 2816 625; x_wconf 88' lang='lat' dir='ltr'><strong>anno</strong></span> <span class='ocrx_word' id='word_1_603' title='bbox 2843 571 2944 626; x_wconf 88' lang='lat' dir='ltr'><strong>8I7</strong></span> <span class='ocrx_word' id='word_1_604' title='bbox 2971 572 3128 626; x_wconf 89' lang='lat' dir='ltr'><strong>editis</strong></span> <span class='ocrx_word' id='word_1_605' title='bbox 3174 576 3476 637; x_wconf 60' lang='lat' dir='ltr'><strong>praiscribio</strong></span> 
     </span>
    </p>
   </div>
   <div class='ocr_carea' id='block_1_85' title="bbox 1903 639 3477 711">
    <p class='ocr_par' dir='ltr' id='par_1_85' title="bbox 1903 639 3477 711">
     <span class='ocr_line' id='line_1_85' title="bbox 1903 639 3477 711; baseline 0.006 -18"><span class='ocrx_word' id='word_1_606' title='bbox 1903 649 1988 693; x_wconf 94' lang='lat' dir='ltr'><strong>tur</strong></span> <span class='ocrx_word' id='word_1_607' title='bbox 2020 639 2168 711; x_wconf 86' lang='lat' dir='ltr'><strong>(Cap.</strong></span> <span class='ocrx_word' id='word_1_608' title='bbox 2201 641 2313 707; x_wconf 83' lang='lat'><strong>&#39;51),</strong></span> <span class='ocrx_word' id='word_1_609' title='bbox 2343 639 2371 692; x_wconf 72' lang='grc' dir='ltr'><strong>ἰ</strong></span> <span class='ocrx_word' id='word_1_610' title='bbox 2408 653 2462 695; x_wconf 84' lang='grc' dir='ltr'><strong>ιιι</strong></span> <span class='ocrx_word' id='word_1_611' title='bbox 2490 642 2821 696; x_wconf 89' lang='lat' dir='ltr'><strong>intervallum</strong></span> <span class='ocrx_word' id='word_1_612' title='bbox 2855 650 2973 709; x_wconf 77' lang='lat' dir='ltr'><strong>post</strong></span> <span class='ocrx_word' id='word_1_613' title='bbox 3028 644 3316 698; x_wconf 89' lang='lat' dir='ltr'><strong>matutinos</strong></span> <span class='ocrx_word' id='word_1_614' title='bbox 3348 685 3365 710; x_wconf 88' lang='lat'><strong>,</strong></span> <span class='ocrx_word' id='word_1_615' title='bbox 3420 656 3477 703; x_wconf 85' lang='lat' dir='ltr'><strong>et</strong></span> 
     </span>
    </p>
   </div>
   <div class='ocr_carea' id='block_1_86' title="bbox 1905 711 3473 781">
    <p class='ocr_par' dir='ltr' id='par_1_86' title="bbox 1905 711 3473 781">
     <span class='ocr_line' id='line_1_86' title="bbox 1905 711 3473 781; baseline 0.006 -19"><span class='ocrx_word' id='word_1_616' title='bbox 1905 720 2028 763; x_wconf 89' lang='lat' dir='ltr'><strong>ante</strong></span> <span class='ocrx_word' id='word_1_617' title='bbox 2059 716 2280 779; x_wconf 85' lang='lat' dir='ltr'><strong>primam</strong></span> <span class='ocrx_word' id='word_1_618' title='bbox 2306 711 2496 765; x_wconf 86' lang='lat' dir='ltr'><strong>hiemis</strong></span> <span class='ocrx_word' id='word_1_619' title='bbox 2519 713 2600 766; x_wconf 85' lang='lat' dir='ltr'><strong>vel</strong></span> <span class='ocrx_word' id='word_1_620' title='bbox 2626 712 2826 765; x_wconf 66' lang='lat' dir='ltr'><strong>aestatis</strong></span> <span class='ocrx_word' id='word_1_621' title='bbox 2878 722 3115 779; x_wconf 90' lang='lat' dir='ltr'><strong>tempore</strong></span> <span class='ocrx_word' id='word_1_622' title='bbox 3141 728 3206 768; x_wconf 91' lang='lat' dir='ltr'><strong>eo</strong></span> <span class='ocrx_word' id='word_1_623' title='bbox 3236 717 3473 781; x_wconf 83' lang='lat' dir='ltr'><strong>protele-</strong></span> 
     </span>
    </p>
   </div>
   <div class='ocr_carea' id='block_1_87' title="bbox 1908 782 3476 851">
    <p class='ocr_par' dir='ltr' id='par_1_87' title="bbox 1908 782 3476 851">
     <span class='ocr_line' id='line_1_87' title="bbox 1908 782 3476 851; baseline 0.005 -19"><span class='ocrx_word' id='word_1_624' title='bbox 1908 793 1991 833; x_wconf 89' lang='lat' dir='ltr'><strong>tur</strong></span> <span class='ocrx_word' id='word_1_625' title='bbox 2012 782 2208 848; x_wconf 86' lang='lat' dir='ltr'><strong>spatio,</strong></span> <span class='ocrx_word' id='word_1_626' title='bbox 2231 797 2336 847; x_wconf 77' lang='lat' dir='ltr'><strong>quo</strong></span> <span class='ocrx_word' id='word_1_627' title='bbox 2362 796 2419 835; x_wconf 91' lang='lat' dir='ltr'><strong>se</strong></span> <span class='ocrx_word' id='word_1_628' title='bbox 2442 782 2632 836; x_wconf 83' lang='lat' dir='ltr'><strong>fratres</strong></span> <span class='ocrx_word' id='word_1_629' title='bbox 2680 791 2802 851; x_wconf 87' lang='lat' dir='ltr'><strong>apte</strong></span> <span class='ocrx_word' id='word_1_630' title='bbox 2831 796 3019 845; x_wconf 88' lang='lat' dir='ltr'><strong>parare</strong></span> <span class='ocrx_word' id='word_1_631' title='bbox 3046 793 3100 836; x_wconf 88' lang='lat' dir='ltr'><strong>et</strong></span> <span class='ocrx_word' id='word_1_632' title='bbox 3144 788 3476 840; x_wconf 76' lang='lat' dir='ltr'><strong>convenien-</strong></span> 
     </span>
    </p>
   </div>
   <div class='ocr_carea' id='block_1_88' title="bbox 1906 851 3476 919">
    <p class='ocr_par' dir='ltr' id='par_1_88' title="bbox 1906 851 3476 919">
     <span class='ocr_line' id='line_1_88' title="bbox 1906 851 3476 919; baseline 0.005 -16"><span class='ocrx_word' id='word_1_633' title='bbox 1906 858 1987 904; x_wconf 91' lang='lat' dir='ltr'><strong>ter</strong></span> <span class='ocrx_word' id='word_1_634' title='bbox 2012 854 2217 904; x_wconf 90' lang='lat' dir='ltr'><strong>orando</strong></span> <span class='ocrx_word' id='word_1_635' title='bbox 2237 852 2425 903; x_wconf 67' lang='lat' dir='ltr'><strong>alvaria</strong></span> <span class='ocrx_word' id='word_1_636' title='bbox 2454 851 2680 905; x_wconf 88' lang='lat' dir='ltr'><strong>circuire</strong></span> <span class='ocrx_word' id='word_1_637' title='bbox 2705 851 2932 919; x_wconf 90' lang='lat' dir='ltr'><strong>possint,</strong></span> <span class='ocrx_word' id='word_1_638' title='bbox 2963 861 3020 905; x_wconf 91' lang='lat' dir='ltr'><strong>ut</strong></span> <span class='ocrx_word' id='word_1_639' title='bbox 3070 852 3212 907; x_wconf 89' lang='lat' dir='ltr'><strong>clara</strong></span> <span class='ocrx_word' id='word_1_640' title='bbox 3246 855 3364 911; x_wconf 89' lang='lat' dir='ltr'><strong>luce</strong></span> <span class='ocrx_word' id='word_1_641' title='bbox 3386 858 3476 911; x_wconf 86' lang='lat' dir='ltr'><strong>vel</strong></span> 
     </span>
    </p>
   </div>
   <div class='ocr_carea' id='block_1_89' title="bbox 1904 921 3477 989">
    <p class='ocr_par' dir='ltr' id='par_1_89' title="bbox 1904 921 3477 989">
     <span class='ocr_line' id='line_1_89' title="bbox 1904 921 3477 989; baseline 0.007 -18"><span class='ocrx_word' id='word_1_642' title='bbox 1904 930 2026 973; x_wconf 91' lang='lat' dir='ltr'><strong>orto</strong></span> <span class='ocrx_word' id='word_1_643' title='bbox 2041 923 2177 988; x_wconf 86' lang='lat' dir='ltr'><strong>sole,</strong></span> <span class='ocrx_word' id='word_1_644' title='bbox 2208 929 2463 975; x_wconf 82' lang='lat' dir='ltr'><strong>exeuntes</strong></span> <span class='ocrx_word' id='word_1_645' title='bbox 2491 936 2520 974; x_wconf 91' lang='lat' dir='ltr'><strong>a</strong></span> <span class='ocrx_word' id='word_1_646' title='bbox 2554 921 2739 988; x_wconf 88' lang='lat' dir='ltr'><strong>prima,</strong></span> <span class='ocrx_word' id='word_1_647' title='bbox 2764 923 2849 976; x_wconf 89' lang='lat' dir='ltr'><strong>vel</strong></span> <span class='ocrx_word' id='word_1_648' title='bbox 2886 921 3100 976; x_wconf 89' lang='lat' dir='ltr'><strong>lectioni</strong></span> <span class='ocrx_word' id='word_1_649' title='bbox 3124 934 3311 979; x_wconf 89' lang='lat' dir='ltr'><strong>vacent</strong></span> <span class='ocrx_word' id='word_1_650' title='bbox 3336 966 3352 989; x_wconf 94' lang='lat'><strong>,</strong></span> <span class='ocrx_word' id='word_1_651' title='bbox 3390 930 3477 983; x_wconf 91' lang='lat' dir='ltr'><strong>vel</strong></span> 
     </span>
    </p>
   </div>
   <div class='ocr_carea' id='block_1_90' title="bbox 1906 990 3478 1063">
    <p class='ocr_par' dir='ltr' id='par_1_90' title="bbox 1906 990 3478 1063">
     <span class='ocr_line' id='line_1_90' title="bbox 1906 990 3478 1063; baseline 0.004 -19"><span class='ocrx_word' id='word_1_652' title='bbox 1906 990 2196 1063; x_wconf 75' lang='lat' dir='ltr'><strong>injunctam</strong></span> <span class='ocrx_word' id='word_1_653' title='bbox 2230 991 2329 1045; x_wconf 88' lang='lat' dir='ltr'><strong>sibi</strong></span> <span class='ocrx_word' id='word_1_654' title='bbox 2358 991 2980 1063; x_wconf 87' lang='lat' dir='ltr'><strong>obedientiamsubeant.</strong></span> <span class='ocrx_word' id='word_1_655' title='bbox 3002 1012 3020 1044; x_wconf 77' lang='grc' dir='ltr'><strong>ι</strong></span> <span class='ocrx_word' id='word_1_656' title='bbox 3054 993 3109 1046; x_wconf 83' lang='grc' dir='ltr'><strong>1η</strong></span> <span class='ocrx_word' id='word_1_657' title='bbox 3138 996 3355 1063; x_wconf 84' lang='lat' dir='ltr'><strong>antiquo</strong></span> <span class='ocrx_word' id='word_1_658' title='bbox 3383 1013 3478 1050; x_wconf 84' lang='lat' dir='ltr'><strong>or-</strong></span> 
     </span>
    </p>
   </div>
   <div class='ocr_carea' id='block_1_91' title="bbox 1907 1060 3477 1121">
    <p class='ocr_par' dir='ltr' id='par_1_91' title="bbox 1907 1060 3477 1121">
     <span class='ocr_line' id='line_1_91' title="bbox 1907 1060 3477 1121; baseline 0.006 -8"><span class='ocrx_word' id='word_1_659' title='bbox 1907 1060 2031 1113; x_wconf 89' lang='lat' dir='ltr'><strong>dine</strong></span> <span class='ocrx_word' id='word_1_660' title='bbox 2052 1062 2471 1115; x_wconf 80' lang='lat' dir='ltr'><strong>conversationis</strong></span> <span class='ocrx_word' id='word_1_661' title='bbox 2502 1062 2828 1121; x_wconf 76' lang='lat' dir='ltr'><strong>monasticze,</strong></span> <span class='ocrx_word' id='word_1_662' title='bbox 2862 1070 2919 1116; x_wconf 89' lang='lat' dir='ltr'><strong>ut</strong></span> <span class='ocrx_word' id='word_1_663' title='bbox 2952 1081 2970 1113; x_wconf 75' lang='grc' dir='ltr'><strong>ι</strong></span> <span class='ocrx_word' id='word_1_664' title='bbox 3009 1079 3073 1117; x_wconf 80' lang='lat' dir='ltr'><strong>ex</strong></span> <span class='ocrx_word' id='word_1_665' title='bbox 3097 1064 3197 1116; x_wconf 89' lang='lat' dir='ltr'><strong>hac</strong></span> <span class='ocrx_word' id='word_1_666' title='bbox 3218 1060 3477 1121; x_wconf 81' lang='lat' dir='ltr'><strong>matutina</strong></span> 
     </span>
    </p>
   </div>
   <div class='ocr_carea' id='block_1_92' title="bbox 1908 1130 3482 1199">
    <p class='ocr_par' dir='ltr' id='par_1_92' title="bbox 1908 1130 3482 1199">
     <span class='ocr_line' id='line_1_92' title="bbox 1908 1130 3482 1199; baseline 0.005 -16"><span class='ocrx_word' id='word_1_667' title='bbox 1908 1130 2063 1184; x_wconf 90' lang='lat' dir='ltr'><strong>laude</strong></span> <span class='ocrx_word' id='word_1_668' title='bbox 2087 1145 2350 1185; x_wconf 89' lang='lat' dir='ltr'><strong>summum</strong></span> <span class='ocrx_word' id='word_1_669' title='bbox 2375 1141 2429 1183; x_wconf 91' lang='lat' dir='ltr'><strong>et</strong></span> <span class='ocrx_word' id='word_1_670' title='bbox 2446 1133 2769 1199; x_wconf 62' lang='lat' dir='ltr'><strong>praecipuum</strong></span> <span class='ocrx_word' id='word_1_671' title='bbox 2795 1135 2884 1185; x_wconf 89' lang='lat' dir='ltr'><strong>Iiat</strong></span> <span class='ocrx_word' id='word_1_672' title='bbox 2911 1134 3180 1187; x_wconf 88' lang='lat' dir='ltr'><strong>silentium</strong></span> <span class='ocrx_word' id='word_1_673' title='bbox 3204 1135 3257 1187; x_wconf 90' lang='lat' dir='ltr'><strong>in</strong></span> <span class='ocrx_word' id='word_1_674' title='bbox 3274 1140 3482 1191; x_wconf 85' lang='lat' dir='ltr'><strong>orando</strong></span> 
     </span>
    </p>
   </div>
   <div class='ocr_carea' id='block_1_93' title="bbox 1907 1201 3480 1271">
    <p class='ocr_par' dir='ltr' id='par_1_93' title="bbox 1907 1201 3480 1271">
     <span class='ocr_line' id='line_1_93' title="bbox 1907 1201 3480 1271; baseline 0.004 -18"><span class='ocrx_word' id='word_1_675' title='bbox 1907 1210 1963 1253; x_wconf 90' lang='lat' dir='ltr'><strong>et</strong></span> <span class='ocrx_word' id='word_1_676' title='bbox 1992 1201 2233 1268; x_wconf 78' lang='lat' dir='ltr'><strong>legendo.</strong></span> <span class='ocrx_word' id='word_1_677' title='bbox 2273 1220 2291 1252; x_wconf 76' lang='grc' dir='ltr'><strong>ι</strong></span> <span class='ocrx_word' id='word_1_678' title='bbox 2326 1202 2619 1256; x_wconf 82' lang='lat' dir='ltr'><strong>Concordia</strong></span> <span class='ocrx_word' id='word_1_679' title='bbox 2645 1202 2921 1264; x_wconf 82' lang='lat' dir='ltr'><strong>Dunstani,</strong></span> <span class='ocrx_word' id='word_1_680' title='bbox 2951 1217 3070 1271; x_wconf 89' lang='lat' dir='ltr'><strong>cap.</strong></span> <span class='ocrx_word' id='word_1_681' title='bbox 3102 1204 3159 1267; x_wconf 76' lang='lat'><strong>2,</strong></span> <span class='ocrx_word' id='word_1_682' title='bbox 3181 1220 3208 1257; x_wconf 89' lang='lat' dir='ltr'><strong>a</strong></span> <span class='ocrx_word' id='word_1_683' title='bbox 3241 1208 3480 1261; x_wconf 71' lang='lat' dir='ltr'><strong>colendis</strong></span> 
     </span>
    </p>
   </div>
   <div class='ocr_carea' id='block_1_94' title="bbox 1908 1271 3483 1331">
    <p class='ocr_par' dir='ltr' id='par_1_94' title="bbox 1908 1271 3483 1331">
     <span class='ocr_line' id='line_1_94' title="bbox 1908 1271 3483 1331; baseline 0.004 -7"><span class='ocrx_word' id='word_1_684' title='bbox 1908 1271 2153 1324; x_wconf 86' lang='lat' dir='ltr'><strong>Octobris</strong></span> <span class='ocrx_word' id='word_1_685' title='bbox 2176 1271 2465 1331; x_wconf 78' lang='lat' dir='ltr'><strong>adPasclia</strong></span> <span class='ocrx_word' id='word_1_686' title='bbox 2495 1272 2768 1326; x_wconf 87' lang='lat' dir='ltr'><strong>matutinis</strong></span> <span class='ocrx_word' id='word_1_687' title='bbox 2809 1272 3050 1326; x_wconf 88' lang='lat' dir='ltr'><strong>laudibus</strong></span> <span class='ocrx_word' id='word_1_688' title='bbox 3089 1275 3156 1326; x_wconf 90' lang='lat' dir='ltr'><strong>ad</strong></span> <span class='ocrx_word' id='word_1_689' title='bbox 3205 1275 3338 1329; x_wconf 91' lang='lat' dir='ltr'><strong>lucis</strong></span> <span class='ocrx_word' id='word_1_690' title='bbox 3368 1292 3483 1330; x_wconf 81' lang='lat' dir='ltr'><strong>cre-</strong></span> 
     </span>
    </p>
   </div>
   <div class='ocr_carea' id='block_1_95' title="bbox 1914 1341 3481 1409">
    <p class='ocr_par' dir='ltr' id='par_1_95' title="bbox 1914 1341 3481 1409">
     <span class='ocr_line' id='line_1_95' title="bbox 1914 1341 3481 1409; baseline 0.005 -17"><span class='ocrx_word' id='word_1_691' title='bbox 1914 1342 2189 1406; x_wconf 89' lang='lat' dir='ltr'><strong>pusculum</strong></span> <span class='ocrx_word' id='word_1_692' title='bbox 2233 1341 2596 1408; x_wconf 88' lang='lat' dir='ltr'><strong>persolvendis</strong></span> <span class='ocrx_word' id='word_1_693' title='bbox 2641 1341 2863 1409; x_wconf 87' lang='lat' dir='ltr'><strong>primam</strong></span> <span class='ocrx_word' id='word_1_694' title='bbox 2909 1344 3025 1397; x_wconf 89' lang='lat' dir='ltr'><strong>sine</strong></span> <span class='ocrx_word' id='word_1_695' title='bbox 3064 1344 3170 1396; x_wconf 89' lang='lat' dir='ltr'><strong>ullo</strong></span> <span class='ocrx_word' id='word_1_696' title='bbox 3198 1360 3367 1398; x_wconf 90' lang='lat' dir='ltr'><strong>vacuo</strong></span> <span class='ocrx_word' id='word_1_697' title='bbox 3397 1347 3481 1400; x_wconf 86' lang='lat' dir='ltr'><strong>in-</strong></span> 
     </span>
    </p>
   </div>
   <div class='ocr_carea' id='block_1_96' title="bbox 1913 1409 3482 1479">
    <p class='ocr_par' dir='ltr' id='par_1_96' title="bbox 1913 1409 3482 1479">
     <span class='ocr_line' id='line_1_96' title="bbox 1913 1409 3482 1479; baseline 0.004 -16"><span class='ocrx_word' id='word_1_698' title='bbox 1913 1411 2133 1464; x_wconf 89' lang='lat' dir='ltr'><strong>tervallo</strong></span> <span class='ocrx_word' id='word_1_699' title='bbox 2154 1412 2366 1479; x_wconf 88' lang='lat' dir='ltr'><strong>subjicit</strong></span> <span class='ocrx_word' id='word_1_700' title='bbox 2391 1427 2405 1475; x_wconf 92' lang='lat'><strong>;</strong></span> <span class='ocrx_word' id='word_1_701' title='bbox 2433 1421 2486 1465; x_wconf 90' lang='lat' dir='ltr'><strong>et</strong></span> <span class='ocrx_word' id='word_1_702' title='bbox 2506 1427 2623 1479; x_wconf 89' lang='lat' dir='ltr'><strong>cap.</strong></span> <span class='ocrx_word' id='word_1_703' title='bbox 2660 1409 2693 1463; x_wconf 83' lang='lat'><strong>5</strong></span> <span class='ocrx_word' id='word_1_704' title='bbox 2714 1411 2973 1475; x_wconf 86' lang='lat' dir='ltr'><strong>decernit,</strong></span> <span class='ocrx_word' id='word_1_705' title='bbox 3006 1423 3061 1466; x_wconf 93' lang='lat' dir='ltr'><strong>ut</strong></span> <span class='ocrx_word' id='word_1_706' title='bbox 3089 1429 3117 1465; x_wconf 92' lang='lat' dir='ltr'><strong>a</strong></span> <span class='ocrx_word' id='word_1_707' title='bbox 3141 1414 3343 1468; x_wconf 86' lang='lat' dir='ltr'><strong>Pascha</strong></span> <span class='ocrx_word' id='word_1_708' title='bbox 3370 1426 3482 1471; x_wconf 86' lang='lat' dir='ltr'><strong>tota</strong></span> 
     </span>
    </p>
   </div>
   <div class='ocr_carea' id='block_1_97' title="bbox 1912 1480 3486 1547">
    <p class='ocr_par' dir='ltr' id='par_1_97' title="bbox 1912 1480 3486 1547">
     <span class='ocr_line' id='line_1_97' title="bbox 1912 1480 3486 1547; baseline 0.005 -14"><span class='ocrx_word' id='word_1_709' title='bbox 1912 1489 2117 1542; x_wconf 81' lang='lat' dir='ltr'><strong>:estate,</strong></span> <span class='ocrx_word' id='word_1_710' title='bbox 2148 1480 2312 1536; x_wconf 81' lang='lat' dir='ltr'><strong>ﬁnitis</strong></span> <span class='ocrx_word' id='word_1_711' title='bbox 2335 1483 2608 1535; x_wconf 85' lang='lat' dir='ltr'><strong>matutinis</strong></span> <span class='ocrx_word' id='word_1_712' title='bbox 2632 1522 2649 1546; x_wconf 92' lang='lat'><strong>,</strong></span> <span class='ocrx_word' id='word_1_713' title='bbox 2704 1500 2720 1531; x_wconf 75' lang='grc' dir='ltr'><strong>ι</strong></span> <span class='ocrx_word' id='word_1_714' title='bbox 2756 1482 3089 1547; x_wconf 76' lang='lat' dir='ltr'><strong>egredientes</strong></span> <span class='ocrx_word' id='word_1_715' title='bbox 3116 1485 3341 1539; x_wconf 77' lang='lat' dir='ltr'><strong>ecclesia</strong></span> <span class='ocrx_word' id='word_1_716' title='bbox 3377 1486 3486 1540; x_wconf 87' lang='lat' dir='ltr'><strong>fra-</strong></span> 
     </span>
    </p>
   </div>
   <div class='ocr_carea' id='block_1_98' title="bbox 1916 1551 3484 1620">
    <p class='ocr_par' dir='ltr' id='par_1_98' title="bbox 1916 1551 3484 1620">
     <span class='ocr_line' id='line_1_98' title="bbox 1916 1551 3484 1620; baseline 0.006 -18"><span class='ocrx_word' id='word_1_717' title='bbox 1916 1559 2022 1604; x_wconf 89' lang='lat' dir='ltr'><strong>tres</strong></span> <span class='ocrx_word' id='word_1_718' title='bbox 2044 1551 2249 1604; x_wconf 89' lang='lat' dir='ltr'><strong>calcent</strong></span> <span class='ocrx_word' id='word_1_719' title='bbox 2275 1568 2353 1618; x_wconf 90' lang='lat' dir='ltr'><strong>se,</strong></span> <span class='ocrx_word' id='word_1_720' title='bbox 2379 1554 2576 1616; x_wconf 90' lang='lat' dir='ltr'><strong>lavent,</strong></span> <span class='ocrx_word' id='word_1_721' title='bbox 2605 1555 2945 1620; x_wconf 84' lang='lat' dir='ltr'><strong>peractisque</strong></span> <span class='ocrx_word' id='word_1_722' title='bbox 2974 1553 3026 1607; x_wconf 92' lang='lat' dir='ltr'><strong>in</strong></span> <span class='ocrx_word' id='word_1_723' title='bbox 3054 1554 3277 1607; x_wconf 85' lang='lat' dir='ltr'><strong>ecclesia</strong></span> <span class='ocrx_word' id='word_1_724' title='bbox 3312 1556 3484 1611; x_wconf 83' lang='lat' dir='ltr'><strong>tribus</strong></span> 
     </span>
    </p>
   </div>
   <div class='ocr_carea' id='block_1_99' title="bbox 1914 1620 3486 1686">
    <p class='ocr_par' dir='ltr' id='par_1_99' title="bbox 1914 1620 3486 1686">
     <span class='ocr_line' id='line_1_99' title="bbox 1914 1620 3486 1686; baseline 0.006 -14"><span class='ocrx_word' id='word_1_725' title='bbox 1914 1620 2265 1686; x_wconf 88' lang='lat' dir='ltr'><strong>orationibus,</strong></span> <span class='ocrx_word' id='word_1_726' title='bbox 2307 1625 2557 1676; x_wconf 85' lang='lat' dir='ltr'><strong>sedentes</strong></span> <span class='ocrx_word' id='word_1_727' title='bbox 2593 1626 2642 1675; x_wconf 89' lang='lat' dir='ltr'><strong>in</strong></span> <span class='ocrx_word' id='word_1_728' title='bbox 2672 1622 2903 1675; x_wconf 90' lang='lat' dir='ltr'><strong>claustro</strong></span> <span class='ocrx_word' id='word_1_729' title='bbox 2934 1634 3122 1677; x_wconf 89' lang='lat' dir='ltr'><strong>vacent</strong></span> <span class='ocrx_word' id='word_1_730' title='bbox 3147 1625 3362 1679; x_wconf 87' lang='lat' dir='ltr'><strong>lectioni</strong></span> <span class='ocrx_word' id='word_1_731' title='bbox 3395 1642 3486 1681; x_wconf 80' lang='lat' dir='ltr'><strong>us-</strong></span> 
     </span>
    </p>
   </div>
   <div class='ocr_carea' id='block_1_100' title="bbox 1916 1691 3483 1765">
    <p class='ocr_par' dir='ltr' id='par_1_100' title="bbox 1916 1691 3483 1765">
     <span class='ocr_line' id='line_1_100' title="bbox 1916 1691 3483 1765; baseline 0.005 -24"><span class='ocrx_word' id='word_1_732' title='bbox 1916 1705 2018 1765; x_wconf 83' lang='lat' dir='ltr'><strong>que</strong></span> <span class='ocrx_word' id='word_1_733' title='bbox 2046 1691 2171 1765; x_wconf 84' lang='lat' dir='ltr'><strong>dum</strong></span> <span class='ocrx_word' id='word_1_734' title='bbox 2205 1693 2387 1765; x_wconf 79' lang='lat' dir='ltr'><strong>primze</strong></span> <span class='ocrx_word' id='word_1_735' title='bbox 2409 1692 2617 1765; x_wconf 83' lang='lat' dir='ltr'><strong>signum</strong></span> <span class='ocrx_word' id='word_1_736' title='bbox 2648 1692 2885 1765; x_wconf 82' lang='lat' dir='ltr'><strong>auditum</strong></span> <span class='ocrx_word' id='word_1_737' title='bbox 2932 1693 3123 1765; x_wconf 88' lang='lat' dir='ltr'><strong>fuerit:</strong></span> <span class='ocrx_word' id='word_1_738' title='bbox 3164 1712 3183 1745; x_wconf 84' lang='grc'><strong>›</strong></span> <span class='ocrx_word' id='word_1_739' title='bbox 3216 1698 3483 1765; x_wconf 80' lang='lat' dir='ltr'><strong>quamvis,</strong></span> 
     </span>
    </p>
   </div>
   <div class='ocr_carea' id='block_1_101' title="bbox 1918 1760 3484 1829">
    <p class='ocr_par' dir='ltr' id='par_1_101' title="bbox 1918 1760 3484 1829">
     <span class='ocr_line' id='line_1_101' title="bbox 1918 1760 3484 1829; baseline 0.005 -17"><span class='ocrx_word' id='word_1_740' title='bbox 1918 1760 1961 1812; x_wconf 92' lang='lat' dir='ltr'><strong>si</strong></span> <span class='ocrx_word' id='word_1_741' title='bbox 1991 1762 2223 1815; x_wconf 90' lang='lat' dir='ltr'><strong>nondum</strong></span> <span class='ocrx_word' id='word_1_742' title='bbox 2269 1763 2386 1817; x_wconf 91' lang='lat' dir='ltr'><strong>dies</strong></span> <span class='ocrx_word' id='word_1_743' title='bbox 2415 1763 2665 1821; x_wconf 77' lang='lat' dir='ltr'><strong>illuxerit.</strong></span> <span class='ocrx_word' id='word_1_744' title='bbox 2699 1767 2765 1815; x_wconf 92' lang='lat' dir='ltr'><strong>de</strong></span> <span class='ocrx_word' id='word_1_745' title='bbox 2807 1763 3019 1817; x_wconf 88' lang='lat' dir='ltr'><strong>licentia</strong></span> <span class='ocrx_word' id='word_1_746' title='bbox 3068 1760 3255 1829; x_wconf 76' lang='lat' dir='ltr'><strong>prioris</strong></span> <span class='ocrx_word' id='word_1_747' title='bbox 3287 1766 3484 1821; x_wconf 88' lang='lat' dir='ltr'><strong>lectum</strong></span> 
     </span>
    </p>
   </div>
   <div class='ocr_carea' id='block_1_102' title="bbox 1917 1832 3484 1898">
    <p class='ocr_par' dir='ltr' id='par_1_102' title="bbox 1917 1832 3484 1898">
     <span class='ocr_line' id='line_1_102' title="bbox 1917 1832 3484 1898; baseline 0.004 -15"><span class='ocrx_word' id='word_1_748' title='bbox 1917 1842 2158 1895; x_wconf 82' lang='lat' dir='ltr'><strong>repetere</strong></span> <span class='ocrx_word' id='word_1_749' title='bbox 2192 1835 2481 1898; x_wconf 87' lang='lat' dir='ltr'><strong>permittat.</strong></span> <span class='ocrx_word' id='word_1_750' title='bbox 2511 1833 2712 1887; x_wconf 88' lang='lat' dir='ltr'><strong>Statuta</strong></span> <span class='ocrx_word' id='word_1_751' title='bbox 2739 1833 2898 1886; x_wconf 89' lang='lat' dir='ltr'><strong>etiam</strong></span> <span class='ocrx_word' id='word_1_752' title='bbox 2927 1832 3209 1888; x_wconf 89' lang='lat' dir='ltr'><strong>Laufranci</strong></span> <span class='ocrx_word' id='word_1_753' title='bbox 3240 1850 3267 1887; x_wconf 90' lang='lat' dir='ltr'><strong>a</strong></span> <span class='ocrx_word' id='word_1_754' title='bbox 3298 1838 3484 1891; x_wconf 86' lang='lat' dir='ltr'><strong>calen-</strong></span> 
     </span>
    </p>
   </div>
   <div class='ocr_carea' id='block_1_103' title="bbox 1917 1900 3487 1960">
    <p class='ocr_par' dir='ltr' id='par_1_103' title="bbox 1917 1900 3487 1960">
     <span class='ocr_line' id='line_1_103' title="bbox 1917 1900 3487 1960; baseline 0.004 -7"><span class='ocrx_word' id='word_1_755' title='bbox 1917 1900 1998 1954; x_wconf 92' lang='lat' dir='ltr'><strong>dis</strong></span> <span class='ocrx_word' id='word_1_756' title='bbox 2029 1901 2343 1956; x_wconf 65' lang='lat' dir='ltr'><strong>Novembrfs</strong></span> <span class='ocrx_word' id='word_1_757' title='bbox 2369 1903 2433 1957; x_wconf 90' lang='lat' dir='ltr'><strong>ad</strong></span> <span class='ocrx_word' id='word_1_758' title='bbox 2459 1903 2658 1957; x_wconf 87' lang='lat' dir='ltr'><strong>Pascha</strong></span> <span class='ocrx_word' id='word_1_759' title='bbox 2691 1903 2964 1957; x_wconf 90' lang='lat' dir='ltr'><strong>matutinis</strong></span> <span class='ocrx_word' id='word_1_760' title='bbox 2988 1904 3229 1958; x_wconf 84' lang='lat' dir='ltr'><strong>laudibus</strong></span> <span class='ocrx_word' id='word_1_761' title='bbox 3267 1914 3321 1958; x_wconf 92' lang='lat' dir='ltr'><strong>et</strong></span> <span class='ocrx_word' id='word_1_762' title='bbox 3358 1908 3487 1960; x_wconf 87' lang='lat' dir='ltr'><strong>sub-</strong></span> 
     </span>
    </p>
   </div>
   <div class='ocr_carea' id='block_1_104' title="bbox 1918 1971 3491 2044">
    <p class='ocr_par' dir='ltr' id='par_1_104' title="bbox 1918 1971 3491 2044">
     <span class='ocr_line' id='line_1_104' title="bbox 1918 1971 3491 2044; baseline 0.004 -21"><span class='ocrx_word' id='word_1_763' title='bbox 1918 1971 2260 2044; x_wconf 83' lang='lat' dir='ltr'><strong>sequentibus</strong></span> <span class='ocrx_word' id='word_1_764' title='bbox 2287 1972 2385 2027; x_wconf 90' lang='lat' dir='ltr'><strong>SS.</strong></span> <span class='ocrx_word' id='word_1_765' title='bbox 2425 1973 3025 2044; x_wconf 83' lang='lat' dir='ltr'><strong>commemorationibus</strong></span> <span class='ocrx_word' id='word_1_766' title='bbox 3056 1977 3279 2043; x_wconf 90' lang='lat' dir='ltr'><strong>primam</strong></span> <span class='ocrx_word' id='word_1_767' title='bbox 3322 1976 3491 2044; x_wconf 84' lang='lat' dir='ltr'><strong>subji-</strong></span> 
     </span>
    </p>
   </div>
   <div class='ocr_carea' id='block_1_105' title="bbox 1919 2040 3489 2108">
    <p class='ocr_par' dir='ltr' id='par_1_105' title="bbox 1919 2040 3489 2108">
     <span class='ocr_line' id='line_1_105' title="bbox 1919 2040 3489 2108; baseline 0.004 -15"><span class='ocrx_word' id='word_1_768' title='bbox 1919 2040 2100 2106; x_wconf 79' lang='lat' dir='ltr'><strong>cimit,</strong></span> <span class='ocrx_word' id='word_1_769' title='bbox 2134 2042 2211 2095; x_wconf 89' lang='lat' dir='ltr'><strong>sic</strong></span> <span class='ocrx_word' id='word_1_770' title='bbox 2240 2051 2298 2095; x_wconf 93' lang='lat' dir='ltr'><strong>ut</strong></span> <span class='ocrx_word' id='word_1_771' title='bbox 2318 2044 2650 2097; x_wconf 86' lang='lat' dir='ltr'><strong>clarescente</strong></span> <span class='ocrx_word' id='word_1_772' title='bbox 2671 2042 2757 2095; x_wconf 86' lang='lat' dir='ltr'><strong>die</strong></span> <span class='ocrx_word' id='word_1_773' title='bbox 2784 2043 2962 2096; x_wconf 88' lang='lat' dir='ltr'><strong>omnia</strong></span> <span class='ocrx_word' id='word_1_774' title='bbox 2988 2040 3259 2108; x_wconf 83' lang='lat' dir='ltr'><strong>liniantur;</strong></span> <span class='ocrx_word' id='word_1_775' title='bbox 3291 2045 3335 2097; x_wconf 87' lang='lat' dir='ltr'><strong>si</strong></span> <span class='ocrx_word' id='word_1_776' title='bbox 3359 2040 3489 2100; x_wconf 74' lang='lat' dir='ltr'><strong>vero</strong></span> 
     </span>
    </p>
   </div>
   <div class='ocr_carea' id='block_1_106' title="bbox 1918 2111 3490 2183">
    <p class='ocr_par' dir='ltr' id='par_1_106' title="bbox 1918 2111 3490 2183">
     <span class='ocr_line' id='line_1_106' title="bbox 1918 2111 3490 2183; baseline 0.005 -22"><span class='ocrx_word' id='word_1_777' title='bbox 1918 2111 2041 2177; x_wconf 87' lang='lat' dir='ltr'><strong>quid</strong></span> <span class='ocrx_word' id='word_1_778' title='bbox 2070 2114 2240 2183; x_wconf 89' lang='lat' dir='ltr'><strong>noctis</strong></span> <span class='ocrx_word' id='word_1_779' title='bbox 2269 2112 2609 2179; x_wconf 86' lang='lat' dir='ltr'><strong>superfuerit,</strong></span> <span class='ocrx_word' id='word_1_780' title='bbox 2640 2113 2835 2175; x_wconf 87' lang='lat' dir='ltr'><strong>nullus,</strong></span> <span class='ocrx_word' id='word_1_781' title='bbox 2872 2124 3065 2183; x_wconf 71' lang='lat' dir='ltr'><strong>prmter</strong></span> <span class='ocrx_word' id='word_1_782' title='bbox 3092 2114 3352 2183; x_wconf 85' lang='lat' dir='ltr'><strong>sanguine</strong></span> <span class='ocrx_word' id='word_1_783' title='bbox 3388 2117 3490 2169; x_wconf 85' lang='lat' dir='ltr'><strong>nii-</strong></span> 
     </span>
    </p>
   </div>
   <div class='ocr_carea' id='block_1_107' title="bbox 1919 2182 3490 2251">
    <p class='ocr_par' dir='ltr' id='par_1_107' title="bbox 1919 2182 3490 2251">
     <span class='ocr_line' id='line_1_107' title="bbox 1919 2182 3490 2251; baseline 0.006 -20"><span class='ocrx_word' id='word_1_784' title='bbox 1919 2191 2095 2251; x_wconf 87' lang='lat' dir='ltr'><strong>nutos,</strong></span> <span class='ocrx_word' id='word_1_785' title='bbox 2125 2182 2190 2235; x_wconf 86' lang='lat' dir='ltr'><strong>ad</strong></span> <span class='ocrx_word' id='word_1_786' title='bbox 2224 2183 2414 2237; x_wconf 90' lang='lat' dir='ltr'><strong>lectum</strong></span> <span class='ocrx_word' id='word_1_787' title='bbox 2448 2191 2748 2237; x_wconf 85' lang='lat' dir='ltr'><strong>revertatur</strong></span> <span class='ocrx_word' id='word_1_788' title='bbox 2779 2199 2794 2247; x_wconf 91' lang='lat'><strong>;</strong></span> <span class='ocrx_word' id='word_1_789' title='bbox 2826 2182 2919 2236; x_wconf 90' lang='lat' dir='ltr'><strong>sed</strong></span> <span class='ocrx_word' id='word_1_790' title='bbox 2951 2185 3086 2237; x_wconf 91' lang='lat' dir='ltr'><strong>sicut</strong></span> <span class='ocrx_word' id='word_1_791' title='bbox 3116 2182 3286 2251; x_wconf 90' lang='lat' dir='ltr'><strong>primo</strong></span> <span class='ocrx_word' id='word_1_792' title='bbox 3316 2187 3490 2239; x_wconf 84' lang='lat' dir='ltr'><strong>inier-</strong></span> 
     </span>
    </p>
   </div>
   <div class='ocr_carea' id='block_1_108' title="bbox 1920 2250 3487 2321">
    <p class='ocr_par' dir='ltr' id='par_1_108' title="bbox 1920 2250 3487 2321">
     <span class='ocr_line' id='line_1_108' title="bbox 1920 2250 3487 2321; baseline 0.005 -20"><span class='ocrx_word' id='word_1_793' title='bbox 1920 2250 2058 2321; x_wconf 68' lang='lat' dir='ltr'><strong>vallo</strong></span> <span class='ocrx_word' id='word_1_794' title='bbox 2091 2253 2294 2320; x_wconf 80' lang='lat' dir='ltr'><strong>vigilias</strong></span> <span class='ocrx_word' id='word_1_795' title='bbox 2322 2255 2459 2307; x_wconf 81' lang='lat' dir='ltr'><strong>inter</strong></span> <span class='ocrx_word' id='word_1_796' title='bbox 2486 2262 2539 2307; x_wconf 90' lang='lat' dir='ltr'><strong>et</strong></span> <span class='ocrx_word' id='word_1_797' title='bbox 2559 2254 2844 2307; x_wconf 89' lang='lat' dir='ltr'><strong>matutinas</strong></span> <span class='ocrx_word' id='word_1_798' title='bbox 2868 2251 3053 2307; x_wconf 89' lang='lat' dir='ltr'><strong>laudes</strong></span> <span class='ocrx_word' id='word_1_799' title='bbox 3085 2250 3153 2307; x_wconf 80' lang='lat' dir='ltr'><strong>ita</strong></span> <span class='ocrx_word' id='word_1_800' title='bbox 3181 2271 3239 2305; x_wconf 88' lang='lat' dir='ltr'><strong>se</strong></span> <span class='ocrx_word' id='word_1_801' title='bbox 3278 2264 3487 2321; x_wconf 83' lang='lat' dir='ltr'><strong>gerant.</strong></span> 
     </span>
    </p>
   </div>
   <div class='ocr_carea' id='block_1_109' title="bbox 1921 2318 3489 2391">
    <p class='ocr_par' dir='ltr' id='par_1_109' title="bbox 1921 2318 3489 2391">
     <span class='ocr_line' id='line_1_109' title="bbox 1921 2318 3489 2391; baseline 0.004 -19"><span class='ocrx_word' id='word_1_802' title='bbox 1921 2318 2119 2375; x_wconf 83' lang='lat' dir='ltr'><strong>Eadem</strong></span> <span class='ocrx_word' id='word_1_803' title='bbox 2148 2318 2289 2377; x_wconf 82' lang='lat' dir='ltr'><strong>forte</strong></span> <span class='ocrx_word' id='word_1_804' title='bbox 2331 2324 2607 2389; x_wconf 88' lang='lat' dir='ltr'><strong>disciplina</strong></span> <span class='ocrx_word' id='word_1_805' title='bbox 2642 2323 2851 2391; x_wconf 88' lang='lat' dir='ltr'><strong>vigebat</strong></span> <span class='ocrx_word' id='word_1_806' title='bbox 2894 2323 3036 2390; x_wconf 88' lang='lat' dir='ltr'><strong>apud</strong></span> <span class='ocrx_word' id='word_1_807' title='bbox 3066 2318 3489 2391; x_wconf 81' lang='lat' dir='ltr'><strong>Cluniacenses,</strong></span> 
     </span>
    </p>
   </div>
   <div class='ocr_carea' id='block_1_110' title="bbox 1918 2391 3490 2461">
    <p class='ocr_par' dir='ltr' id='par_1_110' title="bbox 1918 2391 3490 2461">
     <span class='ocr_line' id='line_1_110' title="bbox 1918 2391 3490 2461; baseline 0.008 -24"><span class='ocrx_word' id='word_1_808' title='bbox 1918 2404 2144 2461; x_wconf 89' lang='lat' dir='ltr'><strong>quorum</strong></span> <span class='ocrx_word' id='word_1_809' title='bbox 2188 2394 2421 2459; x_wconf 62' lang='lat' dir='ltr'><strong>antiqua:</strong></span> <span class='ocrx_word' id='word_1_810' title='bbox 2446 2392 2871 2447; x_wconf 87' lang='lat' dir='ltr'><strong>Consuetudines</strong></span> <span class='ocrx_word' id='word_1_811' title='bbox 2912 2391 2979 2445; x_wconf 90' lang='lat' dir='ltr'><strong>de</strong></span> <span class='ocrx_word' id='word_1_812' title='bbox 3025 2401 3263 2461; x_wconf 86' lang='lat' dir='ltr'><strong>tempore</strong></span> <span class='ocrx_word' id='word_1_813' title='bbox 3296 2394 3490 2449; x_wconf 86' lang='lat' dir='ltr'><strong>hiemis</strong></span> 
     </span>
    </p>
   </div>
   <div class='ocr_carea' id='block_1_111' title="bbox 1917 2460 3490 2532">
    <p class='ocr_par' dir='ltr' id='par_1_111' title="bbox 1917 2460 3490 2532">
     <span class='ocr_line' id='line_1_111' title="bbox 1917 2460 3490 2532; baseline 0.005 -21"><span class='ocrx_word' id='word_1_814' title='bbox 1917 2460 2055 2527; x_wconf 87' lang='lat' dir='ltr'><strong>apud</strong></span> <span class='ocrx_word' id='word_1_815' title='bbox 2089 2460 2388 2516; x_wconf 82' lang='lat' dir='ltr'><strong>Udalricnin</strong></span> <span class='ocrx_word' id='word_1_816' title='bbox 2423 2464 2495 2516; x_wconf 85' lang='lat' dir='ltr'><strong>ita</strong></span> <span class='ocrx_word' id='word_1_817' title='bbox 2527 2463 2723 2516; x_wconf 84' lang='lat' dir='ltr'><strong>habent</strong></span> <span class='ocrx_word' id='word_1_818' title='bbox 2755 2462 2892 2527; x_wconf 84' lang='lat' dir='ltr'><strong>(Lib.</strong></span> <span class='ocrx_word' id='word_1_819' title='bbox 2948 2478 2983 2524; x_wconf 90' lang='lat' dir='ltr'><strong>t,</strong></span> <span class='ocrx_word' id='word_1_820' title='bbox 3036 2460 3149 2532; x_wconf 78' lang='lat' dir='ltr'><strong>cap.</strong></span> <span class='ocrx_word' id='word_1_821' title='bbox 3184 2462 3279 2530; x_wconf 81' lang='grc'><strong>41)</strong></span> <span class='ocrx_word' id='word_1_822' title='bbox 3312 2480 3324 2515; x_wconf 93' lang='lat'><strong>:</strong></span> <span class='ocrx_word' id='word_1_823' title='bbox 3377 2482 3395 2516; x_wconf 75' lang='grc' dir='ltr'><strong>ι</strong></span> <span class='ocrx_word' id='word_1_824' title='bbox 3434 2466 3490 2520; x_wconf 88' lang='lat' dir='ltr'><strong>In</strong></span> 
     </span>
    </p>
   </div>
   <div class='ocr_carea' id='block_1_112' title="bbox 1922 2531 3492 2601">
    <p class='ocr_par' dir='ltr' id='par_1_112' title="bbox 1922 2531 3492 2601">
     <span class='ocr_line' id='line_1_112' title="bbox 1922 2531 3492 2601; baseline 0.004 -19"><span class='ocrx_word' id='word_1_825' title='bbox 1922 2531 2148 2595; x_wconf 89' lang='lat' dir='ltr'><strong>privatis</strong></span> <span class='ocrx_word' id='word_1_826' title='bbox 2174 2532 2384 2597; x_wconf 90' lang='lat' dir='ltr'><strong>diebus,</strong></span> <span class='ocrx_word' id='word_1_827' title='bbox 2409 2544 2461 2587; x_wconf 89' lang='lat' dir='ltr'><strong>et</strong></span> <span class='ocrx_word' id='word_1_828' title='bbox 2491 2534 2535 2586; x_wconf 89' lang='lat' dir='ltr'><strong>si</strong></span> <span class='ocrx_word' id='word_1_829' title='bbox 2583 2533 2741 2586; x_wconf 63' lang='lat' dir='ltr'><strong>nullm</strong></span> <span class='ocrx_word' id='word_1_830' title='bbox 2770 2532 2904 2601; x_wconf 85' lang='lat' dir='ltr'><strong>fiant</strong></span> <span class='ocrx_word' id='word_1_831' title='bbox 2950 2542 3176 2589; x_wconf 66' lang='lat' dir='ltr'><strong>octavm.</strong></span> <span class='ocrx_word' id='word_1_832' title='bbox 3211 2542 3492 2601; x_wconf 89' lang='lat' dir='ltr'><strong>postquam</strong></span> 
     </span>
    </p>
   </div>
   <div class='ocr_carea' id='block_1_113' title="bbox 1919 2600 3501 2668">
    <p class='ocr_par' dir='ltr' id='par_1_113' title="bbox 1919 2600 3501 2668">
     <span class='ocr_line' id='line_1_113' title="bbox 1919 2600 3501 2668; baseline 0.006 -18"><span class='ocrx_word' id='word_1_833' title='bbox 1919 2602 2082 2653; x_wconf 90' lang='lat' dir='ltr'><strong>semel</strong></span> <span class='ocrx_word' id='word_1_834' title='bbox 2106 2604 2372 2667; x_wconf 77' lang='lat' dir='ltr'><strong>surgimus</strong></span> <span class='ocrx_word' id='word_1_835' title='bbox 2404 2645 2418 2667; x_wconf 88' lang='lat'><strong>,</strong></span> <span class='ocrx_word' id='word_1_836' title='bbox 2451 2618 2554 2656; x_wconf 91' lang='lat' dir='ltr'><strong>non</strong></span> <span class='ocrx_word' id='word_1_837' title='bbox 2580 2604 2816 2656; x_wconf 89' lang='lat' dir='ltr'><strong>redimus</strong></span> <span class='ocrx_word' id='word_1_838' title='bbox 2844 2600 3084 2655; x_wconf 87' lang='lat' dir='ltr'><strong>adlecta.</strong></span> <span class='ocrx_word' id='word_1_839' title='bbox 3122 2622 3139 2653; x_wconf 75' lang='grc' dir='ltr'><strong>ι</strong></span> <span class='ocrx_word' id='word_1_840' title='bbox 3172 2600 3405 2668; x_wconf 82' lang='lat' dir='ltr'><strong>Denique</strong></span> <span class='ocrx_word' id='word_1_841' title='bbox 3431 2604 3501 2659; x_wconf 58' lang='lat' dir='ltr'><strong>lio</strong></span> 
     </span>
    </p>
   </div>
   <div class='ocr_carea' id='block_1_114' title="bbox 1921 2668 3494 2742">
    <p class='ocr_par' dir='ltr' id='par_1_114' title="bbox 1921 2668 3494 2742">
     <span class='ocr_line' id='line_1_114' title="bbox 1921 2668 3494 2742; baseline 0.004 -20"><span class='ocrx_word' id='word_1_842' title='bbox 1921 2668 2017 2722; x_wconf 90' lang='lat' dir='ltr'><strong>ber</strong></span> <span class='ocrx_word' id='word_1_843' title='bbox 2043 2670 2238 2742; x_wconf 84' lang='lat' dir='ltr'><strong>Usuum</strong></span> <span class='ocrx_word' id='word_1_844' title='bbox 2260 2673 2691 2742; x_wconf 70' lang='lat' dir='ltr'><strong>(listerciensium</strong></span> <span class='ocrx_word' id='word_1_845' title='bbox 2720 2673 2960 2725; x_wconf 86' lang='lat' dir='ltr'><strong>decernit</strong></span> <span class='ocrx_word' id='word_1_846' title='bbox 2996 2670 3146 2741; x_wconf 87' lang='lat' dir='ltr'><strong>(Cap.</strong></span> <span class='ocrx_word' id='word_1_847' title='bbox 3172 2672 3261 2741; x_wconf 76' lang='grc'><strong>74)</strong></span> <span class='ocrx_word' id='word_1_848' title='bbox 3295 2672 3494 2742; x_wconf 86' lang='lat' dir='ltr'><strong>hieme,</strong></span> 
     </span>
    </p>
   </div>
   <div class='ocr_carea' id='block_1_115' title="bbox 1921 2736 3494 2815">
    <p class='ocr_par' dir='ltr' id='par_1_115' title="bbox 1921 2736 3494 2815">
     <span class='ocr_line' id='line_1_115' title="bbox 1921 2736 3494 2815; baseline 0.004 -23"><span class='ocrx_word' id='word_1_849' title='bbox 1921 2750 1977 2792; x_wconf 92' lang='lat' dir='ltr'><strong>ut</strong></span> <span class='ocrx_word' id='word_1_850' title='bbox 2016 2757 2035 2791; x_wconf 74' lang='grc' dir='ltr'><strong>ι</strong></span> <span class='ocrx_word' id='word_1_851' title='bbox 2064 2741 2107 2792; x_wconf 92' lang='lat' dir='ltr'><strong>si</strong></span> <span class='ocrx_word' id='word_1_852' title='bbox 2140 2742 2276 2815; x_wconf 84' lang='lat' dir='ltr'><strong>forte</strong></span> <span class='ocrx_word' id='word_1_853' title='bbox 2300 2752 2418 2810; x_wconf 89' lang='lat' dir='ltr'><strong>post</strong></span> <span class='ocrx_word' id='word_1_854' title='bbox 2446 2736 2731 2815; x_wconf 80' lang='lat' dir='ltr'><strong>maiutiuas</strong></span> <span class='ocrx_word' id='word_1_855' title='bbox 2774 2743 2893 2815; x_wconf 76' lang='lat' dir='ltr'><strong>dies</strong></span> <span class='ocrx_word' id='word_1_856' title='bbox 2922 2736 3153 2815; x_wconf 83' lang='lat' dir='ltr'><strong>nondum</strong></span> <span class='ocrx_word' id='word_1_857' title='bbox 3201 2736 3494 2815; x_wconf 60' lang='lat' dir='ltr'><strong>claruerit;</strong></span> 
     </span>
    </p>
   </div>
   <div class='ocr_carea' id='block_1_116' title="bbox 1920 2810 3495 2878">
    <p class='ocr_par' dir='ltr' id='par_1_116' title="bbox 1920 2810 3495 2878">
     <span class='ocr_line' id='line_1_116' title="bbox 1920 2810 3495 2878; baseline 0.005 -17"><span class='ocrx_word' id='word_1_858' title='bbox 1920 2823 2147 2864; x_wconf 77' lang='lat' dir='ltr'><strong>accenso</strong></span> <span class='ocrx_word' id='word_1_859' title='bbox 2178 2811 2381 2866; x_wconf 90' lang='lat' dir='ltr'><strong>lumine</strong></span> <span class='ocrx_word' id='word_1_860' title='bbox 2409 2827 2437 2864; x_wconf 88' lang='lat' dir='ltr'><strong>a</strong></span> <span class='ocrx_word' id='word_1_861' title='bbox 2466 2812 2736 2872; x_wconf 87' lang='lat' dir='ltr'><strong>fratribus,</strong></span> <span class='ocrx_word' id='word_1_862' title='bbox 2767 2811 2857 2863; x_wconf 86' lang='lat' dir='ltr'><strong>fiat</strong></span> <span class='ocrx_word' id='word_1_863' title='bbox 2878 2810 3252 2878; x_wconf 87' lang='lat' dir='ltr'><strong>intervallum;</strong></span> <span class='ocrx_word' id='word_1_864' title='bbox 3285 2824 3340 2866; x_wconf 89' lang='lat' dir='ltr'><strong>et</strong></span> <span class='ocrx_word' id='word_1_865' title='bbox 3388 2810 3495 2869; x_wconf 57' lang='lat' dir='ltr'><strong>fre-&#39;-</strong></span> 
     </span>
    </p>
   </div>
   <div class='ocr_carea' id='block_1_117' title="bbox 1923 2880 3497 2949">
    <p class='ocr_par' dir='ltr' id='par_1_117' title="bbox 1923 2880 3497 2949">
     <span class='ocr_line' id='line_1_117' title="bbox 1923 2880 3497 2949; baseline 0.005 -19"><span class='ocrx_word' id='word_1_866' title='bbox 1923 2887 2031 2931; x_wconf 90' lang='lat' dir='ltr'><strong>tres</strong></span> <span class='ocrx_word' id='word_1_867' title='bbox 2085 2884 2171 2947; x_wconf 90' lang='lat' dir='ltr'><strong>qui</strong></span> <span class='ocrx_word' id='word_1_868' title='bbox 2227 2883 2484 2935; x_wconf 79' lang='lat' dir='ltr'><strong>voluerint</strong></span> <span class='ocrx_word' id='word_1_869' title='bbox 2510 2882 2732 2935; x_wconf 87' lang='lat' dir='ltr'><strong>sedeant</strong></span> <span class='ocrx_word' id='word_1_870' title='bbox 2759 2880 2809 2934; x_wconf 88' lang='lat' dir='ltr'><strong>in</strong></span> <span class='ocrx_word' id='word_1_871' title='bbox 2840 2883 3070 2935; x_wconf 89' lang='lat' dir='ltr'><strong>claustro</strong></span> <span class='ocrx_word' id='word_1_872' title='bbox 3098 2924 3112 2949; x_wconf 89' lang='lat'><strong>,</strong></span> <span class='ocrx_word' id='word_1_873' title='bbox 3143 2884 3235 2935; x_wconf 91' lang='lat' dir='ltr'><strong>sed</strong></span> <span class='ocrx_word' id='word_1_874' title='bbox 3285 2898 3388 2937; x_wconf 91' lang='lat' dir='ltr'><strong>non</strong></span> <span class='ocrx_word' id='word_1_875' title='bbox 3418 2888 3497 2938; x_wconf 85' lang='lat' dir='ltr'><strong>le-</strong></span> 
     </span>
    </p>
   </div>
   <div class='ocr_carea' id='block_1_118' title="bbox 1919 2950 3495 3019">
    <p class='ocr_par' dir='ltr' id='par_1_118' title="bbox 1919 2950 3495 3019">
     <span class='ocr_line' id='line_1_118' title="bbox 1919 2950 3495 3019; baseline 0.008 -21"><span class='ocrx_word' id='word_1_876' title='bbox 1919 2956 2047 3015; x_wconf 89' lang='lat' dir='ltr'><strong>gant</strong></span> <span class='ocrx_word' id='word_1_877' title='bbox 2079 2966 2092 3001; x_wconf 92' lang='lat'><strong>:</strong></span> <span class='ocrx_word' id='word_1_878' title='bbox 2129 2968 2148 3001; x_wconf 78' lang='grc' dir='ltr'><strong>ι</strong></span> <span class='ocrx_word' id='word_1_879' title='bbox 2196 2960 2383 3003; x_wconf 66' lang='lat' dir='ltr'><strong>{estate</strong></span> <span class='ocrx_word' id='word_1_880' title='bbox 2411 2967 2538 3003; x_wconf 84' lang='lat' dir='ltr'><strong>vero</strong></span> <span class='ocrx_word' id='word_1_881' title='bbox 2568 2950 2721 3017; x_wconf 87' lang='lat' dir='ltr'><strong>(Cap.</strong></span> <span class='ocrx_word' id='word_1_882' title='bbox 2746 2950 2836 3019; x_wconf 65' lang='lat'><strong>85)</strong></span> <span class='ocrx_word' id='word_1_883' title='bbox 2898 2969 2916 3000; x_wconf 78' lang='grc' dir='ltr'><strong>ι</strong></span> <span class='ocrx_word' id='word_1_884' title='bbox 2955 2962 3071 3017; x_wconf 84' lang='lat' dir='ltr'><strong>post</strong></span> <span class='ocrx_word' id='word_1_885' title='bbox 3104 2954 3389 3006; x_wconf 87' lang='lat' dir='ltr'><strong>matutinas</strong></span> <span class='ocrx_word' id='word_1_886' title='bbox 3415 2956 3495 3010; x_wconf 82' lang='lat' dir='ltr'><strong>di-</strong></span> 
     </span>
    </p>
   </div>
   <div class='ocr_carea' id='block_1_119' title="bbox 1924 3020 3495 3088">
    <p class='ocr_par' dir='ltr' id='par_1_119' title="bbox 1924 3020 3495 3088">
     <span class='ocr_line' id='line_1_119' title="bbox 1924 3020 3495 3088; baseline 0.007 -19"><span class='ocrx_word' id='word_1_887' title='bbox 1924 3026 2049 3070; x_wconf 90' lang='lat' dir='ltr'><strong>cant</strong></span> <span class='ocrx_word' id='word_1_888' title='bbox 2067 3020 2248 3073; x_wconf 88' lang='lat' dir='ltr'><strong>laudes</strong></span> <span class='ocrx_word' id='word_1_889' title='bbox 2280 3035 2380 3087; x_wconf 88' lang='lat' dir='ltr'><strong>pro</strong></span> <span class='ocrx_word' id='word_1_890' title='bbox 2398 3020 2667 3073; x_wconf 84' lang='lat' dir='ltr'><strong>defunctis</strong></span> <span class='ocrx_word' id='word_1_891' title='bbox 2690 3062 2704 3084; x_wconf 95' lang='lat'><strong>,</strong></span> <span class='ocrx_word' id='word_1_892' title='bbox 2736 3021 2929 3088; x_wconf 88' lang='lat' dir='ltr'><strong>quibus</strong></span> <span class='ocrx_word' id='word_1_893' title='bbox 2957 3023 3136 3085; x_wconf 88' lang='lat' dir='ltr'><strong>dictis,</strong></span> <span class='ocrx_word' id='word_1_894' title='bbox 3160 3032 3213 3076; x_wconf 87' lang='lat' dir='ltr'><strong>et</strong></span> <span class='ocrx_word' id='word_1_895' title='bbox 3241 3024 3381 3076; x_wconf 86' lang='lat' dir='ltr'><strong>facto</strong></span> <span class='ocrx_word' id='word_1_896' title='bbox 3409 3026 3495 3079; x_wconf 48' lang='lat' dir='ltr'><strong>inn</strong></span> 
     </span>
    </p>
   </div>
   <div class='ocr_carea' id='block_1_120' title="bbox 1926 3089 3496 3159">
    <p class='ocr_par' dir='ltr' id='par_1_120' title="bbox 1926 3089 3496 3159">
     <span class='ocr_line' id='line_1_120' title="bbox 1926 3089 3496 3159; baseline 0.005 -18"><span class='ocrx_word' id='word_1_897' title='bbox 1926 3089 2150 3142; x_wconf 88' lang='lat' dir='ltr'><strong>tervallo</strong></span> <span class='ocrx_word' id='word_1_898' title='bbox 2196 3092 2331 3144; x_wconf 88' lang='lat' dir='ltr'><strong>sicut</strong></span> <span class='ocrx_word' id='word_1_899' title='bbox 2356 3090 2503 3144; x_wconf 85' lang='lat' dir='ltr'><strong>festis</strong></span> <span class='ocrx_word' id='word_1_900' title='bbox 2528 3090 2714 3144; x_wconf 90' lang='lat' dir='ltr'><strong>diebus</strong></span> <span class='ocrx_word' id='word_1_901' title='bbox 2738 3129 2753 3153; x_wconf 90' lang='lat'><strong>,</strong></span> <span class='ocrx_word' id='word_1_902' title='bbox 2783 3094 2994 3144; x_wconf 86' lang='lat' dir='ltr'><strong>calcent</strong></span> <span class='ocrx_word' id='word_1_903' title='bbox 3040 3105 3100 3144; x_wconf 89' lang='lat' dir='ltr'><strong>se</strong></span> <span class='ocrx_word' id='word_1_904' title='bbox 3143 3093 3496 3159; x_wconf 76' lang='lat' dir='ltr'><strong>diurnalibns.</strong></span> 
     </span>
    </p>
   </div>
   <div class='ocr_carea' id='block_1_121' title="bbox 1851 3155 3496 3230">
    <p class='ocr_par' dir='ltr' id='par_1_121' title="bbox 1851 3155 3496 3230">
     <span class='ocr_line' id='line_1_121' title="bbox 1851 3155 3496 3230; baseline 0.005 -20"><span class='ocrx_word' id='word_1_905' title='bbox 1851 3158 1897 3224; x_wconf 88' lang='lat' dir='ltr'><strong>C</strong></span> <span class='ocrx_word' id='word_1_906' title='bbox 1928 3167 1981 3211; x_wconf 91' lang='lat' dir='ltr'><strong>et</strong></span> <span class='ocrx_word' id='word_1_907' title='bbox 2004 3170 2219 3230; x_wconf 81' lang='lat' dir='ltr'><strong>sumant</strong></span> <span class='ocrx_word' id='word_1_908' title='bbox 2247 3160 2522 3223; x_wconf 90' lang='lat' dir='ltr'><strong>cultellos,</strong></span> <span class='ocrx_word' id='word_1_909' title='bbox 2553 3161 2691 3227; x_wconf 82' lang='lat' dir='ltr'><strong>quod</strong></span> <span class='ocrx_word' id='word_1_910' title='bbox 2714 3170 2768 3214; x_wconf 90' lang='lat' dir='ltr'><strong>et</strong></span> <span class='ocrx_word' id='word_1_911' title='bbox 2797 3161 2987 3214; x_wconf 84' lang='lat' dir='ltr'><strong>faciant</strong></span> <span class='ocrx_word' id='word_1_912' title='bbox 3015 3163 3222 3230; x_wconf 90' lang='lat' dir='ltr'><strong>quoties</strong></span> <span class='ocrx_word' id='word_1_913' title='bbox 3252 3155 3496 3219; x_wconf 69' lang='lat' dir='ltr'><strong>calcea&#39;nt</strong></span> 
     </span>
    </p>
   </div>
   <div class='ocr_carea' id='block_1_122' title="bbox 1926 3228 3496 3301">
    <p class='ocr_par' dir='ltr' id='par_1_122' title="bbox 1926 3228 3496 3301">
     <span class='ocr_line' id='line_1_122' title="bbox 1926 3228 3496 3301; baseline 0.007 -21"><span class='ocrx_word' id='word_1_914' title='bbox 1926 3241 1985 3301; x_wconf 79' lang='lat' dir='ltr'><strong>se</strong></span> <span class='ocrx_word' id='word_1_915' title='bbox 2013 3228 2345 3284; x_wconf 87' lang='lat' dir='ltr'><strong>diurnalibus</strong></span> <span class='ocrx_word' id='word_1_916' title='bbox 2398 3240 2685 3295; x_wconf 85' lang='lat' dir='ltr'><strong>consuete;</strong></span> <span class='ocrx_word' id='word_1_917' title='bbox 2718 3232 2910 3285; x_wconf 89' lang='lat' dir='ltr'><strong>deinde</strong></span> <span class='ocrx_word' id='word_1_918' title='bbox 2950 3228 3156 3296; x_wconf 80' lang='lat' dir='ltr'><strong>aspersi</strong></span> <span class='ocrx_word' id='word_1_919' title='bbox 3213 3248 3347 3301; x_wconf 83' lang='lat' dir='ltr'><strong>aqua</strong></span> <span class='ocrx_word' id='word_1_920' title='bbox 3377 3275 3390 3298; x_wconf 93' lang='lat'><strong>,</strong></span> <span class='ocrx_word' id='word_1_921' title='bbox 3441 3245 3496 3291; x_wconf 85' lang='lat' dir='ltr'><strong>et</strong></span> 
     </span>
    </p>
   </div>
   <div class='ocr_carea' id='block_1_123' title="bbox 1926 3298 3489 3369">
    <p class='ocr_par' dir='ltr' id='par_1_123' title="bbox 1926 3298 3489 3369">
     <span class='ocr_line' id='line_1_123' title="bbox 1926 3298 3489 3369; baseline 0.006 -19"><span class='ocrx_word' id='word_1_922' title='bbox 1926 3298 2064 3369; x_wconf 87' lang='lat' dir='ltr'><strong>f_acta</strong></span> <span class='ocrx_word' id='word_1_923' title='bbox 2092 3300 2334 3355; x_wconf 82' lang='lat' dir='ltr'><strong>oratione</strong></span> <span class='ocrx_word' id='word_1_924' title='bbox 2360 3340 2375 3365; x_wconf 91' lang='lat'><strong>,</strong></span> <span class='ocrx_word' id='word_1_925' title='bbox 2427 3301 2718 3354; x_wconf 89' lang='lat' dir='ltr'><strong>secundum</strong></span> <span class='ocrx_word' id='word_1_926' title='bbox 2752 3311 2961 3369; x_wconf 90' lang='lat' dir='ltr'><strong>tempus</strong></span> <span class='ocrx_word' id='word_1_927' title='bbox 2982 3303 3163 3355; x_wconf 89' lang='lat' dir='ltr'><strong>dicant</strong></span> <span class='ocrx_word' id='word_1_928' title='bbox 3188 3298 3431 3369; x_wconf 82' lang='lat' dir='ltr'><strong>primam.</strong></span> <span class='ocrx_word' id='word_1_929' title='bbox 3465 3324 3489 3359; x_wconf 71' lang='grc' dir='ltr'><strong>ι</strong></span> 
     </span>
    </p>
   </div>
   <div class='ocr_carea' id='block_1_124' title="bbox 1928 3366 3495 3442">
    <p class='ocr_par' dir='ltr' id='par_1_124' title="bbox 1928 3366 3495 3442">
     <span class='ocr_line' id='line_1_124' title="bbox 1928 3366 3495 3442; baseline 0.006 -23"><span class='ocrx_word' id='word_1_930' title='bbox 1928 3366 2159 3442; x_wconf 62' lang='lat' dir='ltr'><strong>Econtra</strong></span> <span class='ocrx_word' id='word_1_931' title='bbox 2181 3382 2359 3426; x_wconf 89' lang='lat' dir='ltr'><strong>autem</strong></span> <span class='ocrx_word' id='word_1_932' title='bbox 2410 3371 2614 3442; x_wconf 77' lang='lat' dir='ltr'><strong>[tegula</strong></span> <span class='ocrx_word' id='word_1_933' title='bbox 2643 3371 2702 3424; x_wconf 85' lang='grc' dir='ltr'>Β.</span> <span class='ocrx_word' id='word_1_934' title='bbox 2735 3366 2948 3425; x_wconf 75' lang='lat' dir='ltr'><strong>Aelredi</strong></span> <span class='ocrx_word' id='word_1_935' title='bbox 2979 3374 3041 3424; x_wconf 91' lang='lat' dir='ltr'><strong>ad</strong></span> <span class='ocrx_word' id='word_1_936' title='bbox 3064 3366 3295 3441; x_wconf 85' lang='lat' dir='ltr'><strong>virgines</strong></span> <span class='ocrx_word' id='word_1_937' title='bbox 3345 3392 3373 3427; x_wconf 91' lang='lat' dir='ltr'><strong>a</strong></span> <span class='ocrx_word' id='word_1_938' title='bbox 3405 3392 3495 3429; x_wconf 89' lang='lat' dir='ltr'><strong>ca-</strong></span> 
     </span>
    </p>
   </div>
   <div class='ocr_carea' id='block_1_125' title="bbox 1928 3436 3494 3513">
    <p class='ocr_par' dir='ltr' id='par_1_125' title="bbox 1928 3436 3494 3513">
     <span class='ocr_line' id='line_1_125' title="bbox 1928 3436 3494 3513; baseline 0.008 -24"><span class='ocrx_word' id='word_1_939' title='bbox 1928 3436 2099 3513; x_wconf 79' lang='lat' dir='ltr'><strong>lendis</strong></span> <span class='ocrx_word' id='word_1_940' title='bbox 2122 3440 2437 3513; x_wconf 69' lang='lat' dir='ltr'><strong>Novembris</strong></span> <span class='ocrx_word' id='word_1_941' title='bbox 2463 3436 2529 3495; x_wconf 73' lang='lat' dir='ltr'><strong>ad</strong></span> <span class='ocrx_word' id='word_1_942' title='bbox 2572 3451 2732 3507; x_wconf 87' lang='lat' dir='ltr'><strong>caput</strong></span> <span class='ocrx_word' id='word_1_943' title='bbox 2773 3436 3194 3513; x_wconf 69' lang='lat' dir='ltr'><strong>quadragesima:</strong></span> <span class='ocrx_word' id='word_1_944' title='bbox 3224 3448 3494 3501; x_wconf 74' lang='lat' dir='ltr'><strong>matutinas</strong></span> 
     </span>
    </p>
   </div>
   <div class='ocr_carea' id='block_1_126' title="bbox 1928 3508 3497 3581">
    <p class='ocr_par' dir='ltr' id='par_1_126' title="bbox 1928 3508 3497 3581">
     <span class='ocr_line' id='line_1_126' title="bbox 1928 3508 3497 3581; baseline 0.008 -22"><span class='ocrx_word' id='word_1_945' title='bbox 1928 3508 2103 3581; x_wconf 82' lang='lat' dir='ltr'><strong>laudes</strong></span> <span class='ocrx_word' id='word_1_946' title='bbox 2124 3527 2239 3569; x_wconf 81' lang='lat' dir='ltr'><strong>cum</strong></span> <span class='ocrx_word' id='word_1_947' title='bbox 2276 3512 2414 3564; x_wconf 78' lang='lat' dir='ltr'><strong>liorre</strong></span> <span class='ocrx_word' id='word_1_948' title='bbox 2440 3515 2617 3579; x_wconf 71' lang='lat' dir='ltr'><strong>prima:</strong></span> <span class='ocrx_word' id='word_1_949' title='bbox 2646 3508 2846 3581; x_wconf 77' lang='lat' dir='ltr'><strong>hymnis</strong></span> <span class='ocrx_word' id='word_1_950' title='bbox 2876 3508 3266 3572; x_wconf 60' lang='lat' dir='ltr'><strong>consenuenter</strong></span> <span class='ocrx_word' id='word_1_951' title='bbox 3293 3519 3497 3581; x_wconf 87' lang='lat' dir='ltr'><strong>persol-</strong></span> 
     </span>
    </p>
   </div>
   <div class='ocr_carea' id='block_1_127' title="bbox 1928 3580 3493 3655">
    <p class='ocr_par' dir='ltr' id='par_1_127' title="bbox 1928 3580 3493 3655">
     <span class='ocr_line' id='line_1_127' title="bbox 1928 3580 3493 3655; baseline 0.007 -24"><span class='ocrx_word' id='word_1_952' title='bbox 1928 3580 2127 3655; x_wconf 58' lang='lat' dir='ltr'><strong>vendas</strong></span> <span class='ocrx_word' id='word_1_953' title='bbox 2146 3582 2423 3655; x_wconf 73' lang='lat' dir='ltr'><strong>albescente</strong></span> <span class='ocrx_word' id='word_1_954' title='bbox 2443 3598 2652 3655; x_wconf 76' lang='lat' dir='ltr'><strong>aurora,</strong></span> <span class='ocrx_word' id='word_1_955' title='bbox 2672 3580 2961 3655; x_wconf 69' lang='lat' dir='ltr'><strong>praescribit</strong></span> <span class='ocrx_word' id='word_1_956' title='bbox 2981 3583 3132 3652; x_wconf 87' lang='lat' dir='ltr'><strong>(Cap.</strong></span> <span class='ocrx_word' id='word_1_957' title='bbox 3155 3586 3218 3638; x_wconf 79' lang='grc'><strong>14</strong></span> <span class='ocrx_word' id='word_1_958' title='bbox 3240 3580 3431 3655; x_wconf 59' lang='lat' dir='ltr'><strong>c115);</strong></span> <span class='ocrx_word' id='word_1_959' title='bbox 3462 3604 3493 3642; x_wconf 84' lang='lat' dir='ltr'><strong>a</strong></span> 
     </span>
    </p>
   </div>
   <div class='ocr_carea' id='block_1_128' title="bbox 1929 3647 3494 3726">
    <p class='ocr_par' dir='ltr' id='par_1_128' title="bbox 1929 3647 3494 3726">
     <span class='ocr_line' id='line_1_128' title="bbox 1929 3647 3494 3726; baseline 0.01 -28"><span class='ocrx_word' id='word_1_960' title='bbox 1929 3647 2129 3726; x_wconf 83' lang='lat' dir='ltr'><strong>Pascha</strong></span> <span class='ocrx_word' id='word_1_961' title='bbox 2156 3666 2286 3726; x_wconf 87' lang='lat' dir='ltr'><strong>vero</strong></span> <span class='ocrx_word' id='word_1_962' title='bbox 2309 3653 2372 3726; x_wconf 85' lang='lat' dir='ltr'><strong>ad</strong></span> <span class='ocrx_word' id='word_1_963' title='bbox 2400 3647 2684 3726; x_wconf 68' lang='lat' dir='ltr'><strong>praedictas</strong></span> <span class='ocrx_word' id='word_1_964' title='bbox 2704 3647 3282 3715; x_wconf 39' lang='lat' dir='ltr'><strong>calendasfmatntinis</strong></span> <span class='ocrx_word' id='word_1_965' title='bbox 3309 3647 3494 3726; x_wconf 79' lang='lat' dir='ltr'><strong>exple-</strong></span> 
     </span>
    </p>
   </div>
   <div class='ocr_carea' id='block_1_129' title="bbox 1931 3723 3498 3789">
    <p class='ocr_par' dir='ltr' id='par_1_129' title="bbox 1931 3723 3498 3789">
     <span class='ocr_line' id='line_1_129' title="bbox 1931 3723 3498 3789; baseline 0.008 -18"><span class='ocrx_word' id='word_1_966' title='bbox 1931 3724 1998 3771; x_wconf 77' lang='lat' dir='ltr'><strong>t;s</strong></span> <span class='ocrx_word' id='word_1_967' title='bbox 2026 3733 2194 3787; x_wconf 90' lang='lat' dir='ltr'><strong>usque</strong></span> <span class='ocrx_word' id='word_1_968' title='bbox 2224 3723 2287 3774; x_wconf 92' lang='lat' dir='ltr'><strong>ad</strong></span> <span class='ocrx_word' id='word_1_969' title='bbox 2321 3723 2532 3789; x_wconf 85' lang='lat' dir='ltr'><strong>plenum</strong></span> <span class='ocrx_word' id='word_1_970' title='bbox 2561 3724 2688 3775; x_wconf 89' lang='lat' dir='ltr'><strong>solis</strong></span> <span class='ocrx_word' id='word_1_971' title='bbox 2719 3734 2916 3785; x_wconf 88' lang='lat' dir='ltr'><strong>ortum,</strong></span> <span class='ocrx_word' id='word_1_972' title='bbox 2950 3726 3277 3779; x_wconf 90' lang='lat' dir='ltr'><strong>orationibus</strong></span> <span class='ocrx_word' id='word_1_973' title='bbox 3307 3723 3498 3783; x_wconf 79' lang='lat' dir='ltr'><strong>vacent</strong></span> 
     </span>
    </p>
   </div>
   <div class='ocr_carea' id='block_1_130' title="bbox 1928 3792 2912 3860">
    <p class='ocr_par' dir='ltr' id='par_1_130' title="bbox 1928 3792 2912 3860">
     <span class='ocr_line' id='line_1_130' title="bbox 1928 3792 2912 3860; baseline 0.002 -17"><span class='ocrx_word' id='word_1_974' title='bbox 1928 3800 1980 3843; x_wconf 89' lang='lat' dir='ltr'><strong>et</strong></span> <span class='ocrx_word' id='word_1_975' title='bbox 2005 3793 2241 3856; x_wconf 90' lang='lat' dir='ltr'><strong>psalmis,</strong></span> <span class='ocrx_word' id='word_1_976' title='bbox 2270 3804 2323 3845; x_wconf 92' lang='lat' dir='ltr'><strong>et</strong></span> <span class='ocrx_word' id='word_1_977' title='bbox 2348 3803 2471 3844; x_wconf 91' lang='lat' dir='ltr'><strong>tunc</strong></span> <span class='ocrx_word' id='word_1_978' title='bbox 2500 3792 2706 3845; x_wconf 84' lang='lat' dir='ltr'><strong>dicatur</strong></span> <span class='ocrx_word' id='word_1_979' title='bbox 2725 3796 2912 3860; x_wconf 81' lang='lat' dir='ltr'><strong>prima,</strong></span> 
     </span>
    </p>
   </div>
   <div class='ocr_carea' id='block_1_131' title="bbox 2000 3860 3498 3927">
    <p class='ocr_par' dir='ltr' id='par_1_131' title="bbox 2000 3860 3498 3927">
     <span class='ocr_line' id='line_1_131' title="bbox 2000 3860 3498 3927; baseline 0.009 -16"><span class='ocrx_word' id='word_1_980' title='bbox 2000 3860 2178 3927; x_wconf 65' lang='lat' dir='ltr'><strong>Neque</strong></span> <span class='ocrx_word' id='word_1_981' title='bbox 2211 3871 2383 3915; x_wconf 90' lang='lat' dir='ltr'><strong>tamen</strong></span> <span class='ocrx_word' id='word_1_982' title='bbox 2413 3862 2614 3916; x_wconf 84' lang='lat' dir='ltr'><strong>inficias</strong></span> <span class='ocrx_word' id='word_1_983' title='bbox 2647 3864 2733 3915; x_wconf 92' lang='lat' dir='ltr'><strong>ibo</strong></span> <span class='ocrx_word' id='word_1_984' title='bbox 2749 3864 2902 3915; x_wconf 88' lang='lat' dir='ltr'><strong>aliam</strong></span> <span class='ocrx_word' id='word_1_985' title='bbox 2938 3864 3098 3919; x_wconf 88' lang='lat' dir='ltr'><strong>fuisse</strong></span> <span class='ocrx_word' id='word_1_986' title='bbox 3125 3869 3498 3925; x_wconf 67' lang='lat' dir='ltr'><strong>nonnullarum</strong></span> 
     </span>
    </p>
   </div>
   <div class='ocr_carea' id='block_1_132' title="bbox 1928 3931 3501 4005">
    <p class='ocr_par' dir='ltr' id='par_1_132' title="bbox 1928 3931 3501 4005">
     <span class='ocr_line' id='line_1_132' title="bbox 1928 3931 3501 4005; baseline 0.008 -23"><span class='ocrx_word' id='word_1_987' title='bbox 1928 3931 2431 4005; x_wconf 84' lang='lat' dir='ltr'><strong>consuetudinemet</strong></span> <span class='ocrx_word' id='word_1_988' title='bbox 2458 3935 2680 4000; x_wconf 83' lang='lat' dir='ltr'><strong>praxim.</strong></span> <span class='ocrx_word' id='word_1_989' title='bbox 2714 3932 3019 4005; x_wconf 15' lang='lat' dir='ltr'><strong>Interialins</strong></span> <span class='ocrx_word' id='word_1_990' title='bbox 3043 3940 3291 4005; x_wconf 80' lang='lat' dir='ltr'><strong>magister</strong></span> <span class='ocrx_word' id='word_1_991' title='bbox 3315 3952 3501 3996; x_wconf 66' lang='lat' dir='ltr'><strong>aestate</strong></span> 
     </span>
    </p>
   </div>
   <div class='ocr_carea' id='block_1_133' title="bbox 1929 4000 3497 4076">
    <p class='ocr_par' dir='ltr' id='par_1_133' title="bbox 1929 4000 3497 4076">
     <span class='ocr_line' id='line_1_133' title="bbox 1929 4000 3497 4076; baseline 0.006 -26"><span class='ocrx_word' id='word_1_992' title='bbox 1929 4000 2423 4076; x_wconf 69' lang='lat' dir='ltr'><strong>matutinaslaudes</strong></span> <span class='ocrx_word' id='word_1_993' title='bbox 2455 4017 2557 4076; x_wconf 76' lang='lat' dir='ltr'><strong>una</strong></span> <span class='ocrx_word' id='word_1_994' title='bbox 2584 4018 2703 4076; x_wconf 82' lang='lat' dir='ltr'><strong>cum</strong></span> <span class='ocrx_word' id='word_1_995' title='bbox 2735 4004 2895 4073; x_wconf 72' lang='lat'><strong>256</strong></span> <span class='ocrx_word' id='word_1_996' title='bbox 2925 4006 3115 4073; x_wconf 83' lang='lat' dir='ltr'><strong>vigiliis</strong></span> <span class='ocrx_word' id='word_1_997' title='bbox 3131 4000 3295 4076; x_wconf 57' lang='lat' dir='ltr'><strong>&#39;jungi</strong></span> <span class='ocrx_word' id='word_1_998' title='bbox 3320 4011 3497 4074; x_wconf 87' lang='lat' dir='ltr'><strong>jussit,</strong></span> 
     </span>
    </p>
   </div>
   <div class='ocr_carea' id='block_1_134' title="bbox 1930 4070 3500 4144">
    <p class='ocr_par' dir='ltr' id='par_1_134' title="bbox 1930 4070 3500 4144">
     <span class='ocr_line' id='line_1_134' title="bbox 1930 4070 3500 4144; baseline 0.006 -23"><span class='ocrx_word' id='word_1_999' title='bbox 1930 4079 1985 4121; x_wconf 83' lang='lat' dir='ltr'><strong>ut</strong></span> <span class='ocrx_word' id='word_1_1000' title='bbox 2016 4071 2078 4122; x_wconf 90' lang='lat' dir='ltr'><strong>iis</strong></span> <span class='ocrx_word' id='word_1_1001' title='bbox 2098 4070 2378 4144; x_wconf 55' lang='lat' dir='ltr'><strong>(plebratis</strong></span> <span class='ocrx_word' id='word_1_1002' title='bbox 2396 4112 2411 4135; x_wconf 95' lang='lat'><strong>,</strong></span> <span class='ocrx_word' id='word_1_1003' title='bbox 2437 4071 2525 4138; x_wconf 91' lang='lat' dir='ltr'><strong>qui</strong></span> <span class='ocrx_word' id='word_1_1004' title='bbox 2556 4070 2839 4125; x_wconf 59' lang='lat' dir='ltr'><strong>vellent—ait</strong></span> <span class='ocrx_word' id='word_1_1005' title='bbox 2858 4070 3088 4138; x_wconf 70' lang='lat' dir='ltr'><strong>primam</strong></span> <span class='ocrx_word' id='word_1_1006' title='bbox 3117 4070 3283 4144; x_wconf 67' lang='lat' dir='ltr'><strong>usque</strong></span> <span class='ocrx_word' id='word_1_1007' title='bbox 3314 4070 3500 4143; x_wconf 55' lang='lat' dir='ltr'><strong>pausa;</strong></span> 
     </span>
    </p>
   </div>
   <div class='ocr_carea' id='block_1_135' title="bbox 1929 4139 3496 4215">
    <p class='ocr_par' dir='ltr' id='par_1_135' title="bbox 1929 4139 3496 4215">
     <span class='ocr_line' id='line_1_135' title="bbox 1929 4139 3496 4215; baseline 0.008 -26"><span class='ocrx_word' id='word_1_1008' title='bbox 1929 4148 2065 4215; x_wconf 78' lang='lat' dir='ltr'><strong>rent.</strong></span> <span class='ocrx_word' id='word_1_1009' title='bbox 2103 4139 2315 4215; x_wconf 28' lang='lat' dir='ltr'><strong>‘Statuta</strong></span> <span class='ocrx_word' id='word_1_1010' title='bbox 2341 4141 2618 4215; x_wconf 77' lang='lat' dir='ltr'><strong>Laufranci</strong></span> <span class='ocrx_word' id='word_1_1011' title='bbox 2645 4157 2673 4193; x_wconf 90' lang='lat' dir='ltr'><strong>a</strong></span> <span class='ocrx_word' id='word_1_1012' title='bbox 2699 4139 3211 4215; x_wconf 20' lang='lat' dir='ltr'><strong>calendisgoctoliris&#39;</strong></span> <span class='ocrx_word' id='word_1_1013' title='bbox 3232 4139 3401 4215; x_wconf 71' lang='lat' dir='ltr'><strong>usque</strong></span> <span class='ocrx_word' id='word_1_1014' title='bbox 3428 4149 3496 4201; x_wconf 84' lang='lat' dir='ltr'><strong>ad</strong></span> 
     </span>
    </p>
   </div>
   <div class='ocr_carea' id='block_1_136' title="bbox 1928 4208 3502 4283">
    <p class='ocr_par' dir='ltr' id='par_1_136' title="bbox 1928 4208 3502 4283">
     <span class='ocr_line' id='line_1_136' title="bbox 1928 4208 3502 4283; baseline 0.007 -23"><span class='ocrx_word' id='word_1_1015' title='bbox 1928 4208 2179 4283; x_wconf 77' lang='lat' dir='ltr'><strong>calendas</strong></span> <span class='ocrx_word' id='word_1_1016' title='bbox 2206 4210 2515 4283; x_wconf 82' lang='lat' dir='ltr'><strong>novembris</strong></span> <span class='ocrx_word' id='word_1_1017' title='bbox 2554 4214 2845 4283; x_wconf 64' lang='lat' dir='ltr'><strong>decernunt</strong></span> <span class='ocrx_word' id='word_1_1018' title='bbox 2890 4213 2971 4281; x_wconf 88' lang='lat' dir='ltr'><strong>(C.</strong></span> <span class='ocrx_word' id='word_1_1019' title='bbox 3006 4215 3055 4275; x_wconf 88' lang='lat' dir='ltr'><strong>I,</strong></span> <span class='ocrx_word' id='word_1_1020' title='bbox 3088 4214 3114 4283; x_wconf 67' lang='grc' dir='ltr'><strong>ς</strong></span> <span class='ocrx_word' id='word_1_1021' title='bbox 3152 4217 3226 4280; x_wconf 82' lang='grc' dir='ltr'><strong>ι),</strong></span> <span class='ocrx_word' id='word_1_1022' title='bbox 3251 4208 3359 4269; x_wconf 78' lang='grc' dir='ltr'>ιιι’‹</span> <span class='ocrx_word' id='word_1_1023' title='bbox 3397 4219 3502 4283; x_wconf 79' lang='lat' dir='ltr'><strong>pii-</strong></span> 
     </span>
    </p>
   </div>
   <div class='ocr_carea' id='block_1_137' title="bbox 1928 4278 3501 4349">
    <p class='ocr_par' dir='ltr' id='par_1_137' title="bbox 1928 4278 3501 4349">
     <span class='ocr_line' id='line_1_137' title="bbox 1928 4278 3501 4349; baseline 0.01 -20"><span class='ocrx_word' id='word_1_1024' title='bbox 1928 4279 2065 4332; x_wconf 89' lang='lat' dir='ltr'><strong>vatis</strong></span> <span class='ocrx_word' id='word_1_1025' title='bbox 2116 4278 2303 4333; x_wconf 87' lang='lat' dir='ltr'><strong>diebus</strong></span> <span class='ocrx_word' id='word_1_1026' title='bbox 2341 4287 2461 4349; x_wconf 89' lang='lat' dir='ltr'><strong>pust</strong></span> <span class='ocrx_word' id='word_1_1027' title='bbox 2499 4282 2783 4337; x_wconf 88' lang='lat' dir='ltr'><strong>matutinas</strong></span> <span class='ocrx_word' id='word_1_1028' title='bbox 2840 4278 3174 4338; x_wconf 71' lang='lat' dir='ltr'><strong>revertatiiur</strong></span> <span class='ocrx_word' id='word_1_1029' title='bbox 3214 4278 3290 4338; x_wconf 79' lang='lat' dir='ltr'><strong>ad</strong></span> <span class='ocrx_word' id='word_1_1030' title='bbox 3336 4278 3501 4343; x_wconf 79' lang='lat' dir='ltr'><strong>lectos</strong></span> 
     </span>
    </p>
   </div>
   <div class='ocr_carea' id='block_1_138' title="bbox 1928 4349 3498 4424">
    <p class='ocr_par' dir='ltr' id='par_1_138' title="bbox 1928 4349 3498 4424">
     <span class='ocr_line' id='line_1_138' title="bbox 1928 4349 3498 4424; baseline 0.008 -24"><span class='ocrx_word' id='word_1_1031' title='bbox 1928 4362 2073 4403; x_wconf 89' lang='lat' dir='ltr'><strong>suos.</strong></span> <span class='ocrx_word' id='word_1_1032' title='bbox 2101 4367 2121 4401; x_wconf 72' lang='grc' dir='ltr'><strong>ι</strong></span> <span class='ocrx_word' id='word_1_1033' title='bbox 2158 4349 2413 4424; x_wconf 84' lang='lat' dir='ltr'><strong>Idemque</strong></span> <span class='ocrx_word' id='word_1_1034' title='bbox 2434 4360 2541 4424; x_wconf 83' lang='lat' dir='ltr'><strong>tota</strong></span> <span class='ocrx_word' id='word_1_1035' title='bbox 2569 4362 2753 4406; x_wconf 66' lang='lat' dir='ltr'><strong>testate</strong></span> <span class='ocrx_word' id='word_1_1036' title='bbox 2784 4366 2878 4405; x_wconf 86' lang='lat' dir='ltr'><strong>usu</strong></span> <span class='ocrx_word' id='word_1_1037' title='bbox 2909 4365 3179 4422; x_wconf 88' lang='lat' dir='ltr'><strong>receptum</strong></span> <span class='ocrx_word' id='word_1_1038' title='bbox 3209 4357 3371 4412; x_wconf 88' lang='lat' dir='ltr'><strong>fuisse</strong></span> <span class='ocrx_word' id='word_1_1039' title='bbox 3405 4376 3498 4424; x_wconf 88' lang='lat' dir='ltr'><strong>pa-</strong></span> 
     </span>
    </p>
   </div>
   <div class='ocr_carea' id='block_1_139' title="bbox 1931 4420 3499 4497">
    <p class='ocr_par' dir='ltr' id='par_1_139' title="bbox 1931 4420 3499 4497">
     <span class='ocr_line' id='line_1_139' title="bbox 1931 4420 3499 4497; baseline 0.008 -26"><span class='ocrx_word' id='word_1_1040' title='bbox 1931 4426 2005 4497; x_wconf 71' lang='lat' dir='ltr'><strong>tet</strong></span> <span class='ocrx_word' id='word_1_1041' title='bbox 2030 4434 2094 4497; x_wconf 81' lang='lat' dir='ltr'><strong>ex</strong></span> <span class='ocrx_word' id='word_1_1042' title='bbox 2124 4435 2190 4473; x_wconf 90' lang='lat' dir='ltr'><strong>eo</strong></span> <span class='ocrx_word' id='word_1_1043' title='bbox 2216 4420 2355 4497; x_wconf 84' lang='lat' dir='ltr'><strong>quod</strong></span> <span class='ocrx_word' id='word_1_1044' title='bbox 2403 4421 2709 4497; x_wconf 79' lang='lat' dir='ltr'><strong>indulgent,</strong></span> <span class='ocrx_word' id='word_1_1045' title='bbox 2742 4432 2797 4497; x_wconf 83' lang='lat' dir='ltr'><strong>ut</strong></span> <span class='ocrx_word' id='word_1_1046' title='bbox 2830 4441 2847 4472; x_wconf 77' lang='grc' dir='ltr'><strong>ι</strong></span> <span class='ocrx_word' id='word_1_1047' title='bbox 2882 4420 3068 4497; x_wconf 78' lang='lat' dir='ltr'><strong>diebus</strong></span> <span class='ocrx_word' id='word_1_1048' title='bbox 3110 4420 3455 4493; x_wconf 67' lang='lat' dir='ltr'><strong>Rogatimiuin</strong></span> <span class='ocrx_word' id='word_1_1049' title='bbox 3478 4468 3499 4497; x_wconf 87' lang='lat'><strong>,</strong></span> 
     </span>
    </p>
   </div>
   <div class='ocr_carea' id='block_1_140' title="bbox 1929 4488 3497 4559">
    <p class='ocr_par' dir='ltr' id='par_1_140' title="bbox 1929 4488 3497 4559">
     <span class='ocr_line' id='line_1_140' title="bbox 1929 4488 3497 4559; baseline 0.01 -17"><span class='ocrx_word' id='word_1_1050' title='bbox 1929 4488 2001 4542; x_wconf 75' lang='lat' dir='ltr'><strong>dit</strong></span> <span class='ocrx_word' id='word_1_1051' title='bbox 2019 4490 2086 4543; x_wconf 91' lang='lat' dir='ltr'><strong>tis</strong></span> <span class='ocrx_word' id='word_1_1052' title='bbox 2108 4493 2380 4544; x_wconf 86' lang='lat' dir='ltr'><strong>matutinis</strong></span> <span class='ocrx_word' id='word_1_1053' title='bbox 2419 4507 2517 4558; x_wconf 81' lang='lat' dir='ltr'><strong>pro</strong></span> <span class='ocrx_word' id='word_1_1054' title='bbox 2547 4492 2840 4559; x_wconf 76' lang='lat' dir='ltr'><strong>defunctis,</strong></span> <span class='ocrx_word' id='word_1_1055' title='bbox 2889 4488 3380 4551; x_wconf 40' lang='lat' dir='ltr'><strong>fratresad‘let-tos</strong></span> <span class='ocrx_word' id='word_1_1056' title='bbox 3411 4488 3497 4557; x_wconf 60' lang='lat' dir='ltr'><strong>re;</strong></span> 
     </span>
    </p>
   </div>
   <div class='ocr_carea' id='block_1_141' title="bbox 1932 4564 3503 4635">
    <p class='ocr_par' dir='ltr' id='par_1_141' title="bbox 1932 4564 3503 4635">
     <span class='ocr_line' id='line_1_141' title="bbox 1932 4564 3503 4635; baseline 0.011 -27"><span class='ocrx_word' id='word_1_1057' title='bbox 1932 4564 2115 4635; x_wconf 61' lang='lat' dir='ltr'><strong>aeaut,</strong></span> <span class='ocrx_word' id='word_1_1058' title='bbox 2143 4572 2197 4615; x_wconf 88' lang='lat' dir='ltr'><strong>et</strong></span> <span class='ocrx_word' id='word_1_1059' title='bbox 2217 4566 2304 4628; x_wconf 89' lang='lat' dir='ltr'><strong>qui</strong></span> <span class='ocrx_word' id='word_1_1060' title='bbox 2326 4564 2515 4635; x_wconf 78' lang='lat' dir='ltr'><strong>volunt</strong></span> <span class='ocrx_word' id='word_1_1061' title='bbox 2538 4565 2655 4629; x_wconf 91' lang='lat' dir='ltr'><strong>plus</strong></span> <span class='ocrx_word' id='word_1_1062' title='bbox 2682 4566 2839 4635; x_wconf 89' lang='lat' dir='ltr'><strong>solito</strong></span> <span class='ocrx_word' id='word_1_1063' title='bbox 2861 4566 3147 4618; x_wconf 90' lang='lat' dir='ltr'><strong>dormiant.</strong></span> <span class='ocrx_word' id='word_1_1064' title='bbox 3190 4585 3208 4618; x_wconf 70' lang='grc' dir='ltr'>δ</span> <span class='ocrx_word' id='word_1_1065' title='bbox 3250 4568 3387 4635; x_wconf 74' lang='lat' dir='ltr'><strong>Ergo</strong></span> <span class='ocrx_word' id='word_1_1066' title='bbox 3414 4586 3503 4624; x_wconf 78' lang='lat' dir='ltr'><strong>so—</strong></span> 
     </span>
    </p>
   </div>
   <div class='ocr_carea' id='block_1_142' title="bbox 1932 4628 3503 4705">
    <p class='ocr_par' dir='ltr' id='par_1_142' title="bbox 1932 4628 3503 4705">
     <span class='ocr_line' id='line_1_142' title="bbox 1932 4628 3503 4705; baseline 0.007 -23"><span class='ocrx_word' id='word_1_1067' title='bbox 1932 4628 2112 4705; x_wconf 85' lang='lat' dir='ltr'><strong>lebant</strong></span> <span class='ocrx_word' id='word_1_1068' title='bbox 2132 4643 2317 4705; x_wconf 55' lang='lat' dir='ltr'><strong>testate</strong></span> <span class='ocrx_word' id='word_1_1069' title='bbox 2350 4628 2603 4705; x_wconf 83' lang='lat' dir='ltr'><strong>dormire;</strong></span> <span class='ocrx_word' id='word_1_1070' title='bbox 2633 4648 2753 4687; x_wconf 87' lang='lat' dir='ltr'><strong>nam</strong></span> <span class='ocrx_word' id='word_1_1071' title='bbox 2786 4634 2960 4688; x_wconf 86' lang='lat' dir='ltr'><strong>hieme</strong></span> <span class='ocrx_word' id='word_1_1072' title='bbox 2991 4635 3041 4687; x_wconf 91' lang='lat' dir='ltr'><strong>id</strong></span> <span class='ocrx_word' id='word_1_1073' title='bbox 3075 4637 3280 4705; x_wconf 83' lang='lat' dir='ltr'><strong>proliibi</strong></span> <span class='ocrx_word' id='word_1_1074' title='bbox 3309 4628 3395 4692; x_wconf 65' lang='lat' dir='ltr'><strong>tim</strong></span> <span class='ocrx_word' id='word_1_1075' title='bbox 3411 4656 3503 4694; x_wconf 88' lang='lat' dir='ltr'><strong>su-</strong></span> 
     </span>
    </p>
   </div>
   <div class='ocr_carea' id='block_1_143' title="bbox 1935 4703 3500 4771">
    <p class='ocr_par' dir='ltr' id='par_1_143' title="bbox 1935 4703 3500 4771">
     <span class='ocr_line' id='line_1_143' title="bbox 1935 4703 3500 4771; baseline 0.007 -19"><span class='ocrx_word' id='word_1_1076' title='bbox 1935 4716 2027 4771; x_wconf 86' lang='lat' dir='ltr'><strong>pra</strong></span> <span class='ocrx_word' id='word_1_1077' title='bbox 2058 4703 2303 4771; x_wconf 77' lang='lat' dir='ltr'><strong>vidimus.</strong></span> <span class='ocrx_word' id='word_1_1078' title='bbox 2348 4703 2489 4757; x_wconf 88' lang='lat' dir='ltr'><strong>Idem</strong></span> <span class='ocrx_word' id='word_1_1079' title='bbox 2523 4719 2816 4771; x_wconf 85' lang='lat' dir='ltr'><strong>reperimus</strong></span> <span class='ocrx_word' id='word_1_1080' title='bbox 2853 4703 3165 4771; x_wconf 87' lang='lat' dir='ltr'><strong>etiamame</strong></span> <span class='ocrx_word' id='word_1_1081' title='bbox 3199 4708 3500 4763; x_wconf 85' lang='lat' dir='ltr'><strong>Udalricum</strong></span> 
     </span>
    </p>
   </div>
   <div class='ocr_carea' id='block_1_144' title="bbox 1935 4769 3501 4849">
    <p class='ocr_par' dir='ltr' id='par_1_144' title="bbox 1935 4769 3501 4849">
     <span class='ocr_line' id='line_1_144' title="bbox 1935 4769 3501 4849; baseline 0.007 -28"><span class='ocrx_word' id='word_1_1082' title='bbox 1935 4769 1986 4849; x_wconf 62' lang='lat' dir='ltr'><strong>in</strong></span> <span class='ocrx_word' id='word_1_1083' title='bbox 2017 4773 2246 4849; x_wconf 63' lang='lat' dir='ltr'><strong>antiquis</strong></span> <span class='ocrx_word' id='word_1_1084' title='bbox 2268 4770 2505 4849; x_wconf 67' lang='lat' dir='ltr'><strong>Cluniae.</strong></span> <span class='ocrx_word' id='word_1_1085' title='bbox 2529 4769 3009 4849; x_wconf 67' lang='lat' dir='ltr'><strong>Consurtttdinibus</strong></span> <span class='ocrx_word' id='word_1_1086' title='bbox 3031 4769 3167 4846; x_wconf 82' lang='lat' dir='ltr'><strong>(Lib.</strong></span> <span class='ocrx_word' id='word_1_1087' title='bbox 3191 4793 3226 4832; x_wconf 95' lang='lat' dir='ltr'><strong>I.</strong></span> <span class='ocrx_word' id='word_1_1088' title='bbox 3249 4794 3362 4849; x_wconf 79' lang='lat' dir='ltr'><strong>cap.</strong></span> <span class='ocrx_word' id='word_1_1089' title='bbox 3385 4780 3501 4842; x_wconf 68' lang='lat'><strong>9‘2),</strong></span> 
     </span>
    </p>
   </div>
   <div class='ocr_carea' id='block_1_145' title="bbox 1936 4840 3500 4919">
    <p class='ocr_par' dir='ltr' id='par_1_145' title="bbox 1936 4840 3500 4919">
     <span class='ocr_line' id='line_1_145' title="bbox 1936 4840 3500 4919; baseline 0.008 -27"><span class='ocrx_word' id='word_1_1090' title='bbox 1936 4840 1987 4919; x_wconf 86' lang='lat' dir='ltr'><strong>in</strong></span> <span class='ocrx_word' id='word_1_1091' title='bbox 2016 4842 2216 4919; x_wconf 63' lang='lat' dir='ltr'><strong>quibus</strong></span> <span class='ocrx_word' id='word_1_1092' title='bbox 2271 4842 2409 4895; x_wconf 71' lang='lat' dir='ltr'><strong>item</strong></span> <span class='ocrx_word' id='word_1_1093' title='bbox 2460 4843 2526 4896; x_wconf 82' lang='lat' dir='ltr'><strong>de</strong></span> <span class='ocrx_word' id='word_1_1094' title='bbox 2577 4842 2959 4919; x_wconf 60' lang='lat' dir='ltr'><strong>llogatjooibus</strong></span> <span class='ocrx_word' id='word_1_1095' title='bbox 2999 4840 3254 4919; x_wconf 78' lang='lat' dir='ltr'><strong>statutum</strong></span> <span class='ocrx_word' id='word_1_1096' title='bbox 3291 4840 3500 4919; x_wconf 48' lang='lat' dir='ltr'><strong>legitur,</strong></span> 
     </span>
    </p>
   </div>
   <div class='ocr_carea' id='block_1_146' title="bbox 1936 4910 3505 4981">
    <p class='ocr_par' dir='ltr' id='par_1_146' title="bbox 1936 4910 3505 4981">
     <span class='ocr_line' id='line_1_146' title="bbox 1936 4910 3505 4981; baseline 0.009 -19"><span class='ocrx_word' id='word_1_1097' title='bbox 1936 4918 1991 4962; x_wconf 90' lang='lat' dir='ltr'><strong>ct</strong></span> <span class='ocrx_word' id='word_1_1098' title='bbox 2014 4910 2254 4979; x_wconf 89' lang='lat' dir='ltr'><strong>insuper,</strong></span> <span class='ocrx_word' id='word_1_1099' title='bbox 2284 4921 2338 4963; x_wconf 90' lang='lat' dir='ltr'><strong>ut</strong></span> <span class='ocrx_word' id='word_1_1100' title='bbox 2361 4928 2456 4981; x_wconf 89' lang='lat' dir='ltr'><strong>per</strong></span> <span class='ocrx_word' id='word_1_1101' title='bbox 2482 4910 2696 4967; x_wconf 82' lang='lat' dir='ltr'><strong>octavas</strong></span> <span class='ocrx_word' id='word_1_1102' title='bbox 2726 4914 2781 4967; x_wconf 91' lang='grc'><strong>8.</strong></span> <span class='ocrx_word' id='word_1_1103' title='bbox 2814 4915 3042 4978; x_wconf 80' lang='lat' dir='ltr'><strong>Martini,</strong></span> <span class='ocrx_word' id='word_1_1104' title='bbox 3070 4910 3370 4973; x_wconf 70' lang='lat' dir='ltr'><strong>Naotivitatis</strong></span> <span class='ocrx_word' id='word_1_1105' title='bbox 3402 4910 3505 4975; x_wconf 53' lang='lat' dir='ltr'><strong>Do;</strong></span> 
     </span>
    </p>
   </div>
   <div class='ocr_carea' id='block_1_147' title="bbox 1939 4982 3506 5058">
    <p class='ocr_par' dir='ltr' id='par_1_147' title="bbox 1939 4982 3506 5058">
     <span class='ocr_line' id='line_1_147' title="bbox 1939 4982 3506 5058; baseline 0.008 -25"><span class='ocrx_word' id='word_1_1106' title='bbox 1939 4982 2065 5058; x_wconf 71' lang='lat' dir='ltr'><strong>mini</strong></span> <span class='ocrx_word' id='word_1_1107' title='bbox 2105 4992 2157 5034; x_wconf 93' lang='lat' dir='ltr'><strong>et</strong></span> <span class='ocrx_word' id='word_1_1108' title='bbox 2207 4982 2891 5058; x_wconf 66' lang='lat' dir='ltr'><strong>l‘lpipliani:e_domiiatur:</strong></span> <span class='ocrx_word' id='word_1_1109' title='bbox 2933 5001 3039 5055; x_wconf 90' lang='lat' dir='ltr'><strong>quo</strong></span> <span class='ocrx_word' id='word_1_1110' title='bbox 3086 4989 3221 5041; x_wconf 85' lang='lat' dir='ltr'><strong>forte</strong></span> <span class='ocrx_word' id='word_1_1111' title='bbox 3271 4995 3506 5058; x_wconf 73' lang='lat' dir='ltr'><strong>respexit</strong></span> 
     </span>
    </p>
   </div>
   <div class='ocr_carea' id='block_1_148' title="bbox 1938 5050 3505 5126">
    <p class='ocr_par' dir='ltr' id='par_1_148' title="bbox 1938 5050 3505 5126">
     <span class='ocr_line' id='line_1_148' title="bbox 1938 5050 3505 5126; baseline 0.008 -22"><span class='ocrx_word' id='word_1_1112' title='bbox 1938 5050 1995 5104; x_wconf 92' lang='grc'><strong>8.</strong></span> <span class='ocrx_word' id='word_1_1113' title='bbox 2029 5052 2331 5126; x_wconf 81' lang='lat' dir='ltr'><strong>Bernardus</strong></span> <span class='ocrx_word' id='word_1_1114' title='bbox 2380 5068 2499 5106; x_wconf 91' lang='lat' dir='ltr'><strong>cum</strong></span> <span class='ocrx_word' id='word_1_1115' title='bbox 2531 5053 2765 5107; x_wconf 77' lang='lat' dir='ltr'><strong>Roberto</strong></span> <span class='ocrx_word' id='word_1_1116' title='bbox 2819 5050 2993 5124; x_wconf 72' lang='lat' dir='ltr'><strong>nepoti</strong></span> <span class='ocrx_word' id='word_1_1117' title='bbox 3018 5060 3150 5126; x_wconf 31' lang='lat' dir='ltr'><strong>[qui</strong></span> <span class='ocrx_word' id='word_1_1118' title='bbox 3180 5059 3244 5112; x_wconf 90' lang='lat' dir='ltr'><strong>ad</strong></span> <span class='ocrx_word' id='word_1_1119' title='bbox 3285 5050 3505 5115; x_wconf 76' lang='lat' dir='ltr'><strong>Clunia-</strong></span> 
     </span>
    </p>
   </div>
   <div class='ocr_carea' id='block_1_149' title="bbox 1938 5122 3506 5198">
    <p class='ocr_par' dir='ltr' id='par_1_149' title="bbox 1938 5122 3506 5198">
     <span class='ocr_line' id='line_1_149' title="bbox 1938 5122 3506 5198; baseline 0.009 -25"><span class='ocrx_word' id='word_1_1120' title='bbox 1938 5134 2127 5174; x_wconf 88' lang='lat' dir='ltr'><strong>censes</strong></span> <span class='ocrx_word' id='word_1_1121' title='bbox 2153 5122 2457 5198; x_wconf 76' lang='lat' dir='ltr'><strong>transierat,</strong></span> <span class='ocrx_word' id='word_1_1122' title='bbox 2488 5126 2822 5198; x_wconf 75' lang='lat' dir='ltr'><strong>exprobrans</strong></span> <span class='ocrx_word' id='word_1_1123' title='bbox 2878 5122 2951 5179; x_wconf 84' lang='lat' dir='ltr'><strong>ait</strong></span> <span class='ocrx_word' id='word_1_1124' title='bbox 2995 5122 3189 5195; x_wconf 73' lang='lat' dir='ltr'><strong>(Epist.</strong></span> <span class='ocrx_word' id='word_1_1125' title='bbox 3222 5130 3274 5198; x_wconf 82' lang='grc'><strong>1)</strong></span> <span class='ocrx_word' id='word_1_1126' title='bbox 3310 5150 3322 5183; x_wconf 89' lang='lat'><strong>:</strong></span> <span class='ocrx_word' id='word_1_1127' title='bbox 3361 5151 3378 5182; x_wconf 77' lang='grc' dir='ltr'><strong>ι</strong></span> <span class='ocrx_word' id='word_1_1128' title='bbox 3410 5134 3506 5187; x_wconf 74' lang='lat' dir='ltr'><strong>Se~</strong></span> 
     </span>
    </p>
   </div>
   <div class='ocr_carea' id='block_1_150' title="bbox 1938 5193 3504 5267">
    <p class='ocr_par' dir='ltr' id='par_1_150' title="bbox 1938 5193 3504 5267">
     <span class='ocr_line' id='line_1_150' title="bbox 1938 5193 3504 5267; baseline 0.009 -23"><span class='ocrx_word' id='word_1_1129' title='bbox 1938 5205 2282 5267; x_wconf 24' lang='lat' dir='ltr'><strong>curusﬂnun‘c,</strong></span> <span class='ocrx_word' id='word_1_1130' title='bbox 2307 5193 2558 5267; x_wconf 84' lang='lat' dir='ltr'><strong>projectis</strong></span> <span class='ocrx_word' id='word_1_1131' title='bbox 2584 5196 2766 5259; x_wconf 89' lang='lat' dir='ltr'><strong>armis,</strong></span> <span class='ocrx_word' id='word_1_1132' title='bbox 2798 5197 2944 5264; x_wconf 87' lang='lat' dir='ltr'><strong>capis</strong></span> <span class='ocrx_word' id='word_1_1133' title='bbox 2962 5193 3504 5267; x_wconf 46' lang='lat' dir='ltr'><strong>matutinos&#39;somnos,</strong></span> 
     </span>
    </p>
   </div>
   <div class='ocr_carea' id='block_1_151' title="bbox 1940 5263 3092 5321">
    <p class='ocr_par' dir='ltr' id='par_1_151' title="bbox 1940 5263 3092 5321">
     <span class='ocr_line' id='line_1_151' title="bbox 1940 5263 3092 5321; baseline 0.006 -7"><span class='ocrx_word' id='word_1_1134' title='bbox 1940 5276 2060 5315; x_wconf 89' lang='lat' dir='ltr'><strong>cum</strong></span> <span class='ocrx_word' id='word_1_1135' title='bbox 2096 5264 2181 5315; x_wconf 90' lang='lat' dir='ltr'><strong>illa</strong></span> <span class='ocrx_word' id='word_1_1136' title='bbox 2222 5263 2352 5316; x_wconf 87' lang='lat' dir='ltr'><strong>liora</strong></span> <span class='ocrx_word' id='word_1_1137' title='bbox 2384 5264 2628 5317; x_wconf 78' lang='lat' dir='ltr'><strong>Christus</strong></span> <span class='ocrx_word' id='word_1_1138' title='bbox 2658 5270 3031 5321; x_wconf 74' lang='lat' dir='ltr'><strong>resurrexerit.</strong></span> <span class='ocrx_word' id='word_1_1139' title='bbox 3073 5287 3092 5321; x_wconf 73' lang='grc' dir='ltr'><strong>ι</strong></span> 
     </span>
    </p>
   </div>
   <div class='ocr_carea' id='block_1_152' title="bbox 2018 5332 3506 5406">
    <p class='ocr_par' dir='ltr' id='par_1_152' title="bbox 2018 5332 3506 5406">
     <span class='ocr_line' id='line_1_152' title="bbox 2018 5332 3506 5406; baseline 0.007 -21"><span class='ocrx_word' id='word_1_1140' title='bbox 2018 5332 2208 5387; x_wconf 88' lang='lat' dir='ltr'><strong>Verum</strong></span> <span class='ocrx_word' id='word_1_1141' title='bbox 2235 5342 2586 5406; x_wconf 68' lang='lat' dir='ltr'><strong>praiterquam</strong></span> <span class='ocrx_word' id='word_1_1142' title='bbox 2608 5336 2747 5404; x_wconf 92' lang='lat' dir='ltr'><strong>quod</strong></span> <span class='ocrx_word' id='word_1_1143' title='bbox 2763 5335 2861 5389; x_wconf 89' lang='lat' dir='ltr'><strong>hoc</strong></span> <span class='ocrx_word' id='word_1_1144' title='bbox 2883 5340 3115 5406; x_wconf 87' lang='lat' dir='ltr'><strong>speciale</strong></span> <span class='ocrx_word' id='word_1_1145' title='bbox 3139 5339 3233 5393; x_wconf 91' lang='lat' dir='ltr'><strong>fuit</strong></span> <span class='ocrx_word' id='word_1_1146' title='bbox 3262 5341 3362 5394; x_wconf 91' lang='lat' dir='ltr'><strong>illis</strong></span> <span class='ocrx_word' id='word_1_1147' title='bbox 3377 5357 3506 5395; x_wconf 83' lang='lat' dir='ltr'><strong>con-</strong></span> 
     </span>
    </p>
   </div>
   <div class='ocr_carea' id='block_1_153' title="bbox 1942 5405 3510 5479">
    <p class='ocr_par' dir='ltr' id='par_1_153' title="bbox 1942 5405 3510 5479">
     <span class='ocr_line' id='line_1_153' title="bbox 1942 5405 3510 5479; baseline 0.006 -23"><span class='ocrx_word' id='word_1_1148' title='bbox 1942 5405 2571 5479; x_wconf 76' lang='lat' dir='ltr'><strong>gregationibus_,__idque</strong></span> <span class='ocrx_word' id='word_1_1149' title='bbox 2620 5422 2715 5472; x_wconf 88' lang='lat' dir='ltr'><strong>pro</strong></span> <span class='ocrx_word' id='word_1_1150' title='bbox 2762 5405 2947 5479; x_wconf 69' lang='lat' dir='ltr'><strong>aestate</strong></span> <span class='ocrx_word' id='word_1_1151' title='bbox 2977 5421 3177 5463; x_wconf 83' lang='lat' dir='ltr'><strong>tantum</strong></span> <span class='ocrx_word' id='word_1_1152' title='bbox 3226 5420 3407 5479; x_wconf 86' lang='lat' dir='ltr'><strong>atque,</strong></span> <span class='ocrx_word' id='word_1_1153' title='bbox 3455 5422 3510 5465; x_wconf 90' lang='lat' dir='ltr'><strong>ut</strong></span> 
     </span>
    </p>
   </div>
   <div class='ocr_carea' id='block_1_154' title="bbox 1982 5475 3509 5539">
    <p class='ocr_par' dir='ltr' id='par_1_154' title="bbox 1982 5475 3509 5539">
     <span class='ocr_line' id='line_1_154' title="bbox 1982 5475 3509 5539; baseline 0.008 -14"><span class='ocrx_word' id='word_1_1154' title='bbox 1982 5475 2253 5537; x_wconf 88' lang='lat' dir='ltr'><strong>Iurimum,</strong></span> <span class='ocrx_word' id='word_1_1155' title='bbox 2286 5477 2350 5527; x_wconf 88' lang='lat' dir='ltr'><strong>ad</strong></span> <span class='ocrx_word' id='word_1_1156' title='bbox 2381 5475 2606 5539; x_wconf 89' lang='lat' dir='ltr'><strong>libitum;</strong></span> <span class='ocrx_word' id='word_1_1157' title='bbox 2636 5477 2972 5531; x_wconf 66' lang='lat' dir='ltr'><strong>manifestum</strong></span> <span class='ocrx_word' id='word_1_1158' title='bbox 3005 5492 3086 5533; x_wconf 90' lang='lat' dir='ltr'><strong>est</strong></span> <span class='ocrx_word' id='word_1_1159' title='bbox 3114 5497 3141 5531; x_wconf 88' lang='lat' dir='ltr'><strong>a</strong></span> <span class='ocrx_word' id='word_1_1160' title='bbox 3166 5475 3432 5533; x_wconf 61' lang='grc' dir='ltr'>«ξιιιιιιίιιιιιί</span> <span class='ocrx_word' id='word_1_1161' title='bbox 3460 5499 3509 5537; x_wconf 79' lang='grc' dir='ltr'><strong>ιιι</strong></span> 
     </span>
    </p>
   </div>
   <div class='ocr_carea' id='block_1_155' title="bbox 1980 5545 3509 5618">
    <p class='ocr_par' dir='ltr' id='par_1_155' title="bbox 1980 5545 3509 5618">
     <span class='ocr_line' id='line_1_155' title="bbox 1980 5545 3509 5618; baseline 0.006 -21"><span class='ocrx_word' id='word_1_1162' title='bbox 1980 5560 2042 5598; x_wconf 93' lang='lat' dir='ltr'><strong>oc</strong></span> <span class='ocrx_word' id='word_1_1163' title='bbox 2071 5546 2251 5615; x_wconf 87' lang='lat' dir='ltr'><strong>regula</strong></span> <span class='ocrx_word' id='word_1_1164' title='bbox 2274 5545 2637 5614; x_wconf 80' lang='lat' dir='ltr'><strong>dispensatutn</strong></span> <span class='ocrx_word' id='word_1_1165' title='bbox 2653 5549 2833 5611; x_wconf 89' lang='lat' dir='ltr'><strong>fuisse;</strong></span> <span class='ocrx_word' id='word_1_1166' title='bbox 2874 5564 3029 5616; x_wconf 87' lang='lat' dir='ltr'><strong>quam</strong></span> <span class='ocrx_word' id='word_1_1167' title='bbox 3055 5550 3509 5618; x_wconf 83' lang='lat' dir='ltr'><strong>dispensationem</strong></span> 
     </span>
    </p>
   </div>
   <div class='ocr_carea' id='block_1_156' title="bbox 1943 5618 3510 5694">
    <p class='ocr_par' dir='ltr' id='par_1_156' title="bbox 1943 5618 3510 5694">
     <span class='ocr_line' id='line_1_156' title="bbox 1943 5618 3510 5694; baseline 0.004 -26"><span class='ocrx_word' id='word_1_1168' title='bbox 1943 5625 2116 5694; x_wconf 79' lang='lat' dir='ltr'><strong>tamen</strong></span> <span class='ocrx_word' id='word_1_1169' title='bbox 2167 5630 2451 5694; x_wconf 59' lang='lat' dir='ltr'><strong>numeroso</strong></span> <span class='ocrx_word' id='word_1_1170' title='bbox 2483 5618 2820 5694; x_wconf 71' lang='lat' dir='ltr'><strong>psalmorum</strong></span> <span class='ocrx_word' id='word_1_1171' title='bbox 2870 5620 3137 5694; x_wconf 64' lang='lat' dir='ltr'><strong>occursu,</strong></span> <span class='ocrx_word' id='word_1_1172' title='bbox 3190 5635 3323 5694; x_wconf 83' lang='lat' dir='ltr'><strong>quos</strong></span> <span class='ocrx_word' id='word_1_1173' title='bbox 3372 5637 3510 5694; x_wconf 76' lang='lat' dir='ltr'><strong>prze-</strong></span> 
     </span>
    </p>
   </div>
   <div class='ocr_carea' id='block_1_157' title="bbox 1938 5685 3511 5811">
    <p class='ocr_par' dir='ltr' id='par_1_157' title="bbox 1938 5685 3511 5811">
     <span class='ocr_line' id='line_1_157' title="bbox 1938 5685 3511 5754; baseline 0.005 -15"><span class='ocrx_word' id='word_1_1174' title='bbox 1938 5685 2142 5754; x_wconf 88' lang='lat' dir='ltr'><strong>scripto</strong></span> <span class='ocrx_word' id='word_1_1175' title='bbox 2165 5700 2195 5738; x_wconf 89' lang='lat' dir='ltr'><strong>a</strong></span> <span class='ocrx_word' id='word_1_1176' title='bbox 2224 5686 2283 5741; x_wconf 91' lang='lat' dir='ltr'><strong>S.</strong></span> <span class='ocrx_word' id='word_1_1177' title='bbox 2318 5685 2603 5744; x_wconf 83' lang='lat' dir='ltr'><strong>Benedicto</strong></span> <span class='ocrx_word' id='word_1_1178' title='bbox 2636 5687 2811 5743; x_wconf 81' lang='lat' dir='ltr'><strong>officio</strong></span> <span class='ocrx_word' id='word_1_1179' title='bbox 2834 5688 3175 5746; x_wconf 79' lang='lat' dir='ltr'><strong>adiiciebant,</strong></span> <span class='ocrx_word' id='word_1_1180' title='bbox 3208 5685 3336 5747; x_wconf 84' lang='lat' dir='ltr'><strong>satis</strong></span> <span class='ocrx_word' id='word_1_1181' title='bbox 3368 5685 3511 5747; x_wconf 75' lang='lat' dir='ltr'><strong>cum-</strong></span> 
     </span>
     <span class='ocr_line' id='line_1_158' title="bbox 1940 5758 2251 5811; baseline -0.003 0"><span class='ocrx_word' id='word_1_1182' title='bbox 1940 5758 2251 5811; x_wconf 78' lang='lat' dir='ltr'><strong>pensabant.</strong></span> 
     </span>
    </p>
   </div>
   <div class='ocr_carea' id='block_1_158' title="bbox 1940 5765 2251 5825">
    <p class='ocr_par' dir='ltr' id='par_1_158' title="bbox 1940 5765 2251 5825">
     <span class='ocr_line' id='line_1_159' title="bbox 1940 5765 2251 5825; baseline 0.003 -16"><span class='ocrx_word' id='word_1_1183' title='bbox 1940 5765 2251 5825; x_wconf 80' lang='lat' dir='ltr'><strong>pensabant.</strong></span> 
     </span>
    </p>
   </div>
   <div class='ocr_carea' id='block_1_159' title="bbox 3059 5868 3131 5882">
    <p class='ocr_par' dir='ltr' id='par_1_159' title="bbox 3059 5868 3131 5882">
     <span class='ocr_line' id='line_1_160' title="bbox 3059 5868 3131 5882; baseline 0.028 -2"><span class='ocrx_word' id='word_1_1184' title='bbox 3059 5868 3131 5882; x_wconf 55' lang='grc' dir='ltr'><strong>νο*</strong></span> 
     </span>
    </p>
   </div>
  </div>
