4074 6356
601 330 700 383 419

1972 320 2025 375 8.
2070 318 2129 375 Ρ.
2169 316 2519 376 BENEDICTI

3752 317 3869 371 420

642 439 718 491 De
747 434 1029 488 dominicis
1077 444 1263 487 meous
1318 429 1486 498 major
1531 428 1740 483 videtur
1765 426 2068 483 dilﬂcultas.
2095 426 2167 498 Ut
2198 433 2246 491 Α
2281 445 2299 478 ‹
2329 427 2460 498 Cum
2482 440 2669 478 aurora
2702 424 2811 498 diei
2841 424 3171 498 claresceret,
3200 435 3254 480 et
3284 427 3527 498 monachi
3558 431 3865 481 matutinas

601 506 724 571 quid
756 505 896 560 enim
945 504 1203 557 .naturius
1245 497 1462 569 surgere
1487 540 1502 563 ,
1558 508 1613 552 et
1646 498 1936 571 matutinas
1988 497 2171 571 laudes

602 568 723 631 cum
754 575 948 645 vigiliis
976 581 1285 645 unotenore
1314 572 1616 645 decurrere,
1648 569 1746 645 nisi
1770 579 1827 645 ιιι
1856 576 2033 645 postea
2067 568 2173 645 les:

602 650 677 700 sis
706 637 1017 712 corporibus
1039 643 1213 710 aliqua
1242 640 1564 712 concedatur
1591 638 1824 707 requies?
1855 637 2002 712 Adde
2030 637 2169 712 quod

602 707 816 779 veteres
853 713 1100 768 monachi
1130 707 1146 774 ζ
1201 719 1333 764 teste
1389 710 1646 779 Cassiano
1673 750 1688 774 ,
1743 721 1877 777 quos
1907 707 1956 760 in
1991 708 2170 760 multis

602 787 660 839 S.
695 785 1009 838 Benedictus
1037 779 1313 835 mmiilatus
1327 788 1408 832 est
1435 819 1449 840 ,
1474 778 1694 831 sabbato
1732 786 1851 845 post
1882 786 2170 829 nocturnas

602 855 807 923 vigilias
834 852 1036 905 duabus
1064 849 1449 923 circiter_h_oris
1471 848 1796 923 dormirent;
1822 854 1876 900 et
1903 861 1964 900 ex
1996 846 2171 923 Regu-

604 917 832 978 la'l’auli
863 934 915 975 et
958 919 1209 987 Stephani
1244 918 1381 986 (Lib.
1415 933 1469 981 ι,
1501 934 1615 983 cap.
1662 919 1741 982 8),
1771 935 1789 968 ι
1842 931 1994 987 mane
2029 917 2169 969 dicta

609 994 777 1063 prima
802 985 1140 1063 nullusselin
1170 985 1304 1063 lecto
1345 985 1979 1063 rec‘tibitetteatceptodie
2008 987 2172 1038 domi-

608 1056 723 1115 nico
751 1073 838 1113 aut
868 1060 1009 1130 festis
1040 1059 1232 1121 diebus,
1255 1059 1307 1111 in
1337 1058 1528 1130 quibus
1556 1056 2084 1130 vigiliarutnlabore,
2118 1066 2172 1109 et

607 1126 997 1200 przeteriti'dici
1047 1130 1216 1200 solito
1243 1130 1467 1194 amplius
1487 1126 1699 1200 fatigati
1751 1126 2016 1200 paululum
2048 1135 2167 1200 post

602 1196 826 1270 primam
854 1203 941 1266 qui
967 1212 1057 1270 Aex
1100 1197 1262 1270 vobis
1298 1197 1569 1270 voluerint
1595 1198 1853 1270 Διιιιξιιιιιιτι
1886 1205 2083 1270 ponant
2113 1196 2165 1247 in

601 1264 979 1336 iectulis,quod
998 1282 1100 1318 non
1123 1269 1265 1319 omni
1291 1276 1526 1333 tempore
1558 1266 1811 1336 idipsum,
1837 1264 2169 1336 sedutanium

599 1338 798 1393 aBSIIViS
848 1333 1122 1391 mensibus
1168 1337 1337 1390 liceat.
1376 1354 1393 1386 ι
1454 1336 1548 1389 llis
1601 1335 1805 1388 accedit
1862 1333 2167 1402 suffragium

602 1409 658 1463 8.
694 1408 1060 1476 Hildegardis,
1100 1422 1218 1474 qute
1262 1407 1348 1459 illa
1372 1405 1429 1459 S.
1466 1405 1683 1472 Regula:
1710 1403 1873 1476 verba
1889 1418 2165 1476 commen-

600 1487 718 1532 tans
742 1494 757 1529 :
787 1474 923 1529 Data
941 1477 1279 1528 benedictione
1308 1476 1553 1544 incipiant
1575 1475 1867 1537 matutinos,
1897 1474 1972 1525 sic
1998 1474 2169 1539 loqui-

601 1559 723 1601 tur:
786 1564 803 1596 ι
841 1546 936 1599 Hic
956 1546 1291 1600 intervallum
1331 1546 1395 1598 ad
1433 1545 1828 1598 meditationem
1866 1545 2164 1595 orationum

599 1631 697 1671 seu
729 1618 1012 1670 lectionum
1046 1632 1149 1668 non
1199 1616 1472 1679 ostendit;
1507 1630 1602 1667 nec
1634 1614 1685 1666 in
1719 1612 1803 1665 his
1841 1612 2031 1665 diebus
2062 1612 2169 1664 fra-

603 1698 732 1749 tres,
756 1688 919 1739 linitis
955 1685 1227 1738 matutinis
1250 1724 1265 1749 ,
1298 1685 1363 1737 ad
1388 1683 1762 1752 quiescenduin
1786 1682 1856 1733 ad
1873 1751 1878 1752 γ
1895 1682 2059 1735 lectos
2084 1696 2169 1735 re-

602 1757 713 1810 dire
747 1755 1027 1822 prohibet;
1063 1754 1155 1807 sed
1186 1754 1231 1807 si
1262 1751 1466 1821 tempus
1496 1755 1793 1821 permiserit
1820 1793 1833 1812 ,
1870 1751 1936 1802 ita
1969 1761 2024 1803 ut
2045 1766 2159 1822 rma.

605 1821 771 1878 turius
801 1824 1154 1884 surrexerint,
1205 1823 1326 1891 quia
1362 1826 1413 1876 in
1463 1824 1761 1889 prolixitate
1815 1821 2055 1873 nocturni
2114 1831 2167 1891 et

602 1895 764 1948 divini
796 1894 996 1946 servitii
1030 1892 1230 1960 fatigati
1259 1905 1400 1956 sunt,
1437 1896 1486 1945 in
1510 1891 1785 1944 arbitrium
1814 1904 1996 1943 eorum
2022 1900 2079 1943 ut
2100 1890 2166 1943 ad

603 1964 769 2019 lectos
800 1964 1020 2015 redeant
1050 1963 1268 2015 sdenter
1295 1965 1458 2030 ponit.
1498 1981 1516 2011 ι

673 2033 849 2085 Nihilo
890 2044 1060 2083 tamen
1078 2033 1269 2095 minus,
1302 2047 1420 2085 cum
1444 2031 1642 2085 eaedem
1678 2045 1770 2091 iro
1799 2030 2046 2083 omnibus
2073 2044 2164 2097 pa-

604 2102 733 2154 riter
763 2102 948 2154 diebus
972 2102 1180 2154 valeant
1209 2106 1460 2165 rationes,
1491 2114 1621 2169 quas
1640 2116 1797 2166 supra
1828 2098 2164 2163 adduximus,

603 2170 900 2225 dominicus
940 2173 1055 2224 dies
1083 2174 1181 2223 sub
1206 2172 1389 2224 eadem
1421 2172 1538 2239 lege
1565 2173 1980 2236 comprehensos
2023 2184 2165 2233 esse,

603 2256 701 2294 nec
731 2241 783 2293 iu
841 2241 904 2293 iis
924 2256 1111 2293 somno
1151 2250 1269 2306 post
1311 2242 1521 2307 vigilias
1544 2240 1921 2307 indulgendum
1950 2254 2068 2292 esse
2099 2254 2166 2291 ex

602 2318 780 2365 mente
801 2311 860 2364 8.
896 2311 953 2363 Ρ.
988 2310 1257 2362 Benedicti
1280 2313 1628 2363 asserendum
1663 2319 1765 2363 est.
1819 2311 1951 2363 Hinc
1997 2322 2168 2362 canon

601 2380 635 2432 5
663 2381 872 2434 concilii
919 2379 1379 2446 Aqttisgraneusis,
1428 2390 1526 2432 tut
1561 2381 1705 2433 nullo
1752 2394 1981 2447 unquam
2034 2389 2167 2431 tem-

600 2462 730 2517 pere
759 2458 878 2516 post
925 2449 1130 2516 vigilias
1176 2463 1330 2501 causa
1365 2449 1571 2502 doruiie
1596 2450 1663 2501 adi
1700 2488 1715 2514 ,
1767 2450 1864 2503 nisi
1895 2449 2172 2516 contigerit

600 2533 694 2573 eos
722 2529 845 2571 ante
894 2520 1075 2570 horam
1104 2523 1440 2571 constitutam
1494 2533 1743 2587 surgere,
1776 2521 1839 2572 ad
1881 2521 2046 2573 lectos
2077 2534 2165 2571 re.

603 2591 766 2657 tit-ant
818 2601 987 2649 suos;
1029 2605 1049 2636 ι
1100 2596 1384 2653 narratque
1425 2589 1705 2643 Browerus
1756 2589 1889 2657 (Lib.
1924 2605 1955 2641 ιι
1996 2589 2165 2656 Antiq.

602 2654 789 2719 Fuld.,
822 2673 937 2723 cap.
970 2658 1054 2725 16)
1084 2657 1406 2710 Ludovicum
1458 2659 1602 2710 l’iuin
1636 2654 2006 2724 imperatorem
2030 2654 2167 2724 apud

602 2725 915 2795 Gregorium
967 2742 1151 2794 papam
1201 2728 1494 2780 obtinuisse
1544 2730 1815 2781 monachis
1867 2729 1917 2780 iu
1950 2727 2171 2780 civitati-

604 2798 726 2860 bus,
755 2806 810 2850 et
840 2795 1261 2850 matricularibus
1291 2797 1632 2850 ecclesiarum
1666 2798 1798 2850 locis
1826 2798 2171 2850 consistenti-

607 2866 726 2931 lius,
751 2866 981 2934 quicum
1014 2881 1204 2932 magno
1241 2867 1423 2920 labore
1445 2876 1497 2920 et
1519 2868 1695 2920 Studio
1733 2866 1967 2920 divinum
2001 2867 2172 2919 servi-

604 2939 739 2993 tium
761 2947 873 2991 toto
901 2936 1023 2988 anni
1049 2947 1285 3003 tempore
1310 2946 1612 3005 peragunt,
1660 2948 1776 3000 post
1800 2937 2000 3003 vigilias
2028 2940 2173 2988 cesti-

607 3006 804 3063 valium
819 3006 972 3077 257
989 3008 1391 3072 noetinmatque
1413 3008 1463 3059 ιιι
1488 3008 1632 3060 lCStis
1652 3006 2004 3077 Iilectionum
2030 3020 2172 3059 som-

603 3093 673 3130 no
695 3076 916 3132 rellcere
934 3076 1155 3143 l-orpus.
1188 3077 1354 3130 Porro
1376 3080 1417 3128 si
1450 3077 1498 3128 id
1523 3091 1590 3128 ex
1624 3078 1819 3140 [tegula
1851 3076 2106 3142 licuisset,
2139 3092 2166 3128 a

2276 496 2584 565 psallerent,
2621 503 2676 549 et
2701 494 2980 549 Dominum
3010 511 3113 550 una
3144 511 3273 551 voce
3305 497 3603 565 laudarent,
3630 511 3862 552 ventum

2273 576 2355 619 est
2372 565 2437 618 ad
2468 566 2611 618 illum
2637 566 2893 632 psalmum
2913 567 3001 634 qui
3026 567 3321 634 appellatur
3339 567 3491 630 Deus,
3516 567 3651 622 Deus
3678 586 3859 632 meus,

2273 637 2343 689 ad
2364 644 2410 686 te
2436 635 2498 687 de
2527 635 2635 687 luce
2664 635 2838 703 vigilo,
2878 653 2897 686 ι
2929 646 3056 697 etc.,
3079 637 3443 703 qui‘psalmus
3474 638 3539 691 ad
3584 640 3733 691 solas
3757 641 3864 691 do-

2275 705 2457 759 minici
2485 705 2590 757 diei
2619 704 2820 766 laudes,
2844 713 2934 756 aut
2962 705 3014 757 in
3042 704 3193 759 feStis
3223 704 3288 758 12
3314 706 3600 760 lectionum
3626 709 3857 762 dicitur.

2270 776 2340 828 At
2362 774 2490 827 nihil
2519 774 2831 844 luculentius
2854 774 2988 844 hanc
3008 776 3058 827 iii
3083 791 3193 829 rem
3214 776 3436 841 proferri
3457 787 3654 842 po'est,
3681 793 3853 844 quam

2271 844 2422 897 locus
2473 859 2539 896 ex
2568 842 2684 895 Vita
2714 843 2772 898 8.
2804 843 3007 896 Adonis
3053 860 3118 897 ex
3163 846 3353 898 abbate
3402 848 3641 913 episcopi
3681 842 3853 901 Vien-

2271 916 2472 978 nensis,
2504 928 2659 981 qttam
2687 928 2752 965 ex
2793 916 3009 980 antiquo
3039 914 3303 968 breviario
3336 915 3623 970 Viennensi
3668 917 3858 970 edidit

2272 996 2451 1054 nos_ter
2477 982 2835 1047 Mabillouius,
2862 984 3013 1054 cujus
3036 985 3085 1037 in
3118 1000 3173 1036 ιι.
3203 986 3233 1035 8
3261 984 3375 1038 lucc
3405 985 3655 1053 leguntur
3677 986 3852 1054 (δατ.

2270 1067 2323 1105 tv
2352 1051 2566 1115 Bened.,
2598 1062 2726 1121 part.
2753 1055 2815 1114 tt)
2844 1070 2854 1104 :
2892 1051 3266 1121 (Temporitts
3296 1051 3485 1109 fratres
3530 1056 3595 1108 ad
3634 1051 3857 1123 vigilias

2272 1132 2558 1175 nocturnas
2597 1138 2817 1191 surgere
2857 1124 3231 1191 compellebat,
3278 1126 3371 1176 ubi
3426 1134 3478 1178 et
3522 1128 3637 1191 ipse
3686 1128 3855 1179 solito

2275 1206 2510 1261 praesens
2539 1194 2791 1245 lectiones
2820 1202 2874 1247 et
2900 1197 3237 1260 respousoria
3258 1194 3618 1261 protrahendo
3643 1195 3853 1247 decano

2272 1260 2369 1313 tari
2420 1260 2996 1333 faciebat,_quousque
3050 1262 3158 1316 diei
3208 1260 3334 1333 luce
3380 1264 3853 1333 appropinquante

2273 1333 2543 1383 matutinae
2575 1331 2757 1384 laudes
2786 1340 3004 1399 agerent
3024 1348 3088 1385 ιι·.
3121 1350 3138 1383 ι
3187 1332 3385 1386 Eodem
3417 1334 3575 1386 modo
3610 1331 3853 1387 Venera-

2273 1399 2392 1452 bilis
2425 1400 2741 1453 Benedictus
2771 1405 2935 1454 abbas
2966 1402 3236 1455 Clusensis
3262 1404 3591 1465 monasterii,
3618 1413 3677 1455 ut
3706 1406 3853 1456 scri-

2269 1470 2347 1522 bit
2370 1468 2715 1541 AVuilli-lmus,
2743 1470 2858 1537 ejus
2881 1472 3193 1539 discipulus,
3240 1474 3289 1524 in
3318 1472 3436 1540 ejus
3466 1472 3603 1535 Vita,
3636 1474 3849 1541 cap.!5,

2278 1556 2296 1587 ι
2331 1539 2649 1610 observabat
2693 1542 2946 1610 lectiones
2980 1539 3853 1610 terminando,processionesq'ne

2273 1609 2656 1676 protrahendo,
2692 1620 2745 1661 ut
2774 1609 2839 1661 ad
2870 1612 3005 1662 diem
3032 1628 3189 1677 usque
3218 1609 3455 1664 divinum
3486 1626 3621 1678 Opus
3649 1609 3848 1677 proce-

2271 1678 2443 1738 deret.
2480 1693 2545 1731 ne
2570 1679 2693 1746 quid
2728 1691 2841 1745 post
2876 1682 3159 1734 matutinas
3188 1681 3254 1734 ad
3284 1682 3476 1735 lectum
3521 1684 3850 1734 revertenti-

2274 1748 2369 1819 bus
2402 1748 2574 1800 invida
2626 1750 2794 1802 hostis
2824 1748 2967 1802 fraus
3010 1751 3329 1817 subriperet,
3385 1752 3527 1819 quod
3577 1752 3850 1805 castitatis

2272 1816 2520 1890 ﬂosculos
2549 1824 2918 1890 suaveolentes
2959 1816 3222 1880 adureret.
3258 1830 3313 1873 et
3340 1816 3417 1873 ita
3441 1820 3681 1873 Stiiemlte
3714 1836 3850 1890 gau-

2270 1889 2415 1939 dium
2464 1888 2711 1941 ftedaudo
2751 1904 2778 1939 a
2830 1903 2975 1940 sacra
3005 1890 3381 1943 communione
3425 1888 3784 1945 alisterreret.
3824 1909 3841 1939 ι

2272 1957 2365 2029 llis
2410 1958 2658 2010 omnibus
2699 1958 2903 2029 accedit
2932 1961 3096 2029 258
3124 1960 3345 2014 Jozinnis
3394 1960 3641 2012 monachi
3686 1975 3848 2029 egre-

2270 2027 2412 2095 gium
2459 2030 2815 2081 testiinonium
2867 2027 3151 2080 iu’Vi‘taVS.
3179 2030 3377 2081 Odonis
3423 2029 3515 2081 lib.
3560 2043 3599 2091 ι,
3632 2044 3686 2082 n.
3730 2027 3843 2081 1οε

2276 2114 2296 2147 ι
2328 2098 2463 2150 Ecce
2511 2097 2651 2151 enim
2682 2108 2804 2150 sunt
2855 2098 3050 2151 evoluti
3084 2100 3217 2151 haud
3250 2098 3526 2167 plusquam
3565 2113 3658 2151 sex
3690 2101 3845 2162 anni,

2271 2167 2394 2219 dum
2428 2176 2549 2219 ante
2576 2167 2691 2233 ejus
2721 2182 2916 2235 corpus
2940 2168 3154 2235 (nempe
3182 2169 3239 2222 S.
3273 2168 3503 2236 Martini)
3536 2169 3681 2235 vigili
3704 2185 3846 2219 urun

2274 2237 2527 2289 excubias
2552 2237 2793 2291 diversus
2813 2238 2946 2290 oido
2980 2238 3220 2290 «ποιεῖν
3253 2238 3585 2301 celebraret;
3616 2239 3848 2305 contigit

2273 2318 2325 2358 ut
2360 2305 2471 2373 ipse
2520 2306 2718 2360 ibidetn
2746 2309 3047 2359 interesset.
3086 2307 3276 2361 Verum
3304 2307 3424 2375 quia
3449 2307 3687 2374 ejusdem
3722 2308 3847 2359 oli-

2272 2376 2339 2428 cii
2367 2376 2691 2443 antiphonw,
2745 2379 2819 2429 uti
2852 2378 3096 2430 omnibus
3146 2386 3306 2443 patet,
3358 2380 3544 2429 breves
3586 2387 3736 2438 sunt,
3796 2389 3847 2431 at

2267 2445 2385 2514 ejus
2417 2447 2669 2513 temporis
2701 2447 2965 2515 longiores
2997 2457 3199 2505 noctes.
3233 2450 3472 2501 volente~
3502 2446 3593 2499 olli
3620 2450 3746 2498 'ium
3770 2456 3834 2498 at

2273 2517 2436 2568 lucem
2482 2533 2639 2585 usque
2670 2518 3003 2584 protendere,
3037 2533 3457 2585 unamquamque
3488 2519 3843 2582 antipbouam

2274 2600 2367 2651 per
2392 2585 2629 2653 singulos
2653 2586 2973 2654 psalmorum
2996 2600 3181 2639 versos
3198 2586 3485 2654 repetendo
3506 2585 3799 2649 canebant,
3823 2605 3843 2635 ι

2272 2666 2379 2708 etc.
2410 2655 2531 2709 llaec
2558 2658 2735 2709 omnia
2783 2658 3099 2710 c0nlirmaut
3140 2668 3367 2724 antiqua:
3409 2656 3843 2709 Consuetudines

2273 2724 2571 2779 Germaniae
2614 2740 2743 2779 mss.
2786 2726 2836 2779 in
2885 2728 3076 2793 quibus
3126 2742 3177 2779 n.
3226 2727 3297 2779 24
3340 2725 3650 2780 decernitur
3680 2734 3739 2777 ut
3794 2730 3844 2776 in

2273 2808 2423 2846 cmua
2456 2796 2685 2857 Domini,
2724 2814 2743 2847 ι
2778 2798 3025 2849 nocturni
3059 2798 3128 2848 ita
3174 2806 3551 2863 temperentur,
3590 2804 3649 2846 nt
3680 2799 3731 2847 in
3767 2807 3845 2846 te-

2276 2865 2452 2915 nebris
2479 2867 2849 2932 eoinpleantur
2879 2883 2892 2918 :
2934 2884 2951 2915 ι
2984 2880 3048 2920 ex
3076 2880 3179 2933 quo
3208 2868 3423 2934 colligas
3455 2866 3561 2917 alio
3592 2874 3845 2932 tempo'e

2275 2948 2379 2985 non
2407 2938 2698 2997 completos
2728 2940 2777 2988 in
2807 2937 3062 2999 tenebris,
3091 2938 3181 2989 sed
3214 2936 3277 2988 ad
3311 2938 3477 2988 lucem
3509 2949 3680 3000 usque
3723 2948 3847 2995 iiro~

2276 3002 2464 3074 ductos
2487 3006 2675 3070 fuisse,
2701 3008 2932 3074 alioquin
2964 3005 3155 3059 frustra
3181 3007 3467 3069 diceretur,
3513 3016 3567 3056 ut
3597 3016 3737 3055 nocti
3764 3009 3845 3056 rui

2276 3072 2325 3143 in
2376 3076 2609 3127 tenebris
2652 3072 3064 3143 complerentur.
3117 3078 3181 3128 Et
3214 3076 3349 3129 liber
3392 3078 3587 3128 lsnum
3638 3075 3845 3126 (lister-

602 3162 813 3202 summo
837 3136 1082 3216 pontiﬁce
1107 3148 1559 3215 dispensationem
1592 3136 1863 3213 requirere
1897 3136 2167 3212 liaudqua-
2197 3136 2241 3197 C
2274 3141 2554 3216 cieosium,
2574 3160 2692 3211 cap.
2713 3136 2800 3206 68',
2821 3164 2840 3196 ι
2862 3146 2994 3199 solet
3011 3147 3251 3207 sacrista,
3277 3160 3394 3199 cum
3418 3160 3476 3198 se
3495 3145 3689 3198 viderit
3710 3154 3847 3216 tem-

602 3234 767 3283 quain
793 3234 1010 3272 necesse
1035 3217 1243 3269 luisset.
1270 3218 1605 3282 Quapropter
1633 3216 1775 3281 quod
1817 3218 1876 3270 8.
1912 3217 2170 3269 Benedic-

608 3296 690 3339 tu»
720 3288 998 3342 dominicis
1015 3285 1204 3337 divlius
1256 3291 1528 3338 nocturnis
1558 3286 1752 3354 vigiliis
1793 3288 1908 3338 sine
1948 3287 2053 3339 ullo
2088 3288 2167 3339 in-

605 3358 1017 3424 tervallojungit
1060 3355 1380 3417 matutinus,
1428 3370 1532 3407 non
1555 3357 1633 3407 sic
1681 3355 1990 3422 capiendum
2038 3365 2166 3419 est,

606 3428 754 3492 quasi
779 3427 961 3481 laudes
991 3425 1291 3478 accelerare
1320 3426 1594 3489 voluisset,
1636 3436 1687 3478 et
1716 3435 2023 3477 consuetam
2051 3428 2167 3481 illa-

603 3510 720 3549 rum
747 3496 930 3549 horam
973 3506 1178 3549 mutare
1209 3512 1224 3556 ;
1276 3497 1368 3548 sed
1402 3496 1573 3558 potius
1605 3506 1891 3549 nocturnos
1920 3498 1984 3546 ad
2012 3511 2170 3548 auro-

605 3581 717 3619 ram
765 3581 932 3631 usque
980 3571 1293 3633 ριοιιιικιειθ
1350 3567 1643 3618 dicendus:
1711 3581 1829 3617 nam
1880 3566 2165 3629 matutini,

605 3649 737 3705 quos
763 3635 945 3688 laudes
966 3637 1319 3705 appellamus,
1351 3650 1563 3701 semper
1585 3635 1648 3688 ad
1678 3650 1939 3694 auroram.
1970 3641 2083 3689 sive
2114 3644 2170 3688 ut

605 3703 837 3773 loquitur
856 3709 912 3757 8.
937 3703 1335 3763 ΡζΒειιθιιὶυιιιδ
1357 3707 1620 3774 incipiente
1639 3708 1747 3757 luce
1770 3707 1973 3774 dicendi
1998 3717 2123 3758 sunt
2152 3723 2163 3756 :

606 3766 747 3828 unde
769 3785 823 3827 et
853 3776 1095 3831 matutini
1128 3775 1253 3829 dieti
1276 3786 1395 3826 sunt
1424 3766 1607 3828 a'voce
1637 3788 1850 3838 ma:nta,
1887 3766 1935 3828 iil
1968 3785 2049 3829 est
2076 3791 2167 3826 au-

608 3860 752 3910 rora,
785 3859 849 3898 eo
874 3846 1012 3912 quod
1054 3846 1117 3901 ad
1148 3859 1388 3897 auroram
1435 3847 1691 3898 celebrari
1718 3846 1979 3899 debeant:
2008 3859 2169 3911 quare

607 3914 939 3968 llildeiuarus
985 3916 1130 3969 illutn
1174 3917 1227 3968 8.
1261 3915 1474 3982 Regula:
1504 3926 1722 3981 textum,
1771 3917 1854 3981 qui
1901 3916 2170 3981 incipiente

607 3986 716 4056 luce
737 3986 918 4056 agendi
944 3996 1082 4052 sunt,
1116 4000 1305 4037 cuinon
1327 3997 1501 4044 ntans,
1530 3986 1643 4037 hiL‘C
1672 3988 1854 4037 scribit
1883 4002 1893 4037 :
1927 4003 1945 4033 ι
1984 3986 2037 4037 Ιιι
2070 3984 2169 4056 hoc

606 4054 723 4108 loco
748 4054 1048 4108 manifestat.
1072 4057 1127 4109 Β.
1157 4056 1470 4108 Benedicms
1501 4072 1618 4108 cum
1652 4056 1802 4119 dicit,
1828 4055 2169 4113 matutiniqui

605 4125 875 4192 inripiente
904 4127 1013 4176 luce
1033 4127 1215 4193 agendi
1236 4135 1376 4187 sunt,
1409 4126 1527 4191 quia
1552 4130 1694 4177 otnni
1724 4136 1979 4189 tempore,
2016 4126 2064 4177 id
2087 4133 2171 4176 est

605 4204 708 4248 tam
735 4195 1053 4262 qu0tidiauis
1093 4195 1279 4250 diebus
1320 4210 1479 4261 quam
1530 4197 1579 4247 iu
1609 4195 1892 4247 dominicis
1921 4207 1974 4247 et
2026 4202 2168 4248 testas

605 4265 791 4318 diebus
818 4266 1060 4317 matutini
1112 4266 1396 4330 incipiente
1428 4266 1542 4318 luce
1585 4265 1769 4330 agendi
1796 4277 1938 4317 sunt.
1975 4284 1994 4316 ι
2026 4267 2167 4318 Idem

607 4334 766 4387 docet
785 4336 850 4385 ad
878 4350 994 4400 cap.
1027 4335 1079 4385 ll
1112 4335 1246 4389 idem
1278 4348 1396 4387 Cum
1428 4350 1493 4386 eo
1530 4336 1688 4387 etiam
1722 4335 2018 4388 Bernardus
2044 4336 2171 4389 Cas-

606 4403 855 4467 sinensis,
908 4413 960 4456 et
993 4402 1240 4459 Nieolaus
1275 4405 1344 4457 de
1394 4404 1641 4457 Fractura
1670 4405 1735 4456 ad
1763 4419 1880 4471 cap.
1914 4407 2036 4458 item
2070 4405 2165 4469 Ii;

605 4474 1174 4546 quorumseoteotiam
1206 4477 1486 4527 conlirmat
1529 4477 1733 4541 praxis,
1780 4490 1942 4546 quiin
1978 4475 2160 4527 videre

605 4543 683 4596 est
703 4543 838 4608 apud
858 4557 1178 4611 auonymum
1206 4547 1712 4611 Sangermaneusein
1732 4549 1840 4607 qui,
1866 4544 2163 4609 principatu

607 4612 780 4666 Caroli
813 4613 983 4681 Magni
1030 4613 1425 4667 translationem
1469 4613 1526 4667 S.
1563 4611 1810 4665 Germani
1852 4612 2167 4667 Patisieusis

604 4682 839 4750 episcopi
888 4683 1239 4746 describebat,
1274 4685 1323 4736 in
1355 4698 1477 4747 qua,
1509 4699 1563 4735 n.
1619 4683 1670 4747 7,
1706 4681 1869 4734 rel'ert
1907 4681 2069 4750 (δατ.
2112 4698 2167 4736 ιιι

654 4756 823 4815 enetl.,
848 4761 980 4821 part.
1009 4753 1063 4821 ιι)
1082 4762 1406 4809 contractum
1428 4752 1706 4819 quemdam
1732 4770 1749 4802 ι
1775 4768 1921 4804 ιιιαηε
1938 4754 2181 4817 [αειο....”

604 4824 810 4875 clericis
835 4824 911 4889 (id
939 4832 1022 4876 est
1044 4821 1362 4893 iItOoaChis),
1385 4824 1536 4890 juxta
1570 4836 1770 4893 morem
1791 4822 1894 4875 diei
1915 4822 2167 4877 dominici

605 4896 981 4945 matutinoruin
1046 4891 1220 4947 ofllcia
1290 4891 1779 4945 censummantibus
1832 4911 1849 4943 ι
1923 4904 2163 4948 curatum

605 4962 794 5025 luisse;
825 4964 961 5028 apud
993 4963 1292 5017 Aimonium
1319 4963 1368 5015 in
1397 4962 1486 5015 lib.
1517 4979 1551 5015 ιι
1584 4962 1767 5015 .llirac.
1797 4962 1855 5016 8.
1889 4961 2159 5029 Germani,

603 5045 721 5099 cap.
754 5032 834 5095 10,
885 5034 968 5085 ubi
1000 5034 1250 5087 fratribus
1283 5052 1299 5084 t
1334 5034 1670 5100 inattitinale,
1704 5042 1811 5103 orto
1835 5034 1949 5103 jam
1986 5049 2167 5103 crepu-

604 5103 773 5163 sculo,
806 5103 1076 5157 Paschalis
1106 5115 1456 5158 sacrosancta:
1488 5102 1788 5155 festivitatis
1816 5102 2047 5155 el‘licium
2080 5119 2168 5156 ce-

604 5171 957 5231 lebrantibus.
1006 5194 1023 5225 ι
1056 5175 1341 5231 Normanui
1366 5176 1553 5226 adesse
1574 5175 1855 5237 dicuntur;
1892 5175 2031 5240 apud
2057 5173 2168 5225 liil-

600 5242 873 5307 degariuin
902 5244 952 5297 in
976 5244 1087 5299 Vita
1114 5248 1170 5299 S.
1192 5244 1432 5307 Faronis,
1456 5258 1573 5308 cap.
1600 5243 1698 5295 115
1718 5242 1873 5311 (Suec.
1906 5245 1992 5312 tt):
2019 5261 2036 5292 ι
2063 5244 2167 5296 Νο-

602 5325 687 5365 Clu
712 5318 935 5379 quadam
956 5330 1075 5369 cum
1104 5313 1211 5383 jam
1236 5330 1359 5365 nova
1376 5328 1563 5365 aurora
1586 5316 1723 5365 claro
1753 5330 1844 5364 suo
1873 5315 2167 5377 crepusculo

602 5383 935 5446 ditiicidaret,
967 5401 1027 5435 ac
1056 5385 1397 5441 concinentes
1447 5384 1687 5435 monachi
1740 5394 2051 5436 resonat-ent
2079 5401 2168 5437 ec-

601 5453 815 5506 clesiam
864 5455 1090 5519 quodam
1138 5462 1327 5514 versu,
1381 5450 1519 5505 Deus
1574 5455 1871 5506 ntisereutur
1923 5456 2079 5506 matri
2118 5464 2164 5506 et

604 5522 859 5575 benedicut
892 5524 1054 5584 nobis,
1094 5541 1112 5572 ι
1146 5533 1271 5581 etc.,
1306 5525 1393 5589 qui
1427 5538 1609 5578 versus
1636 5524 1829 5576 dii-itur
1876 5525 1940 5576 ad
1996 5533 2168 5575 malu-

602 5594 745 5644 tiuos
776 5608 789 5644 :
822 5593 906 5645 hic
938 5602 1110 5646 tamen
1143 5591 1290 5644 locus
1345 5609 1447 5645 non
1478 5607 1695 5659 prorsus
1736 5595 1929 5647 evincit
1959 5608 2053 5659 pro
2081 5593 2167 5646 die

602 5662 865 5715 dominica
901 5678 911 5711 :
946 5662 1136 5714 clarior
1158 5674 1235 5713 est
1269 5662 1378 5724 ille,
1405 5664 1493 5729 qui
1520 5662 1816 5716 desumilur
1846 5679 1909 5717 ex
1941 5664 2032 5715 lib.
2059 5678 2072 5715 ι
2098 5662 2165 5715 de

602 5732 780 5785 Gcstis
825 5730 922 5786 SS.
961 5731 1356 5796 llotonensium,
1387 5747 1501 5802 cap.
1533 5734 1564 5786 6
1591 5734 1750 5802 (Sorr.
1792 5743 2025 5802 tv,,part.
2060 5734 2117 5786 ιι)
2149 5750 2160 5783 :

2193 4511 2244 4570 D

2273 3214 2454 3280 poi-ius
2494 3229 2649 3281 quain
2693 3216 2949 3268 debuerat
2994 3218 3310 3277 surrexisse,
3353 3225 3625 3268 cautorem
3680 3215 3842 3284 signo

2271 3297 2603 3350 prtpmouet'e
2633 3294 2686 3337 ut
2714 3286 3079 3338 duodecimam
3110 3288 3387 3338 lectionem
3444 3286 3597 3336 iaciat
3625 3288 3762 3351 prol-
3787 3300 3847 3335 n-

2269 3366 2426 3423 gare;
2456 3362 2506 3405 et
2531 3361 2653 3405 tunc
2682 3358 2770 3423 qui
2816 3372 2931 3407 eam
2962 3356 3168 3423 legerit.
3213 3372 3316 3407 non
3345 3371 3460 3407 eam
3492 3355 3639 3406 liuiat
3669 3371 3847 3421 usque

2269 3421 2334 3473 ad
2375 3431 2558 3475 nutum
2589 3421 2824 3477 sacristze
2882 3427 2961 3478 vel
2991 3421 3218 3477 sunitum
3271 3426 3527 3492 horologii
3561 3442 3573 3475 :
3615 3442 3636 3474 ι
3674 3440 3847 3490 quare

2269 3493 2410 3545 enim
2458 3493 2619 3546 lectio
2668 3496 2977 3547 duodecima
3035 3497 3253 3562 prolong
3291 3505 3439 3548 retur
3485 3510 3587 3545 non
3643 3494 3845 3550 video.

2270 3563 2370 3614 nisi
2412 3570 2533 3630 quia
2588 3567 2822 3617 nonduin
2879 3567 3035 3618 solita
3091 3575 3469 3617 ιιιειιιιιιιιυτιιιιι
3502 3565 3629 3616 liora
3677 3564 3849 3617 adre-

2270 3643 2452 3684 1118861.

2341 3703 2446 3755 Nec
2497 3702 2657 3757 refert
2696 3703 2832 3774 quod
2880 3704 2937 3758 8.
2982 3706 3040 3757 Ρ.
3079 3705 3393 3757 Benedictus
3446 3704 3736 3756 Dominicis
3771 3704 3849 3755 fe-

2269 3774 2468 3840 stisque
2510 3775 2692 3827 iliebu-
2726 3787 3015 3841 temporius
3056 3778 3119 3826 ad
3157 3779 3363 3844 vigilias
3393 3790 3612 3843 surgere
3646 3774 3842 3840 princi-

2272 3854 2400 3910 piat,
2434 3853 2485 3895 et
2518 3845 2885 3910 prolixissime:
2909 3845 3016 3897 sint
3048 3846 3235 3897 hiemis
3262 3857 3465 3898 novtes.
3499 3846 3627 3896 Nam
3666 3859 3803 3909 prim
3830 3862 3845 3889 ι

2274 3914 2409 3983 istud
2450 3914 2515 3965 de
2570 3917 2827 3966 maturius
2871 3915 3135 3983 sui-gelido
3187 3926 3530 3983 praeceptum,
3582 3914 3725 3965 solas
3781 3928 3846 3965 cx

2271 3981 2576 4035 llildeinaro
2606 3986 2824 4050 reqiicit
2847 3981 3046 4037 :estatis
3073 3981 3285 4050 noctes;
3316 3987 3491 4038 hieme
3510 3985 3652 4035 enim
3683 3983 3845 4036 citius

2271 4054 2427 4104 solito
2471 4069 2502 4104 ιι
2530 4071 2573 4103 ιιι
2606 4068 2726 4106 esse
2757 4056 3078 4118 surgendum
3106 4060 3323 4120 aSSerit;
3379 4057 3520 4108 sed.i
3561 4056 3628 4104 ita
3663 4068 3846 4104 ρους.-

2272 4123 2561 4177 derandum
2593 4136 2694 4185 est,
2732 4126 2897 4190 inquit
2933 4123 3019 4191 (In
3062 4141 3177 4190 cap.
3210 4126 3319 4193 lt),
3369 4126 3419 4177 in
3455 4125 3671 4176 hiemali
3706 4134 3841 4175 tem-

2272 4207 2422 4260 pure,
2454 4204 2509 4244 ut
2537 4199 2606 4245 ita
2639 4205 2857 4263 surgant
2880 4193 3028 4263 juxta
3057 4201 3488 4249 numerositatem
3517 4192 3761 4253 fratrum.
3790 4204 3845 4245 et

2275 4262 2624 4333 prolixitatem
2672 4262 2978 4327 lectionum,
3026 4276 3084 4317 ut
3132 4266 3419 4333 incipiente
3466 4266 3585 4333 luce
3616 4273 3845 4332 agantur

2273 4332 2539 4384 matutini.
2578 4350 2596 4382 ι
2634 4333 2698 4385 Ει
2728 4334 3028 4387 Bernardus
3055 4332 3387 4387 Cassinensis
3427 4332 3516 4401 (In
3547 4349 3665 4395 cap.
3703 4333 3794 4400 ll)
3830 4350 3844 4383 :

2279 4418 2296 4449 ι
2337 4403 2443 4452 Hoc
2469 4411 2646 4453 tamen
2672 4404 2811 4469 quod
2842 4404 2987 4467 dicit,
3019 4405 3303 4459 dominicis
3330 4404 3517 4458 diebus
3543 4404 3703 4455 citius
3722 4417 3849 4456 esse

2273 4471 2615 4542 surgendum,
2648 4477 2838 4526 attinet
2866 4477 3076 4540 proprie
3120 4476 3184 4527 ad
3210 4487 3435 4542 tempus
3481 4473 3748 4535 aestivum,
3789 4474 3843 4523 in

2271 4554 2374 4606 quo
2401 4540 2445 4592 si
2493 4541 2563 4592 ita
2612 4546 2758 4596 tarde
2805 4554 3133 4612 surgeretur,
3174 4544 3308 4597 sicut
3343 4540 3567 4612 quando
3610 4542 3846 4607 grandes

2272 4618 2393 4661 sunt
2416 4618 2617 4683 noctes,
2650 4622 2794 4665 esset
2822 4614 3138 4682 negligentia
3165 4629 3375 4683 magna,
3410 4629 3509 4666 nec
3536 4612 3847 4683 inciperen-

2273 4687 2356 4750 _tur
2380 4681 2653 4734 matutina),
2678 4684 2857 4735 Iaudes
2888 4681 3175 4748 incipiente
3202 4681 3341 4745 luce,
3366 4684 3487 4750 quia
3522 4684 3573 4735 in
3602 4682 3850 4734 lectioni-

2273 4748 2368 4820 bus
2390 4752 2635 4804 secunda:
2660 4755 2857 4818 Vigilia:
2881 4766 3162 4820 appareret
3186 4748 3416 4805 aurora:
3454 4762 3697 4819 tempore
3721 4764 3849 4803 veto

2272 4818 2483 4891 hiemali
2508 4826 2638 4874 Satis
2668 4822 2863 4874 suflicit
2890 4818 3077 4875 octava
3130 4838 3350 4891 surgere
3382 4824 3532 4885 liora,
3569 4818 3691 4887 quia
3718 4832 3849 4874 tunc

2273 4890 2341 4959 ιζ).
2384 4892 2655 4958 lectiones,
2688 4907 2806 4945 cuin
2856 4894 2922 4945 η
2974 4890 3347 4959 responsoriis,
3391 4908 3513 4947 cum
3549 4892 3846 4959 psalmodia

2274 4957 2340 5031 12
2370 4957 2724 5027 psalmorum,
2775 4973 2831 5015 et
2877 4962 3043 5015 tribus
3066 4957 3319 5024 canticis,
3364 4977 3484 5015 cum
3536 4957 3737 5031 hymno
3770 4960 3849 5013 'l‘e

2271 5028 2435 5101 Deum
2468 5031 2775 5096 laudamus,
2810 5040 2865 5086 et
2892 5033 3183 5101 Evangelio
3212 5048 3331 5087 cum
3377 5028 3849 5085 debita'modula-

2272 5098 2413 5171 tione
2430 5102 2592 5166 dicto,
2623 5102 2893 5157 matutina:
2922 5098 3104 5156 laudes
3133 5104 3421 5171 incipiente
3442 5101 3563 5155 luce
3593 5112 3846 5169 poterunt

2270 5168 2529 5225 iuchoarL
2566 5191 2583 5222 i

2341 5241 2539 5295 Deinde
2561 5242 2770 5295 etiamsi
2799 5242 2973 5295 media
2993 5243 3121 5297 liora
3144 5244 3298 5297 citius
3321 5242 3479 5296 solito
3501 5250 3843 5311 surgeretur,

2270 5326 2388 5383 cuin
2421 5312 2607 5365 diebus
2637 5314 2966 5367 solemnibus
2996 5314 3183 5383 majori
3206 5330 3325 5367 cum
3353 5316 3618 5383 gravitate
3646 5320 3704 5365 et
3732 5326 3845 5362 mn-

2270 5381 2538 5435 dulatione
2559 5384 2795 5436 divinum
2823 5381 3125 5438 celebretur
3154 5381 3388 5437 ofﬁcium
3408 5428 3423 5452 ,
3454 5385 3594 5436 facili
3626 5390 3795 5450 negot
3819 5397 3852 5429 τι

2270 5458 2435 5504 totum
2473 5452 2599 5505 illttd
2633 5454 2990 5517 intervallum,
3025 5456 3147 5508 licet
3190 5456 3367 5507 hieme
3411 5455 3703 5521 prolixum,
3751 5465 3847 5514 po.

2270 5528 2443 5573 terant
2491 5523 2747 5589 implere;
2790 5524 3027 5577 maxime
3077 5527 3122 5578 si
3154 5524 3576 5580 consideremus.
3632 5537 3848 5589 quanta:

2270 5591 2598 5658 prolixitatis
2642 5594 2780 5661 apud
2825 5595 3057 5661 majores
3109 5604 3323 5647 nostros
3369 5596 3627 5647 lectiones
3656 5603 3845 5646 canta-

2269 5672 2452 5734 rentur
2477 5679 2488 5713 :
2525 5679 2665 5734 nam,
2704 5681 2754 5717 ν.
2784 5679 2861 5734 g.,
2884 5666 2940 5719 S.
2965 5665 3231 5719 Caesarius
3261 5665 3313 5717 in
3344 5664 3541 5734 llegula
3572 5664 3638 5716 ad
3658 5678 3848 5716 moi-a-

2268 5729 2417 5794 chos,
2468 5748 2586 5801 cap.
2619 5733 2688 5787 “20
2741 5729 2810 5789 ad
2852 5736 3089 5803 singulas
3137 5735 3393 5790 lectiones
3430 5729 3460 5788 't
3491 5734 3543 5785 ia
3575 5734 3705 5801 {alia
3738 5734 3841 5802 legi
