4074 6356
567 290 679 345 ηδ

1933 286 1988 341 8.
2031 285 2089 339 Ρ.
2134 284 2491 343 ΒΕΝΕυΙΟΤΙ

3761 291 3872 348 816

569 403 857 475 sponsoria
901 410 1184 457 cantantur
1212 409 1260 454 ι.
1305 401 1418 454 Duo
1457 401 1794 469 responsoria
1822 400 1938 454 sine
1980 396 2161 454 Gloria
2191 405 2241 465 Α
2268 403 2442 457 tiones
2482 416 2666 458 earum
2700 417 2818 470 qua:
2865 416 2895 455 a
2943 401 3381 460 nominatissimis
3409 405 3727 463 doctoribus
3774 429 3874 466 or-

568 493 819 549 dicuntur
848 492 873 531 δ
901 509 915 543 :
946 502 1061 561 post
1104 491 1312 546 tertiam
1346 506 1473 546 \ero
1520 492 1828 552 lectionem,
1860 492 1948 558 qui
1980 500 2160 545 cantat

568 586 713 640 dicat
739 584 921 639 Gloria
946 595 990 637 ο.
1025 585 1193 650 Quam
1221 585 1346 639 dum
1373 585 1560 653 incipit
1585 594 1774 639 cantor
1806 584 2007 649 dicere,
2034 598 2157 637 mox

569 693 760 734 omnes
789 678 856 733 de
886 679 1145 733 sedilibus
1182 679 1293 732 suis
1334 685 1555 746 surgant
1584 677 1653 731 ob
1686 676 1945 731 honorem
1984 686 2037 730 et
2076 690 2159 730 re-

574 772 869 827 verentiam
892 778 1093 825 sanctae
1122 769 1424 823 Trinitatis.

645 866 871 921 Codices
906 875 1082 919 autem
1116 864 1359 933 legantur
1386 862 1438 915 in
1463 858 1664 932 vigiliis
1686 867 1792 912 tam
1826 858 2036 912 Veteris
2056 858 2160 912 Te—

575 956 825 1011 stamenti
846 972 1004 1025 quam
1026 952 1156 1008 Novi
1172 954 1365 1008 divina:
1378 950 1714 1007 auctoritatis
1736 970 1750 1014 ',
1769 950 1860 1006 sed
1874 961 1927 1005 et
1945 950 2161 1017 ειμι)δί-

650 1112 804 1177 ⁸Δ1.,
838 1121 1125 1176 cantentur;
1151 1109 1203 1163 in
1231 1110 1403 1163 Oxon.
1435 1108 1609 1162 deest.

649 1178 679 1218 δ
703 1174 825 1237 ﬂare
851 1182 1033 1242 verba,
1064 1174 1164 1234 duo
1199 1180 1523 1251 responsoria
1561 1177 1671 1231 sine
1695 1175 1865 1250 gloria
1895 1174 2152 1238 dicantur,

577 1251 770 1307 desunt
799 1255 849 1305 itt
882 1254 1063 1305 multis
1093 1266 1203 1306 mss

650 1333 675 1393 ἐ
707 1324 814 1385 ΑΙ..
845 1324 1083 1393 gloriam.

648 1392 674 1429 (³
702 1386 900 1459 θωπί,
934 1410 967 1445 a
1008 1392 1282 1444 nominatis
1311 1390 1601 1450 ductorum,
1633 1396 1682 1442 et
1710 1386 2035 1451 orthodoxis,
2062 1402 2152 1459 ea.

577 1457 1183 1533 tholicisqueil’atribus.
1222 1460 1393 1533 Flor.,
1440 1477 1481 1533 εξ
1523 1461 1841 1533 nominatis,_
1866 1467 1914 1511 et
1943 1457 2149 1533 ortho-

575 1534 743 1597 ἀσπὶς,
767 1528 1131 1601 catholicisque
1164 1531 1420 1585 Patribus.
1444 1528 1621 1601 C_ass.,
1649 1547 1681 1582 a
1704 1529 2151 1601 nominatissimig,

576 1614 625 1656 et
670 1605 968 1658 orthodost
1039 1597 1404 1668 catholicisque
1459 1598 1724 1654 Patribns.
1774 1599 1848 1653 ιω
1891 1599 2052 1654 etiam
2091 1597 2153 1653 S.

2265 494 2517 547 thodoxis
2568 505 2622 548 et
2658 492 2937 547 catholicis
2995 494 3241 551 Patribus
3276 492 3301 533 δ
3334 496 3483 552 facta:
3532 512 3677 554 sunt.
3730 502 3871 559 Post

2267 586 2363 638 has
2390 600 2519 639 vero
2568 595 2678 639 tres
2718 585 2977 639 lectiones
3028 601 3149 640 cum
3194 588 3554 656 responsoriis
3583 594 3723 657 suis,
3774 610 3870 649 se-

2261 684 2494 744 quantur
2546 676 2738 744 reliqui
2794 685 2817 713 ο
2863 691 2955 730 sex
3020 678 3210 745 psalmi
3261 692 3381 733 cum
3430 683 3651 736 alleluia
3700 682 3718 720 ί
3776 699 3871 737 ea-

2265 765 2449 820 ueudi.
2480 766 2607 821 Post
2637 769 2737 821 hos
2766 767 2924 823 lectio
2968 769 3198 837 apostoli
3248 780 3505 839 sequatur
3544 789 3609 827 ex
3638 784 3666 821 ς
3697 778 3869 830 conte

2265 858 2559 921 recitanda,
2593 869 2647 913 et
2678 874 2886 924 versus,
2917 869 2971 914 et
3011 861 3333 930 supplicatio
3364 862 3563 917 litania:
3585 862 3642 932 ιι,
3678 865 3731 918 id
3760 877 3861 933 est,

2270 948 2428 1021 Kyrie
2457 950 2645 1005 eleison
2671 968 2689 1005 :
2718 962 2775 1007 et
2808 953 2884 1007 sic
2919 952 3168 1006 liniantur
3192 953 3386 1022 vigiliae
3413 966 3725 1011 nocturna.

2270 1104 2455 1159 Germ.
2498 1120 2602 1161 ms.
2645 1106 2858 1171 Ehrul.,
2911 1106 3082 1161 Faron
3115 1147 3131 1169 ,
3166 1106 3303 1161 Vict.
3356 1122 3483 1167 ms..
3526 1108 3625 1163 sed
3660 1111 3861 1164 omisso

2278 1174 2543 1246 Patribﬁus.
2578 1177 2793 1246 Cotup.,
2836 1194 2868 1229 α
2908 1178 3331 1231 naminatissimis
3370 1180 3645 1233 doctorum
3690 1182 3864 1233 ortho-

2268 1248 2418 1298 doxis
2444 1245 2703 1299 Patrilms.

2343 1325 2367 1353 ε
2391 1320 2587 1379 υιοη.,
2623 1318 2744 1383 Qui.

2348 1384 2367 1423 τ
2398 1389 2604 1450 Ebrul.,
2630 1404 2746 1440 cum
2775 1386 2925 1441 albis.

2340 1464 2365 1501 ε
2389 1458 2588 1523 Oson.,
2620 1458 2758 1512 inde.

2343 1524 2371 1563 ⁸
2395 1528 2537 1581 Vict.
2564 1546 2688 1593 ωε..
2720 1539 2766 1582 et
2797 1530 2999 1583 litania.

1913 1818 2572 1887 COMMENTARIUS.

664 1947 855 2003 Hiemis
897 1957 1122 2014 tempore
1160 1949 1415 2014 pra'misso
1438 1946 1490 1999 in
1522 1946 1698 2013 primis
1738 1961 1883 1998 versu
1915 1943 2075 2009 Deus,
2108 1962 2161 1998 tn
2193 1953 2241 2013 Β
2263 1948 2516 2013 jestatem
2558 1958 2614 2002 et
2642 1951 3059 2014 solemnitatem,
3101 1952 3184 2006 vel
3232 1952 3302 2006 ob
3333 1954 3653 2008 memoriam
3690 1946 3851 2011 ternae

582 2020 917 2091 adjulOrium,
951 2017 1078 2089 etc.]
1098 2018 1202 2091 ΔΗΑ
1228 2028 1311 2073 est
1339 2018 1635 2091 versiculus
1662 2016 1751 2091 ille
1777 2030 1805 2068 a
1833 2015 2021 2081 priscis
2046 2031 2164 2069 mo-

588 2086 779 2144 nachis
808 2091 942 2142 adeo
979 2086 1298 2151 celébratus,
1330 2103 1488 2156 quem
1522 2087 1588 2140 ad
1625 2086 1879 2156 universa
1904 2100 2024 2154 qua:
2054 2100 2163 2154 ag-

583 2160 963 2231 grediebantnr
990 2175 1151 2231 olera
1184 2155 1533 2231 usurpabant,
1576 2156 1732 2231 cujus
1760 2155 1950 2231 vim_e_t
1978 2156 2163 2231 ellica-

584 2225 721 2285 Eiam
753 2225 1336 2296 descriltit’Cassianus
1378 2229 1561 2282 collat.
1598 2227 1686 2291 ω,
1720 2240 1841 2294 cap.
1871 2225 1962 2296 710.
2016 2227 2166 2281 Ilttttc

583 2301 643 2357 S.
680 2299 737 2353 P.
758 2295 1089 2355 Benedictus
1113 2299 1176 2352 ad
1202 2301 1383 2352 omna
1414 2297 1577 2351 divini
1602 2311 1793 2351 cursus
1821 2295 1996 2349 ollicia
2028 2310 2163 2363 prte-

585 2372 721 2425 mitti
752 2378 952 2439 prinms
986 2371 1241 2432 instituit;
1275 2382 1433 2437 quem
1471 2370 1631 2439 ritum
1654 2368 1743 2439 ab
1788 2380 1855 2421 eo
1884 2376 2165 2439 acceptum

584 2436 859 2511 pontificio
891 2440 1208 2511 auctoritate
1228 2437 1711 2511 ipostetyﬁrmavit,
1755 2436 2011 2511 at_que_ab
2043 2438 2164 2490 uui-

588 2506 782 2566 "versali
814 2512 1049 2565 Ecclesia
1075 2510 1237 2577 recipi
1269 2508 1472 2562 curavit
1501 2508 1559 2562 8.
1591 2507 1882 2575 Gregorius
1920 2506 2163 2577 Magnus,

588 2592 647 2635 ut
673 2583 869 2635 docent
902 2579 1171 2634 Pamelius
1194 2576 1383 2631 annot.
1418 2579 1482 2632 15
1510 2579 1561 2631 iu
1595 2578 1757 2647 Cypr.
1793 2578 1882 2632 lib.
1916 2576 1983 2631 de
2013 2578 2162 2633 Orat.

591 2652 891 2713 Dominica,
939 2662 992 2704 et
1029 2649 1322 2718 Polydorus
1351 2649 1511 2719 262
1548 2648 1731 2717 Virgil.
1775 2648 1866 2701 lib.
1894 2663 1943 2702 vt
1983 2649 2050 2702 de
2081 2648 2167 2702 ln-

591 2732 741 2775 vent.
776 2734 977 2783 rerum,
1017 2734 1069 2773 c.
1104 2720 1159 2782 ιε,
1191 2734 1490 2787 quanquam
1535 2719 1669 2773 ritus
1699 2719 1854 2786 hujus
1888 2728 2164 2772 auctorem

593 2792 879 2846 Dimasum
919 2805 1079 2845 suasu
1128 2790 1186 2843 S.
1230 2790 1536 2859 Hieronymi
1585 2788 1742 2842 l‘ariat
1790 2788 2056 2859 Navarrus
2098 2789 2166 2859 de

591 2865 743 2915 Orat.
794 2876 846 2925 c,
881 2863 935 2926 ὅ,
968 2877 1023 2914 n.
1057 2860 1147 2914 δι.
1189 2860 1294 2917 Sed
1343 2858 1570 2928 epistola
1603 2860 1689 2912 illa
1728 2859 1785 2913 S.
1828 2858 2164 2928 Hieronymi,

593 2933 738 2987 unde
784 2932 836 2985 id
885 2933 1138 2998 desumit,
1190 2944 1311 2998 qua:
1350 2944 1479 2983 tom.
1515 2929 1531 2982 l
1570 2928 1773 2983 Concil.
1823 2932 2068 2996 habetur,
2111 2939 2169 2983 ut

591 3003 954 3059 commentitia
984 3013 1039 3056 et
1067 3001 1362 3055 adulterina
1388 3000 1510 3070 jure.
1537 3000 1862 3068 exploditur.

664 3074 817 3129 Hunc
844 3073 1186 3138 versiculum,
1209 3087 1368 3140 quem
1392 3068 1467 3125 ad
1507 3069 1895 3137 implorandum
1926 3068 2165 3123 divinum

592 3144 847 3198 auxilium
892 3144 1149 3197 adhibere
1195 3148 1456 3205 solemus,
1502 3143 1693 3193 merito
1741 3140 1798 3195 S.
1850 3140 2170 3194 Benedictus

602 3215 880 3269 nocturnis
909 3213 1105 3281 vigiliis
1150 3212 1396 3279 prtemitti
1437 3211 1625 3271 voluit,
1654 3212 1775 3278 quia
1799 3209 1918 3281 Ahoc
1960 3210 2167 3277 potissi-

596 3300 742 3339 mum
779 3277 1020 3350 tempore
1060 3277 1219 3335 variis
1253 3277 1689 3334 cacodmmouum
1736 3277 2166 3333 infestationibus

595 3358 802 3425 agitati,
851 3355 943 3407 illo
974 3352 1265 3425 praesertim
1304 3365 1447 3425 cpus
1485 3351 1764 3425 habemus.
1803 3367 1821 3400 ι
1850 3351 1982 3425 Cum
2025 3354 2167 3404 enim

597 3419 895 3479 itisouuerit
932 3419 1143 3490 signum
1187 3420 1442 3488 spiritalis
1469 3420 1609 3473 tuba:
1633 3419 1715 3490 ad
1753 3421 2049 3475 orationem
2082 3436 2175 3473 vo-

598 3509 750 3557 cans,
775 3489 1113 3548 invisibiliter
1142 3491 1467 3544 conveniunt
1495 3489 1719 3543 inimici.
1753 3490 1819 3544 Et
1845 3492 1936 3545 alii
1957 3491 2172 3559 quidem

601 3581 722 3618 eum
758 3564 1058 3629 experrecti
1101 3561 1377 3625 fuerimus,
1424 3575 1521 3613 nos
1559 3569 1620 3614 ut
1652 3561 1840 3615 iterum
1884 3564 2176 3615 decumba-

602 3651 722 3688 mus
773 3634 969 3687 lectulo
1028 3632 1307 3684 hortantur
1344 3647 1359 3686 :
1397 3631 1684 3697 Exspecta,
1733 3631 1997 3700 inquiunt,
2048 3630 2174 3686 dum

601 3704 971 3772 compleantur
997 3703 1320 3772 principales
1360 3700 1566 3772 hymni,
1596 3702 1780 3769 sicque
1808 3702 2020 3755 demum
2052 3718 2177 3772 pro-

603 3775 881 3829 licisceris;
915 3773 1019 3827 Alii
1051 3788 1171 3824 cum
1210 3772 1284 3824 ad
1314 3772 1613 3825 orationem
1660 3773 1915 3826 assistere
1954 3774 2178 3840 emperi-

608 3861 754 3911 mus,
784 3860 880 3898 uos
909 3847 961 3897 iu
990 3858 1237 3896 somnum
1270 3844 1622 3910 praecipitant.
1656 3843 1755 3895 Alii
1785 3848 2009 3895 suadent
2040 3852 2093 3895 ut
2125 3844 2176 3895 in

604 3917 833 3971 ecclesia
886 3916 1271 3982 colloquamur.
1331 3915 1431 3965 Alit
1483 3922 1676 3981 praeter
1740 3914 2178 3966 consuetudinem

606 3998 845 4042 ventrem
878 3986 1160 4038 immodice
1204 3984 1504 4036 stimulant.
1548 3984 1649 4036 Alii
1678 3993 1910 4036 mentem
1946 3993 2181 4036 Itostratn

606 4059 660 4111 in
704 4069 886 4126 turpes
916 4055 1265 4124 cogitationes
1304 4054 1635 4126 pertrahunt.
1670 4054 1778 4107 Alii
1820 4068 1980 4123 super
2006 4055 2182 4121 parie-

607 4138 713 4183 tem
771 4124 1032 4182 recltnare
1076 4142 1173 4179 nos
1216 4134 1273 4177 ut
1316 4125 1518 4178 debiles
1563 4124 1882 4185 admonent;
1939 4138 2185 4177 nonnun-

606 4215 765 4267 quam
805 4200 966 4252 etiam
994 4200 1227 4250 oscitare
1258 4195 1543 4249 immodice
1572 4194 1792 4267 iaciunt.
1832 4195 2078 4267 Nonnulli
2109 4196 2182 4246 ri-

608 4265 726 4324 sum
768 4272 921 4322 nobis
955 4276 1190 4330 movent,
1238 4275 1295 4320 ut
1338 4281 1432 4334 per
1472 4269 1611 4319 hunc
1656 4265 1722 4317 ad
1768 4265 2183 4333 indignationem

611 4348 798 4394 contra
825 4356 921 4392 nos
956 4340 1091 4389 lle-us
1127 4347 1463 4404 provocetur.
1500 4337 1600 4389 Alii
1628 4350 1719 4403 per
1748 4351 2012 4389 summam
2044 4337 2187 4388 desi-

610 4413 752 4465 diam
786 4409 1038 4463 lestiuare
1082 4423 1179 4460 nos
1225 4408 1276 4459 in
1326 4421 1574 4460 versuum
1606 4407 2041 4474 pronuntiatione
2079 4408 2185 4459 itu-

614 4482 834 4548 pelluut.
868 4479 970 4531 Alii
1001 4492 1099 4529 sou
1129 4494 1183 4529 ra
1226 4477 1572 4544 psalmodiam
1606 4480 1919 4545 protrahere
1950 4480 2190 4544 volupta-

612 4552 683 4604 tis
702 4565 862 4604 causa
898 4549 1200 4602 hortantur.
1233 4548 1618 4613 Nonnunquam
1649 4563 1775 4601 vero
1806 4554 1883 4601 ori
1920 4558 2079 4601 etiam
2106 4562 2191 4597 as-

613 4622 852 4675 sidentes
896 4633 1112 4681 uoszro,
1148 4618 1215 4670 ita
1256 4618 1385 4670 illud
1437 4618 1706 4683 claudunt,
1758 4630 1815 4672 ut
1856 4623 1939 4671 vix
1990 4616 2190 4683 aperiri

616 4707 774 4762 posse
802 4691 1044 4744 videatur
1074 4688 1161 4757 (S.
1193 4686 1351 4762 Joun.
1382 4687 1558 4751 Cltm.,
1590 4690 1884 4762 grad.718).
1912 4708 1936 4762 γι

686 4762 752 4816 In
800 4769 1027 4815 secundo
1067 4770 1140 4811 ter
1168 4761 1435 4811 dicendum
1472 4770 1542 4812 est
1568 4757 1851 4821 :‘Domine,
1900 4759 2038 4812 labia
2082 4773 2192 4811 mea

614 4834 833 4904 aperiet,
879 4830 1010 4900 etc.|
1057 4830 1237 4904 Quia,‘
1256 4840 1313 4883 ut
1356 4832 1483 4885 dicit
1527 4832 1582 4885 8.
1611 4832 1947 4904 Augustinus
1992 4829 2130 4899 (Lib.
2155 4844 2193 4882 tt

615 4899 796 4961 contra
826 4903 958 4955 duas
1002 4912 1150 4972 (plal.
1198 4899 1272 4954 Pe
1295 4917 1407 4972 ag.,
1454 4919 1569 4969 cap.
1603 4902 1681 4969 8).
1714 4899 1859 4955 nemo
1890 4910 2049 4969 potest
2081 4904 2195 4972 Iau-

615 4982 742 5031 dare
769 4975 952 5036 Deum,
987 4974 1084 5026 nisi
1116 4971 1261 5026 Dens
1291 4969 1488 5041 aperiat
1527 4973 1682 5026 labia.
1719 4973 1823 5028 Sed
1853 4988 1972 5024 cum
2023 4969 2194 5023 oratio

618 5054 738 5119 plus
760 5046 935 5100 cordis
961 5045 1206 5119 sitquam
1232 5046 1517 5119 lahiorum,
1538 5060 1633 5097 cur
1657 5045 1872 5119 labiaet
1903 5041 2191 5119 no‘thor‘da

619 5110 848 5191 petimos
883 5110 1112 5191 aperiri?
1144 5115 1450 5191 ltesptindet
1486 5115 1729 5191 loanues
1771 5114 1913 5167 BOlla
1962 5110 2062 5182 (De
2096 5110 2192 5163 Di-

617 5185 720 5246 uiu.
768 5186 968 5241 Psalm.
1015 5203 1131 5254 cap.
1163 5185 1382 5255 ιαμ)
1434 5188 1688 5239 lahiorum
1733 5200 1885 5255 usum
1927 5198 2032 5236 non
2069 5196 2191 5255 esse

621 5271 828 5316 tantum
859 5259 925 5312 ad
962 5259 1255 5325 eloquium,
1286 5254 1393 5311 sed
1423 5258 1584 5311 etiam
1632 5255 1698 5308 ad
1730 5254 1973 5307 osculum
2002 5272 2011 5304 :
2046 5254 2191 5307 unde

626 5353 646 5386 t
680 5330 935 5393 Ecclesia,
986 5329 1112 5381 dum
1152 5328 1301 5392 dicit,
1356 5328 1592 5392 Domine,
1630 5325 1767 5377 labia
1822 5341 1934 5376 mea
1970 5325 2189 5390 aperias,

623 5419 730 5458 non
761 5414 867 5457 tam
901 5408 1081 5470 petere
1109 5400 1317 5451 videtur
1340 5398 1579 5453 divinum
1612 5396 1866 5470 auxilium
1911 5396 2193 5470 adlmdes

625 5480 741 5543 ejus
766 5466 926 5541 digne
968 5470 1381 5543 annuntiaudas,
1424 5466 2193 5543 quammysticatnlabiorunt

623 5537 1046 5619 p'urilicatioueut
1076 5541 1142 5593 ad
1181 5539 1540 5594 castissimum
1571 5539 1751 5592 dilecti
1781 5539 2018 5590 osculum
2062 5537 2199 5589 reci-

664 5616 899 5670 iendum.
933 5631 952 5664 ι

884 5651 899 5666 ο
933 5636 952 5664 Ι

627 5636 1062 5741 Ρωιῗῖἔιῗιζηευωω
1090 5679 1408 5736 versiculum
1456 5691 1535 5740 ter
1578 5678 1748 5748 repeti
1791 5677 1847 5732 S.
1890 5674 2210 5748 Bettedictus

627 5757 880 5825 instituit,
908 5754 1068 5826 idque
1097 5752 1178 5810 vel
1199 5753 1290 5827 ⁵οι.»
1329 5755 1588 5826 majorem
1618 5747 1865 5806 nocturni
1902 5747 2065 5803 ollicii
2096 5763 2208 5803 uta-

2267 2019 2410 2071 illius
2453 2020 2734 2082 orationis,
2768 2037 2926 2088 quam
2959 2022 3011 2075 in
3047 2023 3203 2076 horto
3234 2024 3391 2076 te’rtio
3434 2024 3692 2078 Christus
3738 2038 3852 2080 ora!

2268 2090 2381 2151 vit;
2413 2089 2496 2143 vel
2527 2090 2591 2143 ad
2636 2091 2971 2145 excitandum
3021 2092 3231 2160 pietatis
3260 2093 3531 2159 allectum,
3565 2098 3856 2151 orationis:

2268 2174 2373 2227 que
2403 2160 2796 2214 vehementiam
2846 2171 2902 2216 et
2930 2166 3415 2231 perseverantiam;
3451 2168 3535 2218 vel
3569 2166 3634 2219 ad
3690 2168 3852 2220 hono-

2266 2244 2379 2283 rem
2434 2231 2535 2287 SS.
2577 2230 2892 2295 Trinitatis,
2941 2245 2991 2286 et
3037 2234 3384 2288 imitationem
3430 2236 3677 2289 ctelesns
3720 2237 3853 2292 illius

2268 2300 2495 2369 trisagii,
2526 2316 2633 2370 quo
2677 2302 2841 2356 Deum
2885 2304 3081 2355 trinum
3124 2314 3177 2357 et
3226 2308 3436 2358 unicum
3468 2305 3682 2360 cmlites
3729 2310 3852 2361 ado-

2267 2379 2419 2423 rant:
2444 2387 2562 2439 qure
2585 2373 2763 2443 omnia
2788 2374 2906 2425 fuse
2931 2374 3275 2443 prosequitur
3300 2374 3588 2429 llaeftenus
3620 2376 3721 2430 tib.
3756 2394 3849 2440 vtt.

2269 2449 2432 2521 tract.
2472 2443 2527 2505 6,
2571 2442 2820 2521 disp};
2865 2445 2949 2521 _\'el
2978 2442 3155 2521 etiam
3183 2458 3423 2521 propter
3466 2448 3849 2521 necessitatem

2267 2511 2433 2564 divini
2464 2511 2643 2565 auxilii
2669 2513 2733 2565 ad
2761 2514 2942 2567 tamles
2977 2514 3086 2567 Deo
3112 2514 3289 2569 debite
3327 2518 3733 2579 concinemlas;
3773 2520 3850 2572 vel

2269 2583 2505 2654 tandem
2532 2583 2610 2654 ad
2644 2583 3117 2654 demonstrandum
3162 2601 3320 2654 quam
3366 2588 3552 2640 stricto
3587 2586 3732 2639 labia
3783 2592 3851 2641 si-

2270 2650 2436 2705 leutio
2462 2652 2713 2707 claudere
2743 2652 3056 2720 debeamus,
3086 2650 3205 2721 quae
3242 2672 3344 2709 non
3375 2656 3474 2709 nisi
3507 2666 3626 2723 post
3655 2658 3849 2711 trinam

2269 2722 2434 2795 divini
2486 2723 2716 2795 numinis
2757 2722 3174 2789 invocationem,
3221 2726 3376 2795 idque
3407 2727 3472 2779 ad
3510 2722 3846 2782 laudandum

2272 2791 2439 2845 Deum
2471 2793 2667 2861 aperiri
2693 2809 2915 2848 necesse
2946 2797 3035 2848 sit.

2344 2863 2513 2937 Porro
2554 2862 2709 2937 hunc
2728 2879 2939 2918 versum
2982 2866 3399 2937 pronuntiando,
3432 2865 3601 2936 digito
3643 2867 3852 2937 signum

2270 2936 2449 2988 erucis
2502 2935 2554 2987 in
2601 2949 2661 2988 os
2691 2935 3003 2998 fortnamus,
3043 2945 3104 2990 ut
3145 2937 3335 2990 eadem
3375 2935 3652 3003 aperiatur
3695 2935 3851 3001 clari,

2270 3019 2375 3073 qua
2423 3005 2595 3073 pridie
2624 3005 2933 3059 obseratum
2979 3010 3171 3061 fuerat.
3220 3006 3412 3060 Narrat
3448 3009 3591 3061 enim
3646 3008 3854 3063 Beletus

2273 3071 2363 3142 (In
2394 3071 2581 3141 eirplic.
2605 3076 2768 3129 divini
2795 3076 2924 3145 ofﬁc.
2954 3093 3067 3146 cap.
3095 3078 3186 3147 24)
3227 3077 3411 3145 primis
3440 3077 3701 3133 Ecclesitr.
3728 3092 3847 3132 tem.

2276 3146 2492 3211 poribus
2522 3147 2827 3200 sacerdotes
2873 3151 3050 3202 crucis
3100 3146 3375 3217 signiculo
3422 3164 3543 3202 sese
3572 3151 3851 3211 muniisse.

2274 3228 2460 3287 vocem
2494 3217 2911 3287 cotuprimentes
2942 3218 3006 3271 ad
3056 3230 3261 3286 tempus
3310 3233 3478 3287 usque
3509 3223 3854 3287 matutinum,

2274 3297 2381 3352 quo
2427 3286 2478 3338 in
2514 3286 2721 3338 laudem
2773 3287 2862 3339 Dei
2903 3290 3322 3355 prorumpebant
3352 3305 3365 3340 :
3400 3286 3539 3342 unde
3587 3286 3855 3344 Honorius

2281 3356 2785 3428 Augustodunensis
2810 3356 3033 3425 (Gemm.
3060 3360 3247 3410 aniuue
3276 3358 3368 3412 lib.
3404 3373 3459 3421 ll,
3488 3375 3606 3427 cap.
3644 3358 3698 3428 1)
3735 3378 3752 3409 ι
3788 3362 3858 3413 si-

2279 3440 2403 3493 gua,
2437 3426 2596 3497 263
2628 3426 2819 3495 inquit,
2854 3428 3111 3482 militibus
3150 3444 3244 3495 per
3274 3428 3427 3481 tubas
3455 3426 3687 3491 dantur,
3708 3429 3860 3483 Chri-

2279 3497 2469 3549 Stiauis
2496 3500 2644 3565 signa
2668 3511 2826 3564 camp
2846 3500 2943 3550 unis
2967 3499 3185 3559 dantur,
3210 3500 3297 3566 qui
3321 3499 3470 3565 quasi
3501 3500 3707 3553 milites
3734 3515 3860 3552 con-

2282 3567 2556 3635 venientes
2602 3569 2981 3635 imperatorem
3039 3571 3291 3628 salutant,
3338 3576 3462 3620 dum
3506 3585 3599 3633 per
3650 3584 3859 3621 versum

2286 3634 2520 3700 Domine,
2549 3634 2693 3689 labia,
2735 3652 2846 3690 utea
2890 3640 3087 3705 aperire
3121 3639 3304 3690 laudes
3342 3636 3540 3691 Christi
3584 3640 3856 3691 inchoato.

2284 3706 2584 3777 Dumrenitn
2616 3706 2665 3759 in
2698 3719 2852 3762 nocte
2881 3710 3169 3761 dormitum
3200 3717 3351 3769 eunt,
3379 3709 3656 3777 signaculo
3685 3723 3861 3761 crucis

2281 3776 2436 3843 quasi
2476 3777 2653 3845 sigillo
2700 3793 2758 3832 se
2799 3780 3063 3842 muniunt,
3090 3794 3207 3846 qu:e
3255 3793 3397 3831 nunc
3435 3776 3704 3845 aperiunt,
3737 3786 3863 3833 dum

2283 3862 2375 3899 ora
2402 3849 2455 3900 in
2498 3856 2655 3903 nocte
2684 3849 2861 3901 clausa
2890 3849 2955 3902 ad
2991 3847 3197 3903 laudem
3229 3849 3319 3901 Dei
3349 3848 3582 3902 solvunt.
3621 3866 3641 3900 ι

2355 3916 2449 3970 Cui
2473 3920 2854 3988 subjungendas
2875 3930 2947 3973 est
2971 3924 3146 3971 tertius
3177 3920 3402 3982 psalmus
3423 3927 3469 3970 et
3491 3916 3703 3987 gloria]
3720 3918 3867 3972 llunc

2285 3989 2447 4041 etiam
2485 3990 2745 4055 psalmum
2778 3990 3054 4043 nocturnis
3084 3989 3332 4057 praemitti
3358 3990 3522 4040 voluit
3552 3988 3611 4042 8.
3647 3989 3868 4041 Benedi-

2285 4068 2424 4124 ctus,
2469 4059 2555 4112 vt-l
2586 4065 2705 4128 quia
2739 4062 2801 4112 de
2848 4061 3013 4113 somni
3056 4060 3367 4113 surrectione
3416 4059 3570 4121 dicit,
3618 4071 3677 4111 ut
3722 4062 3871 4112 aiunt

2291 4130 2628 4184 llildemarus
2656 4138 2710 4183 et
2741 4131 3045 4196 Durandns,
3081 4129 3160 4183 vel
3192 4130 3314 4197 quia
3360 4128 3427 4182 de
3472 4132 3871 4181 resurrectione

2292 4200 2499 4255 Domini
2531 4215 2726 4270 agens,
2761 4204 2884 4253 dum
2935 4201 3081 4253 illum
3113 4202 3260 4252 audit
3293 4198 3609 4270 monachus,
3639 4199 3871 4267 pervigi-

2289 4271 2391 4324 lem
2419 4286 2478 4324 se
2508 4269 2584 4325 et’
2613 4271 2863 4324 devotum
2913 4271 2979 4324 ad
3031 4270 3241 4338 vigilias
3265 4269 3497 4322 cus'odit
3520 4309 3534 4330 ,
3596 4281 3654 4319 ut
3682 4271 3875 4323 dnt'enl

2292 4342 2453 4395 Bern.
2504 4342 2653 4393 Cass.
2700 4352 2753 4394 et
2804 4342 3236 4402 Turrecremata,
3291 4340 3375 4391 vel
3426 4340 3548 4405 quia
3598 4355 3695 4402 per
3728 4341 3874 4392 illum

2298 4430 2314 4461 ι
2351 4422 2537 4463 contra
2566 4410 2914 4465 adversantes
2943 4412 3237 4475 daemones,
3263 4408 3517 4462 mundum
3550 4410 3801 4462 Videlicet
3824 4422 3880 4463 et

2292 4495 2321 4530 c
2341 4496 2533 4543 truetn,
2556 4481 2795 4535 divinum
2817 4483 3094 4534 invocatur
3115 4480 3395 4541 auxilium,
3421 4497 3439 4529 ι
3473 4489 3527 4531 ut
3561 4494 3589 4530 a
3634 4480 3710 4532 dit
3738 4482 3877 4533 idem

2295 4551 2616 4604 Bernnrdns.
2653 4550 2825 4619 Ipsum
2854 4551 3015 4605 etiam
3040 4552 3288 4621 prtcmitti
3309 4550 3495 4612 voluit,
3523 4558 3579 4601 ttt
3608 4553 3882 4619 negligen-

2298 4622 2521 4675 tioiibus
2552 4631 2763 4689 tempus
2791 4621 3192 4676 sitoccurrendi
3216 4622 3280 4672 ad
3309 4620 3697 4682 invitatoriam,
3723 4622 3879 4673 sicuti

2220 4703 2273 4764 ι)
2298 4694 2362 4747 ad
2388 4693 2571 4746 laudes
2594 4694 2854 4759 psalmum
2874 4707 2993 4746 uvt
3019 4692 3294 4761 prtemisit,
3311 4700 3367 4743 ut
3383 4703 3572 4744 omnes
3595 4701 3885 4745 occurrant

2298 4765 2361 4817 ad
2388 4764 2912 4832 quinquagesimum.

2329 4835 2337 4847 '
2372 4832 2437 4886 Et
2468 4830 2698 4905 glarea]
2738 4834 2867 4900 Qum
2921 4831 3113 4905 nerito
3162 4831 3393 4905 psolmo‘
3424 4831 3613 4905 tertio,
3673 4830 3725 4882 in
3782 4846 3886 4897 quo

2299 4902 2484 4970 agitur
2499 4905 2565 4956 de
2586 4902 2784 4955 Christi
2815 4904 3229 4963 resurrectione,
3277 4902 3639 4969 subiungitur,
3672 4905 3802 4969 quia
3837 4904 3883 4953 in

2300 4990 2360 5028 ea
2382 4974 2477 5029 Dei
2503 4974 2668 5041 gloria
2688 4974 2988 5040 specialiter
3007 4972 3346 5040 praedicatur,
3375 4972 3545 5033 inquit
3577 4973 3884 5025 Bernartius

2300 5044 2662 5100 Cassinensis.
2694 5044 2859 5098 Porro
2878 5044 3020 5097 circa
3045 5043 3594 5111 huucglorilicatiouis
3622 5042 3883 5112 hymnum

2302 5117 2401 5169 tria
2459 5125 2582 5169 sunt
2625 5115 2999 5169 observanda:
3046 5117 3105 5167 1°
3160 5128 3190 5165 a
3237 5129 3345 5183 quo
3401 5115 3471 5166 sit
3514 5114 3884 5179 compositus;

2297 5186 2355 5239 2'
2384 5187 2505 5254 quis
2545 5187 2690 5239 illius
2743 5184 3115 5255 pronuntiandi
3176 5182 3397 5248 modus;
3450 5184 3506 5238 5'
3563 5182 3687 5253 quis
3738 5183 3881 5236 illius

2300 5272 2445 5311 usus.

2374 5327 2525 5392 Quod
2551 5335 2757 5396 spectat
2786 5325 2851 5379 ad
2878 5326 3139 5395 primum,
3180 5342 3199 5375 ι
3230 5323 3359 5396 Illud
3388 5323 3752 5396 crrtissimum
3787 5331 3883 5379 est.

2304 5400 2559 5469 hymnum
2586 5394 2992 5467 glorilicatinnis
3034 5398 3101 5450 ab
3128 5394 3390 5469 apostolis
3439 5394 3830 5469 compositum.
3860 5405 3884 5442 a

2309 5466 2555 5523 l’atribus
2586 5466 2815 5522 Nicaeuis
2842 5474 3075 5534 aucttmt,
3110 5468 3179 5519 ab
3227 5467 3475 5518 universa
3529 5466 3772 5519 Ecclesia
3801 5479 3885 5516 re-

2316 5554 2552 5605 ceptum.
2582 5542 2725 5592 omni
2754 5538 3048 5593 reverentia
3100 5537 3420 5590 cantandum
3444 5550 3565 5605 esse
3592 5575 3606 5595 ,
3647 5554 3667 5585 ο
3720 5534 3888 5600 inquit

2316 5604 2604 5665 cardinalis
2631 5610 2770 5662 Bona
2796 5609 2897 5680 (De
2928 5611 3031 5680 diu.
3054 5605 3396 5680 Prulm.cap.
3428 5605 3513 5669 lli,
3549 5604 3577 5675 §
3601 5604 3678 5673 ὸ).
3707 5605 3886 5655 Mana-

2319 5683 2393 5735 vit
2428 5697 2557 5751 ergo
2588 5680 2650 5732 ad
2684 5697 2779 5733 nos
2805 5677 3096 5751 apostolica
3134 5677 3447 5751 traditione;
3469 5684 3651 5751 atque
3676 5690 3887 5751 ιιι-τίνει

2319 5762 2441 5807 runt
2469 5742 2557 5821 q'ui
2584 5766 2650 5808 ex
2680 5742 3018 5807 Theodorelo
3050 5750 3084 5803 l.
3110 5763 3147 5803 tt
3174 5747 3312 5803 llist.
3358 5742 3589 5812 Ecclesi,
3619 5759 3736 5813 cap.
3782 5742 3853 5796 ει
3872 5766 3883 5811 ;
