4074 6356
233 340 340 396 425

1300 345 1581 405 REGULA
1618 343 2113 405 COMMENTATA.
2152 343 2305 402 CAP.
2340 344 2432 401 IX.

3407 341 3513 399 426

231 458 538 531 Sozomeno
560 459 651 519 lib.
703 473 781 527 ιιι,
829 472 949 530 cap.
986 458 1084 525 19;
1134 458 1423 531 Tripartita
1458 460 1552 515 lib.
1585 475 1656 527 ιν,
1688 475 1807 528 cap.
1841 463 1894 523 Α
1921 460 2023 529 (De
2060 458 2231 531 Dtviu.
2291 457 2490 513 Psalm.
2524 472 2640 531 cap.
2663 456 2769 531 416,
2802 455 2828 531 §
2858 454 2913 526 5)
2953 467 2982 509 a
3037 451 3257 512 Nicaano
3285 457 3515 512 concilio

231 530 340 593 35;
372 530 570 585 clarius
596 547 661 585 ex
690 531 990 601 Nicephoro
1021 532 1115 586 lib.
1146 530 1807 601 tx,'cap.‘24,Flavianum

231 601 550 656 monachum
574 602 963 658 Antiochenum
997 602 1152 672 hujus
1182 604 1364 673 hymni
1399 602 1597 657 faciunt
1621 612 1809 656 aucto-

232 686 367 725 rem.
411 673 544 727 Cum
569 674 712 728 enim
743 674 993 728 catholici
1020 676 1316 742 imperante
1364 673 1681 727 Constantio
1711 674 1811 727 Pa-

232 750 371 796 trem
418 757 539 797 cum
584 743 720 798 Filio
747 745 863 813 pari
911 745 1077 809 gloria
1108 743 1463 809 celebrarent,
1522 752 1578 797 et
1628 744 1810 797 Ariani

231 813 490 884 anibiguis
522 815 882 869 locationibus
905 814 1095 869 Filium
1114 815 1596 869 Patreinferiorem
1630 824 1813 868 osten-

233 883 363 938 dere
385 883 745 948 conarentur;
788 885 1107 949 Flavianus,
1141 894 1200 939 ut
1246 886 1396 940 aiunt
1446 886 1575 950 isti,
1627 896 1810 941 coacta

232 957 618 1025 monachorum
647 966 860 1010 caterva
888 1000 901 1024 ,
960 959 1164 1025 primus
1211 956 1448 1010 omnium
1502 958 1648 1011 clara
1680 971 1812 1010 voce

233 1026 466 1095 cantavit
494 1024 671 1080 Gloria
708 1023 1027 1091 Putri,'et_F
1030 1027 1141 1095 ilio,
1175 1037 1220 1080 et
1244 1026 1466 1095 Spiritui
1488 1038 1682 1081 sancto.
1705 1027 1812 1082 Sed

233 1094 377 1168 hunc
399 1097 670 1168 hymnum
703 1096 956 1153 Flaviana
1004 1094 1359 1166 antiquiorem
1408 1098 1659 1153 evincunt
1708 1098 1808 1153 SS.

230 1165 506 1221 Athanasii
538 1179 592 1222 et
648 1167 826 1223 Basilii
878 1165 1245 1223 auctoritates.
1294 1169 1352 1223 5.
1405 1168 1727 1223 Athanasius
1758 1171 1809 1223 in

232 1235 326 1292 lib.
352 1238 420 1292 de
473 1236 618 1308 Virg.
652 1254 667 1292 :
698 1256 718 1290 ι
752 1239 886 1294 Cum
929 1239 1230 1294 surrexeris
1286 1255 1316 1293 a
1345 1253 1551 1301 mensa,
1610 1240 1807 1308 inquit,

233 1321 447 1380 rursum
467 1312 667 1377 gratias
687 1311 895 1380 agendo
927 1320 1007 1363 ter
1028 1310 1175 1364 dicas
1199 1327 1213 1364 :
1241 1308 1535 1380 Misericors
1576 1320 1622 1364 et
1652 1312 1811 1365 misc—

230 1388 373 1431 rator
396 1378 643 1433 Dominus
664 1378 831 1434 escam
851 1380 990 1434 dedit
1011 1381 1297 1434 timentibus
1312 1396 1368 1435 se
1390 1396 1409 1435 :
1438 1378 1617 1435 Gloria
1641 1380 1808 1445 Patri,

230 1457 281 1521 et
308 1445 470 1521 Filio,
491 1461 538 1521 et
561 1450 784 1520 Spiritui
810 1459 1024 1514 sancto;
1052 1466 1370 1521 rursumque
1392 1460 1513 1520 post
1539 1460 1811 1521 peractam

230 1519 675 1588 gloriticationem
718 1537 911 1591 preces
951 1533 1067 1577 tuas
1120 1519 1447 1577 absolves.)
1476 1519 1555 1577 Si
1586 1522 1813 1577 Basilius

231 1603 363 1644 vero
416 1592 471 1646 in
523 1592 663 1647 libro
705 1597 773 1647 de
825 1593 1024 1659 Spiritu
1068 1602 1277 1656 sancto,
1307 1606 1465 1660 capp.
1500 1594 1530 1645 7
1565 1611 1578 1646 :
1617 1612 1634 1643 ι
1666 1592 1809 1660 Qua-

231 1669 452 1733 propter
465 1663 867 1732 glorificationis
886 1664 1140 1733 hymnum
1161 1663 1301 1718 Patri
1329 1663 1488 1717 simul
1526 1679 1644 1718 cum
1679 1663 1812 1718 Filio

228 1730 660 1800 oderimu's;sed
707 1750 885 1789 nonne
916 1730 1017 1789 hoc
1068 1734 1223 1788 nobis
1272 1734 1502 1797 sut‘ticit.
1529 1735 1666 1800 quod
1698 1735 1813 1789 luce

230 1798 451 1873 Patrum
480 1807 550 1858 sit
572 1805 823 1859 traditio?
854 1825 870 1857 ι
904 1805 1049 1860 Idem
1072 1806 1229 1860 docet
1247 1819 1369 1873 cap.
1396 1804 1463 1857 ‘27
1492 1798 1642 1859 (ξι-29
1670 1804 1812 1873 ejus-

228 1872 358 1945 dem
387 1874 529 1940 libri,
557 1876 647 1930 ubi
678 1875 789 1943 agit
815 1876 884 1930 de
905 1876 1280 1931 traditionibus
1304 1872 1628 1945 apostolicis.
1659 1872 1812 1943 Ejus-

228 1941 358 1998 dem
388 1960 601 2014 quoque
628 1941 812 2016 hymni
846 1948 904 2001 fit
943 1946 1144 2002 mentio
1196 1947 1247 2000 in
1283 1941 1396 1999 Vita
1427 1946 1483 2001 S.
1534 1941 1809 2015 Eugenize,

228 2028 357 2084 qua:
375 2015 476 2069 sub
496 2015 790 2071 Commodo
838 2018 1162 2083 imperatore
1213 2016 1434 2072 ﬂoruit:
1475 2035 1492 2067 ι
1532 2018 1596 2071 Et
1642 2018 1813 2085 angeli

230 2094 580 2158 transeuntes
610 2087 865 2158 hymnum
915 2085 1025 2142 Deo
1074 2086 1321 2158 dicebant
1351 2106 1362 2139 :
1398 2086 1499 2158 hoc
1530 2088 1701 2142 solum
1734 2090 1816 2141 in-

234 2156 596 2228 telligebatur,
635 2156 777 2228 quod
806 2174 1002 2213 nomen
1052 2158 1181 2213 Jesu
1234 2156 1434 2228 Christi
1492 2168 1541 2212 et
1588 2160 1816 2228 Spiritus

231 2227 411 2280 sancti
439 2227 490 2281 in
539 2226 668 2294 ipsis
703 2230 952 2284 laudibus
998 2230 1322 2283 resonabat:
1352 2226 1532 2282 Gloria
1559 2240 1604 2282 et
1630 2226 1816 2283 ‘houor

233 2295 406 2370 Patri,
432 2306 478 2351 et
505 2296 663 2363 Filio,
697 2310 743 2353 et
768 2299 990 2368 Spiritui
1017 2306 1214 2364 sancto,
1250 2308 1299 2353 et
1325 2314 1479 2359 nunc.
1505 2309 1551 2353 et
1594 2316 1811 2370 semper,

233 2376 283 2421 et
304 2369 359 2421 iu
382 2371 569 2422 alecula
587 2370 913 2424 saeculorum.
944 2373 1123 2425 Amen.
1162 2390 1181 2421 ι

313 2438 474 2511 264
523 2439 861 2512 Quapropter
905 2442 1045 2512 quod
1100 2440 1395 2496 Walfridus
1456 2441 1508 2495 in
1566 2441 1700 2495 libro
1748 2439 1816 2495 de

237 2508 418 2581 Rebus
437 2508 656 2565 ecclesf
687 2508 806 2581 cap.
837 2508 1127 2576 25'asserit
1149 2528 1176 2565 a
1218 2527 1411 2581 magno
1440 2512 1656 2566 Nicamo
1683 2526 1813 2566 con-

235 2580 363 2653 cilio
384 2580 956 2653 compositumfuisse,
974 2580 1377 2653 intelligendum
1406 2592 1490 2638 est
1517 2583 1584 2638 de
1613 2598 1815 2652 appen-

234 2651 357 2706 dice
388 2651 533 2709 Sicut
563 2663 695 2717 erat,
723 2663 854 2719 etc.,
876 2669 1036 2722 quam
1067 2651 1250 2709 revera
1280 2669 1346 2709 eo
1377 2655 1431 2708 in
1455 2651 1695 2709 concilio
1717 2653 1817 2707 ad-

235 2722 401 2778 ditam
424 2724 586 2779 fuisse
606 2723 763 2780 docet
794 2724 1075 2779 cardinalis
1094 2725 1258 2789 Bona,
1278 2725 1515 2793 idquead
1537 2725 1820 2779 obstruen-

236 2793 362 2848 dum
390 2796 707 2863 sacrilegum
746 2812 808 2850 os
848 2797 1170 2850 Arianorum
1232 2796 1739 2865 blasphemantium,
1765 2804 1822 2850 et

241 2866 599 2936 asserentinm
625 2867 793 2922 fuisse
836 2876 1045 2936 tempus
1068 2882 1188 2920 cum
1222 2866 1390 2921 Filius
1418 2882 1523 2921 non
1550 2876 1667 2921 erat
1694 2881 1819 2920 cum

240 2935 435 3000 Patre;
495 2936 545 2990 id
576 2937 721 3005 quod
770 2935 958 2992 testari
1000 2937 1215 2991 videtur
1241 2938 1528 2992 concilium
1560 2937 1815 3003 Vasense,

238 3019 334 3060 seu
368 3008 695 3074 Vasatense,
726 3007 907 3063 verius
940 3008 1271 3063 Vasionense
1300 3024 1348 3074 ι,
1383 3009 1434 3061 in
1468 3008 1639 3063 Gallia
1663 3008 1820 3077 paulo

240 3085 363 3148 post
392 3076 697 3141 Niczenum,
732 3089 974 3148 tempore
998 3078 1297 3133 Constantii
1333 3079 1691 3147 imperatoris,
1719 3079 1830 3133 sub.

237 3146 382 3203 Julio
414 3164 545 3218 papa
568 3146 896 3205 celebratum
924 3190 940 3215 ,
996 3149 1118 3204 licet
1171 3149 1288 3217 ejus
1319 3146 1553 3205 canones
1582 3150 1822 3204 existant

1842 1846 1891 1908 B

1919 531 2158 583 additum
2202 529 2350 586 Sicut
2375 538 2485 585 erat
2515 530 2569 582 iu
2594 529 2872 599 principio,
2913 537 2963 580 et
2987 544 3145 591 nunc,
3192 536 3240 581 et
3290 544 3511 595 semper,

1916 612 1962 655 ct
1988 602 2041 653 in
2070 604 2258 655 stecula
2298 598 2625 662 mentorum.
2659 599 2854 665 Amen;
2904 598 3045 663 quod
3077 601 3242 655 etiam
3278 600 3514 654 vidimus

1916 680 2171 727 statutum
2200 672 2250 725 in
2274 673 2504 726 concilio
2532 670 2867 725 Vasionensi.
2901 667 2969 724 Et
2996 678 3179 724 tamen
3209 671 3261 724 in
3296 668 3418 723 Vita
3447 671 3510 726 S.

1921 744 2196 811 Eugeniae,
2220 743 2272 797 in
2294 744 2527 811 Liturgia
2550 742 2607 797 S.
2627 741 3077 812 Joan.Chrysost.
3105 749 3159 795 et
3186 740 3325 811 apud
3349 740 3513 795 Joan-

1917 830 2038 868 nem
2062 813 2333 869 Moschum
2362 814 2413 867 in
2440 814 2597 867 l’rato
2615 812 2839 881 Spiritali
2871 826 2919 867 c.
2957 812 3079 877 “9,
3114 813 3228 866 sola
3272 813 3383 865 lucc
3417 815 3512 866 ha-

1915 884 2073 940 betur
2102 886 2341 940 clausula
2367 902 2380 939 :
2418 883 2595 950 Nunc,
2622 893 2667 938 et
2693 900 2908 954 semper,
2938 892 2985 937 et
3005 884 3058 937 in
3082 884 3272 938 saecula
3295 885 3513 937 swculo-~

1916 972 2052 1021 rum,
2086 956 2275 1018 Amen;
2322 971 2490 1027 quam,
2521 956 2691 1009 solam
2721 955 2859 1027 apud
2883 954 3102 1027 Graecos
3130 955 3183 1008 in
3215 970 3313 1027 usu
3343 954 3511 1027 fuisse

1916 1036 2103 1081 auctor
2141 1037 2223 1081 est
2271 1024 2564 1080 walfridus
2611 1040 2731 1092 cap.
2778 1026 2867 1080 25.
2899 1024 3127 1091 Quidam
3181 1024 3346 1079 etiam
3392 1024 3510 1081 haec

1915 1099 2075 1152 verba
2111 1106 2314 1152 tantum
2345 1096 2647 1167 addebant;
2673 1094 2740 1148 In
2765 1097 2956 1151 siccata
2972 1096 3296 1161 sa’culorum,
3323 1096 3507 1167 Amen,

1916 1177 1975 1223 ut
2005 1168 2190 1222 videre
2220 1179 2302 1224 est
2332 1168 2384 1222 in
2407 1182 2560 1221 conc.
2593 1166 2762 1221 Tolet.
2799 1183 2874 1222 tv.

1988 1240 2146 1310 265
2178 1239 2331 1293 Nunc
2352 1240 2419 1293 de
2451 1253 2549 1292 usu
2580 1237 2736 1305 hujus
2762 1236 3018 1310 versiculi
3074 1236 3273 1310 aliquid
3325 1232 3509 1310 profef

1916 1304 2162 1365 rea—dum.
2212 1312 2264 1364 In
2300 1310 2405 1364 line
2449 1304 2707 1377 cujusque
2739 1309 2925 1376 psalmi
2954 1322 2985 1361 a
3030 1304 3180 1363 nobis
3231 1304 3509 1363 decantari

1916 1381 2075 1445 Solet,
2109 1382 2354 1450 liuncque
2368 1382 2525 1435 ritum
2550 1381 2606 1433 5.
2633 1379 2958 1450 Hieronymo
2986 1380 3197 1447 quidam
3223 1391 3508 1449 perperam

1914 1453 2209 1509 ascribunt.
2251 1467 2372 1506 cum
2405 1452 2495 1505 illa
2519 1450 2766 1517 epistola,
2799 1450 2939 1503 unde
2978 1450 3028 1503 id
3061 1450 3353 1514 deducunt,
3388 1460 3507 1503 tan-

1916 1537 2073 1590 quam
2124 1523 2253 1577 falsa
2310 1522 2378 1576 ab
2429 1522 2655 1577 eruditis
2703 1521 2832 1575 viris
2882 1523 3075 1574 merito
3113 1521 3430 1589 explodatur
3483 1534 3502 1572 :

1915 1608 2039 1646 nam
2071 1595 2123 1647 in
2153 1609 2214 1648 ea
2243 1593 2440 1648 dicitur
2491 1594 2560 1647 ita
2587 1592 2708 1645 cani
2755 1592 2808 1645 in
2861 1592 3100 1654 Oriente,
3132 1592 3272 1660 quod
3317 1592 3507 1645 falsum

1916 1678 2035 1718 esse
2062 1666 2331 1719 convincit
2380 1665 2519 1718 istud
2577 1662 2815 1717 Cassiani
2868 1663 3228 1716 teStimoninm
3276 1661 3409 1731 (Lib.
3445 1676 3503 1725 ll,

1918 1752 2030 1805 cap.
2057 1736 2111 1804 8)
2139 1752 2152 1789 :
2193 1754 2211 1785 ι
2250 1736 2379 1789 Illud
2412 1747 2587 1789 autem
2613 1734 2821 1802 quodin
2854 1733 2952 1787 hac
2980 1734 3254 1802 provincia
3291 1734 3506 1805 (Massi:

1918 1800 2102 1875 liensi)
2128 1807 2379 1874 vidimus,
2410 1817 2466 1861 ut
2493 1820 2617 1876 uno
2632 1800 2895 1859 'cautaute
2925 1800 2991 1857 in'
3026 1806 3265 1876 clausula
3302 1800 3505 1876 psalmi

1917 1874 2105 1930 omnes
2125 1887 2361 1932 astantes
2382 1874 2668 1932 cuneinant
2687 1892 2810 1930 cum
2829 1877 3087 1940 clamore,
3118 1874 3300 1929 Gloria
3328 1874 3502 1934 l’ttlt‘i.

1915 1945 2149 2013 etFilio,
2200 1958 2247 2001 et
2300 1948 2523 2016 Spiritui
2574 1959 2787 2009 sancto,
2832 1962 3094 2014 nusquam
3142 1962 3237 2013 per
3285 1959 3505 2016 omnem

1916 2018 2189 2073 Orientem
2244 2015 2579 2082 audivimus;
2631 2019 2724 2071 sed
2757 2033 2876 2071 cum
2904 2019 3142 2071 omnium
3171 2017 3408 2075 silentio,
3435 2015 3504 2068 ab

1918 2089 2096 2158 coqui
2138 2100 2319 2144 cantat
2373 2090 2520 2143 linito
2572 2089 2776 2157 psalmo
2802 2090 3097 2143 orationem
3129 2088 3500 2158 succederes

1919 2156 2222 2226 Aliquando
2248 2156 2782 2228 prolixiores’psalmi
2814 2159 3206 2223 dividebantur,
3230 2167 3283 2211 ut
3314 2156 3505 2228 pracci-

1919 2230 1996 2299 pit
2017 2231 2073 2285 S.
2106 2226 2444 2297 Benedictus,
2473 2240 2527 2285 et
2556 2226 2607 2284 in
2657 2231 2762 2283 line
2792 2229 3079 2297 cuju~libet
3106 2230 3383 2282 divisionis
3413 2226 3506 2280 ad-

1918 2301 2144 2355 debatur
2193 2300 2372 2355 Gloria
2425 2302 2607 2366 Patri;
2655 2301 2705 2354 id
2755 2303 2896 2369 quod
2949 2302 3192 2354 decernit
3216 2299 3503 2353 concilium

1920 2372 2264 2427 Narbonense
2314 2374 2398 2428 his
2426 2374 2602 2427 verbis
2634 2370 2786 2441 (Can.
2819 2371 2876 2439 εὶ)
2911 2389 2923 2423 :
2960 2390 2975 2421 ‹
3018 2372 3071 2424 ln
3098 2371 3387 2439 psallendis
3418 2384 3507 2441 or.

1920 2443 2133 2496 dinibus
2166 2459 2259 2510 per
2281 2459 2549 2514 quemque
2582 2439 2844 2510 psalmum
2893 2440 3074 2495 Gloria
3102 2439 3507 2514 dicatur-omni-

1923 2514 2126 2581 potenti
2162 2512 2417 2584 Deo,'per
2431 2514 2664 2584 majores
2687 2528 2814 2568 vero
2844 2514 3100 2582 psalmos,
3120 2521 3279 2583 prout
3308 2512 3508 2565 fuerint

1922 2585 2264 2653 prolixiores.
2297 2586 2641 2655 pausationes
2670 2585 2820 2655 liaut,
2847 2594 2901 2638 et
2931 2599 3025 2653 per
3060 2598 3326 2653 quamqua
3378 2597 3507 2650 pau-

1921 2658 2181 2709 sationem
2217 2654 2398 2711 Gloria
2425 2656 2703 2710 Trinitatis
2736 2654 2961 2709 Domino
2988 2656 3321 2709 decantetur.
3356 2672 3372 2702 ι

1992 2726 2295 2796 Aliquando
2323 2728 2429 2782 duo
2458 2730 2557 2781 sub
2586 2743 2686 2779 una
2719 2724 2896 2779 Gloria
2928 2727 3242 2780 dicebantur
3288 2724 3504 2794 psalmi,

1925 2807 1978 2851 ut
2006 2799 2303 2863 praescribit
2323 2798 2523 2868 Regula
2552 2798 2609 2852 S.
2647 2797 2940 2861 Benedicti,
2980 2800 3071 2850 sed
3096 2798 3146 2850 id
3180 2798 3292 2852 fieri
3327 2798 3507 2864 prohi-

1923 2868 2015 2923 bet
2036 2868 2240 2939 Begula
2265 2867 2498 2938 MagiStri
2528 2884 2647 2935 cap.
2673 2867 2761 2923 53.
2788 2869 2841 2921 In
2865 2868 3083 2922 Oriente
3108 2869 3205 2922 hac
3227 2868 3507 2921 Trinitatis

1922 2938 2313 3008 glorificatione
2358 2940 2678 3007 amiphooas
2705 2940 3074 2993 tantummodo
3103 2941 3389 2993 terminare
3416 2954 3507 2991 so-

1926 3010 2134 3073 lebant,
2166 3017 2226 3063 ut
2266 3010 2451 3065 scribit
2499 3008 2806 3063 Cassianus.
2848 3010 3085 3076 Denique
3116 3012 3167 3064 in
3201 3012 3305 3063 line
3337 3009 3506 3064 ultimi

1924 3080 2253 3150 responsorii
2282 3082 2649 3150 cujuscunque
2679 3082 2924 3136 nocturni
2948 3097 2977 3135 a
3006 3081 3067 3135 S.
3103 3080 3391 3135 Benedicto
3413 3080 3506 3134 de-

1926 3152 2164 3207 cernitur
2184 3152 2309 3213 dici.
2341 3161 2501 3220 atque
2532 3155 2581 3204 in
2604 3152 2961 3219 responsoriis
2983 3152 3222 3206 crebrius
3246 3167 3274 3203 a
3314 3153 3508 3204 Roma.

240 3232 361 3293 cum
388 3217 699 3293 Vasionensi
733 3237 791 3286 ιι,
846 3221 947 3293 sub
973 3219 1153 3293 Leone
1181 3222 1371 3293 Magno
1413 3221 1514 3275 hac
1542 3221 1819 3293 sanctione
1844 3217 1892 3282 C
1924 3226 2008 3278 nis
2035 3226 2280 3293 usurpari
2305 3217 2496 3277 asserit
2520 3217 2809 3276 Wall‘ridus
2831 3238 2949 3291 cap.
2980 3223 3072 3277 25.
3110 3223 3183 3277 De
3211 3223 3323 3293 hoc
3340 3224 3481 3275 versi

239 3290 421 3343 edita:
462 3307 481 3343 ι
518 3290 651 3357 Quia
707 3307 811 3345 non
853 3291 1027 3346 solum
1082 3291 1134 3345 in
1185 3291 1314 3347 sedc
1358 3291 1647 3359 apostolica
1672 3331 1687 3354 ,
1720 3291 1816 3346 sed

238 3362 404 3430 etiam
429 3376 525 3430 per
556 3371 723 3415 totum
753 3361 1026 3416 Orientem
1051 3371 1106 3416 et
1139 3370 1302 3415 totam
1343 3363 1577 3417 Africam
1605 3362 1689 3415 vel
1712 3363 1816 3417 Ita-

239 3426 387 3497 liam,
422 3426 639 3499 prOpter
668 3432 1041 3503 luereticorum
1066 3433 1340 3495 astutiam,
1370 3450 1470 3503 qua
1498 3434 1590 3488 Dei
1622 3432 1815 3487 Filium

240 3515 349 3555 non
375 3517 589 3573 semper
614 3517 733 3556 cum
763 3502 918 3557 Patre
941 3503 1125 3567 fuisse,
1144 3504 1234 3558 sed
1268 3519 1297 3557 a
1320 3502 1563 3573 tempore
1588 3507 1819 3573 omnisse

243 3572 637 3642 blasphemant,
670 3574 721 3627 in
754 3574 1002 3629 omnibus
1018 3575 1269 3631 clausulis
1292 3584 1410 3642 past
1438 3572 1619 3629 Gloria
1645 3572 1814 3640 Patri,

242 3652 287 3694 rt
317 3641 476 3705 Filio,
508 3655 557 3697 et
585 3645 807 3709 Spiritui
836 3655 1033 3711 sancto,
1081 3645 1229 3700 Sicut
1256 3641 1363 3698 erat
1384 3647 1437 3700 in
1467 3647 1735 3716 principio,
1770 3655 1818 3700 ct

241 3728 392 3776 ttttttc,
409 3724 454 3768 et
468 3730 683 3779 semper,
702 3725 748 3767 ct
769 3716 821 3768 in
835 3718 1021 3769 swculu
1047 3717 1373 3781 steculorum,
1404 3718 1563 3770 Amen
1593 3718 1816 3771 dicitur:

239 3785 401 3838 etiam
433 3800 530 3840 nos
550 3785 601 3839 in
630 3786 884 3840 universis
905 3787 1148 3841 ecclesiis
1177 3789 1373 3841 nostris
1405 3790 1504 3844 hoc
1535 3790 1606 3842 ita
1638 3788 1822 3843 dicen-

239 3856 367 3928 dum
398 3870 517 3910 esse
544 3859 903 3911 decernimus.
936 3878 952 3909 ι
989 3859 1300 3928 Quanquam
1334 3861 1448 3914 lucc
1467 3860 1628 3914 verba
1659 3870 1823 3912 totum

242 3926 504 3980 Orientem
562 3928 800 3983 addititia
854 3944 975 3984 esse
1022 3926 1291 3983 existimet
1347 3930 1666 3996 Menardus,
1698 3945 1819 3984 cum

239 4010 503 4069 nusquam
529 4002 791 4066 repereris
807 4000 946 4069 apud
971 3999 1187 4054 Graecos
1211 4000 1357 4055 Sicut
1379 4011 1483 4053 erat
1499 4003 1550 4053 in
1566 4002 1821 4069 principio

243 4068 406 4139 fuisse
438 4070 488 4121 in
514 4084 634 4122 usu.
693 4070 794 4124 Sed
842 4068 899 4124 et
931 4070 1217 4124 Walfridns
1264 4085 1381 4139 cap.
1412 4072 1482 4124 25
1509 4068 1582 4123 ait
1606 4072 1822 4126 Cra-cos

240 4154 348 4191 non
377 4138 557 4193 dicere
586 4141 733 4195 Sicut
758 4152 866 4193 erat
894 4142 944 4194 in
974 4141 1223 4210 principio
1244 4182 1259 4207 ,
1284 4138 1384 4195 sed
1437 4142 1537 4196 hoc
1570 4142 1728 4195 modo
1758 4140 1823 4194 Et

239 4223 397 4273 nunc,
427 4220 475 4263 et
500 4226 717 4279 semper,
752 4220 797 4265 et
824 4214 876 4264 in
904 4213 1093 4266 uacula
1121 4213 1443 4266 circulorum.
1476 4212 1657 4265 Amen.
1788 4260 1791 4263 .

314 4280 498 4351 Modus
526 4283 675 4335 illum
721 4282 1055 4351 exprimendi
1107 4283 1287 4337 varius
1315 4282 1412 4336 fuit
1439 4297 1493 4337 et
1525 4284 1821 4349 multiplex.

241 4351 302 4403 1ο
334 4349 509 4404 Gloria
534 4352 700 4416 Patri,
731 4362 777 4405 et
796 4349 848 4403 'F
853 4354 964 4416 ilio,
993 4363 1041 4407 et
1073 4353 1295 4420 Spiritui
1334 4363 1529 4408 sancto.
1560 4354 1619 4406 2"
1651 4355 1731 4407 Ex
1760 4356 1823 4409 S.

241 4421 441 4491 Basilio
474 4422 564 4477 lib.
598 4424 663 4479 de
691 4424 835 4490 Spir.
869 4434 1055 4479 sancto
1093 4438 1212 4491 cap.
1242 4423 1343 4477 27:
1376 4423 1554 4478 Gloria
1579 4424 1747 4490 Patri,
1778 4434 1826 4479 et

242 4489 405 4557 Filio,
435 4510 549 4546 cum
581 4494 641 4549 S.
696 4489 921 4560 Spiritu.
977 4494 1033 4551 5°
1062 4489 1241 4548 Gloria
1286 4506 1333 4549 et
1373 4495 1537 4550 honor
1565 4489 1742 4559 Patri,
1777 4506 1826 4549 et

240 4563 400 4636 (filio,
430 4576 494 4636 et
524 4566 743 4636 Spiritui
787 4576 962 4620 sancto
991 4581 1012 4621 :
1037 4567 1125 4634 qui
1180 4565 1370 4621 modus
1419 4568 1736 4634 exprimitur
1768 4568 1820 4621 in

242 4634 356 4705 Vita
389 4636 446 4690 5.
481 4634 730 4704 Eugeniae
761 4651 919 4705 supra
946 4638 1128 4701 citata,
1158 4646 1213 4690 et
1260 4638 1568 4691 decernitur
1599 4638 1651 4691 in
1693 4653 1819 4692 cou-

240 4704 365 4759 cilin
411 4706 671 4761 'l‘oletauo
722 4704 1092 4771 tv,’can.l«i,
1148 4707 1231 4761 his
1278 4709 1497 4762 verbis:
1539 4726 1556 4758 t
1607 4707 1661 4760 ln
1717 4712 1822 4763 line

238 4777 566 4848 psalmorum
596 4794 724 4848 non
766 4780 903 4832 sicut
930 4796 958 4831 a
988 4778 1306 4848 quihusdam
1340 4781 1615 4848 hucusque
1640 4777 1820 4832 Gloria

238 4845 422 4919 Patri,
450 4848 551 4919 sed
579 4847 759 4902 Gloria
788 4858 835 4919 et
874 4845 1036 4903 honor
1066 4850 1217 4902 Patri
1241 4850 1470 4912 dicatur,
1508 4845 1669 4903 David
1699 4866 1822 4919 pro-

238 4918 398 4989 pheta
430 4918 641 4973 dicente
683 4937 696 4972 :
729 4918 921 4985 Alfene
951 4921 1173 4974 Domino
1204 4920 1420 4989 gloriam
1440 4932 1487 4974 et
1517 4918 1814 4973 honorem.»

237 4987 300 5059 ιτ)
331 4989 511 5043 Atiaui
542 4990 719 5045 verbis
766 4991 1009 5058 Apostoli
1058 4991 1123 5045 ad
1154 4987 1265 5045 sua:
1297 4993 1564 5046 haereseos
1594 4990 1823 5059 patroci-

237 5057 387 5112 nium
414 5060 718 5125 abutentes,
750 5057 825 5114 ita
866 5062 1162 5117 efferebant
1189 5077 1205 5116 :
1238 5061 1415 5116 Gloria
1441 5057 1696 5129 Patri'per
1731 5061 1824 5115 Fi-

236 5129 364 5182 lium
389 5130 440 5182 in
471 5131 673 5200 Spiritu
696 5144 896 5197 sancto,
944 5144 1003 5187 ut
1042 5141 1253 5187 constat
1276 5148 1341 5188 ex
1373 5133 1713 5188 Theodoreto
1739 5133 1774 5188 Ι.
1806 5148 1821 5187 l

236 5200 374 5254 Hist.
406 5206 566 5265 eccl.,
599 5217 646 5263 c.
672 5201 764 5265 ει,
795 5203 882 5258 ubi
913 5204 1169 5259 Leontius
1200 5203 1499 5272 patriarcha
1532 5204 1823 5258 Antioche-

236 5286 359 5345 nus,
389 5281 444 5345 ut
466 5272 826 5345 dissimularet
852 5274 1123 5345 hairesitn,
1174 5289 1294 5345 cum
1326 5284 1469 5329 esset
1517 5274 1584 5345 in_
1610 5276 1820 5345 synaxi,

235 5344 353 5415 haec
381 5343 619 5410 ejusdem
648 5344 1011 5415 hymniverba
1034 5343 1214 5398 Gloria
1242 5343 1393 5398 Patri
1422 5361 1511 5415 per
1542 5343 1740 5399 Filium
1770 5348 1823 5399 in

238 5414 443 5482 Spiritu
468 5423 645 5467 sancto
677 5414 944 5469 submisse
966 5415 1210 5477 dicebat;
1240 5414 1442 5484 reliqua
1475 5431 1605 5470 vero
1653 5417 1706 5470 in
1728 5434 1824 5471 sa:—

234 5484 355 5558 cula
376 5486 683 5539 satculorum
724 5485 868 5539 clare
909 5494 975 5558 et
1016 5485 1285 5540 distincte.
1317 5486 1379 5558 5}”
1427 5485 1648 5552 Vigilius
1689 5504 1823 5558 papa

234 5557 394 5628 epist.
427 5572 441 5609 ι
470 5560 630 5610 etiam
659 5555 1013 5628 quorumdam
1062 5555 1408 5628 reprehendit
1438 5555 1702 5623 errorem,
1734 5555 1825 5626 qui

235 5625 501 5680 Subducta
531 5642 635 5680 una
656 5625 994 5694 eottjunctiva
1011 5626 1235 5698 syllaba,
1264 5628 1558 5698 perfectum
1583 5628 1679 5683 SS.
1705 5629 1822 5683 Tri-

236 5699 419 5751 nitatis
474 5698 789 5751 vocabulum
859 5696 1101 5753 minuere
1160 5696 1532 5764 conabantur,
1584 5698 1823 5756 dicentes

236 5766 418 5823 Gloria
455 5766 600 5821 Patri
624 5777 671 5835 et
694 5765 835 5822 Filio
860 5768 1082 5836 Spiritui
1108 5776 1308 5825 sancto.

308 5841 459 5908 Quod
480 5849 691 5909 spectat
715 5839 782 5893 ad
803 5839 1179 5909 appendicem,
1199 5839 1437 5896 Joannes
1452 5839 1595 5894 Bona
1625 5840 1822 5897 asserit

506 5943 780 6007 llnnos.
830 5953 1032 6016 LXVI
1047 5997 1064 6016 .

1922 3295 2047 3348 culo
2075 3291 2357 3349 tractatum
2415 3295 2775 3364 Anagogicnm
2806 3294 2973 3347 edidit
3016 3295 3251 3348 Joannes
3282 3291 3507 3359 Gerson,

1920 3380 2077 3437 quem
2106 3367 2350 3431 consule,
2377 3366 2420 3418 si
2450 3363 2618 3429 lubet,
2647 3375 2775 3419 tom.
2810 3363 2877 3418 lll
2904 3365 2971 3419 de
3003 3365 3212 3437 Hymno
3234 3365 3435 3434 glorite.

1994 3436 2118 3490 Post
2143 3438 2280 3489 [tunc
2305 3437 2533 3507 psalmus
2560 3438 2916 3505 nonagesimus
2936 3436 3196 3507 quartus.]
3250 3441 3505 3489 lnvitato-

1919 3508 2031 3561 rius
2061 3508 2320 3577 appellari
2349 3507 2557 3575 solitus,
2591 3523 2748 3576 quem
2783 3507 2983 3576 [tegula
3011 3507 3247 3575 Magistri
3278 3507 3508 3577 Respon-

1921 3578 2113 3631 sorium
2168 3578 2492 3642 Itortationis,
2526 3579 2583 3632 S.
2635 3578 2865 3632 l'sidorus
2911 3578 2964 3631 in
3010 3579 3184 3632 ollicio
3225 3579 3509 3633 Mozaraho

1920 3648 2121 3703 Sanum
2154 3660 2329 3704 vocat.
2364 3649 2581 3703 lluncin
2610 3650 2726 3718 ipso
2748 3649 2912 3703 divini
2942 3649 3103 3703 officii
3130 3651 3352 3703 exordio
3384 3660 3510 3707 ante

1921 3722 1976 3773 5.
2007 3721 2282 3776 Benedicti
2315 3731 2555 3790 tempora
2592 3722 2871 3775 recitatum
2913 3720 3077 3775 fuisse
3106 3729 3317 3775 constat
3344 3738 3404 3774 cx
3442 3724 3503 3777 5.

1922 3792 2215 3845 Athanasio
2248 3803 2477 3846 testante
2502 3792 2700 3856 (Serm.
2724 3794 2787 3845 de
2817 3791 3060 3862 Deipara)
3081 3791 3414 3846 Christianos
3438 3795 3509 3848 ad

1925 3876 2143 3930 precum
2166 3864 2479 3933 principium
2504 3863 2791 3917 invitantes
2822 3862 3048 3916 invicem
3065 3863 3507 3931 etadhortantes,

1924 3933 2160 3988 clamare
2188 3934 2375 3987 solitos
2403 3933 2566 3987 verba
2598 3934 2755 4001 hujus
2779 3934 2985 4001 psalmi.

2002 4006 2073 4059 De
2101 4006 2243 4058 illius
2271 4020 2367 4059 usu
2397 4006 2466 4059 ita
2495 4004 2983 4059 scribitcardiualis
3016 4004 3155 4057 Bona
3189 4002 3291 4071 (De
3329 4005 3505 4061 Diviu.

1929 4076 2079 4130 Psal.
2112 4091 2227 4147 cap.
2257 4074 2345 4140 16,
2376 4076 2402 4146 §
2429 4076 2485 4144 8)
2518 4094 2531 4147 ξ
2567 4094 2584 4123 ι
2624 4076 2836 4147 Marcus
2857 4075 3079 4129 Gazaeus
3102 4075 3386 4147 Diaconus,
3416 4084 3509 4146 qui

1927 4147 2138 4201 vivebat
2177 4145 2322 4199 anno
2382 4145 2588 4199 Domini
2638 4146 2741 4200 450
2766 4186 2779 4209 ,
2824 4151 3219 4213 processionem
3250 4146 3510 4202 deScribit

1925 4216 2123 4271 Christi
2186 4216 2420 4270 fidelium
2466 4217 2729 4285 psalmum
2783 4217 2963 4269 Venite
2983 4218 3293 4269 cxsttltemus
3321 4220 3506 4270 conci-

1929 4288 2166 4343 nentium
2186 4329 2201 4352 ,
2231 4297 2284 4341 et
2312 4287 2365 4341 in
2409 4288 2795 4341 versiculorum
2830 4287 3019 4355 psalmi
3054 4287 3393 4341 intercisione
3424 4290 3508 4341 di-

1928 4360 2158 4415 centium
2189 4358 2425 4421 alleluia;
2445 4373 2563 4426 que.
2582 4358 2874 4411 modulatio
2902 4358 3183 4426 quamdam
3215 4359 3509 4416 invitatorii

1928 4430 2161 4499 speciem
2186 4437 2555 4497 reprzesentat.
2585 4431 3009 4499 Scribitquoque
3040 4429 3339 4483 Ant-«larius
3368 4432 3510 4487 hunc

1930 4502 2194 4572 psalmum
2212 4516 2271 4556 se
2300 4500 2984 4566 audissetlonstantinopoli
3006 4500 3058 4553 in
3082 4501 3308 4555 ecclesia
3333 4502 3388 4554 S.
3412 4506 3510 4555 5ο-

1932 4573 2069 4643 phire
2098 4574 2146 4625 in
2172 4574 2436 4640 principio
2459 4575 2635 4627 missa:
2664 4572 2945 4627 celebrari.
2975 4574 3119 4626 Solet
3142 4572 3376 4643 Ecclesia
3405 4574 3511 4626 llu-

1928 4642 2081 4698 mana
2110 4644 2475 4697 invitatorium
2494 4644 2743 4698 omittere
2762 4646 2812 4695 in
2832 4643 2948 4696 solo
2966 4643 3146 4696 ollicio
3164 4642 3507 4712 Epiphanim;

1922 4717 2011 4785 qui
2042 4716 2175 4768 ritus
2204 4715 2607 4784 antiquissimus
2634 4722 2735 4774 est.
2768 4723 2903 4767 teste
2918 4713 3146 4785 Alcuino
3170 4724 3225 4767 et
3255 4716 3507 4783 Hugone;

1926 4784 2036 4839 tum
2063 4786 2185 4855 quia
2220 4794 2387 4839 totum
2414 4786 2647 4839 officium
2676 4786 2840 4837 estde
2862 4784 3147 4839 vocatione
3172 4785 3430 4854 gentium,
3458 4798 3513 4844 ut

1926 4857 2084 4910 docet
2099 4857 2492 4919 Bonaveutura,
2512 4864 2639 4909 etea
2659 4857 2818 4910 verba
2837 4855 3170 4925 frequentius
3199 4858 3462 4911 iterantur
3486 4873 3503 4911 :

1937 4926 2115 4980 Venite
2140 4929 2413 4980 adoremus
2441 4941 2588 4989 eum;
2607 4938 2712 4979 tum
2734 4927 2855 4994 quia
2873 4927 3011 4980 idem
3034 4926 3334 4996 psalmusin
3354 4930 3514 4984 tertio

1930 5009 2191 5052 nocturno
2222 5006 2494 5062 cantatur;
2550 4998 2933 5052 inconveniens
2964 5008 3141 5052 autem
3172 5010 3313 5053 esset
3348 4999 3427 5053 bis
3458 5000 3512 5054 in

1928 5068 2118 5123 eodem
2159 5068 2335 5121 ofﬁcio
2377 5067 2627 5122 eumdem
2660 5069 2920 5137 psalmum
2951 5069 3182 5122 recitari.
3228 5071 3335 5124 Nos
3363 5086 3509 5136 vero,

1929 5140 2021 5204 qui
2049 5155 2113 5193 ex
2147 5138 2457 5209 prtescripto
2496 5140 2694 5209 regulae
2723 5150 2919 5193 nostra:
2966 5140 3017 5193 in
3049 5142 3207 5194 tertio
3251 5151 3514 5196 nocturno

1932 5212 2031 5265 tria
2068 5214 2275 5264 cantica
2322 5225 2355 5263 e
2399 5208 2576 5264 Veteri
2626 5210 2970 5264 Testamento
3019 5212 3298 5279 psallimus
3326 5254 3339 5272 .
3401 5215 3513 5280 ip-a

1931 5283 2094 5335 etiam
2119 5281 2487 5349 Apparitionis
2535 5281 2622 5335 dic
2653 5282 3019 5335 invitatorium
3051 5298 3199 5336 more
3239 5284 3397 5336 Solito
3423 5284 3514 5335 de-

1930 5362 2228 5407 cantatnus.
2252 5371 2269 5402 ι
2303 5351 2570 5407 Hactenus
2586 5352 2873 5406 cardinalis
2892 5354 3057 5409 Bona.
3081 5354 3301 5406 Constat
3332 5364 3511 5407 tamen

1932 5440 1998 5478 ex
2024 5422 2279 5477 Amalarii
2308 5424 2692 5492 Supplementa
2719 5424 2976 5492 (Aualect.
3010 5434 3132 5476 tom.
3156 5424 3223 5491 Il)
3255 5426 3511 5478 omissum

1934 5494 2099 5549 fuisse
2129 5494 2253 5548 olim
2279 5494 2437 5548 etiam
2465 5495 2603 5563 apud
2623 5494 3062 5549 Benedictinosin
3087 5495 3247 5564 266
3276 5494 3515 5561 Epipha-

1934 5566 2023 5619 nia
2057 5565 2198 5619 hunc
2228 5580 2262 5634 p
2294 5566 2514 5629 almum,
2570 5573 2625 5620 et
2670 5567 2721 5620 in
2764 5566 3003 5619 secundo
3032 5578 3293 5619 noeturno
3315 5567 3515 5619 decan-

1933 5645 2123 5690 tutum.

2001 5706 2129 5779 Cum
2146 5707 2477 5779 antipltona.]
2498 5708 2856 5779 Antiphonam
2874 5706 2959 5760 hic
2975 5716 3128 5759 vocat
3153 5707 3515 5762 invitatorium

1932 5777 2054 5831 huic
2083 5781 2288 5846 psalmo
2321 5777 2571 5847 prtetnitti
2626 5777 2865 5841 Solitum,
2920 5780 3068 5832 verbi
3098 5779 3293 5848 gratia,
3332 5779 3516 5848 Regem

1930 5849 2278 5917 coufcssorum
2311 5850 2586 5904 Dominum
2613 5851 2773 5903 venite
2794 5851 3090 5918 adoremus,
3122 5851 3265 5919 quod
3294 5854 3514 5906 Amala-

3152 5963 3226 6027 1b
