4074 6356
278 390 383 450 453

1358 396 1629 484 ΒΕϐυιᾼ
1663 394 2161 456 COMMENTATA.
2202 398 2357 455 CAP.
2393 398 2464 453 Ξ.

3440 400 3544 457 454

276 522 553 588 sequantur
574 513 755 588 reliqui
783 531 876 570 sex
894 514 1081 588 psalmi
1109 529 1224 588 eum
1247 513 1458 588 alleluia
1489 513 1759 588 ranendij
1781 514 1860 569 Ad
1889 519 1941 581 Α
1966 523 2116 585 patet
2154 530 2310 584 quam
2342 514 2494 588 male
2514 513 2727 588 quidam
2754 523 3034 588 exponant,
3054 530 3118 569 ex
3153 516 3307 571 corde
3328 556 3342 581 ,
3385 516 3437 572 id
3466 529 3551 575 est

277 578 449 639 instar
470 585 640 639 sancti
673 578 812 642 illius
841 578 1037 656 angeli,
1068 587 1157 656 qui
1184 600 1304 640 cum
1332 584 1386 639 in
1409 594 1673 641 conventu
1695 578 1862 657 .Egy-

277 658 515 725 ptiorum
548 659 929 712 monachorum
954 658 1199 712 undecim
1231 657 1466 725 psalmos
1496 660 1857 722 decantasset,

276 727 655 782 duodecimum
682 729 781 783 sub
810 728 1024 782 alleluia
1054 727 1404 796 responsione
1436 742 1818 783 consummans
1845 770 1857 790 ,

274 798 348 854 ab
377 799 744 853 universorum
791 801 961 855 oculis
995 808 1214 870 repente
1243 802 1548 855 subtractus
1588 810 1670 855 est
1703 799 1863 869 (Cas-

276 871 413 941 sian.
446 870 536 924 lib.
571 886 630 937 ll,
663 886 777 940 cap.
809 872 886 941 5).

354 939 481 995 Post
503 941 593 994 hos
625 939 771 995 lectio
795 939 1071 1012 Apostoli.]
1096 941 1245 995 Pauli
1279 943 1503 1005 scilicet,
1536 942 1625 1010 qui
1649 956 1863 1010 semper

277 1011 658 1081 intelligendus
680 1023 760 1065 est
778 1011 898 1066 cum
922 1028 1018 1066 vox
1040 1011 1271 1081 Apostoli
1289 1014 1405 1066 sine
1424 1013 1604 1066 addito
1622 1014 1857 1066 auditur.

350 1080 435 1136 Ea:
458 1080 611 1154 corde
645 1082 954 1154 recitanda.]
987 1083 1040 1137 ld
1068 1080 1150 1137 est
1182 1084 1514 1149 memoriter,
1546 1094 1597 1138 et
1626 1085 1741 1136 sine
1771 1098 1862 1136 co-

276 1152 419 1221 dice,
457 1172 474 1203 ι
504 1153 556 1208 in
590 1154 690 1208 hoc
710 1152 1025 1218 ostendens,
1052 1155 1223 1223 inquit
1247 1156 1305 1208 S.
1329 1154 1685 1224 tlildegardis,
1718 1154 1860 1221 quod

276 1238 401 1279 cum
428 1225 617 1279 fratres
640 1225 956 1280 lectionibus
982 1236 1035 1280 et
1064 1223 1505 1279 meditationibus
1534 1225 1859 1290 inserviunt,

277 1309 341 1349 ea
369 1311 486 1365 qua:
520 1296 571 1350 in
601 1296 780 1350 divina
808 1297 1087 1365 Scriptura
1138 1296 1435 1350 necessauia
1486 1295 1717 1359 habent,
1753 1310 1867 1349 me-

277 1367 467 1420 moria:
495 1368 890 1431 commendent,
930 1370 1003 1421 ita
1034 1376 1091 1421 ut
1118 1381 1238 1420 cum
1267 1377 1625 1436 opportunum
1653 1377 1862 1434 tempus

278 1436 550 1499 institerit,
581 1446 675 1492 aut
715 1453 833 1491 cum
860 1440 1153 1493 necessitas
1181 1453 1239 1493 se
1271 1437 1626 1504 immerserit,
1657 1438 1862 1504 absque

277 1509 629 1578 materialiter
657 1511 856 1578 scripto
878 1509 964 1563 illa
1000 1510 1053 1563 in
1084 1510 1315 1563 medium
1352 1507 1642 1575 proferant,
1676 1523 1865 1575 quem-

274 1576 564 1649 admodum
586 1587 639 1634 et
681 1576 963 1647 praedictas
1009 1580 1265 1634 lectiones
1286 1579 1515 1649 (scilicet
1552 1592 1672 1647 quae
1694 1578 1864 1649 cap.9

277 1658 333 1720 et
361 1648 427 1703 10
455 1650 896 1720 prrescribuntur)
939 1666 1002 1704 ex
1034 1652 1197 1705 corde
1225 1659 1279 1703 ct
1297 1647 1621 1720 memoriter
1645 1689 1660 1714 ,
1693 1647 1743 1700 id
1778 1655 1861 1720 est

277 1719 395 1791 sine
425 1721 562 1776 libro
589 1762 603 1787 ,
634 1721 883 1791 quoniam
925 1722 1113 1775 breves
1142 1730 1309 1785 sunt,
1337 1719 1666 1791 recitabunt,
1704 1733 1772 1791 ne
1812 1719 1863 1771 iu

278 1788 545 1846 brevitate
592 1788 776 1847 earum
825 1792 1266 1860 impedimentum
1314 1790 1655 1860 suStineaut,
1689 1790 1733 1842 si
1775 1797 1867 1842 aut

276 1860 521 1915 codicem
546 1863 611 1916 ad
642 1859 924 1931 legendum
951 1903 966 1927 ,
1014 1872 1108 1916 aut
1141 1863 1316 1917 lumen
1351 1861 1428 1931 ad
1477 1859 1766 1926 videndum
1810 1863 1862 1913 in

1970 602 2087 639 cum
2116 602 2303 657 magno
2329 586 2611 640 devotionis
2639 586 2865 654 a/fectu‘,
2897 586 3128 643 maxime
3158 602 3278 643 eum
3328 599 3542 645 contra-

1965 658 2104 712 rium
2136 672 2204 711 ex
2232 659 2475 723 sequenti
2509 658 2684 727 capite
2713 658 2939 713 eluceat.
3036 688 3051 703 ο
3562 666 3565 669 ’

2039 727 2369 797 Supplicatio
2399 728 2640 799 litanin
2663 728 2765 783 Per
2778 730 3218 799 supplicationem
3241 730 3551 785 Bernardus

1965 798 2300 871 Cassinensis
2330 807 2384 852 et
2414 799 2677 871 Boherius
2702 801 2753 854 in
2788 798 3009 871 utraque
3029 802 3365 871 expositione
3393 802 3550 855 incli-

1966 870 2240 942 nationem
2273 877 2371 942 aut
2395 869 2841 942 genuﬂectionem
2874 869 3214 942 intelligunt,
3252 873 3389 942 forte
3423 874 3546 941 quia

1966 939 2032 994 ad
2061 940 2298 994 litauiam
2325 940 2451 994 olim
2475 956 2643 1009 genua
2670 940 2971 1006 ﬂectebant,
2998 939 3153 996 sicuti
3180 939 3550 1009 praescribitur

1965 1011 2022 1063 in
2048 1011 2283 1079 capitulo
2307 1012 2335 1064 7
2362 1013 2748 1083 monachorum
2778 1014 3223 1083 Sangallensium,
3254 1031 3271 1063 ι
3303 1024 3359 1067 ιιι
3384 1015 3551 1067 linitis

1965 1084 2213 1136 cursibus
2234 1121 2249 1146 ,
2282 1082 2570 1149 inctepturi
2597 1081 2759 1152 Kyrie
2788 1081 2974 1139 eleisun
2999 1098 3171 1153 genua
3201 1086 3419 1137 flectant
3438 1126 3453 1150 ,
3496 1094 3552 1137 et

1966 1167 2072 1223 non
2104 1162 2227 1207 ante
2256 1162 2478 1221 surgant
2508 1168 2664 1219 quam
2692 1155 2787 1223 SS.
2822 1155 3097 1209 Trinitatis
3127 1156 3398 1209 vocabulis
3429 1170 3552 1223 per-

1964 1221 2146 1346 gietis,
2180 1223 2460 1293 presbyter
2488 1224 2649 1293 dicat,
2671 1222 2775 1278 Per
2796 1228 2968 1279 omnia
2997 1226 3187 1280 swcula
3215 1221 3548 1279 stcculofnnt.

2016 1310 2147 1346 men.
2182 1313 2201 1346 ι

2016 1310 2147 1348 men.
2182 1313 2201 1346 ι

2037 1364 2469 1438 Quidautemsit
2491 1364 2672 1438 litania
2695 1367 2914 1435 exponit
2937 1366 3204 1438 ipseS.P.
3228 1366 3552 1438 Benedictus

1965 1449 2093 1507 cuin
2117 1435 2361 1507 subjicit,
2386 1435 2535 1507 id_est
2562 1435 2723 1507 Kyrie
2745 1435 2971 1503 eleison,‘
3002 1454 3109 1505 quo
3131 1453 3294 1493 sensu
3322 1437 3553 1491 sumitur

1968 1504 2257 1581 in_Grtecis
2290 1506 2390 1560 SS.
2425 1504 2632 1581 Jacobi,
2666 1508 2873 1581 Basilii,
2905 1520 2958 1563 et
2985 1504 3357 1581 Chrysostomi
3402 1509 3555 1560 litur-

1969 1576 2092 1646 giis.
2125 1577 2202 1631 De
2234 1578 2330 1629 hac
2371 1591 2504 1631 voce
2551 1578 2623 1631 ita
2665 1579 2855 1633 definit
2892 1576 3180 1634 concilium
3222 1578 3554 1633 Vasionense

1968 1646 2068 1699 sub
2095 1646 2276 1702 Leone
2307 1646 2495 1716 Magno
2530 1646 2697 1715 (Con.
2729 1649 2799 1719 2)
2834 1669 2844 1703 :
2884 1668 2901 1701 ι
2940 1651 3006 1705 Ει
3031 1651 3155 1719 quia
3202 1658 3308 1703 tam
3341 1651 3392 1703 in
3424 1650 3554 1705 sede

1966 1719 2259 1788 apostolica
2307 1733 2465 1786 quam
2515 1719 2676 1773 etiam
2716 1736 2810 1788 per
2855 1730 2993 1775 totas
3045 1719 3347 1775 Orientales
3393 1729 3555 1788 atque

1968 1787 2132 1841 Italia:
2156 1788 2455 1857 provincias
2482 1788 2651 1845 dulcis
2684 1802 2737 1847 et
2763 1792 3001 1846 salubris
3029 1792 3359 1845 consuetudo
3385 1793 3556 1844 intro-

1968 1859 2134 1932 missa
2179 1870 2260 1913 est
2283 1901 2297 1925 ,
2343 1868 2400 1912 ut
2440 1857 2601 1932 Kyrie
2630 1863 2820 1917 eleison
2856 1862 3188 1932 frequentius
3215 1878 3335 1915 cum
3365 1858 3557 1932 grandi

275 1941 527 2000 promptu
576 1949 681 1986 non
701 1929 1011 1987 'habuerint
1031 1974 1046 1997 ,
1075 1944 1180 1987 etc.
1214 1951 1233 1983 ι
1264 1930 1429 2002 Cujus
1466 1931 1859 2000 expositionem
1891 1936 1941 1999 Β
1967 1929 2163 2002 affectu
2192 1944 2254 1984 ac
2276 1929 2696 2002 compunctione
2721 1929 2966 1997 dicaturi
2988 1933 3187 2002 placuit
3214 1929 3383 1986 etiam
3401 1931 3558 1984 nobis

275 2005 560 2072 confirmat
582 2002 781 2071 Regula
808 2002 1045 2071 Magistri
1069 2017 1187 2072 cap.
1213 2001 1317 2055 44:
1347 2020 1366 2053 ι
1393 2002 1697 2056 Lectionem
1722 2016 1852 2055 vero

275 2074 361 2141 cui
382 2070 590 2141 jussum
620 2070 806 2135 fuerit,
840 2070 987 2128 ut’ex
1020 2070 1201 2128 animo
1232 2076 1417 2127 recitet
1446 2087 1553 2127 non
1582 2088 1645 2127 ex
1669 2073 1851 2127 codice

274 2140 440 2213 legat,
472 2144 571 2198 nisi
599 2144 652 2198 in
685 2143 875 2213 vigiliis
918 2143 1284 2211 solummodo,
1320 2144 1418 2197 hoc
1444 2152 1526 2198 est
1554 2143 1692 2213 quod
1724 2158 1854 2196 con-

275 2212 551 2268 stituimus
570 2255 585 2277 ,
616 2224 674 2268 ut
703 2212 1031 2282 frequentius
1058 2215 1233 2284 aliqua
1263 2216 1585 2268 mediteutur
1609 2255 1623 2278 ,
1655 2224 1707 2267 et
1742 2229 1853 2268 me-

276 2284 446 2355 moria
476 2292 692 2341 teneant
713 2286 1019 2355 Scripturas
1036 2285 1249 2350 fratres,
1277 2295 1332 2339 ut
1353 2285 1570 2354 quando
1589 2285 1640 2337 in
1663 2285 1851 2353 quovis

277 2353 417 2431 loco,
444 2355 583 2431 quod
604 2371 668 2411 ex
692 2353 881 2431 deesse
918 2355 1057 2425 (Sic)
1082 2355 1245 2431 274
1268 2353 1473 2431 textum
1503 2356 1852 2431 lectionisvel

276 2424 504 2494 paginae,
528 2426 573 2481 si
594 2440 727 2497 opus
748 2424 935 2491 fuerit,
952 2424 1506 2481 inemoria'recitetur.
1522 2445 1539 2477 ι
1567 2426 1640 2479 Ex
1660 2426 1853 2496 quibus

1971 2010 2027 2054 ut
2050 2001 2104 2054 in
2123 2001 2371 2055 omnibus
2391 2002 2637 2056 ecclesiis
2656 2006 2854 2058 nostris
2872 2006 2970 2057 ista
2993 2001 3325 2058 consuetudo
3343 2011 3553 2064 sancta,

1969 2080 2025 2125 et
2054 2072 2119 2125 ad
2151 2072 2465 2125 matutinum
2488 2113 2504 2135 ,
2534 2081 2589 2125 et
2614 2075 2679 2126 ad
2710 2075 2920 2137 missas,
2950 2086 3004 2128 et
3033 2076 3098 2128 ad
3132 2088 3411 2142 vesperam
3445 2071 3555 2142 Deo

2009 2142 2297 2210 ropitiante
2362 2143 2773 2199 intromittatur.
2822 2164 2839 2195 ι
2910 2144 3036 2199 Vide
3084 2144 3238 2200 Joan.
3306 2144 3453 2197 Bona
3487 2141 3558 2195 de

2017 2212 2463 2285 ivinafPsalmod.
2494 2228 2613 2281 cap.
2655 2214 2742 2283 l4,
2777 2214 2803 2285 §
2832 2214 2885 2267 4.

2042 2282 2109 2335 Ει
2138 2284 2211 2336 sic
2254 2284 2501 2351 ﬁniantur
2530 2282 3081 2354 uigiliatioctunna]
3128 2285 3228 2339 Per
3274 2282 3554 2337 collectam

1968 2353 2109 2477 siﬁ'e
2142 2356 2441 2409 orationem
2471 2397 2484 2420 ,
2528 2370 2647 2424 qua:
2684 2370 2900 2425 semper
2936 2353 3177 2410 divinum
3232 2354 3556 2409 terminabat

1968 2438 2001 2477 ο
2046 2440 2225 2477 ιοιυηι.

1968 2424 2225 2478 officium.

275 2557 3549 2600 Μ

1661 2681 2049 2766 CAPUT
2100 2683 2221 2765 X.

1090 2820 1377 2897 Qualiter
1411 2819 1646 2881 testati:
1681 2829 1948 2898 tempore
1982 2828 2211 2899 agatur
2241 2829 2557 2881 nocturna
2587 2820 2741 2881 laus.

290 2960 297 2967 '
350 2950 397 3004 Α
426 2948 626 3005 Pascha
656 2957 835 3005 autem
867 2964 1034 3021 usque
1073 2949 1140 3005 ad
1168 2948 1419 3005 calendas
1448 2946 1770 3002 Novembris
1808 2954 1857 3008 ι.

280 3041 457 3096 omnis
482 3040 562 3113 (ut
588 3054 749 3112 supra
771 3040 973 3097 dictum
1005 3040 1112 3111 est)
1140 3039 1449 3112 psalmodite
1480 3037 1751 3107 quantitas
1781 3043 1863 3092 te-

283 3139 473 3186 neatur
506 3149 519 3184 :
551 3142 778 3201 excepto
820 3132 962 3203 quod
1013 3133 1272 3187 lectiones
1301 3130 1354 3185 in
1383 3129 1571 3186 codice
1598 3168 1614 3193 ,
1643 3136 1863 3197 propter

282 3220 599 3278 brevitatem
622 3224 879 3291 noctium,
901 3224 1124 3279 minime
1144 3223 1388 3293 legantur
1408 3220 1435 3259 δ
1458 3239 1472 3288 ;
1498 3220 1590 3275 sed
1614 3234 1712 3289 pro
1733 3219 1864 3288 ipsis

286 3315 457 3371 tribus
482 3316 820 3387 lectionibus,
854 3333 958 3374 una
988 3317 1054 3373 de
1079 3316 1257 3373 Veteri
1281 3316 1625 3372 Testamento
1659 3328 1864 3369 memo-

352 3480 387 3523 η·
424 3471 603 3538 Cass.,
634 3472 942 3527 novembres.

358 3539 385 3578 δ
415 3540 601 3596 Sabin.
614 3583 627 3606 ,
649 3553 855 3609 excepto
874 3542 1007 3611 quod
1029 3542 1266 3597 lectiones
1286 3542 1393 3596 sine
1413 3539 1587 3595 codice
1603 3540 1856 3609 legantur.

364 3622 388 3683 ς
418 3614 615 3683 9mm,
640 3615 884 3667 memoria
912 3614 1124 3683 legatur.

356 3680 383 3718 (³
415 3680 613 3749 Oxum,
644 3685 827 3745 noctis.

1969 2946 2102 3000 riter
2130 2945 2338 3001 dicatur
2370 2957 2419 3011 ε,
2450 2962 2611 3016 quam
2643 2946 2806 3001 breve
2832 2945 3233 3015 responsorium
3264 2944 3549 3011 subsequar

1970 3046 2089 3101 tur;
2134 3046 2189 3091 et
2226 3037 2433 3107 reliqua
2463 3038 2664 3103 omnia,
2699 3046 2756 3091 ut
2795 3036 2996 3091 dictum
3036 3044 3147 3099 est,
3191 3034 3550 3103 impleantur;

1969 3126 2023 3184 id
2049 3137 2170 3196 est,
2201 3139 2258 3183 ut
2286 3145 2557 3199 nunquam
2599 3130 2775 3184 minus
2823 3143 2851 3183 a
2883 3125 3168 3181 duodecim
3221 3126 3552 3195 psalmorum

1969 3222 2286 3294 quantitate,
2311 3221 2376 3277 ad
2406 3222 2615 3292 vigilias
2644 3230 2933 3276 nocturnas
2954 3216 2980 3255 ά
3002 3218 3211 3273 dicatur
3232 3226 3255 3254 ο
3278 3236 3291 3270 :
3314 3224 3552 3286 exceptis

1973 3314 2132 3370 tertio
2151 3324 2204 3369 et
2236 3313 2582 3383 nonagesimo
2612 3320 2803 3383 quarto
2836 3309 3041 3381 psalmo
3070 3306 3116 3361 ί.

2046 3478 2069 3506 ε
2103 3468 2172 3521 Ita
2204 3468 2410 3534 Oxon.;
2454 3468 2549 3524 sed
2590 3467 2681 3523 alii
2729 3467 2841 3523 fere
2889 3480 3077 3521 omnes
3125 3466 3340 3523 codices
3386 3481 3549 3531 mss..

1971 3539 2233 3594 dicantur.

2045 3607 2065 3647 ί
2097 3610 2207 3678 AL,
2236 3611 2468 3682 psalmis.

1590 3904 2242 3965 COMMENTARIUS.

355 4053 513 4124 275
542 4055 585 4106 Α
616 4052 818 4108 Pascha
848 4064 1015 4108 autem
1060 4052 1333 4124 usquead
1364 4052 1604 4124 calendas
1636 4049 1857 4124 Novem-

284 4121 559 4194 artiﬁcia]
586 4126 626 4178 Α
655 4124 879 4189 Pascha,
930 4121 1142 4192 inquit,
1171 4122 1373 4176 scilicet
1412 4121 1864 4194 Resurrectionis,

283 4192 351 4248 ad
379 4192 733 4249 differentiam
763 4196 986 4249 aliarum
1019 4194 1420 4247 solemnitatum
1453 4192 1662 4244 Domini
1693 4193 1862 4246 nostri

284 4262 411 4318 Jesu
438 4264 661 4322 Christi.
716 4266 885 4334 inquit
914 4264 1194 4329 Bolterius,
1244 4276 1379 4330 quas
1410 4263 1595 4334 etiam_
1618 4263 1861 4329 quaedam

283 4336 571 4402 provincim
595 4332 849 4389 Pascltata
878 4345 1091 4389 vocant.
1115 4334 1187 4387 lta
1218 4334 1268 4387 in
1299 4332 1534 4399 antiquis
1559 4332 1862 4386 Germania:

284 4402 771 4461 Consuetudinibus
803 4420 955 4470 mss.,
990 4404 1121 4459 feria
1148 4420 1178 4458 v
1211 4404 1262 4458 in
1287 4403 1456 4458 Cinna
1488 4403 1696 4457 Domini
1731 4402 1861 4459 Pas--

284 4475 383 4530 cha
414 4477 730 4545 appellatur.

356 4514 833 4616 Iivpis'iiswt'rilms
875 4547 1173 4600 lectionibus
1223 4563 1327 4600 una
1378 4547 1441 4599 de
1476 4514 1645 4600 i’eteri
1678 4545 1858 4599 Testa-

1968 4048 2352 4102 Cistercienses
2420 4048 2555 4099 adeo
2611 4045 2879 4099 mordicus
2943 4044 2999 4097 S.
3058 4043 3272 4112 Regula:
3334 4043 3546 4112 legibus

1978 4119 2341 4181 adhaeserunt,
2367 4125 2423 4169 ut
2451 4125 2563 4169 toto
2596 4116 2797 4168 aestatis
2824 4126 3066 4181 tempore
3099 4114 3300 4166 nullum
3334 4113 3549 4165 omnino

1978 4189 2138 4242 trium
2171 4190 2456 4243 lectionum
2492 4187 2683 4238 festum
2710 4186 2959 4247 habeant,
3000 4193 3056 4235 ut
3084 4183 3271 4236 scribit
3302 4182 3549 4235 cardina~

1970 4257 2035 4313 lis
2066 4260 2205 4312 Bona
2235 4257 2333 4325 (De
2366 4256 2554 4309 Divina
2585 4254 2784 4308 Psalm.
2814 4271 2928 4322 cap.
2960 4255 3046 4325 l8,
3082 4252 3207 4325 ξι).

2042 4330 2166 4384 Hzrc
2206 4322 2386 4390 lectio,
2418 4341 2574 4395 quam
2629 4326 2777 4393 pueri
2822 4324 2961 4384 apud
2993 4322 3377 4395 tiluniacenses
3405 4323 3547 4393 lege-

1967 4399 2097 4454 bant
2126 4415 2191 4455 ex
2243 4392 2494 4453 Udalrieo
2550 4398 2586 4448 l.
2632 4392 2713 4461 tu,
2774 4410 2821 4448 c.
2856 4396 2921 4459 8,
2969 4396 3106 4461 apud
3134 4392 3549 4449 Carthusieuses

1967 4482 2155 4527 cantor
2183 4468 2632 4524 hebdomadarius
2652 4482 2717 4520 ex
2741 4466 2885 4519 Nova
2914 4466 3133 4518 Collect.
3159 4463 3379 4529 Statut.,
3406 4479 3542 4532 part.

1967 4559 2001 4602 ι.
2034 4559 2083 4597 c.
2120 4543 2208 4606 16,
2240 4556 2305 4595 ex
2338 4539 2558 4607 Regulae
2608 4538 2916 4604 praescripto
2945 4534 3279 4595 memoriter,
3314 4535 3417 4607 hoc
3465 4548 3547 4590 cst

284 4628 452 4670 mento
472 4604 758 4671 memoriter
786 4616 1031 4686 dicatum]
1060 4617 1173 4670 Huc
1217 4626 1461 4685 spectare
1478 4617 1696 4686 videtur
1725 4617 1854 4671 illud
1881 4618 1936 4678 D
1961 4627 2028 4667 ex
2057 4604 2238 4686 corde,
2270 4612 2387 4686 sine
2417 4604 2552 4686 libro
2599 4607 2873 4661 recitauda
2922 4616 3061 4686 est,
3090 4607 3329 4686 adeoque
3365 4604 3544 4686 brevis

284 4686 540 4756 Guigonis
569 4688 864 4743 Carthusiaz
900 4685 1096 4756 prioris
1140 4696 1395 4741 statutum
1436 4685 1587 4754 (Cap.
1622 4688 1677 4750 5)
1710 4704 1722 4739 :
1754 4706 1770 4737 ι
1811 4692 1849 4741 Λ

285 4756 602 4829 Pentecoste
628 4772 796 4829 usque
825 4759 890 4813 ad
938 4758 1253 4829 Novembris
1280 4758 1553 4829 calendas,
1592 4773 1716 4829 uua,
1752 4757 1853 4811 nisi

284 4826 477 4883 festum
528 4826 737 4884 intersit
758 4871 773 4893 ,
822 4830 1049 4884 lectione
1078 4828 1216 4883 sicut
1246 4828 1423 4882 caeteri
1456 4827 1700 4881 monachi
1734 4842 1857 4881 cnn-

284 4900 415 4959 tenti
447 4914 653 4955 sumus.
688 4920 707 4951 s
742 4900 891 4968 Quod
921 4900 1045 4956 dicit
1073 4917 1104 4952 a
1139 4898 1451 4960 Pentecoste,
1491 4898 1722 4952 ostendit
1745 4906 1856 4951 toto

283 4978 524 5035 tempore
555 4970 799 5025 Pascltali
823 4970 1001 5036 plures
1027 4970 1277 5025 recitatas
1306 4969 1470 5023 fuisse
1500 4968 1777 5031 lcetiones,
1802 4978 1859 5021 et

283 5054 472 5094 revera
504 5050 611 5095 tres
636 5040 766 5105 olim
815 5042 866 5095 in
907 5041 1155 5095 omnibus
1183 5040 1379 5106 passim
1412 5038 1750 5094 monasteriis
1778 5038 1857 5091 le-

282 5112 563 5179 gebantur,
615 5112 690 5165 uti
743 5113 1146 5166 observavimus
1176 5111 1230 5165 in
1276 5111 1349 5164 lib
1378 5125 1435 5164 Ill
1489 5113 1553 5163 de
1602 5106 1847 5177 Antiquis

283 5181 665 5251 monachorum
696 5181 923 5247 Bitibus,
956 5197 1075 5251 cap.
1110 5182 1199 5245 18,
1233 5182 1373 5250 quod
1402 5180 1564 5251 etiam
1596 5181 1847 5245 exemplo

283 5250 539 5304 Romamn
562 5253 809 5321 Ecclesiae
833 5262 938 5307 tota
960 5250 1144 5307 aestate
1161 5252 1477 5321 praestitisse
1497 5250 1846 5304 Cassinenses

281 5330 581 5376 constatex
626 5322 978 5377 Tlieodeniari
1006 5324 1212 5376 abbatis
1255 5322 1477 5390 epistola
1504 5321 1569 5373 ad
1591 5321 1842 5375 Carolum
1893 5339 1902 5345 η

282 5392 549 5461 Magnum.
578 5392 953 5447 Scribitetiam
978 5392 1275 5447 Amalarius
1306 5392 1358 5445 in
1391 5392 1664 5458 Sunplem.
1700 5392 1841 5460 quod
1883 5442 1889 5448 ,

286 5481 304 5513 ι
342 5466 392 5516 in
439 5464 756 5532 quibusdam
808 5463 1144 5517 monasteriis
1192 5462 1575 5517 monachorum
1625 5472 1842 5529 propter
1882 5474 1893 5524 ξ

280 5534 720 5589 consuetudinem
754 5534 1068 5595 Romanam,
1102 5548 1167 5587 ne
1212 5542 1422 5599 penitus
1451 5533 1518 5586 ab
1556 5547 1619 5585 ea
1646 5533 1850 5587 discre-

284 5614 430 5672 pent,
473 5614 531 5658 ttt
578 5605 851 5658 historiam
885 5604 1092 5657 Veteris
1137 5604 1479 5656 lnstrumenti
1529 5604 1737 5670 plenius
1794 5605 1845 5655 in

281 5676 523 5729 ecclesiis
554 5677 749 5741 legant,
777 5678 974 5729 mstatis
1005 5684 1244 5741 tempore
1274 5673 1402 5727 feria
1430 5684 1630 5725 tantum
1661 5674 1714 5736 ε,
1741 5674 1774 5727 5
1795 5684 1850 5725 et

280 5744 336 5807 4,
370 5754 479 5799 tres
524 5747 776 5799 lectiones
805 5756 1060 5813 aguntur;
1096 5754 1149 5799 et
1179 5744 1297 5797 aliis
1328 5744 1495 5796 tribus
1524 5742 1710 5796 diebus
1746 5743 1847 5797 nisi

282 5816 451 5869 sancti
491 5815 715 5882 alicujus
746 5817 1002 5870 memoria
1056 5815 1231 5879 fuerit,
1267 5826 1485 5883 prOpIer
1514 5814 1847 5867 observatio-

275 5898 407 5944 ltetu
432 5884 738 5950 ιιεαυιωβ.
772 5885 1041 5945 Benedicti
1091 5902 1194 5941 una
1218 5896 1524 5941 contentum
1555 5893 1655 5942 est.
1689 5902 1707 5935 ι
1740 5884 1845 5939 Sed
1888 5960 1907 5973 __

1962 4698 2079 4739 esse
2108 4675 2287 4745 debet,
2321 4680 2532 4737 brevior
2558 4688 2733 4732 tamen
2758 4688 2849 4745 aut
2876 4677 3130 4743 prolixior
3160 4688 3256 4741 pro
3282 4675 3544 4730 brevitate

1961 4765 2054 4807 aut
2102 4744 2406 4821 prolixitate
2461 4749 2717 4821 noctiun_i_.
2756 4768 2790 4821 _«
2828 4744 2882 4799 Si
2921 4761 3079 4821 quem
3112 4755 3535 4821 a_utem_rpove_t,

1964 4812 2137 4892 inquit
2190 4823 2590 4894 Theodentarus
2621 4817 2832 4894 _(Epist.
2866 4812 2953 4894 ad'
2995 4814 3237 4869 Carolum
3298 4812 3534 4894 lingu),

1961 4886 2127 4960 quare
2174 4894 2233 4946 B.
2267 4890 2588 4960 Benedictus
2618 4888 2916 4960 inumstatis
2949 4897 3189 4953 tempore
3217 4886 3542 4960 quotidianis

1962 4953 2151 5018 diebus
2178 4964 2243 5015 ad
2280 4959 2594 5015 nocturnale
2626 4957 2861 5012 officium
2895 4971 3055 5009 unam
3088 4964 3291 5009 tantum
3324 4953 3392 5009 de
3437 4955 3539 5010 Ve—

1963 5035 2061 5087 teri
2093 5034 2439 5088 Testamento
2486 5030 2765 5082 lectionem
2822 5028 2921 5096 legi
2958 5024 3292 5095 praeceperit,
3333 5040 3537 5096 cogno-

1960 5117 2077 5158 scat
2120 5104 2347 5159 necdum
2378 5117 2443 5155 eo
2476 5110 2716 5168 tempore
2749 5100 2800 5152 in
2831 5097 3067 5151 Romana
3112 5096 3367 5153 Ecclesia.
3401 5098 3539 5150 sicut

1960 5189 2101 5229 nunc
2130 5176 2399 5244 leguntur,
2426 5185 2607 5244 sacras
2638 5169 2943 5244 Scripturas
2965 5168 3069 5244 legi
3094 5182 3299 5221 morem
3329 5168 3531 5244 fuisse;

1958 5246 2054 5300 sed
2088 5239 2208 5313 posi
2236 5242 2453 5311 aliquod
2484 5242 2835 5313 tempusltoe
2849 5240 3151 5313 institutum
3202 5251 3322 5313 esse
3355 5239 3471 5313 sive
3504 5253 3535 5288 a

1955 5306 2102 5385 papa'
2124 5306 2399 5385 Gregorio,
2433 5313 2569 5375 sive,
2596 5306 2655 5364 ut
2676 5311 2744 5367 ab
2771 5310 2889 5364 aliis
2911 5309 3228 5372 affirmatur,
3254 5308 3321 5361 ab
3355 5306 3538 5360 Hono-

1953 5402 2056 5441 1⁸10.
2085 5406 2102 5437 ι

2027 5456 2249 5513 Unicam
2304 5455 2388 5508 hic
2436 5452 2785 5523 quaestionem
2840 5460 3023 5523 movet
3064 5449 3421 5523 Hildemarus,
3480 5455 3538 5501 et

1956 5539 2076 5597 post
2120 5542 2241 5581 eum
2275 5518 2581 5597 Bernartius
2623 5523 2800 5597 (ξοδεχ,
2834 5520 3114 5597 Bolierins,
3141 5530 3194 5575 ct
3239 5518 3534 5597 Turrecre-

1954 5588 2122 5664 inata,
2151 5613 2244 5653 cur
2277 5597 2522 5650 nimirum
2551 5594 2608 5647 S.
2639 5594 2794 5647 Pater
2816 5594 3025 5664 unis-am
3059 5591 3330 5664 duntaxat
3346 5588 3533 5664 lectio-

1956 5687 2080 5724 nem
2111 5658 2399 5723 'mensibus
2432 5666 2749 5738 Septembri
2781 5659 3081 5738 ct_0ct0b_ri
3117 5658 3529 5738 przcscripscrit,

1958 5744 2046 5809 qui
2082 5750 2257 5793 tamen
2289 5730 2525 5809 wqttalcs
2555 5750 2675 5809 cum
2704 5733 2893 5809 filartio
2934 5739 2986 5783 et
3018 5730 3205 5809 Aprili.
3239 5730 3289 5782 in
3333 5730 3532 5809 quibus

1957 5798 2069 5864 t'res
2098 5810 2329 5863 instituit
2354 5798 2628 5863 lectiones,
2666 5805 2859 5855 habent
2884 5810 3102 5863 noetcs;
3139 5798 3398 5869 aiuntque
3431 5798 3534 5852 hoc

1956 5882 2291 5937 notissimum
2326 5879 2521 5933 factum
2543 5889 2661 5930 esse
2685 5874 2747 5926 ad
2774 5871 3130 5929 sublevandos
3155 5871 3318 5942 276
3340 5871 3529 5925 fratres
