4074 6356
571 343 678 399 659

1929 339 1985 395 S.
2026 337 2088 393 P.
2131 336 2491 394 BENEDICTI

3723 330 3845 387 ιω

570 476 720 515 more
760 462 951 531 viguit,
987 480 1004 513 ι
1036 457 1480 531 quemadmodum
1512 457 1696 512 scribit
1722 455 2143 531 Rodulfus__Gla-
2170 460 2223 520 Α
2250 464 2439 531 contra
2479 454 2887 531 altareerecto,
2929 458 2984 505 et
3026 464 3147 531 cum
3188 448 3398 531 lumine,
3438 456 3493 503 et
3535 448 3792 531 incenso.
3827 468 3848 499 ι

570 532 668 585 ber
698 526 916 601 (ιίὺῖιιι
949 526 1111 594 Hist”
1148 548 1261 602 cap.
1288 528 1586 602 5).ANeque
1617 537 1791 602 tamen
1826 526 1878 581 id
1919 528 2049 602 solis
2084 529 2141 582 8.

568 598 845 660 Benedicti
897 603 1170 657 monachis
1213 598 1487 668 singulare
1533 600 1770 665 exstitit,
1809 613 1931 652 cum
1980 598 2141 652 talem

568 676 1007 729 Consuetudinem
1032 691 1063 726 η
1089 672 1393 742 quibusdam
1419 671 1786 742 canonicorunt
1800 668 2022 742 ecclesiis
2051 670 2146 721 ob-

566 753 837 802 servatum
883 744 1044 799 fuisse
1086 741 1277 797 doceat
1319 741 1619 796 Amalarius
1665 742 1715 795 in
1762 741 2146 808 Supplemento

568 817 637 869 ad
667 816 759 870 lib.
790 834 839 870 tv
860 816 926 870 de
953 816 1149 869 Divinis
1177 812 1380 867 Ofﬁciis
1408 810 1580 882 (Tom.
1608 811 1649 867 ιι
1690 811 1900 879 Ana!.);
1925 811 2032 882 qui
2063 821 2144 865 ta-

568 901 695 941 men
742 889 795 942 in
845 887 979 941 libro
1018 888 1083 939 de
1129 885 1327 939 Ordine
1372 884 1761 951 Antiph.,cap.
1793 882 1859 945 ‘2,
1904 881 2057 946 dicit,
2088 896 2149 934 se

568 957 951 1029 interrogasse
975 958 1226 1010 Romana:
1258 955 1515 1029 Ecclesizg
1541 955 1949 1029 magistrumLt
1977 952 2020 1005 si
2060 967 2147 1005 ca-

570 1023 895 1098 nerent'per
923 1027 1217 1082 dominicas
1250 1038 1432 1098 noctes
1474 1023 1545 1077 Te
1566 1024 1763 1098 -l)eun_t_
1791 1023 2095 1098 laudamus;
2124 1042 2142 1072 ι

569 1093 993 1167 responsumque
1017 1098 1115 1152 sibi
1148 1112 1268 1151 esse
1288 1113 1300 1125 ·
1335 1115 1352 1147 ι
1378 1095 1605 1167 Tantum
1638 1095 1688 1147 in
1722 1093 1985 1147 Natalitiis
2015 1107 2149 1162 pon-

572 1169 772 1223 tilicum
800 1170 870 1223 Te
904 1166 1059 1223 Deum
1084 1169 1355 1222 laudamus
1384 1166 1643 1221 cauimus.
1670 1184 1687 1216 ι

646 1239 758 1304 Quo
790 1242 1032 1310 perdicto,
1068 1243 1201 1310 legat
1233 1238 1385 1291 abbas
1427 1236 1693 1310 lectionem
1736 1236 1800 1310 de
1844 1232 2149 1310 evangelio.]

572 1311 730 1381 281
765 1306 925 1379 quue
965 1327 1083 1365 cum
1118 1306 1369 1381 planeta,
1412 1308 1609 1369 orario,
1650 1306 1859 1381 duobus
1900 1306 2151 1381 candela-

570 1375 791 1446 lTrTsTet
830 1375 1215 1443 thuribulo.’ex
1249 1379 1575 1441 Hildemaro,
1607 1388 1660 1431 et
1703 1378 1938 1442 Rnperto
1972 1379 2008 1430 Ι.
2036 1392 2070 1429 ιι
2098 1375 2152 1429 in

571 1452 829 1518 Regulam
862 1453 918 1507 S.
953 1451 1386 1518 Benedicti,cap.
1411 1449 1465 1512 7,
1494 1463 1651 1517 quem
1679 1454 1839 1501 ritum
1873 1448 2154 1501 retulimus

569 1523 625 1577 in
662 1524 697 1577 l.
736 1540 770 1577 ll
818 1523 884 1577 de
935 1524 1181 1588 Antiquis
1228 1521 1478 1575 monach.
1505 1521 1633 1584 liit.,
1665 1534 1715 1571 c.
1750 1521 1802 1572 1.
1848 1518 2151 1571 Lectiouem

568 1594 733 1647 etiam
763 1596 819 1649 8.
853 1594 1121 1661 Evangelii
1151 1592 1359 1655 abbati,
1393 1598 1484 1643 aut
1508 1605 1572 1645 eo
1601 1590 1824 1643 absente
1855 1588 2156 1661 praepositis

569 1679 667 1733 per
695 1666 836 1719 vices
861 1660 1145 1720 committit
1184 1662 1431 1733 Magister
1458 1662 1519 1733 in
1540 1660 1759 1733 Regulae
1786 1675 1906 1733 cap.
1930 1660 2022 1724 46,
2050 1674 2156 1733 qua

570 1730 640 1790 de
678 1738 1057 1789 observatione
1086 1736 1328 1787 laudatur
1365 1731 1650 1795 Cervinus,
1676 1731 1840 1784 abbas
1868 1730 2160 1783 Centulen-

569 1808 670 1870 sis,
697 1808 765 1860 ab
799 1807 1035 1860 llariulfo
1063 1806 1114 1859 in
1151 1805 1353 1858 Chron.
1384 1802 1419 1856 l.
1451 1817 1527 1866 tv,
1560 1818 1609 1857 c.
1637 1801 1727 1855 26.
1762 1801 1936 1855 Multis
1976 1810 2151 1853 tamen

570 1852 681 1946 j-ani
726 1852 919 1931 abhinc
954 1852 1164 1931 sxeculis
1196 1890 1321 1946 usus
1358 1852 1685 1946 invaliierat,
1720 1885 1774 1946 ut
1806 1886 1912 1946 non
1959 1871 2146 1937 abbas,
2183 1852 2232 1913 Β

570 1942 668 2000 ξιεά
718 1950 967 2002 sacerdos
1018 1944 1464 2000 hebdomadarius
1512 1944 1855 2011 Evangelinm
1902 1942 2149 2008 legeret:

571 2018 728 2087 cujus
758 2017 1160 2073 consuetudinis
1204 2016 1462 2087 rationem
1500 2014 1675 2087 reddit
1716 2012 2040 2087 Smaragdus
2070 2012 2153 2067 his

574 2085 793 2142 verbis:
842 2107 860 2141 ι
893 2090 1028 2143 Dicit
1074 2088 1259 2143 enim:
1295 2086 1515 2156 Incipiat
1553 2085 1717 2139 abbas
1756 2085 2042 2155 hymnum,
2081 2087 2155 2139 le-

581 2160 920 2227 ctionemque
948 2159 1216 2228 Evangelii
1252 2158 1409 2227 legat.
1448 2157 1648 2210 Tamen
1685 2171 1789 2210 non
1824 2156 1937 2209 haec
1965 2170 2152 2228 omnes

571 2229 773 2285 debent
795 2226 1072 2300 valentque
1101 2226 1275 2285 facere
1306 2229 1525 2300 abbates
1549 2243 1563 2279 :
1596 2235 1737 2300 sunt
1760 2228 1901 2280 enim
1928 2226 2039 2300 qui
2061 2235 2155 2279 aut

572 2302 897 2369 impediente
943 2296 1096 2369 culpa
1146 2315 1250 2353 non
1302 2298 1531 2361 debent,
1586 2306 1680 2369 aut
1727 2296 2153 2366 impossibilitate

574 2368 802 2427 nocente
847 2388 952 2426 non
983 2368 1184 2426 valent.
1215 2370 1379 2439 Igitur
1407 2368 1782 2439 suntabbates
1811 2369 2026 2439 quiuec
2069 2382 2152 2421 sa-

570 2444 806 2498 cerdotis
830 2458 929 2499 nec
961 2446 1132 2498 levita:
1161 2436 1449 2509 funguntur
1480 2438 1797 2502 ministerio,
1828 2436 1879 2492 et
1904 2436 2024 2491 ideo
2055 2452 2154 2493 nec

572 2524 974 2569 sacrosanctum
1024 2515 1200 2579 legere
1246 2520 1468 2579 possunt
1510 2510 1884 2578 Evangelium;
1918 2509 2153 2563 cantoris

574 2599 683 2636 non
726 2594 939 2652 gedant
967 2584 1233 2645 oflicinm,
1261 2592 1314 2635 et
1352 2582 1472 2635 ideo
1515 2595 1619 2633 non
1668 2590 1890 2647 possunt
1924 2579 2156 2633 Ambro-

572 2654 783 2713 sianum
806 2656 914 2711 alte
937 2656 1144 2710 boando
1171 2655 1421 2722 hymnum
1454 2651 1708 2719 incipere,
1735 2664 1945 2719 gregem
1976 2660 2151 2704 tamen

575 2740 698 2778 cum
732 2742 964 2791 superno
985 2721 1262 2794 juvamine
1292 2731 1515 2791 possunt
1544 2722 1840 2794 gubernare
1868 2721 1976 2794 sibi
2008 2735 2153 2775 com-

577 2797 834 2861 missum,
867 2809 920 2851 et
962 2791 1238 2863 p'rOpterea
1278 2793 1543 2862 eliguntur
1575 2794 1641 2845 ad
1673 2792 1877 2845 abbatis
1908 2791 2152 2863 miniatu-

577 2866 716 2919 riuni
768 2862 1145 2936 peragendum.
1186 2884 1203 2916 ι
1258 2870 1336 2917 Att
1380 2879 1508 2918 vero
1555 2865 1625 2917 ita
1672 2879 1730 2916 se
1774 2879 1858 2917 res
1910 2862 2154 2917 habuerit

575 2939 714 3003 apud
747 2940 946 3002 primos
987 2940 1104 2991 vita:
1132 2937 1439 2989 monasticm
1482 2944 1679 3003 patres,
1707 2943 1797 2987 aut
1828 2943 2066 3002 tempore
2094 2937 2150 2987 8.

576 3007 881 3073 Benedicti,
914 3024 1010 3063 nos
1060 3008 1225 3061 latet:
1258 3010 1469 3059 constat
1514 3016 1690 3059 tamen
1734 3020 1829 3059 eos
1868 3005 1920 3057 in
1964 3007 2151 3074 synasi

576 3080 885 3147 frequenter
920 3078 1263 3145 Eiangelium
1302 3078 1526 3143 legisse,
1569 3086 1629 3131 ut
1661 3086 1783 3144 pote
1809 3077 1896 3145 qui
1930 3077 2152 3142 privatis

576 3146 765 3203 diebus
795 3168 952 3204 unam
987 3152 1052 3204 de
1081 3151 1225 3203 Novo
1254 3147 1617 3209 Testamento.
1646 3146 1926 3201 dominicis
1953 3155 2006 3199 et
2033 3148 2153 3199 sab-

574 3220 713 3312 bato.
752 3222 882 3275 duas
937 3223 1194 3275 lectiones
1241 3219 1544 3312 traherent,l
1578 3232 1677 3312 nec
1726 3219 1796 3312 ita
1849 3220 2150 3312 frequentes
2181 3244 2226 3312 Ο

575 3293 715 3357 apud
747 3307 839 3345 cos
864 3305 1043 3346 essent
1081 3291 1387 3345 sacerdotes
1412 3300 1503 3343 aut
1531 3289 1724 3343 levitzc.
1759 3290 1841 3341 An
1872 3290 2031 3341 etiam
2058 3287 2153 3340 ab-

576 3362 749 3416 solute
784 3364 1083 3418 necessaria
1114 3363 1183 3416 sit
1222 3361 1286 3413 ad
1320 3360 1600 3430 legendum
1647 3361 1699 3412 in
1745 3358 1937 3425 vigiliis
1976 3358 2155 3430 Evan-

578 3434 772 3493 gelium
802 3433 1087 3499 ordinatio,
1122 3434 1345 3501 qumstio
1373 3429 1493 3485 esse
1531 3439 1944 3501 posset;quam
1993 3429 2154 3501 solvit

576 3501 838 3557 Boherius
866 3506 1088 3558 dicens:
1129 3500 1153 3553 ἱ
1181 3503 1302 3557 ΙΙωο
1352 3500 1539 3569 lectio,
1576 3517 1694 3571 qua:
1745 3500 1802 3553 ﬁt
1840 3502 1891 3553 ιιι
1934 3500 2151 3568 vigiliis,

576 3582 752 3639 potest
790 3584 1095 3644 competere
1138 3589 1242 3627 non
1283 3573 1453 3627 solum
1496 3589 1601 3627 non
1649 3573 1917 3644 ordinato,
1950 3573 2066 3644 imo
2100 3580 2155 3624 et

575 3644 820 3709 mulieri;
854 3664 872 3696 ι
915 3641 970 3699 et
1010 3646 1157 3699 citat.
1198 3655 1301 3697 art.
1347 3657 1455 3699 ext.
1500 3644 1566 3698 de
1611 3641 1797 3712 puniit.
1841 3651 1896 3712 et
1940 3643 2151 3697 remiss.

576 3728 696 3781 cap.
731 3714 880 3769 Nova
919 3726 973 3772 et
1008 3717 1110 3783 ‘20,
1149 3733 1201 3785 q.
1236 3716 1285 3781 1,
1322 3711 1774 3771 Sanctimoniales.
1808 3711 1941 3767 Vide
1973 3714 2039 3766 16
2076 3727 2148 3780 c.,

649 3858 826 3923 Quare
854 3868 1029 3914 autem
1053 3860 1117 3913 ad
1149 3858 1354 3925 vigilias
1390 3858 1448 3913 8.
1476 3856 1821 3925 Evangelium
1854 3854 1955 3923 legi
1981 3854 2155 3923 jusse-

573 3928 645 3982 rit
689 3930 749 3984 8.
796 3929 973 3995 Pater,
1025 3930 1260 3984 declarat
1312 3932 1370 3986 8.
1424 3928 1758 3996 llildegardis
1811 3927 1894 3979 his
1935 3926 2151 3981 verbis:

583 4018 602 4049 s
636 4000 923 4056 Dominicis
952 4011 1127 4056 autem
1158 4000 1365 4064 diebus,
1396 4012 1449 4053 et
1480 4002 1529 4051 in
1570 4000 1691 4051 aliis
1724 3997 2156 4051 solemnitatibus

573 4083 696 4146 post
736 4084 1025 4146 nocturnos
1054 4070 1530 4146 Evangeliuinlegi
1564 4070 1898 4146 praecipiens,
1932 4067 2155 4138 intelligi

576 4145 689 4212 vult
712 4145 851 4212 quod
880 4148 1024 4199 omni
1058 4140 1580 4210 tempore,videb'cet
1608 4149 1713 4212 tam
1738 4140 1790 4193 in
1814 4148 1969 4194 nocte
1994 4154 2153 4212 quam

577 4211 662 4267 die
705 4210 944 4268 nuntium
980 4214 1071 4268 Dei
1111 4214 1313 4277 audiri,
1356 4222 1410 4265 et
1454 4210 1741 4278 compleri,
1786 4220 1841 4265 et
1887 4225 1981 4279 per
2024 4210 2153 4264 illud

577 4283 689 4338 Deo
716 4286 905 4339 scrviri
935 4285 1125 4349 debet;
1157 4296 1210 4338 et
1242 4294 1297 4335 ut
1324 4284 1481 4337 etiam
1514 4283 1696 4335 audito
1727 4281 2011 4350 Evangelio
2041 4296 2156 4335 mo-

577 4356 733 4407 nacbi
766 4356 903 4408 illius
947 4354 1221 4425 Evangelii
1264 4353 1713 4408 recordarentur:
1760 4352 1889 4406 Ecce
1919 4368 2009 4425 nos
2038 4356 2156 4425 reli-

577 4426 778 4493 quimus
808 4428 1013 4490 omnia,
1040 4436 1089 4480 et
1106 4422 1282 4478 ἡδείαιὶ
1324 4440 1496 4475 sumus
1542 4434 1624 4485 te;
1651 4432 1705 4476 et
1743 4424 1900 4476 etiam
1934 4424 2034 4476 hoc
2072 4422 2153 4475 in-

579 4497 782 4559 tendit,
816 4506 869 4548 ut
898 4498 944 4549 si
971 4496 1088 4561 quis
1117 4511 1213 4562 pro
1241 4497 1456 4547 raritate
1496 4493 1855 4559 sacerdotum,
1891 4510 1986 4549 seu
2018 4509 2154 4563 pra:-

579 4569 929 4631 occupatione
956 4567 1178 4633 alicujus
1210 4564 1573 4632 impedimenti
1601 4579 1666 4620 eo
1695 4565 1783 4618 die
1809 4566 2024 4619 missam
2054 4566 2151 4617 ha-

2248 524 2507 580 Sitniliter
2552 522 2931 576 Hildemarus:
2982 539 3001 571 ι
3038 521 3171 575 Cum
3228 519 3474 590 planeta,
3522 521 3742 585 orario,
3796 531 3855 574 et

2247 594 2586 651 candelabris
2608 594 2838 659 duobus,
2868 602 2920 647 et
2953 591 3242 647 thuribulo.
3266 610 3287 644 s

2319 676 2583 732 Stantibus
2612 671 2893 743 omnibus.]
2928 672 3085 727 Juxta
3113 673 3384 743 antiquam
3417 682 3577 741 atque
3608 673 3679 725 ab
3714 687 3855 738 apo-

2248 748 2402 803 stolis
2434 746 2681 799 traditam
2729 742 3202 807 consuetudinem,
3251 742 3403 813 cujus
3449 744 3698 797 meminit
3750 743 3854 797 Li-

2249 818 2422 887 turgia
2447 817 2504 872 S.
2530 816 2730 887 Marci:
2767 833 2785 866 ι
2816 815 2963 887 State
2986 819 3004 838 '
3038 816 3316 887 audiamus
3343 814 3847 887 S.Evangetiurn.s

2250 885 2411 944 Missa
2464 888 2520 943 8.
2568 886 2791 939 Basilii:
2838 904 2857 937 ι
2896 886 3111 955 Legitur
3171 885 3514 954 Evangelium
3569 886 3851 939 stantibus

2251 959 2499 1014 omnibus
2524 971 2645 1011 cum
2674 957 2868 1011 timore
2902 966 2957 1011 et
3008 959 3327 1012 reverentia.
3355 974 3374 1007 ι
3409 956 3851 1010 Constitutiones

2253 1030 2563 1099 apostolica:
2590 1030 2726 1096 apud
2753 1026 3081 1081 Clementem
3106 1028 3246 1099 (Lib.
3272 1042 3331 1091 ιι,
3354 1043 3468 1098 (ορ.
3496 1026 3589 1095 57)
3617 1045 3631 1081 :
3661 1026 3852 1099 «Cum

2250 1098 2442 1170 legitur
2475 1100 2850 1165 Evangelium,
2899 1098 3198 1170 presbyteri
3238 1106 3299 1170 et
3329 1098 3569 1161 diaconi,
3613 1098 3850 1170 univer-

2256 1166 2451 1240 susque
2484 1172 2710 1239 populus
2758 1166 2949 1235 magno
2976 1166 3096 1223 cum
3129 1169 3341 1222 silentio
3371 1179 3535 1222 Sient.
3560 1188 3581 1220 s
3611 1170 3671 1240 8.
3713 1166 3854 1222 Ger~

2255 1239 2396 1323 mani
2422 1240 2653 1323 Ibem-ia
2686 1244 2907 1323 mysﬁca
2935 1258 3001 1323 χε
3035 1239 3494 1323 V-erbumpeinest
3507 1239 3852 1323 LII-ldth

2258 1313 2391 1366 recti
2421 1311 2480 1366 8.
2507 1308 2873 1381 Evangelium.
2906 1330 2924 1363 ι
2959 1310 3244 1374 Rodulfus,
3275 1310 3327 1364 in
3360 1308 3474 1364 Vita
3508 1310 3719 1365 Babani
3741 1352 3756 1375 ,
3788 1326 3851 1365 ll.

2255 1384 2327 1439 42
2352 1383 2514 1451 (Suec.
2540 1386 2847 1451 tv,part.n)
2873 1399 2885 1434 :
2916 1400 2935 1433 ι
2971 1382 3104 1436 Cum
3132 1383 3182 1435 in
3211 1381 3437 1435 ecclesia
3469 1382 3684 1449 publice
3718 1381 3852 1435 mis-

2258 1468 2436 1508 sarum
2461 1461 2745 1521 agerentur
2772 1453 3052 1515 solemnia.
3083 1463 3137 1507 et
3176 1451 3334 1506 lectio
3364 1451 3631 1519 legeretur
3660 1451 3849 1506 Evan-

2257 1526 2379 1594 gelii
2408 1525 2671 1577 stantibus
2699 1523 2949 1577 omnibus
2972 1522 3121 1592 juxta
3154 1538 3357 1577 morem
3384 1538 3505 1575 cum
3538 1524 3763 1577 silentio
3791 1534 3850 1578 et

2262 1597 2583 1649 reverentia.
2613 1614 2631 1646 ι
2670 1594 2901 1659 ldipsum
2936 1597 3005 1647 ab
3038 1594 3315 1647 Anastasio
3345 1608 3478 1662 papa
3520 1594 3850 1649 auctoritate

2260 1666 2550 1733 apostolica
2584 1666 2847 1719 ﬁrmatum
2893 1664 3081 1720 scribit
3116 1664 3432 1719 AnaStasius
3478 1662 3850 1720 Bibliotheca-

2261 1739 2373 1791 rius
2403 1738 2453 1790 in
2486 1736 2627 1790 illius
2666 1734 2815 1801 Vita,
2846 1746 2901 1789 et
2944 1735 3263 1804 Ilicrologus
3298 1735 3352 1787 in
3393 1734 3485 1789 lib.
3510 1734 3580 1788 de
3610 1736 3850 1790 Obson.

2262 1809 2481 1869 eccles.,
2502 1822 2553 1860 c.
2577 1806 2631 1862 9.
2661 1806 2850 1861 Exstat
2879 1808 2977 1860 hac
2997 1807 3065 1861 de
3084 1822 3142 1860 re
3163 1806 3279 1875 ejus
3300 1806 3609 1860 constitutio
3632 1810 3682 1859 in
3714 1804 3851 1860 Gra-

2260 1877 2385 1931 tiani
2410 1879 2632 1933 decreto
2655 1876 2756 1947 (De
2780 1875 2933 1931 Cons.
2960 1878 3083 1931 dist.
3107 1879 3157 1939 1,
3189 1893 3236 1929 c.
3269 1876 3587 1946 Apostotica)
3616 1876 3703 1931 his
3733 1892 3850 1931 ver.

2260 1949 2342 2002 bis
2384 1959 2674 2017 concepta;
2715 1966 2733 1998 ι
2765 1949 3071 2017 Apostolica
3124 1948 3443 2002 auctoritate
3490 1952 3849 2012 mandamus,

2259 2019 2385 2073 dum
2414 2030 2597 2074 sancta
2630 2018 2915 2087 Evangelia
2948 2020 3000 2073 in
3038 2018 3267 2073 ecclesia
3311 2018 3629 2083 recitantur,
3662 2033 3850 2074 sacer-

2259 2090 2413 2145 dotes
2450 2101 2503 2145 et
2530 2091 2710 2145 caueri
2740 2104 2929 2144 omnes
2970 2099 3259 2158 praesentes
3303 2104 3408 2143 non
3438 2089 3718 2152 sedentes,
3754 2090 3847 2145 sed

2258 2160 2636 2216 venerabiliter
2666 2161 2814 2215 curvi
2856 2162 2911 2216 in
2951 2172 3242 2230 conspecm
3271 2161 3328 2214 S.
3370 2159 3645 2229 Evangelii
3695 2171 3851 2215 stan-

2259 2242 2361 2298 tes,
2392 2232 2656 2287 dominica
2689 2233 2850 2287 verba
2876 2239 3081 2287 attente
3107 2232 3327 2286 audiant
3355 2241 3409 2286 et
3445 2230 3675 2287 ﬁdeliter
3717 2232 3851 2287 ado-

2259 2314 2398 2358 rent.
2433 2322 2451 2354 ι

2330 2397 2498 2467 Hujus
2540 2397 2674 2452 ritus
2723 2396 2957 2453 rationes
3009 2410 3131 2451 esse
3180 2404 3445 2465 possunt:
3485 2395 3546 2467 j'
3573 2397 3755 2451 honor
3800 2406 3851 2454 et

2256 2465 2552 2523 reverentia
2602 2468 2660 2523 S.
2692 2468 2993 2537 Evangelii;
3036 2467 3094 2520 2⁸
3123 2467 3262 2537 quod
3314 2482 3420 2520 non
3467 2465 3664 2522 deceat
3707 2468 3851 2521 alios

2256 2541 2446 2595 sedere
2491 2548 2665 2593 stante
2693 2539 2749 2594 8.
2781 2538 3048 2608 Evangelii
3079 2539 3301 2604 lectore,
3337 2554 3358 2589 s
3385 2538 3472 2605 qui
3515 2539 3632 2593 sive
3672 2540 3845 2593 abbas

2258 2610 2413 2678 ipse,
2455 2610 2568 2663 sive
2613 2610 2751 2664 alius
2791 2611 3013 2680 quilibet
3058 2609 3309 2663 sacerdos
3353 2609 3443 2662 ille
3475 2608 3581 2680 sit,
3621 2610 3849 2665 Domini

2258 2682 2427 2735 nostri
2458 2680 2582 2735 Jesu
2607 2678 2821 2735 Christi
2841 2696 3123 2749 personam
3153 2680 3319 2748 gerit,
3343 2697 3363 2731 s
3391 2688 3446 2733 ut
3474 2678 3711 2749 loquitur
3739 2680 3849 2735 Re-

2257 2751 2669 2823 pertusi(Lib._t|
2691 2752 2745 2804 in
2774 2748 2959 2823 Regul.
2986 2751 3048 2807 S.
3074 2748 3197 2816 B.);
3228 2749 3289 2802 ὅσ
3314 2759 3372 2803 ιιι
3399 2750 3497 2803 hac
3524 2748 3693 2805 nostri
3722 2766 3848 2805 cor-

2255 2820 2405 2890 poris
2428 2820 2780 2889 diSpositione
2806 2820 3256 2886 demonstremus,
3281 2836 3379 2875 nos
3400 2830 3655 2890 tanquam
3678 2837 3845 2877 veros

2258 2893 2351 2947 Dei
2398 2907 2583 2947 servos
2626 2891 2691 2947 ad
2739 2894 2880 2962 ejus,
2922 2908 3041 2961 quae
3086 2890 3454 2961 proferuntur,
3492 2894 3843 2964 exsequenda

2256 2970 2505 3018 manlata
2532 2977 2744 3031 semper
2764 2979 2887 3019 esse
2916 2972 3155 3032 paratos.

2330 3055 2443 3121 Qua
2468 3056 2717 3124 perlecm,
2750 3059 3091 3123 respondeant
3123 3070 3294 3108 omnes
3328 3052 3535 3125 Amem]
3575 3056 3706 3121 Quae
3739 3070 3845 3110 vos

2254 3135 2339 3181 est
2357 3125 2634 3189 Hebraica,
2656 3126 2920 3194 duplicem
2950 3125 3152 3181 habens
3174 3125 3614 3195 signiﬁcationem
3635 3143 3647 3154 ·
3674 3141 3841 3182 unam

2256 3196 2511 3265 optantis,
2542 3195 2594 3249 id
2624 3207 2707 3250 est
2740 3196 2857 3263 ﬁat,
2893 3212 2998 3266 quo
3026 3212 3188 3252 sensu
3229 3198 3457 3251 sumitur
3486 3199 3554 3249 ab
3596 3196 3845 3251 Ecclesia

2258 3268 2309 3320 in
2339 3266 2444 3321 ﬁne
2472 3266 2845 3330 collectarum;
2874 3272 3094 3322 alteram
3126 3266 3463 3330 afﬁrmantis,
3486 3266 3539 3320 id
3562 3279 3646 3322 ρει
3671 3283 3849 3321 smus

2259 3346 2361 3402 est,
2396 3352 2497 3407 qua
2528 3338 2583 3391 in
2621 3338 3007 3404 signiﬁcatione
3037 3354 3066 3392 a
3091 3338 3149 3394 S.
3184 3340 3239 3391 Ρ.
3276 3337 3565 3393 Benedicto
3613 3353 3847 3406 usurpa-

2260 3418 2366 3473 tur,
2405 3427 2423 3459 ι
2453 3408 2604 3476 quia,
2633 3407 2803 3477 inquit
2832 3409 3113 3476 Boherius,
3142 3424 3327 3463 omnes
3356 3411 3556 3463 debent
3578 3408 3646 3462 ad
3679 3409 3847 3464 verba

2261 3478 2356 3535 Dei
2383 3478 2675 3541 attendere,
2708 3488 2763 3533 et
2785 3494 2847 3533 ea
2880 3496 2972 3548 per
2998 3496 3144 3531 amen
3166 3494 3408 3535 asserere
3434 3493 3559 3534 vera
3583 3494 3707 3534 esse
3728 3520 3746 3545 ,
3793 3490 3850 3535 ut

2261 3564 2412 3604 mens
2450 3549 2714 3603 audientis
2741 3551 3031 3605 concordet
3062 3550 3178 3603 voci
3206 3550 3469 3604 docentis.
3496 3568 3515 3601 ι
3549 3548 3704 3605 Unde
3728 3566 3846 3605 rne-

2259 3621 2363 3691 rito
2389 3635 2508 3675 cum
2540 3621 2828 3691 smaragdo
2856 3624 3031 3690 possis
3062 3621 3383 3691 redarguere
3412 3634 3505 3674 eos
3530 3623 3617 3691 qui
3660 3622 3843 3691 impu-

2261 3689 2407 3745 denti
2447 3690 2750 3745 temeritate
2782 3690 2841 3746 8.
2860 3689 3079 3746 Patrem
3110 3689 3420 3746 insimulare
3446 3694 3562 3745 ausi
3591 3689 3844 3759 fuerunt,

2259 3762 2410 3830 quasi
2438 3763 2655 3815 omnino
2684 3762 2861 3831 inepte
2881 3774 2934 3816 et
2960 3763 3255 3832 incongrue
3274 3778 3421 3814 amen
3450 3762 3501 3815 in
3532 3762 3638 3818 ﬁne
3668 3763 3850 3817 Evan-

2258 3832 2381 3900 gelii
2422 3832 2763 3901 praecepisset
2789 3832 2917 3887 dici.
2943 3831 3102 3887 Certe
3133 3831 3185 3885 in
3212 3834 3374 3885 missa
3406 3832 3749 3887 Mozarabum
3792 3834 3846 3887 in

2258 3903 2365 3957 ﬁne
2406 3904 2685 3972 Epistolas.
2756 3905 3153 3973 pr0pbetiarum
3200 3913 3253 3957 et
3296 3903 3569 3973 Evangelii
3614 3917 3845 3973 respon-

2259 3973 2414 4028 detur
2434 3991 2599 4028 amen.
2626 3973 2729 4028 Sed
2749 3984 2804 4028 et
2824 3972 3126 4029 Alexander
3150 3972 3362 4027 Aleusis
3383 3972 3661 4028 de'eadem
3689 3972 3844 4043 praxi

2260 4045 2330 4098 ita
2359 4046 2540 4100 scribit
2568 4044 2667 4115 (De
2697 4044 2841 4115 (me.
2874 4046 3042 4099 missa:
3078 4045 3129 4099 in
3157 4059 3207 4098 tv
3242 4054 3386 4112 parte
3407 4044 3584 4115 Sum.)
3613 4064 3626 4098 :
3665 4064 3685 4097 ‹
3715 4045 3847 4100 Per—

2261 4116 2400 4170 lecto
2427 4115 2736 4184 Evangelio,
2767 4116 2949 4169 dicunt
2977 4116 3291 4170 assistentes
3316 4118 3516 4183 .Amen,
3552 4115 3714 4171 faciat
3741 4130 3847 4172 nos

2260 4185 2402 4259 Deus
2436 4201 2782 4259 perseverare
2810 4187 2862 4259 in
2906 4186 3143 4259 doctrina
3182 4186 3487 4259 Evangelii;
3523 4188 3615 4259 alii
3658 4187 3847 4241 dicunt

2258 4255 2366 4311 Deo
2383 4255 2596 4327 gratias,
2617 4258 2669 4311 in
2686 4258 2972 4326 gratiarum
2992 4257 3253 4311 actionem
3278 4271 3375 4325 pro
3396 4257 3659 4312 beneﬁcio
3684 4268 3847 4312 tanta

2260 4327 2520 4381 doctrinre
2569 4339 2623 4382 et
2667 4338 2773 4381 tam
2819 4328 3087 4381 salutaris.
3122 4347 3140 4379 ι
3188 4327 3254 4380 Ει
3283 4329 3519 4383 Joannes
3561 4329 3843 4392 Beletbus,

2258 4398 2446 4452 doctor
2490 4398 2839 4469 Parisiensis,
2888 4399 2977 4469 qtti
3040 4398 3347 4465 quingentis
3392 4400 3607 4454 circiter
3653 4398 3852 4453 abhinc

2257 4469 2411 4524 annis
2438 4469 2648 4522 vivebat
2673 4467 2765 4539 (In
2788 4467 2991 4537 Expiic.
3015 4469 3172 4521 di-ini
3200 4469 3378 4538 oﬂicii,
3402 4485 3447 4523 ε.
3469 4470 3560 4537 39)
3588 4488 3600 4522 :
3636 4488 3655 4521 ι
3678 4469 3851 4525 Lecm

2253 4541 2362 4607 jam
2399 4540 2708 4608 Evangelia,
2748 4542 2973 4609 quisque
3012 4539 3170 4595 debet
3201 4540 3383 4595 dicere
3409 4542 3599 4607 Amen,
3630 4544 3750 4605 vel,
3784 4551 3849 4594 ut

578 4610 2154 4705 ΒὲῑέἷῐέῑἽηῑέέᾶῗῖιῖιέῐέεέξὲ”ἑί6ἧ“ρὶ›ῖεῐὶῐ,”’ίὲἐῐίιῑιι”ῑτι
2178 4640 2235 4704 ι)
2257 4610 2346 4705 ﬂii
2380 4612 2851 4705 mlpttfgjsgilagg
2862 4610 3393 4705 ,ἕνθέιξῖιξῇξιθξίξιλ
3408 4611 3848 4705 612993ng-

579 4705 818 4776 auditum
846 4707 1190 4776 Evangelium‘
1213 4706 1314 4759 sibi
1339 4706 1591 4761 sufﬁciat.
1622 4725 1639 4757 ι

650 4775 774 4829 Cum
816 4774 1017 4831 honore
1044 4789 1089 4831 et
1135 4789 1347 4831 tremore
1386 4777 1634 4830 stantibus
1680 4774 1962 4846 omnibus.]
2027 4775 2152 4831 Haec

578 4849 770 4911 verba,
795 4865 910 4901 cum
934 4848 1122 4901 honore
1139 4858 1187 4902 et
1218 4859 1454 4911 tremore,
1488 4860 1710 4915 possunt
1743 4849 1927 4902 referri
1949 4847 2015 4901 ad
2041 4847 2155 4901 haec

578 4920 933 4986 prmcedentia
953 4960 967 4983 ,
1001 4920 1135 4988 legat
1176 4919 1330 4972 abbas
1361 4920 1620 4973 lectionem
1648 4922 1711 4973 de
1742 4918 2038 4987 Evangelia,
2072 4920 2153 4971 vel

579 4989 645 5041 ad
674 4990 1080 5058 subsequentia,
1117 4990 1362 5043 stantibus
1402 4990 1653 5043 omnibus.
1693 4989 1772 5042 Ad
1806 4989 1977 5057 priora
2010 4988 2153 5041 refe-

578 5071 703 5113 runt
747 5060 1081 5115 llildcmarus
1120 5069 1174 5114 et
1220 5061 1477 5114 Boberius
1523 5061 1574 5114 in
1622 5062 1795 5126 primo
1833 5073 2028 5113 comm.
2075 5058 2154 5111 Ad

576 5134 874 5199 posteriora
934 5131 1233 5186 Deruardus
1286 5130 1625 5186 Cassinensis
1674 5140 1727 5183 et
1787 5128 2032 5182 Nicolaus
2085 5129 2154 5184 de

578 5199 873 5256 Fractura:
909 5221 925 5251 ι
955 5199 1088 5271 Cum
1128 5205 1352 5269 bonore,
1385 5203 1555 5271 inquit
1595 5199 2018 5271 Nicolaus,quia
2046 5216 2153 5253 om.

578 5286 676 5326 nes
714 5271 914 5328 debent
953 5270 1095 5329 stare
1125 5274 1347 5337 pedibus
1396 5270 1578 5335 rectis,
1622 5281 1675 5324 et
1704 5270 1932 5338 caputiis
1962 5272 2155 5325 amotis

578 5342 647 5397 de
688 5342 889 5411 capite,
936 5343 1061 5398 dum
1112 5345 1304 5415 legitur
1351 5343 1511 5397 lectio
1555 5342 1623 5396 de
1674 5340 2001 5415 Evangelia;
2033 5354 2153 5415 cum

578 5424 834 5477 tremore,
868 5415 990 5484 quia
1020 5430 1138 5469 cum
1168 5411 1361 5484 niagno
1403 5423 1638 5484 tremore
1668 5411 1936 5484 debemus
1955 5411 2153 5484 intelli-

575 5498 703 5552 gere
740 5493 795 5538 et
837 5480 1021 5539 audire
1053 5480 1280 5554 poenas'
1302 5492 1357 5537 et
1407 5483 1625 5552 praemia
1687 5496 1804 5549 quae
1852 5480 2007 5536 nobis
2031 5498 2155 5554 Aper

576 5551 918 5624 Evangelium
949 5551 1379 5623 promittuntur.»
1408 5554 1668 5608 Boherius
1694 5560 1948 5624 econtra:
1977 5570 1996 5604 ι
2020 5551 2152 5609 Cum

576 5622 803 5696 honore,
835 5622 994 5696 282
1031 5628 1177 5692 inﬁt,
1212 5628 1335 5696 quia
1367 5626 1584 5678 indutus
1614 5622 1947 5696 vestimentis
1978 5638 2156 5679 sacer-

577 5693 1016 5766 dotalibusfquiz
1067 5693 1243 5765 capite
1283 5695 1647 5763 discooperto.
1690 5693 1813 5762 quia
1858 5694 1910 5748 in
1954 5696 2154 5765 pulpito

2257 4689 2333 4736 tet
2377 4681 2486 4735 Deo
2531 4682 2740 4752 gratias,
2784 4681 3235 4752 quemadmodum
3276 4691 3397 4750 post
3433 4682 3729 4752 quamlibet
3768 4684 3852 4735 le-

2259 4754 2493 4807 ctionem
2518 4757 2630 4806 sive
2651 4752 2979 4817 capitulum;
3027 4751 3122 4806 sed
3168 4752 3357 4807 melius
3400 4751 3484 4808 est
3531 4762 3589 4807 ut
3636 4754 3851 4808 dicatur

2259 4825 2475 4878 Amen.)
2503 4824 2686 4879 Obiter
2710 4823 2969 4895 mhic
2998 4821 3199 4895 referre
3219 4823 3374 4895 juvat
3397 4824 3538 4895 quod
3565 4832 3718 4878 notat
3746 4823 3852 4877 Bo-
3950 4832 3953 4839 '

2260 4895 2440 4949 herius
2473 4897 2524 4950 in
2553 4893 2799 4966 secundo
2815 4908 3040 4966 comm.,
3079 4894 3137 4948 8.
3165 4893 3444 4959 Isidorum,
3476 4893 3851 4966 Hispalensem

2260 4969 2568 5035 episcopum
2586 5005 2600 5028 ,
2628 4966 2679 5019 in
2703 4964 2884 5019 ofﬁcio
2912 4964 3091 5018 missa:
3117 4966 3410 5021 instituisse
3438 4974 3497 5019 ut
3524 4964 3589 5019 ad
3620 4964 3854 5035 quamli-

2262 5035 2351 5089 bet
2380 5039 2687 5103 petitionem
2729 5036 2988 5091 orationis
3011 5035 3293 5090 dominicae
3335 5038 3510 5091 clerus
3548 5037 3851 5103 respondeo

2262 5115 2345 5179 ret
2372 5108 2562 5171 Amen;
2593 5107 2686 5179 sed
2715 5107 2780 5160 ad
2814 5107 2970 5179 hanc,
3006 5104 3203 5179 Panem
3232 5117 3459 5179 nostrum
3492 5108 3856 5179 quotidianum

2259 5178 2326 5229 da
2354 5179 2497 5230 nobis
2527 5178 2696 5243 hodie,
2729 5177 3079 5246 responderet
3103 5176 3203 5243 Qui
3224 5193 3277 5229 es
3300 5176 3459 5231 Deus.

2332 5269 2401 5353 Et
2420 5266 2755 5353 subsequatur
2778 5287 2898 5353 mox
2922 5271 3077 5325 abbas
3100 5270 3348 5353 hymnum
3370 5270 3448 5326 Tr:
3474 5285 3647 5353 nec“
3672 5267 3859 5353 usus]

2258 5340 2361 5407 Qui
2390 5342 2531 5397 idem
2564 5340 2685 5397 esse
2711 5342 2952 5396 creditur
2980 5356 3100 5397 cum
3133 5340 3226 5397 illo
3249 5342 3340 5411 qui
3360 5341 3500 5411 apud
3524 5342 3855 5397 Clementem

2262 5411 2561 5468 Romanum
2614 5414 2667 5467 in
2717 5413 3201 5467 Constitutionibus
3254 5413 3487 5482 apostol.
3535 5412 3857 5482 exprimim-

2262 5483 2347 5539 his
2379 5484 2556 5540 verbis
2583 5482 2720 5553 (Lib.
2756 5499 2847 5548 vu,
2880 5500 2996 5555 cap.
3016 5482 3120 5555 749)
3150 5501 3164 5538 :
3190 5484 3264 5555 Te
3291 5484 3430 5537 decet
3458 5484 3627 5555 laus,_
3646 5494 3695 5537 te
3714 5485 3859 5555 decet

2264 5555 2503 5624 hymnus,
2531 5565 2578 5609 te
2593 5552 2743 5608 decet
2768 5552 2954 5624 gloria,
3000 5552 3168 5607 Deum
3212 5554 3418 5609 Patrem
3458 5571 3547 5620 per
3576 5552 3776 5607 Filium
3802 5554 3857 5605 iis

2265 5622 2463 5695 Spiritu
2495 5634 2670 5679 sancto
2698 5627 2752 5678 in
2771 5622 2979 5680 'swcula
3008 5628 3330 5680 sweulorum.
3364 5628 3545 5680 Amen.
3581 5625 3647 5678 Et
3677 5632 3858 5695 tamen

2263 5693 2561 5767 appellatur
2591 5696 2982 5752 Ambrosianus
3012 5696 3243 5767 hymnus
3270 5697 3324 5751 in
3356 5696 3449 5751 lih.
3482 5711 3500 5751 ι
3531 5695 3649 5750 Mir.
3676 5696 3737 5751 8.
3769 5693 3857 5747 Βία

649 5863 670 5883 ⁹
696 5859 1003 5927 Legendum
1034 5859 1239 5913 videtur
1266 5854 1469 5909 Stantes
1508 5852 1802 5909 audiamus.
1838 5854 1921 5912 vel
1958 5853 2149 5913 saltem
2190 5853 2266 5911 sic
2294 5850 2733 5923 distinguendum
2762 5868 2774 5905 :
2808 5851 2974 5933 State,
2997 5853 3295 5922 audiamus,
3318 5860 3423 5910 etc.
3451 5849 3605 5910 Enn.

974 5956 1097 5977 4.-
