4074 6356
231 386 337 441 449

1282 380 1559 439 uacuos
1596 377 2091 437 COMMENTATA.
2132 352 2286 433 CAP.
2329 375 2470 433 xw.

2718 280 2721 281 '
2731 276 2763 294 *ὃ

3401 374 3504 426 45ϋ

230 471 387 571 (ϐαῆ.
415 496 504 572 I0)
530 500 805 555 decretum
832 497 1021 569 legitur
1067 498 1151 555 his
1178 497 1403 556 verbis:
1442 498 1624 572 «item
1656 498 1810 553 nobis
1836 500 1892 560 Α
1915 495 1976 572 _S.
2002 494 2323 572 Benedictps
2364 492 2431 572 ad
2471 505 2565 548 eos
2606 490 2721 562 qui,
2768 500 2827 572 u_t
2875 489 3086 572 dicebat
3135 486 3295 571 modo
3319 487 3505 572 _abbas

230 569 446 639 semper
486 569 685 639 placuit
722 571 1037 635 observari,
1078 581 1137 625 ut
1172 571 1423 626 omnibus
1461 569 1652 626 diebus
1692 578 1813 638 post

231 642 544 707 matutinas,
573 653 627 697 et
656 657 908 711 vesperas
944 643 1115 697 oratio
1156 642 1426 696 dominica
1471 658 1500 695 a
1531 644 1812 711 sacerdote

232 713 593 795 proferaturu
627 714 1111 795 a‘itque‘Durandus
1142 712 1280 795 (Lib:
1304 728 1342 795 vi
1362 712 1592 795 Iiation.,
1614 729 1730 795 cap.
1753 710 1811 780 2)

232 782 288 840 in
331 784 593 854 primitiva
625 783 865 839 Ecclesia
906 794 1022 853 post
1058 784 1350 855 quamlibet
1388 782 1572 855 horam
1612 784 1813 855 absque

230 853 342 909 alia
384 856 628 910 oratione
683 855 785 909 alta
829 870 959 910 voce
1009 853 1420 925 prenuntiatami
1452 853 1637 918 fuisse,
1668 853 1812 925 quod

232 926 432 991 adhuc,
465 926 665 995 inquit,
698 926 938 981 Ecclesia
980 924 1356 981 Lateranensis
1394 924 1589 979 dicitur
1627 924 1813 995 obser—

230 1011 382 1051 vare.
422 994 675 1052 Eanidem
716 997 820 1051 alta
861 1011 991 1051 voce
1018 996 1071 1051 in
1098 998 1322 1052 ecclesia
1355 1005 1619 1050 cantatum
1650 994 1813 1049 fuisse

231 1067 406 1123 innuit
447 1069 610 1123 abbas
654 1068 796 1122 Isaac
836 1067 979 1134 apud
1017 1066 1330 1123 Cassianum
1378 1066 1592 1132 (Collat.
1616 1065 1670 1128 9,
1694 1082 1810 1131 cap.

231 1139 346 1208 2‘2),
380 1153 500 1194 cum
532 1152 811 1208 exponens
841 1138 931 1193 illa
958 1138 1141 1201 verba,
1176 1138 1242 1192 Et
1266 1138 1462 1192 dimitte
1484 1138 1626 1191 nobis
1645 1136 1813 1208 debita

231 1207 428 1273 nostra,
454 1221 585 1277 etc.,
612 1207 693 1263 'sic
722 1209 960 1278 loquitur
989 1227 1003 1263 :
1032 1227 1051 1261 t
1088 1208 1325 1265 Tantum.
1345 1208 1632 1263 remittitur
1661 1207 1815 1261 nobis

229 1290 487 1349 quantum
530 1297 626 1335 nos
667 1280 1031 1335 remiserimus
1069 1281 1167 1349 eis,
1197 1280 1286 1350 qui
1314 1280 1468 1333 nobis
1494 1293 1813 1350 quacunque

230 1348 560 1421 malignitate
609 1362 931 1415 nocuerant;
980 1352 1121 1420 quod
1154 1348 1814 1421 formidantesnonnulli

230 1418 449 1479 cum'in
475 1421 705 1477 ecclesia
739 1422 852 1477 haec
872 1418 1044 1477 oratio
1074 1422 1141 1476 ab
1171 1421 1413 1475 universa
1452 1420 1608 1490 plebe
1631 1418 1814 1474 conci-

227 1493 413 1556 nitur,
458 1493 600 1547 hunc
639 1495 811 1548 locum
852 1493 999 1548 taciti
1038 1492 1481 1561 prtetermittunt,
1524 1501 1580 1545 ut
1618 1501 1816 1545 semet-

231 1563 379 1632 ipsos
406 1563 640 1633 obligare
669 1563 845 1631 potius
872 1580 1031 1633 quam
1064 1578 1317 1619 excusare
1355 1579 1451 1616 sua
1476 1562 1814 1633 professione

231 1582 379 1632 Ipsos
406 1582 640 1633 ouugare
669 1582 845 1631 potius
911 1582 1031 1618 uam
1064 1582 1317 1619 excusare
1355 1582 1451 1616 sua
1476 1582 1813 1632 pretesstone

230 1634 538 1688 videantur.
576 1655 593 1686 ι
631 1634 729 1691 Ubi
768 1582 907 1705 quod
947 1635 1075 1689 dicit
1112 1634 1425 1705 orationem;
1452 1634 1521 1705 ab
1559 1632 1813 1705 universa

231 1705 392 1773 plebe
437 1705 670 1769 concini,
727 1701 996 1774 respicere
1041 1706 1258 1760 videtur
1299 1703 1429 1758 illud
1478 1701 1813 1774 S.,Gregorii

228 1773 375 1847 (Lib.
407 1790 498 1839 vu,
527 1792 610 1845 ep.
644 1776 739 1847 65)
786 1773 867 1829 :t
900 1776 1081 1831 Oratio
1116 1776 1381 1847 dominica
1418 1773 1558 1843 apud
1596 1773 1813 1847 Gnaeos

1915 568 2061 622 Isaac
2088 565 2227 633 apud
2250 564 2594 629 Cassianum,
2623 560 2744 618 cum
2776 563 3040 618 dominica
3083 562 3256 633 oratio
3285 560 3352 614 ab
3381 561 3503 613 uni-

1913 652 2067 694 versa
2097 632 2255 709 plebe
2283 636 2675 709 concineretur,
2722 633 2901 709 iocum
2946 633 3087 709 hunc
3119 632 3257 687 taciti
3286 639 3507 701 prznter-

1914 705 2214 773 mittebant,
2245 722 2313 761 ne
2339 707 2658 775 semctipsos
2686 705 2923 774 obligare
2950 706 3123 774 potius
3149 718 3306 775 quam
3337 717 3505 758 excu-

1912 794 2035 835 sare
2063 792 2159 832 sua
2190 776 2524 847 professione
2552 776 2842 833 videretur.

1984 870 2148 944 295
2174 870 2342 944 Porro
2380 871 2521 926 circa
2564 871 2699 944 hanc
2738 869 3002 944 orationis
3042 868 3324 944 dominica:
3368 865 3509 944 peti-

1914 938 2462 1009 tione'm'notandum,
2495 942 2633 1010 quod
2664 941 2955 1012 Pelagiani,
2987 940 3076 1012 qui
3104 956 3165 995 se
3188 939 3363 1012 iustos
3390 938 3507 992 exi-

1912 1014 2226 1079 stimabant,
2260 1013 2555 1068 orationem
2580 1009 3144 1079 quidem'dominicam
3172 1009 3501 1069 recitabant;

1913 1085 2008 1140 sed
2038 1085 2175 1139 hanc
2212 1084 2556 1153 petitionem,
2586 1082 2794 1137 Dimitte
2825 1083 2966 1137 nobis
2997 1083 3163 1137 debita
3193 1091 3369 1153 nostra
3398 1094 3505 1135 non

1916 1171 2015 1225 pro
2058 1170 2138 1221 se,
2162 1152 2257 1211 sed
2288 1169 2387 1224 pro
2413 1154 2533 1209 aliis
2562 1153 2841 1219 dicebant;
2871 1165 2984 1222 aut,
3014 1154 3059 1207 si
3093 1152 3507 1225 dicebantstan-

1917 1223 2026 1281 tum
2050 1225 2370 1281 humilitatis
2396 1240 2591 1289 causa;
2624 1240 2757 1296 quos
2786 1226 2907 1279 ideo
2926 1225 3197 1279 damnavit
3216 1223 3507 1296 cotteilium

1916 1297 2282 1352 Milevitanum
2329 1312 2424 1351 seu
2470 1294 2655 1365 potius
2694 1296 3007 1366 Carthagini.
3056 1312 3175 1349 can.
3226 1295 3256 1347 7
3288 1302 3343 1349 et
3367 1294 3420 1357 8,
3452 1301 3509 1347 et

1915 1369 2107 1438 merito
2132 1367 2345 1438 quidem
2373 1386 2385 1420 :
2410 1368 2531 1437 quis
2554 1370 2697 1422 enim
2718 1366 3100 1436 justificabitur
3130 1367 3183 1419 in
3213 1373 3507 1438 conSpeclu

1916 1437 2128 1493 Domini
2151 1436 2378 1494 vivens?
2415 1436 2437 1491 t
2469 1439 2721 1506 Quotidie
2749 1439 2831 1493 vel
2855 1438 3201 1508 cogitatione.
3233 1436 3316 1491 vel
3342 1437 3509 1508 verbo

1915 1509 2299 1575 delinquimus,
2358 1510 2609 1579 inquiunt
2658 1510 2851 1565 Patres
2903 1506 3095 1564 concil.
3126 1506 3384 1579 _Toletani
3430 1522 3505 1573 tv,

1916 1594 2034 1635 can.
2068 1580 2130 1645 9;
2171 1580 2409 1651 quotidie
2434 1577 2589 1636 hanc
2626 1581 2922 1636 orationem
2962 1577 3241 1651 en‘undere
3281 1578 3333 1633 in
3377 1593 3507 1651 con:

1915 1663 2099 1722 spectu
2128 1647 2225 1707 Dei
2254 1651 2533 1707 debemus.
2608 1652 2862 1722 Quisquis
2891 1666 3022 1720 ergo
3051 1648 3389 1722 sacerdotum
3409 1647 3507 1722 vel

1915 1721 2376 1789 subadjacentium
2415 1722 2735 1778 clericorum
2760 1720 2903 1779 hanc
2940 1721 3236 1776 orationem
3277 1720 3523 1774 domini-‘

1922 1808 2038 1847 cam
2078 1794 2318 1862 quotidie
2355 1802 2447 1848 aut
2484 1794 2541 1849 in
2580 1794 2817 1864 publico,
2857 1803 2949 1848 aut
2986 1793 3040 1847 in
3082 1791 3290 1864 privato
3329 1791 3507 1864 officio

231 1844 307 1900 ab
332 1850 479 1940 omni
510 1844 961 1940 p0pull.o'di.citur_,
990 1846 1128 1916 apud
1162 1862 1259 1902 nos
1289 1856 1467 1901 autem
1503 1860 1533 1898 a
1575 1844 1690 1898 solo
1725 1859 1814 1898 sa—

1920 1844 3403 1940 paeasea',‘sa;..;.;.;§.aa;nmipsaque.
3416 1844 3505 1940 5...

227 1916 474 1979 cerdote.
513 1936 532 1971 ι
562 1916 767 1973 scilicet
800 1918 852 1972 in
881 1917 1066 1972 missa.

304 1987 510 2053 Tertio,
543 1996 601 2042 ut
625 1987 832 2042 dicatur
855 2003 889 2042 ε
917 1988 1108 2056 priore,
1157 2006 1174 2037 α
1213 1986 1264 2040 id
1294 1995 1374 2041 est
1402 1985 1614 2048 abbate,
1645 1984 1817 2056 inquit

180 2080 201 2091 ~
226 2056 519 2123 Boherius,
552 2058 633 2113 vel
666 2059 780 2127 ipso
808 2055 968 2113 etiam
1000 2060 1219 2113 absente
1255 2073 1284 2111 a
1318 2058 1493 2122 priore
1520 2055 1811 2127 claustrali,

229 2128 319 2181 vel
346 2132 415 2181 ab
446 2130 560 2196 ipso
589 2126 801 2183 tandem
826 2130 914 2197 qui
942 2128 1064 2182 facit
1089 2128 1260 2195 majus
1284 2127 1517 2182 officium
1536 2128 1602 2197 in
1628 2126 1812 2189 altari;

228 2198 359 2270 quia
391 2198 641 2270 nimirum
670 2199 762 2253 ille
789 2196 873 2254 eSt
912 2200 1055 2267 prior
1093 2199 1327 2270 omnium
1372 2204 1425 2251 in
1461 2196 1644 2270 _ol_ficio_
1681 2197 1814 2249 alta-

229 2267 331 2324 ris.
361 2287 380 2320 ι
412 2268 490 2322 Ita
513 2271 674 2324 etiam
696 2269 929 2324 Aiardus
950 2270 1171 2324 Gazzeus
1200 2268 1251 2322 in
1282 2284 1379 2323 suo
1408 2267 1474 2321 ad
1498 2267 1814 2322 Cassianum

230 2354 432 2395 comm.
460 2340 554 2395 lib.
580 2356 704 2405 vm,
737 2355 855 2407 cap.
891 2341 945 2403 8,
972 2354 1066 2409 per
1095 2339 1325 2408 priorem
1352 2337 1602 2407 intelligit
1630 2352 1814 2409 sacer-

232 2410 505 2465 cerdotetn
535 2407 1005 2466 hebdomadarium
1028 2426 1043 2475 ;
1070 2407 1165 2465 sed
1194 2410 1373 2464 verius
1398 2423 1520 2463 cum
1545 2407 1816 2461 Bernardo

234 2479 538 2537 Cassinensi
558 2482 802 2536 abbatem
826 2496 921 2536 seu
948 2481 1097 2535 chori
1121 2479 1402 2549 praesidem
1429 2478 1813 2543 intellexerim,

234 2552 325 2620 qui
366 2553 466 2607 hoc
510 2552 561 2607 in
589 2552 897 2607 Cassinensi
936 2552 1262 2606 monasterio
1305 2565 1405 2606 suo
1443 2560 1685 2618 tempore
1722 2550 1817 2603 ab-

235 2620 364 2677 iisse
391 2622 444 2676 in
465 2622 886 2677 dissuetudinem
916 2622 1134 2678 asserit.

317 2688 531 2763 I’rOpter
559 2692 922 2763 scandalorum
947 2692 1121 2763 spinas
1148 2707 1259 2763 quae
1286 2692 1448 2745 solent
1479 2690 1646 2763 oriri.]
1682 2691 1818 2757 Quid

234 2759 345 2831 sint
372 2760 744 2831 scandalorum
775 2761 942 2831 spina:
968 2759 1198 2831 explicat
1221 2762 1549 2829 Smaragdus
1580 2759 1665 2815 his
1697 2777 1819 2816 ver-

237 2830 362 2902 bis:
401 2848 418 2881 ι
453 2829 836 2887 Scandalorum
873 2829 1053 2886 autem
1082 2833 1250 2902 spina:
1281 2832 1383 2887 hoc
1422 2837 1473 2886 itt
1516 2833 1635 2886 loco
1662 2832 1820 2886 intel-

233 2900 469 2971 iiguntur
493 2902 608 2969 irae,
636 2902 787 2966 rixte,
812 2900 1203 2969 dissensiones,
1233 2903 1617 2968 detractiones,
1648 2918 1820 2957 temu-

235 2970 503 3037 lationes,
557 2973 641 3028 vel
698 2973 890 3042 aliqua:
943 2976 1351 3038 contentiones,
1406 2973 1814 3041 commotiones,

233 3057 355 3114 qua:
385 3043 532 3114 inter
559 3042 751 3098 fratres
793 3044 967 3097 solent
1005 3044 1160 3109 oriri;
1192 3059 1221 3098 a
1251 3044 1443 3110 quibus
1472 3045 1611 3099 inter
1640 3058 1700 3099 se
1726 3060 1819 3113 pa-

234 3113 352 3169 Cem
383 3113 658 3179 habentes,
692 3114 1116 3183 charitatemque
1144 3116 1449 3169 continuam
1495 3130 1819 3170 conservan-

235 3191 335 3248 tis,
356 3200 511 3239 mane
540 3195 593 3240 et
624 3186 676 3239 in
704 3199 925 3254 vespere
955 3185 1201 3241 monachi
1230 3200 1288 3242 se
1309 3186 1509 3241 debent
1531 3200 1809 3255 purgare.»

310 3253 379 3309 Ut
396 3255 671 3309 conventu
723 3256 777 3309 Id
827 3267 909 3309 est
959 3257 1199 3309 persuasi
1240 3257 1325 3309 vel
1368 3258 1601 3309 attracti.
1646 3256 1809 3309 inquit

359 3264 379 3309 t
396 3257 645 3310 convenzi.

310 3255 671 3328 Utconvenzi.]
723 3256 777 3309 Id
827 3267 909 3310 est
959 3257 1199 3323 persuasi
1240 3257 1325 3313 vel
1368 3258 1601 3324 attracti,
1646 3256 1816 3327 inquit

234 3322 582 3395 Smaragdus,
612 3328 694 3382 vel
732 3334 790 3381 ut
817 3326 944 3382 dicit
975 3326 1307 3381 tlildemarus
1336 3345 1349 3381 :
1384 3345 1403 3379 ι
1431 3328 1714 3395 Conventi,
1763 3327 1816 3383 id

234 3406 320 3451 est
340 3397 492 3467 victi,
526 3399 698 3467 fracti,
726 3397 985 3467 superati,
1014 3398 1292 3465 compulsi.
1322 3416 1341 3450 ι
1372 3397 1467 3452 Vel
1497 3399 1731 3465 tandem,
1760 3407 1819 3453 ut

234 3468 314 3518 ait
336 3465 617 3547 uenat-dus
648 3484 659 3517 :
699 3484 715 3517 t
750 3465 1032 3547 Conventi,
1056 3468 1106 3521 id
1130 3477 1214 3547 est
1244 3468 1590 3538 interpellati,
1625 3484 1817 3547 nempe

232 3548 333 3605 per
351 3539 621 3606 orationis
648 3544 855 3604 pactum
884 3547 939 3592 et
965 3539 1340 3606 sponsionem;
1376 3555 1495 3592 nam
1525 3540 1816 3594 convenire

231 3603 738 3730 giliincteapellare,»
774 3608 913 3677 quod
940 3603 1128 3677 probat
1150 3612 1467 3665 auctoritate
1494 3609 1650 3666 Nonii
1678 3610 1816 3664 Mar-

231 3682 357 3732 celli
386 3692 436 3731 ε.
464 3682 518 3731 4.

309 3745 591 3823 Perjpsius
613 3748 857 3823 orationis
886 3750 1227 3820 sponsionem,
1249 3751 1383 3823 δια]
1412 3750 1467 3807 Id
1495 3760 1577 3806 est
1604 3761 1815 3823 pactum

231 3816 375 3943 auod
409 3817 552 3874 Deus
590 3816 981 3886 nobiscum,'et
1009 3836 1107 3876 nos
1135 3838 1256 3876 cum
1297 3816 1405 3877 Deo
1444 3816 1820 3892 quasi'fecisse

268 3887 484 3943 icimur.
518 3898 576 3943 ut
614 3890 727 3943 ipse
756 3890 989 3943 dimittat
1025 3892 1179 3943 nobis
1207 3895 1250 3943 si
1281 3893 1661 3943 dimiserimus-
1712 3908 1819 3943 non

268 3890 484 3953 icimur,
518 3898 576 3943 ut
614 3890 727 3957 ipse
756 3890 989 3945 dimittat
1025 3892 1179 3948 nobis
1207 3895 1250 3947 si
1281 3890 1661 3958 dimiserimus,
1712 3908 1819 3947 non

232 3954 466 4013 dimittat
493 3960 539 4016 si
568 3954 673 4018 non
703 3961 1083 4018 dimiserimus.
1132 3964 1230 4018 l-Ii’c
1275 3966 1581 4033 respexisse
1609 3954 1823 4019 videtur

723 3256 777 3309 Id
827 3267 913 3331 est
959 3257 1199 3331 persuasi
1240 3257 1325 3313 vel
1368 3258 1601 3331 attracti,
1646 3256 1892 3331 inquiic

1918 1936 2110 1990 ordine
2135 1932 2450 2007 privetur.)
2491 1932 2625 1990 Vide
2642 1937 2699 1993 ὃ.
2718 1937 2853 2007 Aug.
2879 1932 3035 2007 epist.
3071 1935 3195 2000 157,
3227 1932 3349 1998 176,
3383 1934 3507 2000 I78,

1920 2020 2071 2061 novae
2101 2006 2371 2062 editionis.

1991 2096 2218 2170 Purgant
2255 2114 2308 2151 se
2343 2100 2420 2170 ab,
2445 2098 2753 2170 hujusmodi‘
2777 2097 2945 2169 vitim]
2969 2097 3204 2170 Scilicet
3241 2097 3505 2163 rancoris,

1919 2168 2231 2230 iracundiae.
2260 2168 2901 2234 dissidii,'contentionis.
2930 2168 3091 2224 sicuti
3134 2170 3306 2223 locum
3348 2170 3509 2222 istum

1919 2240 2148 2308 explicat
2161 2239 2475 2294 Hincmarus
2501 2238 2817 2295 Rhemensis
2831 2240 3117 2309 episcopus
3135 2240 3201 2294 ad
3216 2240 3509 2295 Rotrudem

1919 2312 1997 2381 sic
2022 2310 2264 2365 scribens
2290 2310 2466 2381 (Apud
2492 2310 2787 2365 Fladoard.
2830 2310 2870 2364 ι.
2896 2326 2953 2366 ιιι
2993 2310 3134 2365 Hist.
3165 2310 3368 2377 Πήρη,
3392 2327 3509 2379 cap.

1919 2380 2013 2465 27)
2040 2397 2055 2434 :
2092 2399 2109 2432 ι
2141 2380 2305 2465 Scitis
2326 2381 2450 2451 quia
2481 2382 2681 2465 Regula
2718 2396 2877 2453 quam
2910 2383 3166 2465 professa
3198 2383 3349 2445 estis,
3377 2394 3509 2465 _proo

1920 2460 2039 2521 pter
2085 2451 2462 2507 scandalorum
2502 2451 2706 2522 spinas,
2734 2451 2855 2523 qua:
2904 2451 3033 2507 criti
3082 2453 3135 2507 in
3182 2452 3510 2508 monasterio

1920 2523 2118 2586 solent,
2148 2523 2449 2579 orationem
2474 2522 2799 2579 dominicam
2831 2523 2885 2578 in
2915 2524 3191 2579 matutinis
3214 2533 3269 2579 et
3295 2537 3510 2591 vesper-

1924 2593 2050 2646 tinis
2094 2592 2324 2659 officiis,
2369 2596 2441 2648 ita
2480 2604 2537 2649 ut
2574 2604 2762 2650 omnes
2799 2594 2941 2649 illam
2982 2595 3230 2660 audiant,
3268 2610 3295 2649 a
3337 2596 3513 2664 priore

1920 2666 2060 2718 orari
2094 2665 2357 2734 pra-cipit,
2399 2672 2455 2735 ut
2476 2666 2744 2735 timentes
2788 2665 3217 2722 convenientiam
3247 2680 3349 2735 qua
3380 2664 3514 2720 dici-

1920 2749 2042 2788 mus
2070 2749 2085 2788 :
2115 2735 2335 2790 Dimitte
2364 2734 2517 2790 nobis
2533 2736 2713 2791 debita
2743 2746 2923 2792 nostra
2955 2738 3098 2792 sicut
3123 2747 3177 2790 et
3206 2734 3304 2791 nos
3333 2735 3516 2791 dimit-

1923 2806 2083 2859 timus
2110 2806 2441 2862 debitoribus
2466 2808 2686 2871 nostris,
2710 2822 2924 2863 omnem
2948 2821 3228 2862 rancorem
3254 2808 3323 2863 de
3349 2808 3513 2864 corde

1924 2885 2122 2948 nostro
2138 2878 2420 2945 pellamus.
2479 2896 2498 2929 ι
2531 2878 2761 2933 Duabus
2786 2893 2948 2947 porro
2990 2879 3057 2934 de
3098 2879 3276 2948 causis
3311 2878 3513 2934 oratio-

1924 2962 2045 3001 nem
2094 2946 2417 3001 dominicam
2447 2948 2550 3002 alta
2599 2963 2731 3003 voce
2777 2946 3049 3004 decantari
3076 2946 3312 3003 voluisse
3339 2948 3398 3005 S.
3425 2949 3512 3004 Be-

1924 3017 2195 3092 nedictum
2222 3018 2733 3092 posiAHild‘emarum
2765 3019 2935 3092 docet
2954 3019 3235 3092 Durandus
3284 3019 3423 3092 (Lib.
3454 3035 3511 3077 ut

1922 3088 2159 3152 Batiam,
2184 3104 2298 3159 cap.
2323 3088 2401 3157 5),
2420 3089 2626 3145 scilicet
2644 3100 2864 3159 propter
2892 3090 3187 3159 simplices,
3214 3099 3268 3144 et
3288 3088 3511 3148 astutos.

1925 3159 2149 3228 Propter
2188 3159 2483 3229 simplices,
2526 3171 2582 3215 ut
2625 3161 2905 3216 audientes
2944 3163 3242 3216 orationem
3280 3161 3516 3216 domini-

1922 3245 2060 3293 cam,
2092 3230 2234 3284 illam
2284 3232 2541 3285 memoria
2589 3232 2856 3287 retineant
2888 3234 2923 3287 :'
2945 3233 3040 3287 sed
3070 3232 3207 3287 hanc
3246 3233 3510 3288 rationem

1922 3302 2118 3357 merito
2165 3301 2361 3356 refellit
2404 3301 2697 3357 Haeftenus
2745 3303 2785 3358 Ι.
2815 3319 2912 3369 vn,
2962 3302 3115 3358 tiact.
3167 3303 3223 3369 8,
3274 3304 3414 3370 disq.
3457 3305 3513 3361 ε.

1927 3372 2156 3441 Propter
2194 3380 2420 3440 astutos,
2455 3373 2547 3442 qui
2583 3374 2629 3429 si
2670 3374 2815 3428 taciti
2856 3375 3152 3430 orationem
3192 3374 3517 3433 dominicam

1920 3443 2233 3508 recitarent,
2277 3443 2588 3512 petitionem
2627 3444 2697 3500 de
2735 3444 3069 3501 dimittendis
3109 3446 3344 3514 peccatis
3380 3461 3515 3514 prae-

1920 3514 2301 3578 termittercnt,
2334 3530 2401 3569 ne
2430 3516 2569 3569 forte
2596 3515 2792 3585 duplici
2822 3531 2885 3572 se
2914 3515 3129 3571 vinculo
3158 3516 3407 3587 ligarem.

1992 3608 2201 3681 theris
2223 3624 2337 3664 vero
2359 3608 2619 3681 agendis.]
2646 3609 2699 3664 Id
2728 3617 2811 3665 est
2838 3610 2985 3666 horis
3014 3610 3310 3665 canonicis.

1994 3679 2187 3734 Ultima
2230 3681 2501 3751 parsicjus
2540 3679 2785 3735 orationis
2824 3683 3043 3744 dicatur,
3086 3692 3141 3735 ut
3183 3681 3247 3735 ab
3287 3681 3516 3739 omnibus

1926 3752 2316 3825 respondeatur,
2348 3750 2454 3825 Sid
2481 3751 2639 3806 libera
2678 3768 2767 3825 nos
2796 3771 2829 3806 a
2858 3752 3036 3825 malm]
3066 3752 3208 3807 Solis
3247 3754 3515 3825 matutinis

1927 3822 2353 3895 vespertinisque
2390 3823 2536 3895 horis
2561 3823 2859 3878 orationem
2889 3822 3217 3879 dominicam
3261 3823 3365 3878 alte
3396 3840 3517 3895 pro-

1931 3894 2160 3946 nuntiari
2203 3893 2388 3954 voluit,
2431 3894 2555 3963 quia
2601 3909 2701 3948 nec
2742 3894 2891 3960 oriri,
2933 3910 3032 3950 nec
3070 3894 3317 3951 occidere
3346 3893 3514 3954 solem

1930 3977 2093 4032 super
2123 3963 2451 4018 iracundiam
2483 3973 2721 4019 nostram
2752 3965 3113 4021 desiderabat.

246 4090 3514 4136 m

1513 4196 1907 4280 CAPUT
1958 4195 2209 4279 XIV.

982 4330 1061 4391 In
1104 4327 1420 4392 natalitiis
1461 4339 1830 4393 sanctorum
1868 4330 2142 4411 qualiter
2184 4338 2459 4410 agantur
2501 4330 2748 4411 vigilite.

324 4453 378 4509 In
433 4460 740 4509 sanctorum
796 4468 926 4510 vero
974 4452 1390 4521 festivitatibus,
1439 4456 1521 4511 vel
1568 4455 1817 4511 omnibus

226 4546 672 4613 plemnitatibus,
702 4548 840 4603 sicut
866 4548 1097 4603 diximus
1124 4548 1395 4607 dominico
1413 4549 1501 4605 die
1525 4551 1814 4621 agendum,

227 4641 298 4723 ita
326 4650 511 4712 agatur
538 4658 553 4696 :
580 4649 804 4711 excepto
823 4642 962 4712 quod
982 4642 1169 4712 psalmi
1191 4651 1281 4697 aut
1297 4643 1603 4712 antiphonae
1634 4645 1719 4699 vel
1739 4646 1817 4700 le-

1923 4453 2156 4518 ctiones,
2181 4453 2246 4508 ad
2275 4454 2451 4523 ipsum
2478 4454 2622 4509 diem
2652 4454 3003 4523 pertinentes,
3034 4455 3300 4516 dicantur.
3326 4460 3512 4521 Modus

1926 4554 2103 4602 autem
2130 4546 2524 4616 suprascriptus
2551 4554 2812 4604 teneatur.
3499 4556 3505 4563 '

234 4888 237 4889 ν
1424 4824 2079 4891 COMMENTARIUS.
2121 4831 2283 4903 295

234 4948 248 5030 '_
298 4944 543 5030 ﬁatalitia
573 4954 879 5001 sanctorum
932 4955 1089 5030 vocat
1137 4946 1353 5030 ltic__S..
1382 4946 1443 5004 P.
1488 4949 1817 5030 Benedictus
1842 4954 1897 5015 D
1924 4954 2025 5030 dus
2053 4971 2175 5030 cum
2207 4957 2260 5030 in
2293 4957 2413 5030 SS.
2438 4958 2817 5017 festivitattous
2846 4964 2943 5018 tria
2976 4964 3132 5020 nobis
3163 4982 3285 5024 esse
3314 4974 3497 5030 consi-

224 5016 545 5089 festivitates
565 5030 782 5089 eorum;
815 5032 949 5087 quas
966 5018 1136 5089 tribus
1168 5020 1505 5089 potissimum
1536 5025 1603 5080 de
1635 5028 1818 5081 causis

220 5089 286 5166 in
296 5088 903 5166 EcclesiaAcelebramus.
917 5088 1151 5166 Primam
1162 5091 1401 5166 assignat
1416 5092 1824 5166 S._Augustinus

220 5159 423 5231 (Serm._
446 5157 575 5225 220,
602 5160 654 5211 in
678 5160 933 5229 append.)
964 5173 1061 5215 seu
1084 5161 1262 5231 quivis
1280 5157 1443 5218 'alius
1474 5164 1555 5221 his
1575 5157 1818 5224 'verbis:

228 5229 701 5305 {Quotiescunque
725 5240 1036 5305 sanctorum
1063 5229 1315 5303 martyris
1346 5234 1702 5305 celebramus,
1739 5249 1821 5294 to-

224 5302 327 5356 ties
350 5300 543 5373 laudes
562 5299 855 5356 Salvatoris
872 5300 1164 5373 edicimus;
1183 5299 1237 5358 et
1253 5306 1461 5373 quoties
1477 5321 1662 5365 eorum
1682 5299 1821 5366 asse-

219 5373 390 5445 rimus
408 5372 709 5445 passiones,
729 5374 887 5427 toties
911 5372 1111 5445 Christi
1134 5372 1357 5445 gloriam
1384 5377 1764 5443 praedicamus:
1792 5401 1813 5435 ι

220 5444 294 5498 ita
307 5441 676 5513 propheticum
692 5451 875 5496 votum
894 5441 1251 5511 adimplentes
1272 5441 1819 5507 :LaudateDominum

219 5514 275 5568 in
301 5513 494 5589 sanctis
542 5513 675 5589 ejus.
708 5513 955 5589 Alteram
982 5527 1197 5569 causam
1218 5516 1417 5589 indicat
1450 5518 1507 5574 S.
1526 5519 1816 5589 Caesarius,

216 5582 748 5665 curm_dicit-_(_Ssrm.
774 5582 904 5665 225,
935 5583 993 5637 in
1020 5586 1248 5665 append.
1304 5586 1479 5665 _Ssrm.
1512 5590 1573 5646 S.
1609 5595 1770 5665 Aug.)
1796 5582 1813 5650 ξ

218 5674 243 5723 γε
281 5655 665 5711 Solemnitates
694 5662 1012 5725 martyrum
1053 5654 1459 5714 exhortationes
1491 5672 1619 5717 sunt
1667 5654 1814 5718 ma'r-

216 5729 507 5798 tyriorum,
534 5734 592 5798 ut
615 5724 809 5780 imitari
843 5724 948 5780 non
982 5724 1162 5798 pigeat
1184 5727 1325 5798 quod
1358 5730 1637 5787 celebrare
1661 5734 1812 5790 dele-

218 5796 348 5874 ctat.
389 5816 408 5850 ι
431 5796 625 5874 _Tertia
641 5811 804 5874 causa
833 5804 919 5853 est
941 5796 1009 5874 ad
1026 5796 1216 5874 eorum
1241 5799 1382 5870 apud
1413 5802 1579 5857 Deum
1612 5803 1810 5874 implo-

219 5870 385 5927 randa
406 5868 733 5939 patrocinia;
762 5883 882 5938 qua:
904 5869 1005 5927 tria
1031 5869 1243 5927 videtur
1262 5868 1477 5929 notasse
1498 5874 1557 5931 S.
1586 5868 1812 5932 Bernar-

1929 5026 2681 5119 detsandaAdgsetuidernt.in
2705 5034 2984 5119 uigil.‘SS.
3016 5034 3161 5119 _Petri
3192 5049 3242 5095 et
3258 5026 3462 5119 _Paiuii)‘
3486 5088 3501 5112 ,

1926 5098 2133 5184 scilicet
2159 5098 2414 5154 auxilium
2442 5104 2628 5168 sancti,
2659 5098 2950 5173 exemplum
2979 5110 3115 5181 ejus,
3147 5098 3502 5184 confusionem

1928 5178 2181 5223 nostram.

1999 5239 2179 5306 Quare
2205 5250 2382 5297 autem
2416 5242 2596 5301 obitus
2626 5256 2937 5303 sanctorum
2976 5262 3237 5309 vocentur
3261 5256 3504 5313 natalitia

1924 5315 2665 5401 eorumtomnibujsnotum;
2714 5333 2932 5401 nempe,
2969 5323 3094 5401 quia
3132 5342 3150 5375 ι
3190 5336 3313 5382 tunc
3341 5329 3506 5384 incolt»

1927 5392 2122 5470 perunt
2146 5384 2295 5470 nasci
2334 5388 2398 5470 ad
2432 5387 2615 5470 vitam,
2653 5405 2774 5470 cum
2808 5384 2971 5470 vitam
2987 5384 3364 5470 deposuerunt
3408 5414 3507 5470 pro

1925 5455 2055 5537 vita,
2097 5474 2115 5506 ι
2153 5455 2467 5537 υινιοᾳυίιυι·
2491 5456 2683 5537 Petrus
2704 5460 2950 5537 Damiani
2983 5455 3179 5535 (εἰναι.
3208 5467 3324 5537 25).

1994 5522 2380 5600 Insanctoi'tim
2403 5542 2518 5583 vero
2549 5532 2901 5600 festivitatibus
2938 5522 3016 5589 υέι
3047 5522 3500 5595 οηιηίὺκεέοιεηι-

1920 5596 2213 5681 uitalibus]
2264 5596 2433 5681 Licet.
2465 5596 2735 5681 festivitas
2756 5613 2828 5681 et_
2857 5604 3171 5681 solemnitas
3214 5606 3355 5663 idem
3388 5611 3504 5669 fere

1919 5677 2140 5751 sonent,
2169 5683 2231 5723 ac
2262 5673 2569 5751 promiscue
2597 5688 2693 5742 pro
2723 5673 2948 5751 invicem
2991 5677 3207 5751 soieant
3227 5683 3499 5751 usurpari,

1919 5736 2024 5791 hoc
2067 5736 2423 5819 tameninter
2454 5736 2738 5819 utrumque
2777 5745 3102 5819 discriminis
3130 5748 3308 5803 afferri

1921 5818 2108 5863 censet
2142 5810 2505 5888 Ilildemarus,
2540 5810 2683 5888 quod
2707 5814 2978 5888 festivitas
3009 5817 3074 5871 ad
3108 5810 3498 5888 natalitia-san;

1922 5888 2161 5946 ctorum,
2220 5882 2533 5939 solemnitas
2580 5885 2649 5940 ad
2694 5883 2895 5944 Christi
2942 5888 3197 5962 mysteria
3228 5882 3491 5955 attineat:
