4074 6356
570 321 677 379 655

1925 320 1982 379 S.
2026 322 2087 379 P.
2131 319 2497 379 BENEDIC'I'I

2914 258 2943 293 ρ

3753 317 3881 374 156

562 451 750 497 eorum
786 435 1072 493 Ordinario
1110 448 1230 507 cap.
1264 435 1351 492 l5.
1384 434 1566 505 Neque
1609 434 1713 491 hoc
1752 436 1946 493 mirum
1975 437 2149 494 videri
2176 439 2231 501 Α
2255 436 2385 492 dicit
2409 434 2735 507 Amalarius,
2767 434 2943 507 lingua
2977 433 3163 490 Latina
3196 431 3449 507 humilior
3475 441 3561 488 est
3598 430 3876 499 Hebraea,

565 511 725 565 debet
753 510 806 563 in
836 507 1122 563 strictioris
1143 510 1498 563 observantia:
1528 509 1929 563 temulatoribns
1955 524 2141 564 mona-

565 582 701 643 chis,
734 595 852 634 cum
879 578 1217 650 Ambrosiani
1244 586 1297 632 et
1315 579 1587 633 nonnullae
1610 578 1861 634 Ecclesiae
1890 579 2145 650 tempori-

570 655 669 708 bus
711 649 954 719 Gregorii
998 649 1212 717 septimi
1260 664 1433 719 papae,
1463 650 1538 704 uti
1577 652 1830 706 observat
1858 649 2144 706 Menardus

566 731 769 785 noster.
800 721 1009 775 alleluia
1037 720 1102 773 ad
1129 720 1601 788 Quadragesimam
1636 737 1804 791 usque
1841 731 2142 777 cantarent.

570 795 713 851 Sane
735 794 787 847 in
819 792 1108 846 novissimo
1138 790 1404 846 breviario
1434 790 1790 846 Ambrosiano
1809 808 1837 847 a
1860 792 1920 847 8.
1950 792 2146 847 Carolo

572 864 717 920 edito
747 863 939 933 legitur
966 862 1187 933 sabbato
1234 870 1358 917 ante
1402 862 1725 917 dominicam
1774 879 1789 917 ι
1838 862 2152 933 Quadrage-

569 936 721 990 sima:
745 932 1117 1003 dimittendum
1146 946 1267 1003 esse
1314 932 1550 998 alleluia,
1588 942 1643 987 et
1682 933 1801 1003 ejus
1848 935 1967 987 loco
1996 932 2149 988 asSu-

569 1004 841 1070 mendum,
867 1002 1002 1057 Laus
1026 1002 1139 1070 tibi,
1171 1002 1409 1058 Domine.
1432 1003 1629 1060 Scribit
1657 1002 1817 1072 purro
1842 1004 2150 1059 Amalarius

570 1080 625 1132 in
656 1075 1324 1145 Supplemcnlo(.4nalecl.
1368 1082 1493 1128 tom.
1526 1075 1592 1143 ll)
1619 1076 1677 1130 S.
1711 1075 1770 1131 P.
1804 1075 2150 1130 Benedictum

572 1144 1204 1229 lianc’consuetudinem
1256 1145 1483 1201 traxisse
1546 1146 1612 1200 ab
1675 1146 1853 1201 ol‘licio
1912 1147 2149 1202 Ambro-

571 1232 743 1275 stano.

641 1288 817 1356 Quare
841 1295 1020 1343 autem
1043 1288 1096 1343 in
1127 1286 1546 1358 Quadragesima
1586 1286 1888 1343 dimittatur
1909 1288 2148 1354 alleluia,

572 1358 726 1431 docet
746 1359 1035 1414 concilium
1062 1358 1374 1431 Toletanum
1417 1374 1469 1413 iv
1500 1359 1584 1413 his
1617 1360 1796 1415 verbis
1827 1359 1980 1431 (Cari.
2014 1361 2105 1429 ll)
2136 1377 2149 1412 :

577 1429 977 1500 sCognovimus
1006 1430 1286 1500 quosdam,
1312 1430 1581 1499 Hispaniae
1621 1429 1930 1486 sacerdotes
1959 1432 2048 1500 qui
2092 1432 2147 1486 in

571 1499 1004 1571 Quadragesiinze
1023 1499 1214 1572 diebus
1238 1499 1450 1554 alleluia
1475 1500 1763 1555 decantant
1779 1544 1812 1572 ,ν
1831 1499 2154 1572 (ιιιοᾱάεὶη-

573 1586 702 1641 eeps
756 1572 1127 1627 interdicimus
1170 1571 1309 1637 ﬁeri,
1357 1580 1656 1627 statuentes
1700 1582 1759 1627 ut
1803 1571 1860 1626 in
1906 1574 2156 1627 omnibus

574 1642 842 1713 praidiclis
887 1642 1320 1712 Quadragesimaa
1372 1642 1586 1713 diebus,
1650 1644 1772 1712 quia
1824 1652 2031 1712 tempus
2074 1650 2158 1697 est

574 1712 679 1771 non
705 1713 905 1784 gaudii,
938 1714 1031 1768 sed
1065 1715 1342 1777 maeroris,
1384 1712 1597 1768 alleluia
1621 1729 1725 1768 non
1768 1714 2099 1769 decantetur.
2130 1731 2149 1764 ι

645 1786 758 1855 Sed
780 1795 984 1855 quaeret
1019 1784 1212 1854 aliquis
1250 1798 1346 1839 cur
1379 1784 1600 1840 dimisso
1628 1785 1859 1848 alleluia,
1905 1784 2157 1839 decante-

575 1871 694 1913 mus
733 1853 873 1927 Laus
902 1855 1013 1921 tibi,
1067 1853 1300 1921 Domine,
1341 1855 1485 1927 quod
1533 1857 1672 1911 idem
1718 1857 2002 1925 signiﬁcat.
2047 1859 2153 1909 Ite-

577 1926 815 1996 spondeo
844 1926 1267 1982 benedicendum
1296 1942 1415 1982 esse
1446 1926 1724 1981 Dominum
1764 1929 1814 1980 in
1844 1928 1989 1981 omni
2021 1935 2159 1981 tem-

579 2012 713 2069 pore
743 2018 758 2057 :
787 2012 887 2055 nos
913 2006 1089 2053 autem
1120 1999 1353 2054 retinere
1386 1996 1634 2054 Latinum
1666 1998 1887 2063 idioma,
1916 1998 2061 2068 quia,
2111 2006 2169 2052 ut

2256 506 2667 563 convenientior
2712 505 2941 576 proinde
2986 504 3315 576 temporibus
3366 506 3542 559 luctus
3582 512 3644 559 'et
3690 508 3877 571 peni-

2250 580 2449 633 tentizn.
2482 578 2625 633 Sane
2651 574 2868 631 alleluia
2889 593 2993 631 vox
3018 574 3109 632 est
3136 574 3335 631 laetitia:
3365 586 3417 630 et
3448 576 3875 643 exsultationis.

2251 649 2381 703 nihil
2414 649 2467 703 in
2502 664 2564 704 ea
2608 648 2709 703 nisi
2737 648 2986 711 gaudium
3032 646 3287 703 redolet:
3331 647 3475 701 unde
3520 647 3761 703 relertur
3814 650 3880 705 in

2251 719 2329 773 lib
2359 718 2437 774 ‘tv
2463 720 2709 775 Revelat.
2742 718 2802 775 S.
2836 718 3119 774 Gertrudis
3146 733 3267 786 cap.
3314 718 3404 782 ‘27,
3436 733 3625 773 omnes
3663 719 3768 774 hac
3813 721 3878 775 in

2248 790 2489 846 dictione
2514 790 2734 846 vocales
2773 791 3023 857 reperiri,
3068 797 3270 858 praeter
3308 789 3478 843 solam
3508 790 3757 844 vocalem
3788 792 3837 846 0
3858 833 3878 854 ,

2250 877 2370 934 qua:
2412 859 3118 934 doloremgsignilicattlle
3161 864 3259 915 hac
3308 860 3879 934 voce_videsis'301

2254 932 2585 997 Menardum,
2634 930 2958 987 llaeltenum
2984 931 3081 987 lib.
3113 947 3204 996 vti,
3236 940 3397 987 tract.
3428 931 3497 1002 8,
3529 930 3675 1001 disq.
3715 930 3881 1002 {,'e_t

2252 1002 2515 1059 Joannem
2546 1004 2691 1058 Bona
2722 1004 2790 1058 de
2820 1002 3009 1057 Divina
3043 1002 3241 1057 Psalm.
3276 1017 3396 1070 cap.
3438 1001 3527 1054 16.

2334 1073 2562 1144 Vespera
2590 1091 2705 1128 vero
2734 1090 2852 1127 cum
2872 1073 3176 1144 antiphona.
3214 1071 3560 1144 Responsoria
3587 1090 3712 1126 vero
3736 1090 3877 1126 nun-

2255 1161 2408 1211 quam
2442 1143 2692 1200 dicantur
2734 1161 2849 1198 cum
2880 1144 3095 1199 alleluia
3149 1144 3245 1197 nisi
3273 1161 3303 1195 a
3324 1172 3327 1175 ν
3349 1143 3554 1197 Pascha
3597 1161 3769 1210 usque
3804 1146 3878 1196 ad

2258 1216 2615 1272 Pentecosten.
2651 1216 2775 1271 Sive
2799 1216 2871 1268 sit
2893 1214 3088 1269 festum
3112 1214 3334 1283 alicujus
3363 1215 3558 1274 sancti.
3578 1217 3700 1267 sive
3723 1231 3881 1284 qua:-

2256 1288 2389 1342 libet
2414 1288 2516 1342 alia
2564 1286 2913 1349 solemnitas;
2942 1287 3032 1354 qui
3080 1285 3222 1340 enim
3250 1286 3379 1338 dicit
3409 1302 3675 1353 nunquam
3724 1286 3878 1339 nullo

2257 1368 2500 1427 tempore
2546 1359 2822 1428 permittit.
2896 1357 3035 1426 Ergo
3087 1373 3198 1428 nec,
3240 1356 3327 1409 die
3386 1354 3701 1428 Nativitatis
3777 1357 3878 1409 do-

2258 1430 2499 1496 minicae,
2550 1427 2659 1483 nec
2736 1429 2788 1483 in
2839 1428 2955 1498 ejus
3007 1427 3377 1497 Apparitione.
3429 1446 3449 1477 ι
3508 1427 3663 1484 Unde
3706 1441 3871 1498 (nos,

2260 1500 2431 1569 inquit
2504 1497 2894 1563 llildemarus,
2965 1498 3135 1565 ipsum
3206 1511 3567 1567 responsum,
3617 1497 3753 1566 quia
3820 1499 3879 1553 in

2263 1570 2559 1640 Epiphania
2619 1571 2831 1625 canitur
2872 1584 2995 1624 cum
3059 1570 3308 1635 alleluia,
3370 1570 3438 1621 ob
3496 1570 3599 1623 huc
3637 1569 3875 1640 βἰωίςί-

2259 1639 2421 1708 mus,
2471 1642 2595 1713 quia
2650 1640 3145 1713 Regulapraecipit
3192 1649 3249 1693 ut
3295 1653 3567 1713 nunquam
3617 1639 3878 1693 dicantur

2260 1710 2602 1782 responsoria
2646 1710 2767 1767 cum
2805 1711 3037 1775 alleluia,
3096 1723 3198 1765 e‘c.
3224 1730 3259 1782 4)
3327 1710 3639 1782 Przescribit
3674 1719 3875 1782 (tamen

2267 1780 2468 1853 Regula
2498 1784 2731 1854 Magistri
2758 1782 2910 1854 (Cap.
2947 1782 3039 1853 45)
3072 1792 3129 1835 ut
3163 1801 3181 1834 ε
3222 1780 3289 1854 in
3321 1781 3491 1835 Natali
3527 1781 3751 1835 Domini
3788 1796 3875 1833 us-

2190 1829 2238 1890 Β
2268 1829 2483 1924 ξιῖἓᾜζι
2498 1829 3103 1925 ”ιῖ;ἰῖἷᾘιὶὶιίιὶεῖιῖι⁷ὀιῖιῖεξ
3112 1829 3558 1919 auaierant?
3576 1829 3877 1923 iussus.

2276 1927 2353 1979 ria
2378 1926 2463 1981 die
2492 1937 2758 1995 noctuque
2779 1940 2898 1980 cum
2928 1924 3142 1978 alleluia
3171 1924 3478 1995 psallantur.
3503 1938 3527 1974 ι

595 2126 3848 2173 W

1853 2256 2249 2373 CAPUT
2322 2255 2575 2338 XVI.

1514 2390 1802 2467 Qualiter
1836 2390 2055 2454 divina
2089 2408 2281 2471 opera
2308 2409 2422 2472 per
2453 2391 2614 2452 diem
2650 2397 2947 2469 agantur.

620 2510 725 2567 rUt
751 2510 825 2565 ait
856 2512 1134 2579 propheta,
1179 2508 1379 2581 Septies
1425 2511 1478 2564 in
1526 2512 1608 2565 die
1656 2512 1860 2567 laudem
1917 2512 2030 2566 dixi
2077 2512 2172 2565 tibi

588 2600 761 2670 (Psal.
810 2602 1017 2670 cxvm).
1047 2601 1146 2669 Qui
1190 2602 1529 2671 septenarius
1559 2613 1802 2659 sacratus
1832 2620 2087 2661 numerus
2138 2619 2171 2659 a

590 2695 745 2751 nobis
769 2695 847 2750 sic
873 2696 1204 2767 implebitur,
1254 2696 1300 2751 si
1349 2698 1596 2754 matutini
1629 2708 1689 2766 ιι,
1724 2698 1932 2769 primae,
1980 2699 2173 2764 tertiae,

590 2795 777 2854 sextae,
812 2801 986 2851 nonat.
1009 2802 1266 2857 vesperae,
1296 2789 1744 2861 completoriique
1781 2800 2048 2861 tempore,
2074 2805 2174 2844 nn-

592 2885 719 2933 strte
754 2878 1030 2935 servitutis
1058 2879 1233 2935 ofﬁcia
1262 2882 1651 2951 persolvamus,
1684 2884 1806 2953 quia
1833 2882 1902 2939 de
1926 2884 2008 2938 his
2030 2883 2177 2938 horis

589 2968 795 3027 diurnis
841 2969 867 3011 δ
915 2970 1094 3027 dixit:
1150 2972 1349 3041 Septies
1389 2974 1439 3028 in
1487 2975 1571 3031 die
1613 2976 1818 3030 laudem
1878 2976 1987 3030 dixi
2063 2976 2172 3031 tibi.

668 3145 695 3174 ⁸
732 3136 836 3201 ΑΙ..
867 3138 911 3191 si
942 3139 1211 3193 matutino.

666 3205 693 3296 ξ
730 3207 888 3264 Deest
912 3210 964 3264 in
991 3212 1162 3264 Oxon.
1190 3218 1244 3265 et
1273 3209 1592 3280 quibusdam
1619 3208 1739 3264 aliis
1776 3209 1996 3263 diurnis.

2283 2511 2415 2567 Nam
2442 2511 2511 2569 de
2539 2512 2816 2566 nocturnis
2869 2509 3065 2583 vigiliis
3108 2510 3250 2567 idem
3299 2511 3412 2582 ipse
3456 2512 3725 2583 propheta
3752 2517 3873 2573 ait;

2286 2604 2461 2659 Media
2504 2615 2651 2659 nocte
2700 2605 2969 2675 surgebam
3016 2606 3084 2658 ad
3108 2607 3454 2673 conﬁtendum
3478 2607 3569 2660 tibi
3601 2608 3875 2678 (Ibidem).

2285 2700 2424 2770 Ergo
2455 2700 2540 2754 bis
2572 2698 2900 2768 temporibus
2936 2698 3235 2755 referamus
3277 2699 3459 2755 laudes
3488 2699 3743 2755 Creatori
3788 2718 3873 2756 no-

2286 2800 2400 2845 stro
2429 2805 2593 2861 super
2643 2790 2846 2861 judicia
2874 2789 3096 2860 justitia:
3127 2805 3271 2853 sua);
3348 2789 3398 2844 id
3431 2799 3517 2845 est
3570 2791 3875 2857 matutinis,

2286 2885 2483 2955 prima,
2514 2884 2695 2950 tertia,
2740 2892 2917 2948 sexta,
2948 2897 3111 2946 nona,
3155 2896 3399 2952 vespera,
3426 2883 3790 2951 completorio
3823 2894 3870 2953 ε,

2276 2984 2333 3030 et
2362 2983 2517 3029 nocte
2538 2987 2820 3043 surgamus
2840 2971 2907 3052 ad
2937 2972 3301 3028 coniitendum
3326 2971 3394 3027 ei.

2358 3146 2380 3174 θ
2420 3133 2608 3200 Narb.,
2653 3131 2998 3205 contpletoria.

591 3321 2297 3346 h———-—_——————————————

1894 3412 2552 3478 COMMENTARIUS.

670 3540 790 3621 Agit
820 3540 1116 3621 praesertim
1148 3541 1246 3597 hoc
1277 3544 1508 3611 capitulo
1553 3543 1609 3621 S_.
1649 3544 2064 3621 P.__Benedictus
2109 3544 2177 3600 de
2206 3544 2252 3609 C
2285 3543 2421 3598 nicas
2448 3550 2823 3602 recensentur.
2847 3538 3072 3621 scilicet.
3102 3539 3441 3621 matutinum,
3486 3536 3668 3603 tertia,
3701 3549 3874 3621 sexta,

593 3612 969 3686 canonicarum
1003 3612 1528 3686 horarum_numero-,
1558 3614 1627 3670 de
1649 3615 1842 3683 quibus
1866 3618 2199 3686 priusquam.

593 3679 812 3753 Regula;
842 3691 1042 3735 textum
1072 3683 1456 3752 expendamus,
1507 3679 1757 3741 nonnulla
1807 3679 2177 3753 prhunittenda

594 3761 738 3829 sunt.
772 3750 931 3829 Certe
974 3767 1090 3829 [nos
1117 3750 1328 3829 semper
1354 3757 1452 3829 (in,
1485 3757 1726 3813 Ecclesia
1774 3750 1959 3829 viguit,
2011 3760 2177 3814 certis

594 3823 851 3904 statisque
876 3822 1023 3904 horis
1050 3823 1160 3879 Deo
1183 3826 1420 3894 quotidie
1441 3828 1627 3904 laudes
1641 3822 2010 3904 persolvendi,
2044 3829 2174 3884 licet

595 3893 834 3966 diversas
860 3892 1080 3966 diversa
1110 3892 1347 3966 tempora
1376 3909 1468 3954 aut
1497 3902 1611 3955 loca
1640 3892 1925 3956 habuerint
1948 3915 2177 3954 consue-

595 3963 826 4046 tudines:
859 3963 991 4019 Nam
1023 3964 1117 4046 bis
1143 3963 1348 4023 tantum
1380 3970 1432 4024 in
1462 3973 1624 4046 302
1663 3971 2180 4046 diecunven‘iebant

595 4032 827 4105 Egyptii
874 4038 1140 4117 monachi,
1190 4032 1624 4117 pronocttirnis-
1654 4043 1860 4117 scilicet
1902 4042 2179 4117 vigiliiset

528 4136 535 4142 -
595 4120 691 4174 pro
721 4107 960 4184 vesperis
983 4122 1046 4184 e_x_
1077 4106 1316 4184 Cassiani
1345 4112 1440 4167 lib.
1468 4106 1532 4180 il,
1575 4130 1625 4170 c.
1668 4114 1724 4177 2,
1757 4106 2019 4184 reliquu'm
2062 4113 2167 4169 diei

596 4184 804 4247 tempus
852 4179 903 4232 in
951 4180 1083 4235 cella
1130 4183 1375 4238 inanibus
1404 4186 1677 4251 operando
1713 4179 2163 4247 transmittentes,

597 4262 707 4302 nec
760 4258 937 4303 tamen
989 4252 1339 4319 psalmodiam
1412 4255 1851 4311 intermittentes.
1918 4256 2060 4310 Idem
2122 4256 2174 4309 in

596 4319 921 4399 monasterio
984 4321 1042 4375 S.
1096 4320 1292 4399 1Iuliani
1354 4338 1707 4399 cognomento
1764 4326 1920 4382 Saba:
1968 4327 2181 4399 vigebat

598 4389 903 4465 institutum
972 4404 1039 4465 ex
1096 4389 1446 4465 Theodoreti'
1480 4397 1761 4451 Philotlieo
1824 4412 1944 4465 cap.
2005 4389 2064 4450 ἱ.
2123 4394 2177 4450 In

598 4461 920 4540 monasterio
956 4462 1121 4540 etiam
1171 4464 1229 4518 S.
1258 4464 1427 4540 Publii
1474 4461 2001 4540 Zeugmatensis'die
2035 4466 2175 4520 inci-

598 4531 775 4612 piente
796 4531 1081 4586 cantabant
1102 4534 1411 4600 matutinos,
1439 4531 1737 4607 eodemque
1756 4537 2036 4593 desinente
2058 4551 2180 4591 ves-

598 4610 855 4670 pertinos.

670 4672 1047 4749 Tabennenses
1076 4675 1322 4749 monachi
1372 4685 1481 4733 tres
1507 4678 1747 4746 quotidie
1788 4678 2173 4749 persolvebant

600 4741 761 4797 horas
803 4745 1109 4816 canonicas,
1163 4747 1370 4816 vigilias
1415 4741 1723 4815 nnciurnas,
1759 4741 1976 4813 nonam,
2011 4758 2065 4805 et
2087 4765 2182 4805 ve-

600 4828 806 4882 speras,
841 4825 897 4867 ut
926 4814 1087 4871 doc-nt
1116 4814 1383 4873 Palladius
1436 4820 1487 4872 in
1536 4814 1789 4875 Lausiaca
1827 4837 1878 4876 c.
1909 4823 1999 4878 58.
2031 4820 2179 4876 Tuti-

601 4884 724 4965 dem
739 4885 971 4965 sabbato
997 4894 1053 4940 et
1068 4888 1331 4943 dominica
1359 4889 1704 4965 celebrabant
1730 4891 1969 4963 Egyptii
1991 4906 2181 4946 mona-

603 4954 711 5031 chi.
739 4955 791 5009 in
818 4957 1011 5031 quibus
1036 4967 1227 5026 praeter
1251 4969 1539 5015 nocturnas
1562 4961 1768 5031 vigilias
1804 4954 2172 5031 E't'vesperas,

605 5025 751 5099 Itera‘
780 5028 927 5080 tertia
957 5025 1138 5099 (sacra:
1187 5032 1555 5085 communionis
1602 5025 1841 5099 o'btentu,
1895 5044 1952 5088 ut
1991 5025 2181 5090 scribit

606 5092 1059 5169 Cassianusr(Lib.
1086 5115 1173 5168 ut,
1203 5116 1319 5169 cap.
1357 5101 1417 5169 2)
1446 5092 1856 5160 conveniebant.

679 5165 1277 5247 ln‘vita‘S.hEupraxi_a:,
1309 5165 1428 5241 quae
1456 5173 1651 5228 sceculo
1681 5190 1730 5229 tv
1750 5175 1976 5233 ﬂorebat
2001 5172 2166 5247 (Ball.

608 5236 677 5292 l3
706 5234 916 5306 Mart),
950 5237 1009 5293 ﬁt
1049 5234 1567 5300 mentio'nocturna:
1609 5248 1934 5312 psahnodirc,
1987 5234 2179 5311 tertia),

606 5316 793 5385 sextis,
824 5324 1018 5385 nona-(,A
1042 5320 1096 5366 et
1126 5328 1380 5383 vesperae.
1411 5314 1638 5371 Easdem
1673 5318 1831 5373 horas
1870 5319 2031 5372 etiam
2061 5330 2184 5385 per-

608 5380 885 5458 solvebant
910 5381 1045 5446 Afri,
1091 5390 1148 5458 ut
1177 5380 1416 5458 testatur
1454 5387 1510 5442 S.
1557 5387 1853 5458 Cyprianus
1886 5387 1988 5458 (De
2032 5380 2180 5445 Orat.

607 5452 698 5527 sub
728 5450 870 5520 ﬁn.).
902 5454 1145 5527 quamvis
1174 5455 1227 5509 in
1270 5456 1335 5510 iis
1372 5450 1733 5527 expendendis
1780 5450 1962 5527 postea
1992 5462 2183 5514 remis-

608 5523 795 5601 siores_
810 5524 1132 5601 exstiterint,
1158 5536 1217 5601 ut
1242 5523 1559 5601 eorunt'hac
1589 5533 1640 5582 in
1672 5545 1731 5584 re
1759 5523 2043 5601 segnitiem
2076 5531 2185 5583 illis

611 5594 1332 5671 exprobrarintponatistze,
1366 5599 1439 5652 uti
1480 5600 1733 5655 observat
1761 5594 2186 5671 S.'Augustiiius

612 5662 805 5738 (Epist.
839 5666 956 5734 55).
1009 5667 1235 5738 Easdem
1264 5662 1472 5738 quoque
1499 5672 1567 5723 ab
1611 5671 1866 5737 apostolis
1887 5662 2187 5725 celebratas

615 5736 947 5812 fuissenpatet
965 5752 1044 5812 ex
1058 5736 1314 5812 Cassiano
1346 5738 1480 5812 (Lib.
1512 5756 1600 5805 ut,
1630 5736 1743 5811 cap.
1774 5742 1852 5812 5).

687 5805 744 5862 ln
768 5806 1243 5866 Constitutionibus
1280 5805 1639 5880 apostolorum
1689 5805 1783 5869 sex
1810 5805 1980 5868 'horte
2022 5827 2183 5870 cano-

2207 4922 2262 4985 D

2285 3629 2445 3680 nona,
2476 3622 2722 3683 vespera,
2747 3612 3193 3683 etgallicininm.
3233 3611 3477 3683 Totidem
3521 3620 3777 3683 recenset
3816 3610 3874 3667 S.

2279 3681 2633 3756 Hieronymus
2659 3687 2710 3739 in
2743 3681 3025 3754 Epit—aphio
3056 3681 3234 3738 Paulm
3264 3697 3280 3738 ι
3323 3700 3344 3735 ι
3381 3681 3553 3756 Mane.
3588 3681 3739 3756 liora
3769 3691 3874 3737 ter-

2281 3758 2371 3822 tia,
2401 3753 2575 3823 sexta,
2610 3772 2771 3821 nona,
2794 3753 3047 3824 vespere.
3083 3756 3259 3810 noctis
3289 3754 3464 3809 medio
3497 3768 3593 3821 per
3619 3753 3872 3807 ordinem

2278 3827 2599 3883 Psalterium
2629 3828 2937 3883 cantabant.
2973 3845 2993 3878 ι
3044 3826 3147 3881 Per
3188 3840 3343 3881 mane
3390 3833 3570 3879 autem
3623 3824 3877 3893 intelligit

2281 3899 2596 3961 diluculum,
2630 3908 2688 3952 ut
2712 3906 2858 3966 patet
2886 3914 2951 3953 ex
2983 3896 3066 3952 his
3113 3896 3177 3951 ad
3233 3895 3580 3951 Eustochium
3635 3896 3819 3949 verbis
3852 3912 3866 3947 :

2285 3989 2304 4022 ι
2344 3970 2539 4024 Horam
2591 3965 2823 4034 tertiam,
2865 3979 3095 4033 sestam,
3143 3982 3357 4033 nonam,
3402 3965 3697 4019 diluculum
3742 3980 3877 4033 quo.

2278 4056 2383 4110 que
2408 4051 2461 4095 et
2491 4055 2770 4109 veSperam
2816 4054 2976 4094 nemo
3016 4048 3100 4092 est
3140 4039 3233 4110 qui
3272 4037 3493 4110 nesciat.
3532 4054 3551 4110 ε
3607 4036 3873 4110 Eumdem

2280 4105 2464 4167 statuit
2486 4105 2762 4167 uulnerum
2795 4111 2846 4165 in
2868 4110 3092 4178 epistola
3121 4105 3185 4163 ad
3213 4107 3411 4162 Laetam
3437 4108 3503 4160 de
3533 4105 3875 4162 Institutione

2282 4182 2438 4238 iiIi-.e:
2476 4203 2495 4235 α
2534 4187 2823 4240 Assuescat
2855 4181 3110 4247 exemplo
3150 4180 3214 4233 ad
3258 4180 3529 4232 orationes
3558 4185 3612 4231 et
3636 4179 3874 4245 psalmos

2286 4264 2444 4311 nocte
2498 4267 2866 4325 consurgere,
2927 4266 3082 4325 mane
3138 4250 3367 4325 hymnos
3417 4262 3638 4325 canere,
3692 4251 3874 4325 tertia,

2280 4334 2454 4390 sexta,
2512 4341 2651 4381 nona
2686 4318 3015 4387 liora,stare
3063 4322 3113 4375 in
3168 4318 3284 4376 acie
3328 4320 3481 4389 quasi
3532 4318 3873 4374 bellatricem

2282 4393 2503 4463 Christi,
2552 4410 2881 4463 accensaque
2919 4395 3132 4447 lucerna
3164 4392 3391 4463 reddere
3420 4390 3753 4463 sacriﬁcium
3787 4405 3875 4445 ve-

2282 4460 2599 4534 spertinum.
2656 4485 2674 4518 »
2728 4460 2961 4532 Denique
3008 4463 3207 4535 Regula
3251 4462 3541 4535 Cujusdain
3580 4460 3647 4513 ad
3691 4461 3877 4535 Mona-

2287 4532 2419 4592 chus
2455 4538 2697 4593 decernit
2740 4535 2893 4607 (Cap.
2942 4532 3185 4604 50),‘ut
3220 4552 3239 4586 ι
3276 4533 3465 4607 (tribus
3516 4532 3876 4607 conventibus

2282 4607 2407 4673 diei,
2438 4602 2763 4679 tmidemque
2794 4602 2965 4661 nectis
2995 4602 3236 4675 tempore
3274 4605 3327 4659 in
3354 4602 3584 4659 ecclesia
3621 4622 3641 4653 ι
3675 4617 3877 4658 conve-

2284 4689 2479 4735 matur.

2354 4753 2411 4805 S.
2446 4751 2765 4807 Aurelianus
2785 4749 2852 4803 ad
2886 4747 3105 4818 Regulae
3128 4748 3328 4803 calcem
3372 4746 3591 4818 scripsit
3628 4746 3878 4803 ordinem

2284 4823 2593 4890 psalmodia:
2622 4836 2651 4875 a
2681 4821 2791 4874 suis
2837 4817 3115 4875 monachis
3159 4818 3504 4883 servandum,
3540 4817 3593 4872 in
3640 4833 3879 4890 quose-

2289 4903 2429 4959 ptem
2480 4902 2629 4948 notat
2682 4892 2843 4945 horas
2880 4890 3204 4956 canonicas,
3257 4890 3696 4957 mentionemque
3752 4889 3880 4945 facit

2288 4966 2479 5029 tertize,
2503 4972 2689 5029 sextae,
2722 4976 2900 5027 nonae,
2926 4962 3235 5024 lucernarii,
3265 4960 3620 5024 duodecimae,
3649 4969 3879 5015 noctur-

2286 5049 2473 5089 norum
2496 5045 2549 5089 et
2570 5034 2971 5089 matutinornm.
2999 5032 3259 5086 Eumdem
3277 5045 3558 5085 numerum
3597 5032 3879 5095 horarum.

2287 5105 2413 5160 licet
2438 5105 2666 5161 diversis
2690 5103 3016 5172 temporibus
3037 5101 3529 5172 persolvendarum,
3552 5104 3607 5155 in
3634 5117 3736 5157 suo
3760 5118 3875 5156 mo-

2289 5177 2526 5230 nasterio
2564 5171 2908 5229 observatum
2946 5172 3113 5228 fuisse
3142 5173 3301 5228 docet
3324 5171 3619 5227 Cassianus
3648 5172 3789 5240 (Lib.
3824 5188 3880 5227 tu

2288 5261 2403 5316 cap.
2433 5249 2487 5313 5,
2511 5246 2544 5299 4
2565 5256 2611 5300 et
2641 5243 2723 5316 5);
2766 5246 3106 5300 celebrabant
3151 5246 3293 5316 enim
3326 5253 3617 5316 nocturnas
3646 5245 3879 5314 vigilias,

2290 5314 2600 5382 matutinos,
2635 5314 2723 5384 qui
2756 5317 2820 5369 ad
2853 5330 3101 5369 auroram
3146 5314 3501 5380 dicebantur;
3533 5314 3667 5369 alios
3701 5326 3879 5368 matu-

2290 5388 2450 5451 tinos,
2481 5390 2568 5458 qui
2598 5399 2794 5442 nosme
2834 5387 3019 5458 primae
3048 5386 3464 5454 respondebant,
3498 5399 3748 5455 quosque
3776 5398 3878 5437 suo

2290 5456 2529 5528 tempore
2570 5459 2838 5513 institutos
2869 5456 3046 5528 fuisse
3076 5466 3320 5522 testatur,
3362 5458 3599 5523 tertiam,
3648 5465 3879 5528 sextam,

2294 5526 2519 5592 nonam,
2577 5540 2632 5583 et
2675 5543 2949 5597 vesperas.
2996 5527 3236 5583 Similem
3283 5528 3442 5582 etiam
3492 5542 3778 5581 numerum
3832 5526 3879 5583 iu

2289 5600 2565 5656 monachis
2613 5600 2697 5654 sui
2755 5599 3008 5668 temporis
3062 5599 3284 5669 agnovit
3330 5597 3708 5663 Cassiodorus,
3756 5613 3879 5652 cum

2289 5672 2534 5728 scribens
2563 5671 2614 5725 in
2647 5671 2907 5739 psalmum
2934 5685 3130 5734 cxvm,
3162 5672 3549 5737 exponensque
3579 5669 3730 5722 illum
3761 5683 3882 5723 ver-

2292 5744 2517 5798 siculum
2552 5758 2566 5795 ε
2615 5741 2817 5806 Septies
2866 5742 2917 5794 in
2944 5741 3026 5795 die
3056 5742 3260 5795 laudem
3289 5742 3398 5794 dixi
3429 5741 3549 5809 tibi,
3595 5741 3675 5795 sic
3706 5741 3882 5809 Ιοᾳυὶ-

2293 5825 2380 5869 tur
2413 5832 2423 5867 ε
2462 5832 2478 5864 ‹
2511 5813 2567 5869 Si
2596 5814 2661 5869 ad
2687 5814 2915 5868 litteram
2943 5812 3082 5868 hunc
3117 5828 3401 5869 numerum
3428 5812 3659 5867 velimus
3682 5812 3871 5866 adver-
