4074 6356
192 331 292 388 457

1253 335 1525 396 REGULA
1569 336 2055 396 COMMENTATA.
2100 340 2247 396 CAP.
2291 337 2428 395 XVI.

3285 293 3291 300 ’
3375 291 3479 386 tas

209 465 340 518 tere,
359 461 574 526 septem
597 452 714 511 illas
730 453 1003 526 significat
1030 452 1174 510 vices
1201 452 1390 526 quibus
1415 468 1472 507 se
1491 453 1778 508 monacho-
1811 455 1861 515 Α
1922 525 1928 526 ί
1959 453 2219 526 Ex‘dictis
2247 453 2505 526 hactenus
2533 451 2664 526 satis
2692 449 2923 508 refutata
2958 447 3470 526 manet-Neocaesa-

209 541 324 582 rutn
341 523 551 579 devotio
561 523 888 591 consolatur,
902 525 954 580 id
967 523 1383 592 est,matutinas,
1403 525 1635 588 tertiam,
1651 540 1780 579 sex-

213 607 340 658 tam,
357 610 573 662 nonam,
595 596 972 661 lucernarium,
996 595 1394 664 completorios,
1418 604 1722 649 nocturnos.
1754 613 1774 646 ι

210 666 366 791 g03
381 665 602 721 Similes
615 666 775 720 horas
797 667 1024 720 instituit
1047 663 1245 736 [tegula
1265 663 1324 718 S.
1349 664 1556 729 lsidori,
1584 680 1700 733 cap.
1724 667 1777 718 7.

257 742 449 791 eniuue
478 735 537 790 S.
580 736 805 790 Basilius
835 745 1040 791 sentem
1070 735 1231 788 etiam
1259 733 1419 788 horas
1456 745 1700 790 recenset
1727 737 1777 789 in

257 733 449 806 eiiique
478 735 537 790 S.
561 736 805 806 Basilius
835 745 1040 804 septem
1070 733 1231 806 etiam
1259 733 1419 788 horas
1456 745 1700 806 recenset
1727 737 1778 789 in

211 804 428 862 sernnl't
459 807 525 860 de
555 805 887 862 Institutione
921 805 1328 867 monachorum,
1357 807 1442 858 ubi
1472 804 1548 859 sic
1576 805 1782 859 discur-

213 880 316 931 rit:
346 895 365 929 t
390 879 435 931 Is
466 877 691 931 tuatime
718 876 968 931 horarum
999 877 1189 930 modus
1219 875 1482 928 tenendus
1509 885 1610 937 est,
1639 877 1727 943 qui
1750 891 1780 930 a

211 949 413 1002 sanctis
438 949 564 1000 viris
580 947 646 1000 ad
669 947 967 1001 orationem
996 947 1296 1014 descriptus
1318 953 1419 1000 est.
1442 946 1646 1000 Etenim
1670 947 1783 1001 exi-

213 1020 351 1072 tnius
381 1019 466 1070 ille
498 1016 656 1070 David
685 1015 796 1072 ait:
828 1015 1000 1069 Media
1037 1025 1184 1070 nocte
1211 1015 1478 1082 surgebam
1528 1016 1594 1068 ad
1607 1016 1783 1085 ,con/i-

213 1089 416 1142 tendum
463 1087 550 1160 tibi
585 1103 750 1160 super
790 1088 994 1160 judicia
1030 1086 1248 1160 justitiae
1288 1096 1421 1160 tute;
1450 1101 1607 1154 quem
1652 1101 1781 1160 sane

210 1175 422 1228 quoque
474 1157 668 1212 Paulus
695 1166 750 1212 et
791 1156 932 1212 Silas
974 1156 1142 1211 secuti
1175 1157 1534 1228 reperiuntur,
1579 1156 1694 1226 qui,
1727 1157 1780 1210 in

212 1227 428 1282 carcere
453 1229 632 1297 positi,
662 1229 877 1283 circiter
915 1229 1150 1282 mediam
1191 1237 1402 1281 noctem
1437 1227 1598 1280 Deum
1623 1229 1782 1281 ambo

213 1298 597 1354 collaudarent.
634 1299 796 1353 Addit
821 1298 1015 1354 deinde
1042 1297 1180 1351 idem
1209 1299 1468 1366 propheta
1493 1315 1505 1350 :
1536 1312 1780 1365 vespere,

216 1385 374 1423 mane
405 1377 460 1422 et
503 1369 744 1424 meridie.
788 1368 924 1437 Quin
955 1379 1008 1423 et
1045 1369 1278 1436 Spiritus
1307 1377 1525 1422 sanctus
1568 1369 1784 1422 circiter

215 1439 398 1493 horam
421 1440 525 1493 diei
557 1440 763 1494 tertiam
791 1439 978 1504 adluit,
1007 1439 1144 1491 sicut
1168 1441 1218 1492 in
1251 1439 1397 1492 Actis
1421 1439 1778 1507 accipimus...

216 1509 383 1563 Porro
406 1525 544 1563 nona
569 1510 852 1564 dominicae
883 1510 1145 1577 passionis
1177 1509 1494 1562 memoriam
1544 1511 1778 1562 rel‘crt...

216 1579 411 1634 Verum
442 1581 688 1648 quoniam
718 1582 843 1634 item
872 1580 971 1632 hoc
1017 1587 1097 1631 est
1130 1579 1268 1647 apud
1300 1579 1544 1632 eumdem
1575 1578 1777 1632 Dade:

217 1649 417 1717 Septies
443 1651 494 1703 in
521 1651 601 1702 die
627 1651 832 1704 tandem
855 1650 964 1703 dixi
1000 1651 1087 1701 tibi
1134 1666 1284 1714 super
1321 1650 1520 1719 judicia
1560 1650 1783 1719 justitiie

216 1730 356 1787 tutu,
400 1731 636 1787 tempora
685 1730 860 1774 autem
915 1721 1001 1772 illa
1046 1734 1165 1786 qua:
1218 1719 1446 1771 diximus
1500 1722 1775 1786 orationis,

213 1793 576 1882 septenarium
605 1804 887 1872 numerum
923 1806 1031 1882 non
1064 1787 1376 1882 coniiciunt:
1403 1787 1669 1882 Ibipartito
1695 1791 1778 1842 di-
1818 1823 1864 1882 Β

214 1859 445 1916 videnda
473 1873 553 1915 est
593 1876 626 1913 ο
659 1862 767 1914 atio
819 1860 1133 1919 meridiana,
1165 1859 1234 1910 ita
1276 1859 1525 1912 videlicet
1571 1869 1625 1913 ut
1660 1875 1784 1928 pars

217 1946 324 1985 una
349 1931 526 1985 cibum
573 1930 860 2000 praecedat,
895 1931 1058 2000 altera
1104 1929 1486 2000 subsequatur,
1518 1945 1624 1998 quo
1669 1946 1787 2000 per-

216 2009 377 2070 petua
409 2001 525 2070 hate
552 1998 704 2054 nobis
731 2000 954 2070 formula
998 1999 1067 2051 sit
1104 1998 1269 2070 Deum
1299 1999 1497 2067 septies
1519 2069 1524 2070 ί
1548 2014 1642 2068 per
1670 1998 1788 2054 sin-

221 2071 378 2140 gulas
423 2069 630 2124 dierum
662 2069 1050 2124 conversiones
1080 2069 1373 2140 laudibus
1397 2069 1722 2140 celebrandi.
1765 2088 1784 2122 ι

223 2138 497 2194 Hactenus
561 2142 619 2195 S.
679 2140 946 2204 Basilius,
1003 2139 1090 2208 qui
1153 2138 1280 2192 licet
1329 2138 1570 2194 videatur
1630 2139 1790 2194 horas

216 2220 425 2279 septem
454 2211 755 2276 admittere,
782 2225 967 2265 revera
997 2218 1172 2262 tamen
1205 2223 1309 2261 non
1360 2210 1460 2263 nisi
1497 2224 1592 2264 sex
1629 2225 1793 2276 agno-

177 2283 180 2286 ’
218 2285 366 2344 scit;
401 2295 520 2334 nam
553 2291 777 2344 sextam,
811 2294 969 2348 quam
997 2279 1344 2333 meridianam
1377 2290 1550 2343 vocat,
1578 2281 1629 2333 in
1661 2282 1792 2334 duas

218 2351 434 2414 dividit,
469 2350 613 2403 nulla
642 2351 778 2405 facta
809 2351 994 2416 prima:
1024 2359 1110 2402 aut
1138 2349 1467 2417 eompletorii
1499 2351 1788 2406 mentione.

221 2421 362 2474 Alibi
395 2435 521 2475 vero
550 2419 757 2492 (Regni.
791 2418 999 2473 Fusior.
1035 2436 1081 2472 c.
1117 2419 1206 2487 57)
1248 2420 1482 2492 quinque
1533 2436 1626 2487 per
1651 2421 1793 2492 diem

221 2495 459 2561 aSsignat
491 2490 670 2558 horas,
709 2501 818 2545 tres
859 2505 953 2560 per
986 2499 1218 2552 noctem,
1261 2490 1464 2544 scilicet
1516 2506 1612 2558 per
1651 2491 1795 2546 diem

222 2560 541 2616 matutinum
566 2563 679 2615 sive
705 2560 1020 2627 diluculum,
1057 2563 1286 2624 tertiam,
1313 2571 1540 2624 sextam,
1573 2577 1794 2626 nonam,

223 2640 282 2686 et
314 2630 690 2686 eucharistiam
727 2632 989 2700 completa
1020 2631 1136 2694 die;
1177 2645 1276 2700 per
1306 2641 1516 2684 noctem
1551 2646 1678 2685 vero
1707 2646 1799 2700 pe-

223 2703 468 2756 titionem
493 2704 668 2756 noctis
685 2703 857 2764 initio,
874 2701 1102 2755 mediam
1124 2711 1357 2767 noctem,
1374 2711 1428 2756 et
1450 2711 1572 2755 ante
1593 2702 1800 2756 dilucu-

221 2772 365 2836 lum;
392 2788 511 2841 quae
533 2771 670 2826 forte
690 2772 856 2827 tribus
877 2771 1175 2840 vigiliarum
1201 2780 1504 2824 nostrarum
1529 2775 1802 2827 nocturnis

221 2845 567 2913 respondent.
587 2842 738 2897 Nulla
764 2843 896 2896 facta
917 2843 1100 2913 prima:
1115 2852 1204 2913 aut
1225 2841 1558 2913 completorii
1579 2852 1800 2897 mentio-

225 2911 445 2972 ne,'nisi
479 2913 613 2968 forte
639 2913 758 2983 quis
786 2928 906 2967 cum
939 2911 1191 2983 Menardo
1220 2911 1362 2965 dicat
1395 2914 1706 2980 petitionem
1737 2913 1804 2967 de

222 2999 328 3052 qua
380 2983 463 3036 hic
492 2983 548 3038 S.
587 2981 810 3037 Basilius
859 2996 979 3036 esse
1017 2981 1455 3048 completorium;
1489 2998 1604 3051 quae
1630 2993 1804 3037 tamen

221 3054 492 3123 completa
538 3055 647 3121 jam
673 3055 758 3106 die
787 3054 1123 3119 incoeptaque
1149 3060 1304 3105 nocte
1334 3053 1628 3116 dicebatur,
1656 3054 1807 3123 cujus

225 3139 327 3178 nec
346 3125 589 3178 meminit
619 3126 667 3176 in
691 3139 850 3192 supra
878 3125 1040 3176 citazo
1061 3123 1306 3176 serm.de
1327 3123 1663 3179 Institutione
1682 3139 1800 3177 mo-

1889 523 2084 578 riensis
2142 523 2395 578 Ecclesia:
2430 523 2746 578 clericorum
2801 521 3100 585 temeritas,
3151 519 3238 586 qui
3274 521 3474 575 Basilio

1886 594 2078 664 Magno
2099 593 2385 666 aliquando
2415 594 2543 666 vitio
2573 601 2784 666 vertere
2803 592 2928 666 _ausi
2962 601 3083 666 sunt
3125 591 3275 666 quod
3313 592 3482 645 statis.

1885 661 2155 733 certisque
2208 665 2355 718 horis
2423 663 2535 718 Deo
2587 661 3172 733 laudcsjpersolveret,
3225 661 3482 717 dicentes:

1885 732 2132 788 moris’id
2165 750 2269 787 non
2321 733 2484 788 fuisse
2526 749 2719 803 magno
2774 732 3033 799 Gregorio
3065 732 3471 803 Thaumaturgo

1886 806 2181 874 appellato;
2226 819 2359 872 quos
2405 803 2494 858 ille
2520 802 2677 871 epist.
2707 805 2776 857 65
2804 802 3064 874 confutzit.
3123 802 3228 874 Sed
3285 813 3341 857 et
3371 803 3473 857 im-

1888 873 2057 943 pietas
2113 875 2370 943 Lampetii
2418 874 2673 936 hmretici,
2710 889 2776 927 ex
2818 888 2976 927 emno
3017 873 3468 943 Massalianorum

1884 942 2079 1008 exorti,
2105 960 2195 998 eos
2218 942 2304 1014 qui
2336 944 2570 1014 definitis
2602 944 2747 996 horis
2780 943 2960 996 divina
3002 942 3339 997 celebrarent
3379 945 3468 998 of-

1890 1015 2008 1069 ﬁcia
2036 1017 2208 1068 adhuc
2239 1013 2355 1083 legi
2403 1013 2608 1068 servile
2653 1015 2965 1074 aSserentis,
2994 1015 3066 1066 uti
3099 1014 3279 1067 videre
3304 1027 3385 1069 est
3415 1017 3468 1068 in

1889 1086 2218 1140 Bibliotheca
2250 1085 2444 1150 Piiotii,
2476 1100 2531 1137 ti.
2560 1084 2651 1146 5‘2,
2677 1087 2742 1138 de
2790 1084 3008 1154 Sytiodo
3054 1083 3328 1142 Sidetana.
3361 1085 3470 1142 Sed

1885 1157 1950 1210 ad
1980 1156 2192 1226 Regula;
2229 1165 2434 1226 textum
2459 1157 2736 1226 veniamus

1961 1226 2028 1282 Ut
2053 1224 2124 1280 ait
2166 1225 2466 1295 Propheta:
2502 1225 2702 1298 Septies
2730 1225 2782 1277 in
2825 1224 3158 1298 diehlaudem
3183 1227 3292 1278 dixi
3328 1225 3465 1298 tibi.]

1889 1298 2048 1365 Quasi
2077 1299 2422 1361 semetipsum
2450 1305 2539 1349 aut
2560 1296 2720 1348 alium
2752 1295 3051 1364 quemlibet
3084 1295 3466 1364 interrogando

1887 1370 1945 1421 S.
1999 1368 2058 1422 P.
2116 1367 2432 1422 Benedictus
2491 1368 2541 1420 iu
2601 1365 2757 1430 hujus
2803 1366 2996 1432 capitis
3028 1365 3180 1418 titulo
3214 1365 3468 1422 dixerat:

1889 1437 2146 1503 Qualiter,
2176 1439 2225 1491 id
2265 1446 2346 1492 est
2373 1439 2606 1504 quoties,
2636 1437 2810 1488 divina
2851 1451 3008 1504 Opera
3041 1453 3130 1501 per
3155 1437 3290 1490 diem
3316 1455 3468 1506 agan-

1884 1508 2006 1560 tur?
2040 1508 2228 1563 Postea
2264 1507 2416 1574 quasi
2450 1506 2845 1575 ie-pondendo,
2892 1508 3062 1575 inquit
3105 1507 3466 1571 l‘lildi-marus,

1884 1589 1937 1632 et
1967 1589 2086 1647 post
2114 1593 2234 1632 eum
2272 1579 2575 1630 Bernartius
2598 1577 2956 1638 Cassincnsis,
2990 1579 3196 1642 reponit
3233 1595 3246 1629 :
3285 1577 3352 1631 Ut
3393 1581 3488 1632 ait.

1885 1649 2135 1717 praplteta
2167 1664 2186 1702 :
2221 1647 2422 1716 Septies
2454 1649 2504 1700 in
2537 1649 2620 1700 die
2655 1648 2856 1717 tandem
2881 1648 2991 1699 dixi
3024 1647 3130 1711 tibi,
3159 1649 3470 1714 prophetica

1887 1716 2074 1785 verba,
2101 1719 2259 1773 sicuti
2287 1719 2431 1772 aiunt
2451 1716 2690 1787 prmdicti
2712 1727 2983 1781 auctores,
3005 1732 3107 1770 non
3129 1733 3344 1770 sensum
3368 1734 3469 1772 auo

1891 1790 2152 1858 adaptans
2177 1791 2490 1858 proposito:
2521 1804 2643 1840 nam
2675 1787 2932 1858 propheta
2963 1803 3242 1840 numerum
3280 1789 3470 1841 delini-

1895 1857 2009 1914 tum’
2038 1875 2132 1928 pro
2154 1857 2432 1913 indefinito
2461 1860 2720 1926 assignat,
2749 1868 2806 1910 ut
2836 1857 2973 1911 idem
3013 1863 3082 1911 sit
3110 1860 3296 1924 septies
3328 1859 3472 1927 quod

1891 1943 2126 1998 semper,
2155 1939 2373 1984 econtra
2402 1944 2528 1982 vero
2558 1928 2615 1984 S.
2651 1929 2708 1982 P.
2748 1928 3086 2000 Benedictus.

1967 1996 2394 2068 Quiseptenarius
2419 2007 2648 2052 sacratus
2667 2015 2926 2062 nutrici-us,
2953 1996 3472 2067 etc.]Sepieuarium

1894 2086 2173 2124 numerum
2202 2079 2467 2124 sacratum
2521 2071 2754 2136 appellat
2807 2069 2877 2121 ob
2929 2068 3206 2122 innumeia
3258 2085 3376 2135 quae
3421 2075 3475 2124 in

1893 2156 2014 2194 sese
2040 2141 2264 2194 includit
2292 2149 2666 2202 sacramenta;
2700 2154 2764 2193 ex
2812 2141 3006 2208 quibus
3055 2140 3231 2208 aliqua
3269 2142 3472 2195 revelat

1893 2211 1952 2265 S.
1983 2212 2161 2264 Bruno
2205 2210 2503 2278 Signiensis
2557 2211 2841 2280 episcopus
2893 2209 2974 2262 his
3033 2211 3206 2262 verbis
3247 2209 3385 2280 (Lib.
3426 2227 3477 2264 tv

1897 2281 2075 2344 Sent.,
2111 2298 2156 2333 ε.
2195 2277 2294 2342 15,
2327 2297 2481 2334 set-ut.
2513 2277 2606 2346 ‘2)i
2655 2277 2914 2332 tCuiiSiat
2963 2295 3066 2344 non
3109 2277 3284 2333 solum
3335 2283 3474 2348 apud

1899 2365 2018 2414 nos,
2042 2367 2226 2405 verum
2249 2349 2407 2404 etiam
2434 2351 2572 2418 apud
2596 2351 2772 2404 surculi
2801 2353 3087 2415 sapientes,
3114 2356 3478 2415 septenariutn

1900 2437 2184 2476 numerum
2236 2421 2662 2476 sacratissimum
2715 2435 2778 2473 ac
2833 2420 3281 2486 perfectissimum
3335 2438 3479 2486 esse,

1899 2493 2150 2560 quoniam
2201 2499 2256 2545 et
2304 2491 2480 2543 omnia
2513 2499 2773 2558 tempora,
2805 2502 2859 2543 et
2891 2505 3078 2544 omnes
3105 2492 3309 2545 numeri
3342 2494 3392 2546 in
3415 2507 3482 2547 eo

1900 2564 2266 2616 eotttiuentur.
2302 2561 2522 2613 Constat
2557 2564 2698 2615 enim
2729 2577 2792 2613 ex
2828 2561 2937 2626 pari
2970 2560 3020 2613 id
3047 2569 3129 2612 est
3155 2573 3403 2628 quatuor,
3429 2571 3484 2618 et

1901 2647 1962 2685 et
1994 2633 2166 2700 primo
2192 2632 2381 2701 impari
2415 2630 2465 2684 id
2493 2641 2576 2684 est
2599 2632 2796 2685 tribus:
2824 2630 2998 2701 omnis
3019 2642 3195 2683 autent
3226 2647 3482 2687 numerus

1903 2713 1994 2754 aut
2030 2717 2125 2770 par
2163 2700 2283 2764 est,
2323 2713 2412 2754 aut
2462 2701 2652 2769 impar.
2715 2700 2903 2754 Omnis
2949 2716 3078 2768 ergo
3122 2717 3377 2757 numerus
3416 2718 3484 2758 ex

1906 2773 2193 2838 septenarii
2228 2774 2463 2839 partibus
2486 2773 2847 2834 constituitur,
2881 2783 2934 2824 et
2984 2787 3077 2838 per
3106 2773 3206 2825 hoc
3235 2774 3324 2825 alii
3380 2788 3480 2826 nu-

1909 2842 2040 2912 meri
2073 2843 2126 2895 in
2161 2843 2260 2896 hoc
2282 2857 2387 2912 uno
2419 2856 2644 2894 numero
2674 2843 3036 2894 continentur.
3065 2841 3201 2912 Hinc
3228 2853 3310 2896 est
3341 2843 3482 2912 quod

1907 2910 2076 2966 Judaei
2108 2921 2310 2978 septem
2342 2911 2530 2965 diebus
2556 2912 3078 2982 comeduntazyma,
3095 2910 3217 2982 hinc
3242 2910 3484 2982 estquod

1909 2991 2113 3051 septem
2145 2983 2330 3035 diebus
2374 2981 2649 3035 celebrant
2684 2982 3022 3042 festivitates,
3067 2980 3192 3034 hinc
3224 2993 3306 3036 est
3341 2980 3484 3051 quod

1913 3068 2099 3106 manus
2129 3052 2466 3106 sacerdotum
2491 3051 2702 3119 quando
2725 3051 3042 3104 ordinantur
3062 3061 3264 3118 septem
3297 3054 3488 3108 diebus

1913 3133 2184 3192 unguntur
2215 3132 2267 3174 et
2305 3132 2711 3186 censecrautur,
2757 3122 2880 3174 hinc
2920 3130 3003 3192 est
3051 3123 3191 3192 quod
3245 3123 3486 3190 pontifex

229 3194 413 3255 nach.,
441 3209 538 3248 nec
560 3186 864 3264 quisquam,
896 3194 1085 3246 saltem
1115 3208 1272 3261 quem
1309 3195 1496 3254 sciant,
1530 3205 1655 3248 ante
1673 3208 1795 3248 eum
1825 3186 1873 3248 C
1907 3186 2129 3262 tan'geus
2159 3196 2208 3246 iu
2238 3193 2504 3260 sanguine
2541 3193 2762 3260 digitum
2815 3190 3013 3264 septies
3045 3186 3258 3264 projicit
3297 3202 3487 3264 contra

227 3265 282 3318 in
330 3265 566 3319 Oriente.
608 3265 874 3332 Quidquid
927 3266 1018 3325 sit,
1065 3273 1211 3316 certe
1249 3279 1312 3315 ex
1360 3264 1515 3318 dictis
1547 3264 1804 3319 hactenus

231 3345 378 3404 patet
411 3347 536 3390 ante
562 3335 620 3390 S.
657 3334 998 3390 Benedictum
1044 3348 1073 3386 a
1121 3333 1279 3387 nullis
1308 3336 1609 3388 celebratas
1641 3335 1804 3389 fuisse

227 3415 439 3470 septem
471 3405 629 3458 simul
676 3405 838 3458 horas
864 3405 1172 3467 canonicas,
1201 3419 1335 3471 quas
1383 3419 1525 3458 nunc
1555 3406 1805 3460 observat

233 3473 512 3538 Ecclesia;
538 3489 657 3526 nam
681 3476 804 3528 licet
835 3483 1019 3530 essent
1043 3475 1355 3542 omne~jam
1392 3477 1666 3542 insntntze,
1699 3491 1804 3530 non

227 3558 424 3616 omnes
451 3554 626 3616 tamen
641 3544 826 3616 eodem
841 3544 1216 3616 dicebanturin
1247 3545 1383 3610 loco,
1414 3547 1535 3600 aliis
1559 3549 1804 3616 primam,

228 3615 356 3668 aliis
382 3614 791 3681 completorium
825 3614 1370 3682 praetermittentibus.
1401 3614 1615 3684 Septem
1648 3616 1808 3672 horas

232 3685 287 3738 in
320 3686 405 3756 die
428 3685 653 3756 naturali
687 3686 1064 3754 pet-solvebant
1093 3688 1354 3750 nonnulli,
1383 3701 1449 3740 ex
1489 3687 1684 3756 quibus
1711 3704 1807 3742 si-x

233 3770 284 3808 ut
325 3755 610 3823 plurimum
654 3756 704 3808 iti
735 3755 766 3809 d
791 3771 820 3808 e
851 3756 1137 3816 artiﬁciali,
1173 3761 1454 3824 septinzam
1508 3755 1664 3811 nocte
1709 3759 1807 3812 de-

231 3825 541 3878 cantabant.
576 3828 641 3879 At
675 3842 796 3880 vero
825 3826 884 3881 S.
912 3827 969 3880 ι’.
1001 3826 1317 3879 Benedictus
1346 3829 1620 3896 propheta:
1652 3843 1806 3882 secu-

238 3906 325 3950 tus
348 3897 675 3963 exemplum,
702 3908 906 3966 septem
931 3899 982 3950 in
1001 3897 1087 3950 die
1111 3897 1372 3949 artificiali
1391 3897 1807 3962 borasinstituit,

232 3977 291 4018 et
306 3977 457 4019 nocte
470 3967 536 4019 ad
553 3968 916 4020 confitendum
936 3967 1044 4021 Deo
1061 3969 1092 4018 fi
1107 3979 1248 4020 atres
1269 3982 1488 4036 surgere
1503 3970 1691 4023 voluit.
1711 3972 1812 4035 Qui

236 4047 414 4089 autem
438 4048 560 4104 post
581 4052 700 4089 eum
727 4053 1086 4106 supervenere
1105 4038 1462 4106 legis-latores,
1483 4041 1621 4092 hunc
1652 4042 1810 4093 etiam

235 4120 515 4159 numerum
545 4105 830 4169 auxerunt;
858 4121 978 4160 nam
998 4108 1055 4161 S.
1093 4105 1147 4158 [τι
1165 4119 1414 4160 actuosus
1435 4111 1602 4176 episc.
1629 4110 1813 4163 Braca-

235 4177 406 4230 rensi~
422 4176 470 4228 iu
489 4177 653 4242 prima
675 4178 871 4246 Iit-gula
890 4177 1090 4244 (Cain?
1106 4189 1154 4230 et
1178 4177 1230 4245 5)
1259 4177 1499 4231 undecim
1520 4179 1817 4233 horascon-

235 4246 423 4300 stituit.
447 4249 691 4314 primatu,
717 4250 1023 4306 secundam,
1043 4247 1275 4311 tertiam,
1305 4259 1541 4311 sextam,
1593 4265 1812 4306 nonani.

236 4317 627 4388 duodecimam,
670 4333 966 4386 vesperam,
1002 4319 1203 4370 initium
1239 4319 1432 4384 noctis,
1474 4319 1715 4388 synaxim
1748 4319 1812 4372 ad

239 4387 472 4440 mediam
491 4398 724 4451 noctem,
748 4390 984 4458 synaxiiu
1007 4398 1123 4456 post
1140 4390 1366 4443 mediam
1387 4387 1616 4454 nocti-nt,
1633 4401 1686 4444 et
1701 4407 1814 4444 nia-

239 4469 488 4510 tuttnmn.
527 4459 582 4512 lit
612 4467 846 4512 sicunda
884 4458 1033 4528 (Cap.
1058 4460 1165 4526 IO),
1191 4461 1518 4526 quindecim,
1569 4465 1812 4529 primam,

237 4530 549 4592 secundam,
577 4539 1091 4597 tertiam,quartam,
1115 4529 1374 4596 quintam,
1401 4542 1628 4596 sextam,
1653 4536 1810 4598 septi-

241 4613 405 4662 mam,
425 4608 515 4670 oct
531 4614 686 4670 ivam,
712 4616 929 4666 nonam,
948 4600 1236 4668 decimam,
1259 4601 1608 4662 undecimam,
1634 4618 1822 4670 vestie-

240 4683 374 4731 ram,
399 4669 877 4733 mediamnoclem,
903 4670 1225 4738 galiieinium
1248 4687 1261 4734 ;
1287 4671 1547 4724 decimam
1574 4669 1808 4741 quintam

241 4753 346 4792 non
377 4741 661 4806 expressit,
697 4752 930 4793 attamen
963 4750 1041 4794 tot
1068 4742 1362 4795 instituisse
1388 4755 1526 4804 patet
1551 4758 1614 4796 ex
1644 4752 1810 4798 textu.

314 4808 550 4882 Deniiue
583 4814 988 4882 prastermittere
1018 4812 1105 4882 hic
1143 4826 1349 4880 nequeo
1379 4813 1518 4882 quod
1553 4817 1618 4867 de
1657 4815 1813 4868 insti-

241 4886 350 4931 tuta
381 4880 638 4944 psallendi
667 4880 870 4934 ratione.
896 4880 1058 4951 305.
1105 4882 1171 4935 ab
1199 4880 1502 4937 Alexandro
1536 4887 1812 4938 Accemeto

243 4964 294 5001 tn
328 4951 654 5021 monasterio
677 4952 740 5021 ad
777 4953 1097 5019 Euphratem
1120 4953 1383 5006 aedificato
1401 4955 1588 5009 scribit
1608 4971 1812 5021 anony-

242 5034 363 5098 tnus
409 5017 574 5098 (θοι.)
611 5020 676 5074 15
697 5017 881 5090 Ιαη.)’;
939 5041 956 5070 ι
987 5022 1221 5098 Primum
1257 5026 1308 5076 in
1365 5025 1562 5098 fit-gula
1615 5017 1813 5080 sancta:

243 5092 594 5165 institutionis
617 5106 856 5144 normam
880 5095 1226 5165 apostolicam
1249 5092 1492 5164 suscipit,
1518 5097 1809 5165 Statuitque

243 5160 476 5224 tertiam,
510 5168 734 5225 sextam,
791 5179 1007 5227 nonam,
1037 5173 1092 5218 et
1131 5163 1289 5216 simul
1325 5160 1662 5219 nocturnum.
1704 5160 1804 5221 lie-

244 5230 378 5306 inde
396 5231 649 5296 expendit
678 5232 802 5299 quid
855 5235 994 5286 Deus
1030 5234 1231 5306 exigat,
1265 5244 1318 5288 et
1363 5235 1572 5289 invenit
1615 5237 1811 5306 ubique

242 5299 530 5374 septimum
559 5317 833 5374 numerum
906 5299 1679 5374 prie-dicari,quemadmodum
1726 5299 1816 5361 di-

241 5370 380 5424 citur
405 5387 416 5420 :
450 5369 650 5440 Septies
675 5375 726 5423 in
750 5374 830 5424 die
860 5374 1064 5427 laudem
1096 5369 1206 5427 dixi
1228 5369 1354 5438 tibi;
1383 5378 1591 5430 et'illuil
1624 5380 1816 5432 statuit

243 5442 495 5508 exsequi;
522 5443 661 5508 quod
695 5451 751 5496 et
791 5443 1032 5510 perfecit,
1061 5447 1259 5512 septies
1289 5447 1541 5511 interdiu,
1576 5457 1627 5500 et
1655 5459 1812 5503 noctu

242 5521 441 5577 scpties
480 5512 790 5583 concipiens
846 5528 1053 5580 preces,
1104 5517 1380 5583 septennio
1429 5517 1570 5570 hunc
1600 5529 1812 5573 secutus

243 5592 325 5633 est
345 5592 666 5657 tenorem.)
702 5582 892 5657 Postea
923 5600 1048 5638 vero
1080 5582 1178 5657 nec
1218 5586 1298 5639 bis
1325 5599 1607 5642 contentus
1630 5589 1811 5657 jugem

246 5652 594 5727 psalmodiam
622 5653 887 5727 instituit;
912 5669 1069 5723 quam
1093 5655 1251 5727 etiam
1280 5658 1331 5710 in
1350 5659 1588 5727 pluribus
1609 5652 1818 5712 ordinis

245 5723 800 5795 nostri_nionaster_iis
829 5725 1062 5795 viguisse
1119 5726 1304 5794 probat
1347 5723 1527 5783 noster
1581 5727 1816 5784 Mabillo-

244 5789 363 5846 nius
389 5790 632 5862 (Prtzfat.
665 5793 734 5847 ad
753 5789 980 5862 swcftv,
1009 5789 1144 5866 part'.
1175 5796 1252 5865 tt).

485 5908 760 5969 Pt't'ttOL.
808 5909 1019 5972 LXVI.

1911 3265 2334 3332 propitiatorium
2385 3270 2440 3317 et
2473 3264 2612 3316 l'ores
2665 3263 3014 3334 tabernaculi,
3053 3262 3188 3334 hinc
3217 3271 3299 3317 est
3341 3263 3486 3334 quod

1909 3335 2154 3403 Ieprosus
2176 3334 2514 3388 concluditur
2543 3343 2746 3400 si-ptcm
2790 3333 2999 3394 diebus,
3051 3332 3173 3403 hinc
3228 3343 3312 3388 est
3347 3332 3488 3402 quod

1909 3401 2070 3459 blaria
2100 3419 2254 3459 soror
2273 3405 2438 3475 Moysi
2462 3413 2672 3475 septem
2690 3404 2876 3456 diebus
2893 3401 3087 3456 mansit
3112 3412 3261 3457 extra
3289 3418 3488 3471 castra,

1913 3475 2037 3530 hinc
2067 3486 2148 3529 est
2177 3475 2318 3545 quod
2351 3474 2485 3528 muri
2518 3474 2960 3545 .Ieriehosepties
2997 3475 3398 3545 circutiidantur
3435 3488 3490 3532 et

1911 3543 2342 3610 corruiint,'hiuc
2357 3553 2437 3599 est
2459 3545 2598 3610 quod
2624 3544 2820 3614 septies
2843 3545 2896 3600 in
2923 3544 3009 3598 die
3027 3543 3237 3598 laudent
3266 3546 3491 3602 Domino

1912 3615 2163 3682 dicimus,
2190 3617 2312 3671 hinc
2339 3626 2420 3670 est
2443 3617 2584 3684 quod
2619 3631 2722 3669 non
2747 3614 2920 3669 solum
2950 3625 3150 3682 septies
3188 3615 3284 3669 sed
3328 3621 3491 3672 etiam

1913 3689 2216 3755 septuagies
2245 3687 2405 3756 305
2423 3686 2622 3750 septies
2647 3687 2842 3741 nostris
2864 3685 3194 3739 debitoribus
3218 3688 3492 3746 dimittere

1909 3757 2181 3826 jubemur,
2216 3757 2340 3811 hinc
2388 3766 2470 3811 est
2507 3757 2648 3826 quod
2701 3757 2953 3823 templum
2988 3756 3240 3827 διιοιιιοιι
3285 3771 3492 3827 Septem

1916 3828 2070 3881 annis
2113 3827 2407 3881 :edificatur
2455 3837 2510 3881 et
2551 3838 2758 3897 septem
2811 3827 2997 3880 diebus
3047 3826 3494 3885 dedicattir.lloc

1915 3909 2118 3966 septem
2153 3897 2429 3960 Etclesiat,
2472 3910 2674 3966 septem
2704 3897 3048 3961 candelabra,
3073 3909 3279 3963 septem
3322 3900 3495 3955 lucer-

1917 3985 2021 4032 nae,
2071 3981 2276 4038 septeni
2335 3969 2528 4038 sigilla,
2563 3977 2770 4035 septem
2828 3969 3003 4038 angeli
3051 3967 3170 4018 tuba
3217 3979 3496 4035 canentes,

1917 4047 2122 4107 septem
2140 4037 2310 4106 panes
2343 4037 2553 4090 turbam
2586 4038 2804 4090 multam
2835 4037 2886 4090 iu
2923 4037 3138 4091 deserto
3169 4038 3495 4106 reficieites,

1916 4118 1970 4161 et
1991 4119 2192 4169 septem
2211 4119 2394 4177 gratiae
2415 4107 2644 4175 Spiritus
2663 4111 2832 4160 sancti
2856 4107 3159 4177 significare
3183 4109 3449 4164 Videntur.
3472 4127 3494 4163 ι

1933 4177 2058 4231 Vide
2088 4176 2395 4232 Menardum
2427 4178 2494 4230 ad
2542 4181 2680 4231 hunc
2729 4181 2922 4242 locum,
2956 4189 3010 4230 et
3058 4176 3317 4231 Joannem
3353 4179 3496 4237 Bona

1919 4248 1986 4303 de
2014 4249 2194 4301 Divina
2225 4248 2490 4302 Psalmod.
2523 4261 2640 4315 cap.
2671 4247 2724 4313 “2,
2752 4249 2778 4314 ᾗ
2811 4250 2866 4300 5.

1997 4318 2130 4385 Quia
2158 4320 2222 4371 de
2249 4321 2327 4372 Itis
2350 4319 2489 4370 tiaris
2519 4316 2719 4371 diurnis
2753 4318 2883 4370 dixit
2911 4335 2928 4371 :
2958 4316 3155 4388 Septies
3183 4319 3233 4371 in
3272 4320 3358 4375 die
3385 4321 3497 4377 lim.

1920 4390 2037 4442 dem
2071 4391 2177 4442 dixi
2212 4389 2345 4461 tibi.]
2395 4388 2561 4454 Quem
2619 4389 2898 4456 Pr0plieta:
2930 4389 3250 4443 versiculum
3305 4392 3372 4448 de
3401 4395 3490 4450 die

1923 4461 2182 4514 artificiali
2214 4463 2314 4514 late
2347 4473 2578 4524 sumpto,
2641 4468 2796 4528 prout
2824 4475 3018 4513 aurora
3077 4469 3130 4513 et
3181 4467 3499 4530 crepusculo

1851 4566 1899 4624 υ
1923 4531 2400 4624 circutii'scribittlir,
2459 4531 2517 4584 S.
2554 4531 2710 4624 Pater
2727 4532 2967 4624 Lintellig
2993 4540 3040 4624 t;
3075 4530 3360 4624 ’ltun.c._de
3410 4537 3499 4592 die

1925 4603 2177 4675 na.urali,
2205 4602 2500 4675 quiﬂlucem
2527 4612 2579 4654 et
2604 4601 2855 4675 tenebras
2880 4602 3310 4675 sitnitlinvolvit,
3336 4601 3510 4675 θη)οέ

1922 4681 2066 4744 riunt
2106 4673 2162 4727 S.
2201 4673 2424 4744 Basilius
2454 4687 2614 4725 scrin.
2672 4673 2695 4723 1
2731 4673 2798 4725 de
2840 4670 3174 4726 Institutione
3221 4670 3494 4744 monac'h.,

1921 4741 2209 4794 Ca~sianus
2234 4750 2288 4794 et
2315 4742 2427 4794 alii.
3154 4752 3164 4766 ‘

1995 4810 2133 4864 Nam
2181 4814 2243 4864 de
2266 4813 2525 4864 nocturnis
2556 4811 2743 4881 vigiliis
2774 4811 2905 4864 idem
2949 4813 3057 4880 ipse
3091 4811 3352 4881 PrOpIteta
3391 4819 3500 4873 ait:

1922 4879 2098 4954 Media
2126 4891 2269 4936 nocte
2283 4883 2544 4948 surgebam
2585 4879 2653 4934 ad
2681 4879 3180 4954 conﬁtendumtibi.(
3201 4879 3503 4945 Nocturnas

1923 4952 2132 5022 vigilias
2163 4953 2478 5007 auctoritate
2501 4955 2678 5005 divina
2704 4954 3006 5018 confirmat,
3030 4952 3310 5020 Pl‘OpllCliB
3333 4959 3503 5014 addu-

1920 5036 2050 5077 cens
2079 5024 2404 5090 exemplum,
2437 5024 2522 5090 qui
2551 5024 2718 5076 Illt'dla
2754 5035 2910 5077 nocte
2942 5025 3195 5093 surgebat
3232 5027 3300 5080 ad
3329 5032 3498 5086 confi-

1923 5095 2137 5168 tendum
2167 5093 2479 5168 Deo;_qund
2507 5104 2678 5168 tamen
2711 5096 2766 5146 ὃ.
2794 5094 2952 5148 Pater
2981 5111 3085 5149 non
3127 5097 3206 5151 sic
3253 5104 3503 5168 pr0ponit

1917 5166 2077 5238 quasi
2101 5178 2198 5218 nos
2213 5165 2387 5238 _vellet
2415 5165 2588 5238 media
2617 5175 2772 5218 nocte
2797 5179 3038 5238 surgere,
3069 5167 3262 5238 quibus
3291 5165 3504 5226 modice

1917 5235 2149 5302 amplius
2195 5235 2262 5289 de
2309 5234 2480 5288 media
2512 5246 2670 5288 noete
2721 5237 3021 5301 permittit;
3071 5234 3166 5293 sed
3211 5251 3413 5294 tantum
3445 5252 3503 5296 ut

1919 5307 2228 5380 ostenderet
2257 5311 2734 5380 monacltos_nocte
2756 5321 2978 5380 surgere
3007 5308 3222 5378 debere,
3256 5323 3310 5380 ut
3336 5326 3504 5380 expo-

1921 5384 2055 5429 nunt
2081 5376 2423 5429 llildemarus
2452 5386 2504 5428 et
2535 5376 2840 5429 Bernartius
2867 5376 3222 5434 CaSsinensis.
3263 5377 3383 5436 Vid.
3408 5376 3451 5435 Ῑ.
3487 5397 3502 5437 1

1921 5445 1989 5499 de
2024 5446 2203 5509 Antiq.
2233 5445 2483 5499 tnonach.
2511 5445 2743 5509 ltitibtts,
2773 5461 2891 5513 cap.
2929 5449 2980 5502 I.

1994 5513 2130 5586 Ergo
2155 5517 2236 5569 Itis
2263 5519 2571 5584 temporibus
2620 5515 2900 5584 referamus
2930 5519 3107 5571 laudes
3153 5516 3386 5576 Creatori
3415 5525 3504 5577 ito.

1926 5586 2077 5658 σενα]
2102 5589 2217 5640 Non
2246 5590 2416 5640 solum
2465 5601 2581 5650 ore,
2611 5589 2726 5658 sed
2768 5588 2928 5640 etiam
2971 5591 3154 5652 corde,
3202 5593 3308 5643 ituo
3343 5597 3504 5648 corde

1925 5657 2155 5725 amplius
2184 5675 2196 5708 :
2231 5674 2374 5724 nam,
2409 5667 2465 5711 ut
2492 5661 2566 5711 ait
2605 5657 2966 5723 Ilildemarns,
3006 5675 3025 5709 ι
3049 5659 3152 5716 Ille.
3186 5661 3366 5714 laudes
3398 5665 3506 5719 Deo

1927 5728 2092 5781 refert
2117 5731 2204 5801 qui
2239 5734 2337 5801 tioc
2366 5732 2505 5801 quod
2533 5742 2627 5801 ore
2657 5727 2810 5801 dicit,
2841 5730 3011 5801 corde
3034 5730 3254 5799 Cogitat.
3289 5732 3350 5784 Et
3379 5749 3504 5801 pro-

1929 5808 2109 5866 pterea
2142 5799 2421 5870 vigilanter
2451 5799 2508 5853 S.
2541 5797 2864 5852 Benedictus
2893 5797 3193 5865 suliiunsit,
3228 5819 3346 5857 cum
3379 5797 3502 5864 dici.-

2919 5910 2979 5976 15
