4074 6356
576 387 674 440 61³⁷9

575 502 646 552 Itis
682 499 988 566 temporibus
1029 500 1308 567 referamus
1356 500 1563 565 laudes,
1614 509 1668 555 et
1719 501 1898 555 statim
1947 501 2144 570 adjecit
2170 503 2225 561 Α

574 571 796 624 Creatori
820 581 1013 632 nostra,
1046 585 1107 624 ac
1137 573 1178 624 si
1211 571 1445 625 diceret:
1483 572 1554 624 Ita
1594 571 1780 626 laudes
1823 572 2140 635 referamus,

572 650 628 694 nt
653 640 878 712 Creator
896 649 1078 712 noster
1116 651 1504 712 cognoscatur:
1537 657 1658 695 nam
1710 652 1833 696 sunt
1879 642 2028 695 tnulti
2057 642 2146 710 qui

574 712 816 765 videnlur
841 711 1023 765 laudes
1053 711 1273 776 referre,
1302 713 1395 766 sed
1424 728 1528 766 non
1553 712 1790 766 referunt
1838 712 1946 766 Deo
1979 727 1993 776 ;
2023 713 2148 782 quia

574 782 672 836 hoc
693 782 833 850 quod
862 797 958 835 ore
983 782 1187 846 dicunt,
1218 782 1379 836 corde
1412 799 1514 836 non
1548 784 1846 837 intendunt.
1881 802 1898 834 ι

645 851 816 917 Super
837 853 1040 923 judicia
1069 853 1287 923 justitiw
1310 853 1460 924 sum]
1487 854 1674 924 Super,
1701 854 1752 908 id
1784 863 1863 924 est
1919 863 2144 921 propter,

575 924 688 978 iniit
720 924 1086 988 llildetnarus;
1120 923 1198 976 his
1229 925 1373 976 enim
1405 923 1581 978 verbis
1616 941 1774 994 quare
1806 923 1912 977 Deo
1958 924 2151 992 referre

575 995 753 1047 laudes
775 995 1040 1047 debeamus
1063 1005 1164 1046 tam
1187 995 1236 1046 in
1259 995 1340 1048 die
1369 1011 1523 1062 quam
1549 995 1602 1048 in
1630 1005 1774 1048 nocte
1816 995 2149 1063 manifestat;

575 1065 823 1118 nimirum
877 1076 1092 1132 propter
1120 1065 1317 1130 judicia
1367 1065 1463 1118 Dei
1492 1083 1504 1120 :
1539 1080 1782 1133 quzcuam
1833 1066 1941 1118 sint
1971 1075 2150 1118 autem

575 1135 662 1196 illa
684 1133 884 1202 judicia
913 1151 1017 1189 non
1069 1136 1260 1199 aperit,
1293 1136 1386 1189 sed
1415 1136 1545 1188 dicit
1573 1151 1693 1190 esse
1738 1135 2150 1202 incomprehen-

573 1206 770 1269 sibilia,
789 1214 1022 1259 attamen
1048 1205 1191 1275 justa
1215 1222 1228 1270 ;
1253 1216 1376 1259 sunt
1401 1207 1540 1277 enim
1560 1207 1752 1269 iudicia
1766 1207 1986 1277 justitiaz
2010 1222 2150 1270 sua’;

571 1287 688 1342 quae
726 1290 846 1329 cum
879 1277 1023 1327 clara
1071 1284 1126 1329 et
1179 1289 1360 1343 aperta
1422 1276 1648 1330 Boberio
1695 1276 1798 1330 non
1848 1278 2146 1343 videantur,

570 1347 762 1415 judicia
791 1346 1011 1412 justitiac
1040 1345 1132 1399 Dei
1161 1350 1348 1400 assoril
1383 1362 1502 1401 esse
1526 1348 1726 1416 judicia
1763 1347 1882 1401 Filii
1916 1347 2029 1412 Dei,
2062 1348 2152 1416 qui

571 1416 874 1485 estjustitia
897 1417 1089 1470 Patris.
1112 1418 1174 1470 Et
1205 1433 1387 1470 revera
1420 1435 1538 1486 qua:
1571 1433 1758 1483 passus
1789 1428 1870 1472 cst
1895 1435 1920 1469 a
1952 1418 2154 1472 Jnd:eis

571 1486 813 1557 Christus
840 1486 1038 1554 judicia
1068 1489 1286 1555 justitize
1317 1489 1406 1541 Dei
1447 1499 1652 1557 septem
1704 1489 1978 1542 canonicis
2008 1489 2154 1542 horis

574 1556 811 1612 Ecclesia
843 1561 1110 1612 honorare
1138 1560 1384 1618 intendit,
1421 1569 1474 1611 ut
1505 1556 1647 1627 patet
1676 1575 1738 1612 ex
1767 1560 1848 1612 his
1884 1559 2150 1624 versibus,

573 1642 706 1695 quos
736 1629 902 1684 refert
927 1629 1187 1682 Boherius
1210 1646 1224 1682 :

696 1738 750 1786 In
777 1741 1012 1789 matutino
1037 1742 1288 1790 damnatur
1316 1747 1536 1801 tttupore
1564 1741 1812 1798 Christus;

695 1802 899 1864 Quando
949 1804 1143 1850 urrexit
1168 1816 1369 1862 primatu
1395 1807 1522 1851 eartit
1550 1804 1669 1849 ordo
1696 1805 1889 1864 lidelis;

694 1863 861 1928 'l‘ertta
885 1877 991 1911 cum
1017 1867 1222 1928 canitur,
1252 1871 1366 1911 tunc
1392 1872 1466 1913 est
1490 1866 1791 1928 cunctamine
1808 1863 2010 1928 paSsus;

696 1927 846 1988 Sexta
871 1932 981 1972 sunt
1007 1926 1229 1988 tenebrae
1256 1939 1342 1986 per
1365 1927 1530 1973 mundi
1555 1926 1745 1975 climata
1773 1926 1906 1978 facta»
1927 1946 1939 1988 ;

700 1987 911 2049 iniussus
934 2000 1054 2049 nona
1081 1995 1156 2035 est.
1177 1987 1372 2036 divinus
1395 1990 1602 2049 Spiritus
1626 1989 1742 2036 liora
1767 2004 1780 2048 ;

699 2046 918 2115 Yespere
942 2048 1230 2115 clauduntur
1254 2046 1432 2115 Chri~ti
1451 2063 1593 2115 sacra
1611 2046 1826 2098 membra
1853 2053 2104 2115 sepulcro;

694 2109 883 2157 Christo
907 2110 1101 2158 bisseno
1123 2112 1336 2160 custodia
1363 2115 1558 2171 poaitur
1586 2114 1719 2160 hora.

572 2196 678 2245 llos
707 2203 882 2245 tamen
917 2203 1162 2262 tanquam
1193 2194 1464 2248 historica:
1496 2197 1704 2250 veritati
1735 2197 1909 2251 minus
1935 2198 2151 2252 confor-

571 2277 684 2340 mes
712 2264 846 2340 haud
896 2265 1309 2340 omninoA3_06
1341 2271 1532 2331 prohat
1557 2267 1846 2321 cardinalis
1889 2270 2031 2322 Bona
2067 2270 2154 2340 (de

570 2331 683 2406 Div.
714 2332 858 2406 l’sal.
889 2351 1004 2404 cap.
1032 2336 1088 2398 '2,
1120 2331 1399 2404 §'5)_;itam
1426 2339 1746 2390 resurrectio
1774 2346 1895 2392 autc
1924 2331 2149 2406 prrmam

568 2403 751 2456 boratn
786 2403 920 2458 faeta
947 2414 1051 2469 est,
1083 2403 1139 2457 et
1174 2406 1313 2469 qttod
1339 2407 1408 2461 de
1440 2407 1568 2459 liora
1599 2403 2146 2472 duodecima—dicunt,

567 2475 619 2526 in
655 2474 944 2550 Evangelii}
977 2490 1080 2550 non
1112 2476 1190 2550 leg
1217 2485 1336 2527 tur:
1373 2477 1845 2550 prurit-rendisunt
1872 2495 2007 2550 ergo
2035 2485 2152 2534 vul-

569 2546 820 2613 gatisslmt
859 2546 932 2597 illi
960 2549 1151 2614 glossae
1181 2545 1229 2596 in
1259 2561 1376 2614 cap.
1415 2546 1438 2598 l
1475 2547 1541 2600 de
1565 2548 1776 2606 Celebr.
1813 2545 2094 2604 missarum
2135 2567 2148 2604 :

1906 384 1962 440 S.
2007 384 2067 438 P.
2110 382 2464 439 BENEDICTI

3753 383 3860 438 460

2371 499 2490 548 Hzec
2512 506 2626 548 sunt
2649 500 3101 561 septenlspropler
3121 509 3233 555 qua:
3258 496 3503 558 psallimus
3526 498 3692 548 horls:

2377 561 2610 623 Malutina
2638 560 2754 623 ligat
2777 560 3038 617 Christum,
3064 561 3147 620 qui
3170 561 3373 607 crimina
3401 570 3608 620 tturgat;

2379 622 2537 683 l‘rima
2562 622 2726 682 replet
2748 624 2934 683 sputis;
2963 634 3154 670 causam
3180 623 3262 670 dat
3289 623 3442 672 tertia
3468 637 3526 668 nu
3547 627 3663 671 rtis-

2375 682 2526 733 Sexta
2551 686 2682 733 cruci
2709 682 2891 744 nectit;
2919 684 3046 732 latus
3072 683 3179 741 ejus
3206 695 3330 730 nona
3358 685 3593 743 bipertit;

2377 744 2597 808 VeSpera
2619 747 2856 808 deponit;
2891 746 3078 795 tumulo
3101 744 3343 808 completa
3366 748 3580 806 reponit.

2253 867 2442 922 Multas
2463 869 2594 924 alias
2626 870 2741 936 pias
2773 870 3124 924 institutionis
3156 879 3362 938 septem
3395 870 3656 926 horarum
3684 887 3857 927 cano-

2255 941 2492 993 nicarum
2521 940 2793 995 adducunt
2813 956 3026 1004 causas,
3047 942 3139 1010 qui
3160 942 3228 997 de
3243 942 3438 996 ofliciis
3454 943 3855 998 ecclesiasticis

2255 1018 2510 1082 tractatus
2538 1011 2820 1067 ediderunt
2845 1023 3112 1075 auctores,
3141 1028 3274 1082 quas
3306 1027 3497 1066 omnes
3536 1014 3624 1066 hic
3651 1015 3859 1069 referre

2258 1080 2542 1148 prtesentis
2571 1098 2675 1136 non
2705 1092 2789 1137 est
2822 1083 2954 1146 otii;
2999 1080 3170 1136 unam
3201 1084 3460 1136 duntaxat
3511 1099 3608 1150 pro
3652 1087 3852 1150 capitis

2258 1152 2417 1220 hujus
2430 1153 2776 1208 conclusione
2794 1153 3059 1220 proferam
3081 1168 3148 1207 ex
3180 1154 3594 1208 l’elm-Datuiani
3621 1154 3853 1220 (Opusc.

2259 1223 2344 1293 l0,
2373 1238 2488 1290 cap.
2524 1225 2610 1291 l):
2647 1242 2666 1274 ι
2699 1224 2916 1292 Septem
2943 1236 3069 1278 sunt
3092 1225 3226 1278 levia
3252 1224 3577 1293 minimaque
3605 1237 3859 1293 peccata,

2261 1292 2452 1360 iuqttit,
2508 1293 2563 1347 in
2613 1294 2806 1360 quibus
2861 1311 2965 1348 non
3016 1296 3191 1347 solum
3245 1305 3514 1362 peccator,
3549 1292 3649 1349 sed
3681 1297 3853 1348 etiam

2252 1362 2431 1432 justus
2453 1365 2678 1433 quisque
2700 1365 2936 1434 quotidie
2960 1365 3176 1424 labitur.
3205 1364 3414 1420 etiamsi
3435 1365 3488 1418 in
3512 1367 3856 1433 excelsojam

2260 1434 2604 1503 perfectionis
2651 1436 2882 1489 culmine
2925 1444 3068 1490 stare
3101 1436 3381 1499 videatur;
3434 1451 3556 1503 qua:
3609 1437 3858 1501 profecto

2258 1514 2378 1556 sunt
2407 1522 2417 1555 :
2448 1504 2734 1571 Cogitatio.
2770 1507 3088 1574 ignorantia.
3118 1505 3494 1569 inconstantia,
3526 1508 3853 1569 necessitas,

2261 1575 2563 1636 inlirmitas.
2595 1576 2816 1639 oblivio,
2861 1576 3256 1643 subreptio.....
3282 1575 3509 1642 Propter
3538 1578 3656 1629 haec
3688 1580 3856 1643 igitur

2261 1654 2463 1711 septem
2501 1646 2634 1697 levia
2671 1661 2937 1715 parvaque
2969 1657 3208 1710 peccata,
3251 1662 3369 1715 qua:
3395 1661 3490 1714 pro
3535 1646 3853 1714 fragilitatis

2263 1716 2507 1768 humanm
2549 1715 2824 1771 dt-bil'ttate
2877 1731 3073 1771 cavtrre
3117 1733 3221 1770 non
3263 1729 3570 1781 possumus,
3631 1720 3735 1770 hoc
3787 1733 3854 1772 ex

2264 1785 2570 1851 magisterio
2599 1786 2826 1854 Spiritus
2853 1789 3020 1840 sancti
3050 1802 3078 1839 a
3114 1788 3209 1855 piis
3245 1787 3504 1840 Ecclesiae
3535 1787 3854 1840 doctoribus

2189 1873 2237 1931 Β
2266 1857 2705 1931 institutumcst,
2755 1867 2986 1931 ut_\'ota
3032 1867 3211 1931 nostra
3265 1872 3357 1924 per
3407 1873 3854 1931 unumquemque

2265 1927 2404 1979 diem
2437 1927 2637 1994 septies
2671 1927 3053 1994 persolvamus.
3090 1929 3213 1980 ΙΙωο
3240 1941 3369 1980 sane
3390 1937 3597 1994 septem
3624 1928 3854 1980 canoni-

2263 2012 2444 2050 carttm
2500 2001 2748 2050 horarum
2799 1997 2975 2050 ol‘licia
3007 2000 3156 2063 quasi
3207 2006 3412 2063 setttem
3462 1998 3853 2065 bap'ismatnm

2263 2067 2472 2121 lavacra
2505 2067 2556 2121 in
2600 2076 2799 2121 sancta:
2830 2069 3081 2121 Ecclesiae
3111 2077 3236 2121 sunt
3273 2068 3479 2136 gremio
3526 2069 3850 2130 constituta,

2263 2147 2322 2190 ut
2349 2146 2551 2206 septem
2579 2138 2932 2192 ollensionum
2968 2142 3223 2200 maculas,
3263 2152 3397 2205 quas
3429 2153 3495 2192 ex
3536 2138 3855 2207 quotidiana

2262 2209 2386 2261 vita:
2418 2209 2575 2275 hujus
2629 2210 3038 2269 eottversatione
3085 2209 3476 2276 contrahimus,
3513 2210 3766 2268 totidem.
3803 2216 3858 2262 ut

2265 2279 2332 2331 ita
2358 2280 2567 2347 loquar,
2601 2279 2863 2332 orationis
2885 2279 3209 2347 quotidiana:
3235 2279 3451 2333 liuentis
3482 2281 3709 2345 expiare
3755 2293 3854 2332 cu-

2267 2364 2464 2412 remus,
2498 2358 2760 2411 quatenus
2791 2350 3066 2402 assiduum
3115 2350 3480 2418 corruptibilis
3509 2351 3638 2403 Vita:
3669 2349 3857 2417 pulve-

2259 2435 2368 2470 rem
2392 2419 2773 2473 satisfactionis
2797 2434 2922 2472 aura
2952 2420 3208 2481 decutiat,
3232 2431 3284 2473 et
3314 2421 3598 2474 mundana
3623 2433 3855 2472 coitver-

2257 2492 2479 2542 Sationis
2521 2490 2690 2544 lutum
2747 2496 3048 2560 superius-.e
3102 2491 3368 2545 orationis
3413 2493 3675 2560 frequens
3703 2489 3851 2542 unda

2255 2561 2514 2628 dett-rgat.
2547 2577 2564 2610 ι

1834 2799 2226 2885 CA‘PUT
2296 2807 2590 2889 XVII.

1387 2935 1556 3009 Quot
1581 2936 1810 3013 psalmi
1833 2956 1948 3015 per
1979 2941 2212 3001 easdem
2242 2943 2428 3003 horas
2462 2949 2725 3010 canendi
2759 2963 2784 2988 οι
2821 2960 2989 3009 sunt.

639 3064 750 3117 lam
773 3063 839 3116 de
867 3077 898 3115 η
937 3058 1144 3115 cturnis
1166 3057 1249 3114 vel
1281 3056 1554 3110 matutinis
1571 3056 1890 3128 digessimus
1905 3059 2148 3116 ordinem
2178 3069 2228 3131 (ς
2262 3068 2509 3134 gregatio
2537 3069 2716 3136 fuerit,
2746 3086 2867 3124 cum
2899 3074 3243 3140 antiphonis;
3277 3075 3320 3127 si
3372 3089 3499 3129 vero
3551 3077 3850 3144 minor,.in

568 3157 905 3227 psitlmodiie;
964 3167 1107 3207 nunc
1160 3151 1228 3206 de
1283 3151 1630 3218 sequentibus
1676 3151 1820 3205 boris
1851 3153 2145 3209 videamus.

568 3250 742 3303 l’rima
773 3251 900 3301 hora
933 3246 1183 3300 dicantur
1208 3241 1399 3312 psalmi
1422 3249 1551 3306 tres,
1580 3242 1921 3312 singillatim,
1957 3255 2013 3300 et
2045 3262 2148 3302 nou

570 3342 665 3397 sub
685 3355 787 3395 una
810 3337 1013 3392 Gloria.
1049 3336 1286 3406 llymnus
1312 3332 1339 3372 δ
1363 3334 1605 3404 ejusdem
1645 3335 1813 3403 horae,
1857 3348 1977 3406 post
2028 3355 2151 3394 ver-

571 3451 682 3488 tnm
713 3433 873 3496 Deus,
908 3431 962 3484 in
982 3431 1296 3500 adjutorium
1315 3444 1484 3483 meum
1533 3429 1739 3484 intende
1769 3440 1820 3496 ο,
1864 3443 2149 3504 antequam

571 3527 761 3597 psalmi
816 3524 1158 3594 incipiantur.
1221 3522 1348 3576 Post
1389 3522 1753 3591 expletiouem
1813 3540 1940 3581 vero
1991 3529 2149 3582 trium

571 3619 921 3686 psalmorum,
952 3613 1206 3667 recitetur
1251 3612 1408 3667 lcetio
1459 3629 1586 3679 una,
1636 3630 1845 3682 versus,
1887 3627 1942 3671 et
1996 3618 2156 3688 Il'yrie

572 3707 781 3772 cleison,
812 3716 864 3760 et
888 3709 1066 3760 missa:
1093 3705 1199 3759 sint
1225 3701 1275 3761 ά.
1306 3703 1488 3759 Tertia
1523 3721 1673 3771 vero,
1705 3717 1875 3772 sexta,
1905 3719 1958 3762 et
1990 3725 2150 3777 nona,

571 3802 759 3857 eodem
775 3799 962 3854 ordine
980 3807 1003 3835 ο
1026 3797 1325 3853 celebretur
1341 3797 1536 3861 oratio,
1563 3798 1613 3851 id
1643 3809 1725 3852 est
1755 3813 1968 3864 versus,
1991 3802 2150 3873 307

573 3890 755 3963 hymni
782 3889 801 3928 ί
832 3890 1139 3945 earumdem
1166 3889 1419 3944 horarum
1445 3889 1582 3944 tcrni
1611 3891 1798 3958 psalmi
1827 3899 1879 3956 ε,
1911 3891 2069 3947 lectio
2098 3905 2154 3950 et

573 3999 776 4048 versus,
810 3981 970 4053 Kyrie
995 3981 1202 4046 eleicon,
1235 3991 1288 4036 et
1314 3983 1491 4036 missa:
1518 3978 1544 4016 ιι
1569 3981 1695 4036 sint.
1727 3982 1782 4037 Si
1815 3984 1987 4052 major
2025 4001 2157 4042 con-

645 4150 668 4177 ⁸
703 4141 812 4203 ΔΙ..
844 4139 1070 4192 dicendi.

642 4211 666 4250 δ
697 4213 807 4277 AL,
835 4209 1120 4280 Hymnum.

645 4294 665 4320 ε
698 4274 856 4336 Deest
878 4274 930 4333 in
962 4274 1382 4342 Oxon.,Cassin.
1417 4285 1470 4331 et
1493 4276 1663 4340 Flor.,
1695 4279 1918 4334 ittendc.

642 4349 668 4390 ἀ
695 4354 896 4411 υκοη..
917 4349 1105 4412 Narb.,
1139 4348 1308 4410 Flor.,
1333 4357 1378 4401 et
1407 4349 1607 4402 missas.
1649 4348 1777 4404 Vict.
1811 4370 1886 4421 μ..
1917 4363 1964 4407 et
1994 4357 2150 4410 missa

571 4435 642 4478 est

573 4583 630 4617 co
664 4564 862 4616 ordine.

651 4633 666 4671 ί
703 4633 900 4695 Oxum,
925 4645 1121 4684 versum
1147 4628 1382 4698 hymnus.

650 4715 674 4752 ις
697 4703 883 4770 Narb.,
915 4709 1084 4755 ternos
1114 4702 1366 4768 psalmos,
1413 4699 1684 4756 lectionem
1718 4701 1878 4774 Kyrie
1927 4707 2148 4774 eleison,

576 4795 620 4830 Cl
653 4790 857 4830 ηιιεεαε.
940 4793 954 4808 ”

648 4847 674 4884 ¹ι
705 4847 903 4911 υιιοιιἾ
931 4842 1118 4909 Narb.,
1147 4843 1349 4898 missas.
1387 4843 1558 4910 Flor.,
1592 4847 1760 4900 misse
1785 4857 1927 4903 sunt.

1851 4967 2120 4979 ——.—

646 4462 668 4530 έ
692 4491 888 4560 Oxon.,
917 4490 1087 4555 Flor.,
1119 4489 1252 4541 idem
1279 4504 1334 4540 eo
1358 4489 1558 4543 ordine.
1593 4488 1744 4560 Lyr.,
1769 4491 1983 4564 Comp.,
2026 4496 2146 4551 item
2186 4535 2215 4564 _-

2180 4561 2234 4621 D

2259 3157 2521 3212 dirccutm
2557 3161 2852 3230 psallantur
2883 3162 2924 3221 ί.

2339 3248 2650 3319 ντεενριιὶιιδ
2680 3264 2858 3309 autem
2891 3269 3108 3326 synaxts
3128 3297 3141 3322 ,
3195 3267 3422 3326 quatuor
3472 3258 3697 3326 psalmis
3728 3274 3854 3315 cum

2259 3341 2572 3410 antiphonis
2601 3344 2942 3410 terminatur,
2979 3357 3096 3414 post
3126 3362 3258 3416 quos
3306 3347 3537 3416 psalmos
3569 3348 3731 3404 lectio
3762 3366 3854 3405 re-

2260 3441 2471 3496 citanda
2529 3452 2654 3509 est,
2706 3444 2829 3500 inde
2873 3446 3306 3518 responsorium,
3362 3447 3855 3514 Ambrosianumt,

2260 3546 2479 3599 versus,
2510 3535 2777 3594 canticum
2808 3536 2874 3591 de
2907 3537 3232 3607 Evangelia,
3284 3537 3463 3590 [itania
3509 3535 3534 3573 ιι
3579 3548 3635 3591 et
3678 3541 3852 3594 oratio

2259 3625 2570 3694 dominica,
2619 3641 2672 3685 et
2721 3631 2850 3685 liant
2907 3632 3105 3686 missre.
3157 3631 3582 3700 Gontpletorium
3623 3628 3636 3669 ¹
3673 3644 3856 3688 autem

2260 3721 2417 3774 trium
2450 3723 2776 3791 psalmorum
2831 3725 3066 3780 dictione
3117 3725 3448 3780 terntinctur.
3498 3726 3598 3792 Qui
3653 3727 3848 3795 psalmi

2257 3811 2546 3868 directanei
2582 3815 2700 3869 sine
2729 3817 3022 3886 antiphona
3069 3815 3278 3872 dicendi
3330 3826 3488 3877 sunt;
3549 3827 3672 3885 post
3719 3833 3860 3886 quos

2259 3904 2487 3976 hymnus
2513 3905 2551 3927 ’³
2583 3909 2826 3976 ejusdem
2872 3908 3039 3976 horae,
3067 3909 3224 3964 lectio
3254 3924 3386 3974 una,
3419 3925 3608 3964 versus
3629 3951 3646 3976 ,
3696 3911 3860 3980 li'yric

2264 3996 2449 4051 eleison
2471 4037 2484 4062 ,
2519 3999 2886 4065 benedictio“,
2916 4009 2969 4055 et
3000 4011 3120 4070 post
3143 4001 3318 4055 missa:
3344 4001 3492 4057 liam.

2338 4151 2351 4188 ί
2390 4152 2573 4217 Narb.,
2600 4151 2869 4222 psalletur.
2905 4153 3071 4223 llild.,
3116 4154 3344 4222 Conch.,
3397 4155 3678 4224 psallatur.
3711 4155 3855 4211 Vict.

2259 4236 2385 4286 ms.,
2419 4233 2695 4278 conantur.

2323 4296 2347 4341 Il
2393 4293 2560 4356 l"l0r.,
2593 4295 2966 4350 Ambrosianus

2329 4363 2350 4398 κ
2387 4365 2581 4430 οιοη.,
2635 4368 2846 4420 ιὶιαηὶιε.
2879 4365 3057 4428 Cass.,
3119 4365 3339 4420 letanitr.
3391 4365 3534 4420 Flor.
3567 4381 3696 4422 cum
3733 4367 3858 4422 aliis

2257 4433 2574 4502 quibusdam
2599 4475 2614 4500 ,
2651 4437 2862 4490 letania.

2331 4502 2347 4540 ι
2381 4503 2566 4577 Narb.,
2591 4509 2969 4577 completorius.
2998 4506 3168 4572 Flora,
3192 4508 3575 4577 completorios.

2329 4583 2366 4610 ιη
2396 4574 2582 4650 Narb.,
2602 4648 2609 4650 _
2629 4574 2942 4650 hymnum...
2966 4579 3226 4650 lectionem
3251 4574 3408 4632 unam
3428 4620 3442 4644 ,
3469 4596 3671 4633 certum
3694 4622 3709 4643 ,
3742 4580 3861 4650 Ey-

2256 4643 2330 4698 rie
2357 4647 2567 4722 eleison,
2590 4643 3013 4722 benedictionem.
3041 4648 3094 4703 ltt
3126 4649 3266 4708 Flor.
3295 4643 3454 4704 etiam
3486 4650 3684 4719 legitur
3709 4643 3864 4722 Innit-

2259 4731 2449 4771 num...
2483 4719 2748 4771 lectione»:
2772 4735 2949 4773 unam.
3271 4732 3279 4738 '

2336 4797 2360 4822 "
2387 4789 2473 4841 Al.
2546 4789 2943 4843 benedictionem

3790 4978 3857 4994 --η

1898 5027 2553 5092 COMMENTARIUS.

653 5154 775 5208 lam
801 5157 862 5207 de
888 5151 1148 5206 nocturnis
1185 5149 1260 5205 uel
1291 5152 1548 5204 matutinis
1594 5151 1710 5218 tlige
1737 5153 1896 5204 simus
1928 5153 2158 5207 ordinem

583 5225 901 5296 pcalmodigc,
926 5238 1057 5276 nunc
1082 5223 1145 5275 de
1175 5223 1498 5296 sequentibus
1511 5222 1654 5296 [toris
1675 5224 1953 5275 rideamus.
1978 5221 2158 5296 Iit-ima

583 5293 709 5351 liora
739 5293 974 5349 dicantur
1000 5305 1100 5346 tres
1133 5293 1314 5358 psalmi
1347 5293 1646 5362 singillatim
1666 5333 1679 5356 ,
1712 5303 1760 5345 et
1792 5309 1894 5345 non
1937 5294 2028 5345 sub
2061 5311 2163 5348 una

584 5365 920 5440 gluria.JSt-d
958 5363 1445 5440 _SItb_ll‘ipli£_i,_tll
1488 5365 1552 5416 atl
1601 5362 2160 5440 quemquepsaltuum

583 5433 910 5508 {gloriliéctur
957 5434 1211 5489 Trinitas.
1258 5433 1784 5508 Tolitlcm‘psalntus
1816 5433 1881 5486 ad
1915 5435 2156 5508 tertiam,

583 5503 822 5573 sextam,
881 5520 1099 5567 nonam,
1141 5515 1196 5559 et
1223 5503 1651 5573 completorium,
1684 5506 1918 5572 quinque
1958 5504 2162 5559 scilicet

587 5583 744 5634 horas
769 5572 826 5635 Si.
852 5578 1011 5632 Pater
1056 5576 1328 5643 assignat:
1359 5591 1377 5624 ι
1415 5572 1482 5628 Ut
1508 5574 1742 5643 quinque
1771 5590 1961 5629 sensus
1993 5575 2160 5629 nostri

586 5652 825 5720 corporis
865 5649 1034 5702 tribus
1083 5647 1273 5698 anima:
1320 5644 1607 5720 yirtulibus
1653 5645 1919 5720 excellere
1966 5646 2160 5699 admo-

588 5714 828 5784 ncainur,
872 5729 927 5771 ut
956 5732 1023 5771 ex
1054 5725 1162 5769 toto
1208 5714 1371 5769 corde
1393 5754 1406 5777 ,
1442 5724 1547 5768 tota
1597 5715 1721 5768 anitt
1748 5729 1777 5768 a
1803 5756 1816 5779 ,
1851 5725 1960 5770 tota
1989 5726 2166 5771 mente

587 5793 870 5857 diligamus
901 5789 1064 5843 Deum
1090 5804 1134 5852 ι,
1167 5788 1335 5854 inquit
1361 5786 1664 5840 Ama'arius
1705 5787 1756 5838 in
1792 5788 2167 5856 supplemento

589 5863 758 5916 l'l'om.
795 5859 831 5913 ll
875 5857 1052 5910 Anam

2342 5153 2390 5206 11
2397 5171 2578 5230 gmnus
2603 5157 2830 5226 ejusdem
2857 5159 3016 5230 horas,
3050 5168 3182 5222 etc.,
3230 5159 3385 5230 Iiyrie
3415 5161 3630 5228 cleison,
3662 5174 3712 5218 et
3736 5167 3864 5218 mis-

2265 5240 2335 5278 sa:
2360 5225 2506 5304 aliil_.l
2531 5225 2651 5279 lliee
2679 5229 3024 5304 o_m__ttia_clara
3057 5240 3112 5284 ct
3141 5225 3322 5298 aperta
3352 5241 3475 5304 sunt
3497 5272 3514 5296 ,
3551 5225 3652 5304 nec
3695 5237 3861 5304 quid-

2269 5311 2427 5364 quam
2463 5295 2512 5348 in
2563 5311 2622 5350 se
2667 5297 2998 5355 difﬁcultatis
3041 5295 3350 5367 continent,
3401 5302 3500 5356 nisi
3549 5295 3862 5359 forte-duo

2269 5374 2510 5440 extrema
2539 5367 2699 5420 verba
2734 5370 2898 5423 misine
2922 5373 3053 5437 sint,
3089 5372 3142 5426 in
3168 5373 3359 5440 quibus
3393 5377 3728 5440 exponendis
3751 5393 3864 5431 non

2269 5437 2616 5489 consentiunt
2646 5453 2854 5493 omnes.
2885 5439 2952 5494 Ut
2980 5451 3157 5496 autem
3187 5437 3238 5495 in
3269 5459 3326 5495 re
3353 5437 3510 5495 dubia
3542 5455 3596 5497 et
3625 5445 3864 5498 obscura

2271 5505 2404 5578 locis
2435 5507 2634 5574 aliquid
2665 5509 2987 5572 aderamus,
3045 5512 3448 5578 prtenolandum
3482 5513 3649 5567 missa'
3693 5530 3861 5569 voca-

2274 5576 2455 5654 bulum
2483 5579 2635 5632 valde
2667 5594 2787 5654 esse
2818 5576 3184 5650 :equivocum.
3234 5593 3287 5638 et
3334 5584 3399 5636 ad
3441 5584 3608 5636 multa
3652 5586 3750 5654 εἰς·
3779 5586 3866 5638 ili-

2275 5647 2441 5700 canda
2467 5651 2712 5718 usurpari

2352 5718 2527 5792 Primo
2555 5721 2696 5792 enim
2719 5761 2734 5786 ,
2767 5721 2928 5776 missa
2985 5723 3139 5792 vulgo
3169 5721 3392 5777 sumitur
3424 5737 3520 5792 pro
3571 5727 3858 5778 incruento

2279 5787 2477 5842 Christi
2507 5791 2800 5856 sacriﬁcio,
2832 5793 2970 5860 quod
3000 5794 3051 5847 in
3077 5787 3228 5846 altari
3265 5787 3492 5848 oll'cru'nt
3524 5795 3861 5855 sacerdotes;

2287 5874 2388 5928 quo
2437 5874 2594 5916 sensu
2623 5863 2882 5932 accipitur
2913 5863 3070 5932 inira,
3105 5878 3220 5932 cap.
3247 5863 3354 5918 55:
3389 5862 3449 5917 In
3481 5866 3657 5918 diebus
3689 5879 3866 5918 autem
