4074 6356
249 389 351 448 ιω

1291 377 1564 434 REGULA
1603 375 2098 431 CUMMENTATA.
2142 374 2290 431 C.\P.
2336 373 2520 428 XVIII.

3425 363 3528 420 ‘70

251 513 426 556 nonus
467 497 700 568 psalmus
740 504 792 551 et
838 495 1098 565 septimus
1146 492 1390 548 decimus
1435 489 1740 544 dividantur
1785 489 1836 541 itt
1870 495 1915 550 Α
1950 487 2002 542 id
2031 498 2114 543 est
2144 487 2470 542 centesimus
2507 484 2806 539 tricesimus
2836 491 3090 546 octavus,
3123 491 3175 535 et
3204 473 3530 535 centesimus

252 593 404 650 binas
433 591 800 648 Glorias'h‘Et
830 590 908 643 sic
939 588 1031 641 litt
1051 585 1080 625 ι)
1104 593 1162 641 ιιι
1188 585 1252 639 ad
1285 584 1490 655 vigilias
1520 581 1785 637 dominica
1818 588 1839 616 ο

253 699 469 755 semper
499 699 528 737 a
558 682 814 737 vicesimo
844 679 1147 748 incipiatur.

333 778 415 836 Ad
445 777 657 832 tertiam
689 788 816 829 vero
838 814 852 839 ,
887 782 1094 827 sextam
1116 810 1130 836 ,
1165 779 1216 825 et
1247 783 1442 823 nonam
1479 766 1732 822 secunda:
1772 764 1846 818 le-

257 869 353 924 riaa
383 882 577 923 novem
603 864 838 934 capitula
862 907 875 928 ,
911 877 1028 932 qua:
1060 860 1271 916 residua
1302 869 1427 914 sunt
1455 858 1522 913 de
1553 857 1848 912 centesimo

260 962 470 1017 decimo
497 972 690 1016 octavo
724 958 964 1028 psalmo,
995 957 1109 1026 ipsa
1138 964 1287 1009 terna
1321 969 1416 1022 per
1443 951 1656 1008 easdem
1690 950 1850 1004 horas

260 1051 527 1112 dicantur.
579 1049 833 1120 Expenso
879 1049 1046 1118 318
1091 1047 1248 1115 igitur
1301 1045 1508 1113 psalmo
1556 1040 1850 1096 centesimo

262 1154 455 1200 octavo
497 1143 709 1198 decimo
754 1141 964 1197 duobus
1009 1139 1233 1204 diebus,
1278 1137 1330 1191 id
1371 1144 1453 1190 est
1493 1134 1762 1189 dominico
1799 1140 1854 1186 et

263 1235 500 1294 secunda
542 1234 710 1301 feria;
745 1234 904 1290 tertia
933 1231 1062 1288 feria
1088 1231 1198 1301 jam
1230 1229 1296 1284 ad
1328 1229 1540 1284 tertiam
1564 1269 1578 1292 ,
1608 1232 1814 1280 sextam
1835 1262 1854 1288 ,

265 1327 351 1384 vel
376 1343 571 1384 nonam
599 1326 895 1398 psallantur
917 1325 1055 1380 terni
1083 1323 1310 1394 psalmi,
1339 1337 1369 1376 a
1394 1319 1688 1378 centesimo
1714 1332 1855 1375 nono

255 1401 486 1476 decimo
514 1433 683 1490 usque
709 1419 776 1474 ad
807 1417 1160 1474 centesimum
1189 1415 1502 1472 vicesimum
1532 1412 1852 1481 septimum;

265 1513 320 1571 Id
350 1523 432 1570 est
463 1513 651 1583 psalmi
685 1527 899 1567 novem.
950 1509 1158 1579 Quique
1198 1507 1388 1576 psalmi
1431 1519 1644 1574 semper
1683 1517 1856 1572 usque

268 1603 337 1658 ad
367 1601 698 1658 dominicam
728 1598 754 1637 τι
788 1616 883 1669 per
912 1597 1127 1655 easdem
1157 1597 1316 1652 horas
1344 1595 1527 1652 itidem
1559 1603 1583 1632 ⁸
1613 1602 1858 1662 repetan-

269 1701 394 1749 tur:
429 1694 744 1765 hymnorum
801 1690 1185 1754 nihilominus,
1241 1688 1528 1743 lectionum
1552 1726 1567 1752 ,
1607 1685 1690 1740 vel
1733 1698 1857 1737 ver-

271 1799 427 1840 suum
456 1784 806 1853 dispositione
826 1780 1076 1836 uniformi
1108 1779 1151 1847 ',
1187 1778 1394 1834 cunctis
1418 1776 1605 1841 diebus
1626 1783 1855 1831 servata.

1949 579 2390 648 quadragesimus
2417 577 2605 632 tertius
2625 618 2638 642 ,
2664 584 2715 630 et
2743 574 3066 629 centesimus
3089 571 3530 642 quadragesimus

1949 679 2191 739 quartus.
2225 667 2562 724 Ccntesimus
2593 681 2723 722 vero
2752 675 2932 720 sextus
2958 663 3220 729 decimus,
3254 663 3376 734 quia
3405 675 3530 732 par-

1952 775 2048 814 vus
2076 769 2160 815 est
2180 799 2194 823 ,
2229 774 2350 814 cum
2380 759 2674 814 centesimo
2705 758 2892 827 quinto
2923 757 3132 811 decimo
3158 754 3531 824 coniungatur.

1953 851 2172 922 Digesto
2202 865 2333 921 ergo
2362 849 2550 904 ordine
2583 849 2908 918 psalmorum
2949 833 3374 916 vespertinorum
3397 885 3412 908 ,
3444 859 3534 899 re-

1955 942 2098 1012 liqua
2121 984 2134 1008 ,
2163 941 2215 996 id
2244 948 2329 996 est
2349 985 2363 1008 ,
2388 941 2673 1007 lectiones,
2726 939 3068 1009 responsoria
3098 934 3148 1006 ιι,
3179 935 3398 1008 hymni,
3428 949 3540 989 vcr-

1956 1049 2076 1098 sus,
2106 1033 2187 1088 vel
2215 1031 2456 1097 cantica,
2483 1031 2622 1085 sicut
2645 1045 2804 1101 supra
2833 1031 3130 1085 taxavimus
3149 1069 3163 1094 ,
3194 1026 3536 1097 impleantur.

1957 1126 2036 1180 Ad
2082 1124 2490 1195 completorium
2539 1122 2554 1159 ι
2620 1138 2748 1177 vero
2794 1122 2954 1177 iidem
2999 1121 3187 1192 psalmi
3231 1128 3542 1190 repetantur

1957 1215 2242 1286 quotidie;
2278 1215 2329 1269 id
2361 1222 2473 1280 est,
2505 1223 2764 1284 quartus,
2807 1212 3184 1282 nonagesimus
3208 1251 3223 1276 ,
3267 1218 3321 1266 et
3360 1217 3543 1265 cente-

1960 1311 2128 1365 simus
2159 1308 2467 1379 trigesimus
2515 1305 2721 1363 tertius.

2034 1401 2303 1472 Disposito
2331 1399 2522 1456 ordine
2548 1397 2862 1470 psalmodite
2887 1397 3115 1464 diurnae,
3140 1395 3332 1466 reliqui
3359 1409 3548 1451 omnes

1964 1495 2153 1566 psalmi
2173 1495 2265 1565 qui
2287 1501 2569 1562 supersunt
2597 1534 2611 1556 ,
2636 1490 2916 1560 aequaliter
2940 1488 3245 1543 dividantur
3266 1488 3317 1542 in
3343 1495 3548 1557 septem

1964 1587 2206 1642 noctium
2235 1585 2468 1657 vigilias,
2495 1583 2774 1655 partiendo
2799 1583 3002 1637 scilicet
3026 1582 3112 1652 qui
3143 1581 3282 1638 inter
3309 1594 3401 1636 eos
3430 1595 3550 1650 pro-

1964 1680 2182 1736 lixiores
2209 1688 2331 1734 sunt
2359 1676 2586 1749 psalmi,
2615 1685 2672 1731 et
2695 1675 2978 1731 duodecim
3005 1689 3100 1744 per
3124 1685 3551 1743 unamquamque

1964 1772 2353 1828 constituantur
2373 1781 2414 1808 ω
2436 1779 2669 1826 noctem.
2701 1768 2812 1823 Hoc
2835 1767 3103 1837 praecipue
3123 1773 3548 1830 commonentes,

269 1873 338 1931 Et
384 1875 456 1928 ita
506 1873 712 1928 scilicet
757 1881 816 1926 ut
862 1886 1078 1940 semper
1110 1880 1134 1918 κ
1178 1869 1443 1925 dominica
1489 1885 1518 1923 a
1566 1867 1860 1923 centesimo
1896 1871 1940 1930 Β
1968 1873 2024 1918 ut
2049 1863 2091 1918 si
2120 1864 2206 1918 cui
2229 1870 2256 1897 ιι
2280 1861 2418 1916 [ιιι-ιθ
2449 1862 2562 1915 haec
2586 1859 2891 1915 distributio
2920 1860 3244 1928 psalmorum
3268 1853 3552 1924 diSplicue-

271 1973 463 2021 octavo
499 1964 710 2020 decimo
750 1963 1033 2032 incipiatur
1064 1959 1111 2014 δ.

350 2057 590 2126 Vespera
615 2065 795 2110 autem
820 2054 1058 2126 quotidie
1082 2062 1309 2124 quatuor
1333 2053 1656 2122 psalmorum
1680 2051 1863 2107 modu-

276 2149 479 2207 latione
515 2160 760 2205 canatur.
802 2149 902 2218 Qui
945 2147 1132 2219 psalmi
1166 2148 1486 2219 incipiantur
1515 2164 1544 2204 a
1575 2148 1865 2204 centesimo

274 2255 453 2308 nono,
500 2258 672 2311 ttsque
711 2243 779 2296 ad
819 2241 1170 2296 centesimum
1202 2241 1669 2311 quadragesimum
1699 2240 1866 2310 septi-

272 2347 422 2388 num
448 2348 464 2386 :
495 2333 736 2402 exceptis
771 2333 854 2386 his
886 2333 976 2402 qui
1006 2333 1056 2386 in
1087 2332 1316 2387 diversis
1357 2331 1507 2385 horis
1551 2344 1615 2385 ex
1656 2331 1737 2386 eis
1780 2345 1866 2384 se-

273 2432 663 2496 questrantur;
713 2423 762 2478 id
808 2432 890 2479 est
931 2439 960 2477 a
1003 2423 1303 2479 centesimo
1345 2416 1576 2492 septimo
1617 2421 1860 2486 decimo,

274 2529 444 2585 usque
472 2514 538 2569 ad
569 2515 923 2570 centesimum
956 2514 1268 2570 vicesimum
1302 2515 1588 2584 septimum
1611 2555 1625 2581 ,
1657 2522 1711 2568 et
1741 2528 1865 2568 cen-

275 2604 470 2660 tesimo
513 2605 788 2660 tricesimo
819 2605 979 2660 tertio
999 2647 1014 2671 ,
1048 2613 1104 2659 et
1131 2605 1428 2660 centesimo
1457 2602 1866 2673 quadragesimo

274 2693 533 2753 secundo.
575 2694 783 2764 Reliqui
815 2709 1003 2749 omnes
1034 2695 1084 2748 in
1116 2708 1338 2763 vespera
1369 2692 1582 2748 dicendi
1613 2701 1759 2747 sunt.
1801 2693 1867 2747 Et

277 2786 401 2855 quia
430 2785 608 2839 minus
638 2784 856 2839 veniunt
885 2795 994 2840 tres
1028 2784 1216 2854 psalmi
1241 2824 1257 2852 ,
1287 2783 1409 2839 ideo
1440 2782 1712 2838 dividendi
1741 2793 1865 2837 Sunt

278 2877 370 2947 qui
395 2876 448 2932 in
476 2891 699 2932 numero
729 2874 744 2914 ί
774 2874 1140 2946 suprascripto
1164 2873 1410 2930 fortiores
1435 2874 1448 2924 i
1483 2874 1861 2938 inveniuntur;

351 3040 380 3069 ι
419 3030 561 3155 libr.
587 3069 602 3096 ,
629 3039 922 3100 parttantur
951 3032 1004 3083 in
1035 3032 1180 3083 binos
1197 3045 1216 3094 ;
1247 3029 1318 3082 al.
1344 3070 1358 3095 ,
1391 3029 1679 3100 partiuntur
1709 3029 1762 3082 in
1793 3029 1867 3081 bi-

353 3120 377 3155 s
407 3120 435 3155 a
460 3117 621 3155 ortas.

283 3119 377 3157 uas
406 3117 621 3173 gtortas.

353 3171 381 3211 δ
424 3175 508 3227 ΔΙ.
530 3214 547 3241 ,
579 3182 625 3226 et
657 3171 728 3226 sic
757 3172 848 3241 fit;
879 3170 949 3224 al.
980 3211 994 3233 ,
1025 3180 1070 3241 et
1100 3170 1172 3222 sic
1200 3169 1288 3241 si..

357 3252 380 3281 °
419 3239 593 3298 Oxon.
613 3282 628 3307 ,
658 3239 808 3296 Cass.
847 3243 912 3305 1.
946 3239 1118 3295 Paris.
1139 3279 1153 3302 ,
1186 3239 1484 3292 dominicas.

351 3309 382 3350 ‘l
418 3313 504 3368 Al.
529 3353 544 3379 ,
575 3329 736 3383 usque
763 3313 1054 3368 dominica;
1083 3309 1152 3362 al.
1175 3350 1189 3374 ,
1221 3324 1379 3378 usque
1407 3309 1738 3362 dominicam.

356 3391 381 3451 ξ
422 3383 590 3437 Narb.
611 3427 626 3451 ,
659 3384 830 3436 iidem.

360 3449 380 3488 ί
424 3452 571 3506 Flor.
598 3449 620 3519 ,I
646 3453 1024 3514 dispositionem
1054 3451 1354 3516 uniformem
1378 3489 1392 3504 .
1413 3489 1427 3504 .
1452 3489 1465 3502 .
1487 3492 1500 3504 .
1521 3467 1542 3502 s
1576 3461 1788 3502 rvatam.

358 3523 596 3590 tvaon.
615 3562 631 3588 ,
662 3522 815 3576 Cass.
835 3562 850 3587 ,
881 3521 1082 3575 Concb.
1101 3560 1118 3586 ,
1148 3536 1363 3589 semper.

360 3591 386 3626 ⁸³
427 3593 600 3647 Oxon.
617 3631 632 3653 ,
663 3592 948 3661 incipietnr.

365 3664 386 3698 ι
428 3664 511 3717 Al.
531 3701 546 3728 ,
577 3678 641 3717 ea:
667 3677 898 3715 numero.

362 3743 375 3780 l
425 3732 599 3788 Oxon.
619 3773 636 3800 ,
666 3733 906 3801 potiores.

1973 1955 2077 2021 rit,
2111 1954 2360 2020 ordinet,
2393 1955 2436 2007 si
2472 1953 2660 2007 melius
2689 1951 2844 2006 aliter
2883 1948 3242 2020 iudicaverit:
3286 1949 3410 2002 dum
3441 1945 3554 2001 om'-

1976 2047 2207 2102 nimodis
2239 2046 2292 2101 id
2322 2045 2652 2109 attendatur,
2687 2054 2743 2099 ttt
2783 2045 2927 2099 omni
2973 2041 3308 2098 hehdomada
3350 2040 3555 2097 Psalte-

1975 2142 2116 2214 rium
2150 2155 2212 2193 ex
2248 2139 2480 2209 integro,
2509 2152 2737 2191 numero
2761 2144 2974 2191 centum
3005 2135 3385 2206 quinquaginta
3419 2131 3552 2201 psal-

1973 2249 2180 2287 morum
2213 2233 2375 2303 319
2413 2231 2688 2298 psallatur.
2731 2231 2794 2283 Et
2837 2228 3108 2283 dominico
3139 2227 3234 2284 .die
3277 2242 3489 2297 semper
3525 2242 3555 2281 a

1973 2326 2148 2394 capite
2177 2333 2452 2393 repetatur
2481 2331 2505 2359 ο
2533 2323 2598 2376 ad
2623 2323 2831 2393 vigilias
2857 2340 2869 2375 :
2901 2321 3026 2392 quia
3058 2322 3216 2376 nimis
3242 2321 3388 2376 iners
3411 2329 3438 2370 r
3459 2321 3555 2376 de-

1973 2415 2203 2469 thlIOIIIS
2232 2431 2345 2470 sum
2373 2415 2653 2469 servitium
2686 2414 2976 2468 ostendunt
3005 2413 3290 2480 monachi,
3321 2414 3410 2484 qui
3451 2413 3554 2468 mi-

1976 2521 2076 2561 nus
2122 2521 2149 2559 a
2201 2505 2468 2560 Psalterio
2509 2521 2630 2560 cum
2675 2507 2898 2559 canticis
2937 2506 3421 2561 consuetudinariis
3467 2510 3556 2574 per

1971 2598 2284 2668 septimanae
2329 2598 2588 2652 circulum
2631 2596 2908 2667 psallunt:
2950 2587 3070 2652 cum
3113 2596 3351 2668 legamus
3379 2607 3408 2648 ιι
3439 2611 3558 2652 san-

1973 2699 2087 2745 ctos
2120 2689 2304 2743 Patres
2338 2698 2550 2743 nostros
2584 2698 2604 2726 τ
2639 2704 2745 2744 uno
2775 2689 2859 2743 die
2890 2691 2994 2744 hoc
3023 2697 3239 2745 strenue
3271 2689 3521 2760 implesse
3543 2730 3558 2754 ,

1977 2781 2116 2851 quod
2149 2798 2246 2836 nos
2276 2781 2442 2851 tepidi
2477 2791 2495 2815 ε
2534 2782 2734 2836 utinam
2766 2782 3064 2853 septimana
3105 2785 3307 2854 integra
3353 2783 3558 2854 persol-

1975 2887 2179 2927 vamus.

2052 3027 2078 3097 ξε
2120 3027 2263 3084 Flor.
2285 3071 2298 3094 ,
2338 3043 2667 3094 responsum,
2700 3027 2950 3097 hymnus,
2986 3043 3157 3083 versus
3185 3028 3262 3082 t'el
3285 3030 3557 3084 canticum.

2055 3095 2072 3134 ι
2117 3098 2265 3170 Flor.
2283 3139 2298 3164 ,
2327 3098 2710 3170 cgnpletorios',
2731 3095 2792 3170 iet
2822 3099 2890 3151 ita
2917 3099 3246 3170 antiquiores
3274 3099 3423 3154 Cass.

2048 3177 2087 3205 ω
2118 3169 2291 3224 Oxon.
2311 3210 2324 3234 ,
2361 3167 2506 3223 Flor.
2529 3208 2542 3231 ,
2577 3168 2907 3222 constituens.

2054 3247 2077 3273 "
2117 3241 2233 3305 Al.,
2261 3244 2304 3294 si
2334 3240 2436 3293 cui.

2115 3308 2257 3380 Ijild.
2277 3352 2292 3376 ,
2319 3320 2630 3378 repetantur.
2667 3311 2810 3365 Flor.
2832 3353 2848 3376 ,
2877 3309 3236 3380 reprendatur.

2049 3392 2076 3430 P
2117 3379 2256 3434 Flor.
2283 3421 2298 3445 ,
2327 3382 2558 3434 inertem.

2049 3461 2075 3500 (ι
2121 3452 2200 3504 Al.
2219 3491 2233 3514 ,
2255 3453 2375 3504 dum
2395 3453 2654 3522 legamus;
2678 3451 2747 3504 al.
2769 3495 2781 3514 ,
2805 3452 2926 3521 quia
2951 3452 3201 3520 legimus;
3224 3451 3294 3506 aI.
3313 3489 3329 3516 ,
3355 3451 3557 3520 quando

1976 3523 2241 3644 iegantus;
2267 3523 2337 3575 al.
2362 3563 2377 3589 ,
2411 3527 2532 3575 dum
2561 3522 2768 3592 quando
2799 3525 3059 3594 legamus;
3087 3523 3158 3575 al.
3179 3563 3194 3588 ,
3227 3522 3350 3575 dum
3377 3525 3556 3592 quanti

1999 3607 2211 3644 animus.

1999 3607 2211 3645 eatmus.

2025 3611 2211 3663 gamus.

2052 3672 2073 3699 "
2113 3661 2273 3717 Deest
2301 3662 2353 3714 iu
2389 3661 2562 3728 IIiltl.,
2595 3672 2810 3717 nostros.

2051 3741 2073 3766 '
2117 3733 2273 3787 Deest
2307 3733 2358 3786 in
2389 3737 2559 3786 Oxon.
2582 3773 2596 3798 ,
2627 3735 2761 3801 quod
2788 3750 2880 3786 nos
2907 3733 3082 3797 tepidi.

291 3869 3160 3900 —_-———-————_—_'—_—_—————_———_———

1587 3957 2230 4024 COMMENTARIUS.

371 4083 434 4139 In
464 4085 642 4149 primis
674 4099 873 4151 semper
903 4084 1102 4136 diurnis
1134 4083 1270 4134 horis
1300 4083 1500 4134 dicatur
1528 4096 1703 4134 versus
1737 4079 1872 4133 Deus

291 4159 348 4228 in
387 4155 737 4228 ndjutorium,
781 4162 885 4207 etc.
913 4153 929 4224 ]
972 4154 1182 4228 Ab_hoc
1213 4151 1478 4228 versiculp
1507 4167 1694 4228 omnes
1714 4191 1728 4214 ,
1761 4153 1874 4228 sive

293 4221 542 4288 diurnas,
575 4224 689 4278 sive
725 4221 1015 4278 nocturnas
1058 4223 1216 4276 horas
1257 4222 1311 4277 S.
1350 4221 1409 4276 P.
1445 4222 1756 4274 Benedictus
1800 4223 1875 4275 in-

297 4298 470 4364 cipit;
512 4310 632 4349 cum
680 4303 858 4348 tamen
905 4293 1120 4359 clerici,
1167 4294 1240 4345 uti
1283 4291 1530 4364 observat
1581 4291 1868 4364 Boherius,

296 4361 468 4422 tribus
498 4366 672 4420 modis
703 4365 862 4418 horas
890 4380 1014 4419 suas
1054 4364 1262 4418 soleant
1302 4361 1571 4430 incipere;
1617 4361 1774 4429 idque
1817 4373 1874 4416 ut

296 4437 491 4506 triplici
523 4435 663 4503 quod
696 4437 852 4504 vulgo
883 4435 1237 4488 committitur
1263 4441 1577 4506 occurratur
1604 4443 1866 4506 peccato;

295 4502 490 4575 nempe
520 4502 724 4574 vigilias
755 4502 1043 4559 nocturnas
1067 4520 1097 4557 a
1129 4518 1283 4557 versu
1315 4504 1562 4561 Domine.
1593 4502 1728 4555 labia
1755 4519 1868 4556 mea

297 4581 494 4645 aperias
525 4586 710 4631 contra
753 4587 966 4645 peccata
1007 4577 1154 4635 oris;
1198 4575 1602 4642 completorium
1643 4589 1670 4645 a
1713 4588 1868 4627 versu

297 4644 544 4702 Converte
572 4663 663 4699 nos
691 4644 874 4700 contra
904 4654 1117 4714 peccata
1144 4645 1321 4700 cordis
1347 4662 1360 4705 ;
1394 4645 1623 4711 reliquas
1655 4644 1812 4698 horas
1838 4659 1866 4696 a

297 4734 455 4773 versu
487 4717 646 4779 Deus,
674 4717 729 4769 in
754 4718 1069 4786 adjutoriunt
1101 4726 1284 4770 contra
1315 4727 1530 4784 peccata
1562 4717 1760 4786 operis.

370 4787 552 4842 Prima
608 4788 736 4840 hora
786 4784 1042 4841 dominica
1093 4787 1309 4841 dicenda
1358 4796 1578 4852 quatuor
1646 4784 1875 4849 capitula

300 4859 486 4928 psalmi
531 4858 790 4911 centesimi
833 4859 996 4911 octavi
1042 4856 1290 4927 decimi}
1332 4857 1647 4910 Octonarios
1688 4855 1872 4928 psalmi

299 4927 462 4984 vant
483 4928 541 4984 S.
567 4929 881 4983 Benedictus
895 4929 1116 4999 capitula
1139 4931 1398 4998 appellat;
1419 4927 1724 4999 Cassianus,
1754 4927 1874 4999 Lall,

299 5016 350 5054 c.
389 5000 476 5063 11,
516 5000 860 5053 intercisiones
884 5019 898 5062 ;
925 4996 1242 5064 Amalarius,
1281 4999 1315 5052 Ι.
1348 5013 1402 5052 ιν
1441 5002 1509 5051 de
1553 4998 1694 5050 Eccl.
1733 4996 1836 5050 Oli".
1861 5037 1874 5060 ,

297 5085 350 5124 c.
378 5071 446 5132 2,
475 5070 831 5139 repetitiones;
859 5070 1046 5125 l’ett-us
1075 5071 1336 5134 Damiani,
1365 5083 1552 5136 opusc.
1588 5071 1641 5132 Ι,
1671 5083 1790 5136 cap.
1822 5069 1878 5132 5,

300 5141 594 5194 incisiones.
638 5139 769 5194 lluic
807 5143 1013 5209 psalmo
1051 5141 1315 5194 dominica
1361 5141 1424 5192 ad
1468 5141 1687 5209 primam
1727 5144 1881 5207 Sym-

300 5212 482 5264 bolum
523 5211 580 5265 S.
617 5210 888 5264 Athanasii
921 5213 1075 5280 Vulgo
1115 5212 1434 5278 appellatum
1460 5249 1474 5272 ,
1517 5209 1658 5278 quod
1708 5210 1878 5263 Euse-

303 5281 390 5335 bio
421 5280 741 5336 Verecllensi
772 5282 1008 5335 nonnulli
1038 5283 1343 5345 ascribunt,
1374 5281 1693 5347 adjicimus;
1727 5281 1816 5332 illu
1840 5283 1881 5328 l-

301 5367 407 5421 que
434 5351 670 5419 qtt0tidie
697 5355 924 5405 recitant
949 5353 1190 5406 monachi
1219 5351 1630 5405 Carthusienses
1653 5367 1714 5404 ex
1742 5365 1878 5403 nova

303 5422 623 5477 collectione
656 5424 936 5488 Statutor.,
973 5431 1107 5491 part.
1142 5439 1188 5486 ι,
1221 5437 1342 5491 cap.
1377 5423 1465 5484 l5,
1502 5437 1556 5474 n.
1592 5421 1694 5486 12;
1728 5421 1881 5474 olim-

302 5508 406 5562 que
437 5492 488 5545 in
519 5493 785 5562 aliquibus
805 5495 1048 5548 ecclesiis
1076 5494 1299 5563 SiIIgUIlS
1326 5491 1514 5545 diebus
1543 5493 1876 5556 cantabatur,

299 5579 363 5618 ex
411 5563 644 5618 llonorio
674 5564 991 5631 Augustam,
1023 5565 1059 5618 l.
1094 5580 1130 5618 ll
1157 5566 1222 5618 de
1253 5565 1474 5618 Gemma
1497 5564 1687 5616 animae
1708 5602 1722 5625 ,
1755 5576 1874 5631 cap.

301 5634 392 5688 59.
423 5632 496 5688 De
521 5635 623 5687 hoc
644 5634 900 5703 Symbolo
929 5635 1050 5688 vide
1077 5650 1191 5704 qua»
1222 5634 1451 5688 diximus
1483 5631 1534 5685 in
1564 5631 1602 5685 l.
1632 5649 1646 5685 t
1677 5633 1744 5687 de
1770 5634 1875 5688 An-

301 5706 460 5773 tiquis
491 5707 870 5758 monachorum
903 5705 1106 5759 llitibus
1126 5745 1138 5766 .
1171 5719 1292 5772 cap.
1321 5705 1377 5757 4.

373 5777 452 5827 Ad
481 5777 694 5841 primam
723 5787 893 5830 autem
919 5777 1153 5830 secunda:
1178 5777 1319 5844 feria:
1341 5775 1578 5829 dicantur
1608 5783 1704 5826 tres
1735 5789 1873 5839 pta.-

301 5848 390 5912 tui,
415 5847 468 5899 id
494 5857 563 5900 est
589 5849 805 5911 primus,
836 5847 1084 5902 secandus
1113 5856 1158 5900 et
1189 5846 1412 5912 sextum}
1435 5865 1452 5899 ι
1481 5847 1652 5904 Prima
1687 5861 1870 5916 multa,

1980 4084 2241 4160 chorum,
2276 4083 2446 4160 inquit
2479 4086 2669 4160 Petrus
2705 4086 2956 4160 Damiani
2980 4087 3197 4156 (Opusc.
3229 4091 3312 4157 10,
3339 4108 3453 4159 cap.
3478 4092 3557 4160 3),

1981 4153 2528 4228 prm_ter_domin_icam
2561 4157 2702 4228 diem
2735 4153 3115 4228 convenienter
3142 4174 3171 4212 a
3203 4153 3376 4228 capite
3403 4153 3553 4214 me:

1981 4233 2065 4275 tur
2096 4222 2354 4302 inchoare
2390 4225 2630 4302 l'salterii
2654 4265 2669 4288 ,
2702 4235 2758 4278 ut
2797 4242 2923 4302 cunt
2965 4227 3084 4302 libri
3135 4222 3393 4301 principio
3435 4243 3558 4302 apte

1982 4293 2276 4368 concordet
2306 4293 2409 4368 diei
2443 4297 2955 4368 quoquenascentis
2984 4293 3152 4368 origo}
3180 4318 3199 4351 ι

2051 4361 2115 4414 Et
2144 4363 2219 4437 ita
2230 4380 2332 4437 per
2361 4361 2590 4434 singulos
2621 4365 2728 4419 dies
2757 4369 2823 4420 ad
2854 4361 3262 4437 primam'usque
3289 4371 3356 4423 ad
3386 4373 3525 4425 domi
3536 4402 3555 4414 -

1978 4434 2144 4515 nicum
2186 4434 2426 4488 dicantur
2472 4453 2561 4503 per
2604 4434 3011 4492 ordinem'terni
3058 4434 3273 4508 psalmi,
3307 4441 3459 4568 (ηαξ
3488 4445 3558 4496 [le

1978 4506 2222 4559 mSIituto
2251 4513 2361 4559 toto
2393 4509 2491 4560 hoc
2520 4511 2692 4568 cap‘te
2721 4523 2752 4561 a
2784 4511 2840 4561 S.
2875 4507 3164 4565 Benedicto
3191 4513 3381 4568 ordine
3411 4530 3441 4568 ο
3468 4530 3558 4568 ura

1977 4505 2365 4581 inSIittttototo
2393 4509 2491 4581 hoc
2520 4511 2692 4581 cap‘te
2721 4523 2752 4561 a
2784 4511 2840 4561 S.
2875 4505 3164 4565 Benedicto
3191 4513 3381 4568 ordine
3411 4505 3559 4581 plura

1979 4576 2516 4650 digessitAmalarius
2547 4579 2597 4650 iu
2627 4578 3036 4650 Supplementa,
3058 4589 3186 4635 tom.
3219 4582 3259 4637 ll
3292 4576 3559 4650 Analect.,

1979 4646 2118 4715 quod
2142 4649 2184 4701 si
2210 4648 2355 4701 Iubet
2383 4649 2622 4702 consule.
2649 4646 2824 4716 Quare
2845 4658 3025 4704 autem
3056 4652 3192 4707 adeo
3230 4646 3558 4710 celebratum

1900 4723 1950 4784 ι)
1977 4731 2014 4796 a.
2038 4718 2177 4796 _cler_i
2195 4717 2281 4796 ξε.
2298 4719 2760 4796 p_sa|mum_cxvut
2802 4719 2858 4774 S.
2901 4720 3060 4796 Pater
3084 4723 3154 4796 ad
3175 4725 3402 4796 primani
3430 4742 3563 4796 quo-
3634 4757 3638 4762 -

1981 4786 2106 4870 tidie
2130 4789 2587 4870 320-dccantari
2618 4806 2724 4844 non
2755 4793 3119 4870 praeceperit,
3143 4786 3239 4848 has
3269 4786 3564 4870 Hael'tettus

1980 4861 2220 4937 rationes
2260 4861 2373 4937 sive
2402 4861 2750 4937 conjecturas
2794 4862 2949 4937 allert
2983 4863 3012 4937 Δ(
3034 4861 3150 4918 Lib.
3183 4880 3289 4932 vu,
3323 4876 3470 4921 tract.
3505 4869 3559 4937 7,

1982 4928 2118 5009 disq.
2142 4928 2216 5009 5)
2242 4945 2252 4980 :
2284 4947 2302 4979 t
2329 4928 2526 5009 Prima,
2560 4932 2698 5009 quod
2729 4928 3148 5009 pulcherrimum
3188 4928 3474 5004 psalmum,
3507 4928 3564 4994 ut

1982 4999 2152 5068 pluris
2177 4999 2346 5066 lieret,
2373 4999 2598 5055 noluerit
2619 4999 2853 5077 quotidie
2879 5007 3065 5077 repeti,
3091 4999 3230 5062 sicut
3251 4999 3563 5077 pretiosiora

1981 5082 2310 5148 ornamenta
2343 5087 2444 5148 non
2480 5087 2747 5148 ponuntur
2790 5074 2841 5128 iu
2889 5075 3024 5148 dics.
3069 5074 3350 5148 Secunda,
3396 5083 3565 5133 vitare

1982 5141 2210 5220 voluerit
2255 5140 2420 5206 illud,
2466 5144 2700 5220 quodex
2742 5145 3058 5220 repetitione
3089 5140 3348 5220 subnasci'
3386 5159 3565 5218 pos~et

1987 5209 2287 5274 fastidium,
2340 5223 2394 5266 et
2443 5209 2694 5269 nonnulla
2739 5209 2883 5270 esset
2929 5217 3016 5270 hic
3057 5219 3298 5273 variatio.
3345 5209 3561 5278 Tertia.

1987 5281 2089 5352 hoc
2130 5291 2286 5351 pacto
2321 5282 2668 5352 psalmodiam
2703 5286 2887 5340 fecerit
2927 5285 3248 5346 breviorem.
3278 5310 3296 5343 ι
3331 5291 3452 5344 Fuit
3482 5288 3564 5344 tli~

1987 5350 2272 5432 hilominus
2303 5350 2582 5432 etiam__hic
2603 5357 2849 5432 psalmus
2873 5372 2904 5432 _a
2936 5362 3212 5432 monachis
3241 5360 3562 5432 celebratus.

1985 5430 2044 5476 ut
2067 5424 2247 5476 videre
2275 5433 2358 5478 est
2383 5427 2435 5478 in
2461 5425 2577 5479 Vita
2600 5427 2658 5482 S.
2689 5427 2957 5482 Benedicti
2981 5431 3332 5494 Anianeusis;
3363 5439 3420 5484 et
3441 5430 3541 5485 We

1985 5495 2096 5572 tino
2126 5497 2390 5572 monacho
2424 5497 2560 5572 inter
2589 5499 2689 5550 alia
2720 5500 2786 5552 ab
2808 5499 3012 5568 Angelo
3034 5499 3464 5568 commendatus,
3497 5517 3562 5556 ex

1984 5567 2101 5637 ejus
2132 5567 2355 5628 visione,
2391 5583 2443 5619 η.
2476 5567 2509 5621 4
2535 5612 2548 5637 ,
2581 5582 2706 5622 smc.
2740 5585 2812 5633 tv,
2849 5567 2984 5636 part.
3019 5585 3054 5622 ι.

2054 5634 2258 5705 Quique
2283 5639 2466 5705 psalmi
2494 5634 2699 5706 semper
2720 5634 2876 5706 usque
2901 5639 2969 5692 ad
2999 5639 3308 5694 dominicam
3340 5657 3428 5706 per
3454 5658 3539 5695 cas

1983 5704 2097 5779 dent
2132 5706 2286 5758 horas
2323 5708 2496 5779 itidem
2534 5704 2850 5777 repetantur,
2881 5709 3180 5777 hymnorum
3210 5704 3563 5779 nihilominus,

1980 5775 2281 5850 lectionum,
2317 5775 2665 5850 vel_versuum
2708 5780 2759 5830 di
2791 5775 3041 5847 posit—ioue
3080 5781 3326 5850 uniformi
3367 5775 3563 5838 cunctis

1979 5847 2149 5901 diebus
2179 5847 2420 5919 servium]
2449 5867 2465 5900 t
2491 5850 2753 5916 Quantum
2779 5851 2842 5905 ad
2866 5847 3364 5924 ttumerum,vittquit
3390 5853 3568 5913 Buba-
