4074 6356
470 1247 484 1257 ‘
516 1265 524 1287 ε
552 1235 682 1287 tione
706 1245 938 1286 canatur.

525 321 639 404 ἰιι

1899 345 1956 405 8.
2000 346 2058 403 Ρ.
2105 346 2461 405 BENEDICTI

3725 342 3856 400 47!

542 460 685 533 rius,
732 459 854 521 auia
902 468 1158 533 quantum
1196 457 1946 533 _ad__qual€=tatem“aliquoties
1997 459 2121 514 talia
2152 460 2202 521 Α
2227 461 2428 530 Spiritu
2466 464 2557 519 Dei
2589 477 2776 533 p.enus
2817 471 2954 523 erat.
3014 481 3032 508 ι
3082 462 3255 533 inquit
3284 463 3589 519 Bernardus
3632 461 3848 519 Cassi-

544 531 961 586 immutantur.i
1004 547 1022 581 ι
1049 529 1122 583 Ac
1166 529 1209 583 si
1253 529 1497 594 diceret,
1545 528 1690 582 addit
1748 531 1788 584 ll
1815 530 2120 593 ldemarns,

545 610 674 667 quot
726 601 994 667 psalmos,
1045 608 1174 668 quot
1225 599 1494 668 hymnos,
1539 608 1669 668 quot
1716 615 1942 665 versus,
1997 611 2128 668 quot

547 669 804 725 lectiones
834 672 884 724 in
918 687 1022 724 uno
1051 671 1137 724 die
1165 669 1284 723 dico
1304 711 1320 736 ,
1354 680 1426 722 tot
1459 671 1577 724 dico
1611 673 1662 723 in
1697 671 1821 724 alio.
1851 689 1868 723 ι
1905 671 1978 724 Ex
2006 672 2127 739 qni-

547 741 676 803 bus,
712 742 941 795 maxime
968 756 1032 794 ex
1062 740 1274 794 Boherii
1322 741 1627 794 testimonio
1647 781 1660 802 ,
1694 751 1922 810 apparet
1949 751 2119 794 muta-

550 819 634 865 tos
664 811 788 864 olim
829 812 893 864 ad
934 811 1166 865 minores
1204 811 1307 864 diei
1351 813 1510 864 horas
1563 814 1846 865 eanonieas
1901 813 2126 880 hymnos

547 896 645 950 pro
685 881 792 935 vari
817 891 939 935 'tate
980 891 1278 947 temporum
1319 897 1383 935 ac
1424 881 1712 941 festorum,
1750 882 1801 935 id
1846 883 1986 949 quod
2029 884 2126 935 ob-

547 961 759 1006 servant
786 954 944 1006 etiam
975 965 1114 1005 nunc
1139 950 1522 1006 Cistercienses
1554 953 1619 1006 ad
1655 953 1864 1007 tertiam
1891 961 1946 1005 et
1973 967 2122 1006 com-

548 1022 1048 1164 pletol-isumg‘tfste
1090 1022 1346 1077 cardinali
1390 1023 1532 1077 Bona
1566 1020 1682 1094 (De
1714 1021 1883 1076 Divin.
1921 1021 2124 1076 Psalm.

548 1107 665 1164 “P1
776 1135 790 1158 ι
949 1133 960 1146 ν
2005 1162 2010 1164 Α

547 1097 790 1158 cap.18,
825 1097 960 1158 ξι).

612 1095 853 1229 pl’eisgért?
872 1095 1038 1216 uirilem
1063 1164 1291 1233 quotidie
1315 1173 1534 1230 quatuor
1560 1164 1870 1228 psalmorum
1895 1162 2131 1216 modula-

964 1233 981 1305 ]
1015 1235 1065 1288 ld
1099 1247 1180 1288 est
1211 1234 1352 1287 dulci
1384 1235 1742 1287 decanlalione
1763 1274 1775 1296 ,
1807 1243 1863 1287 ut
1889 1233 2129 1305 loquitur

548 1303 809 1374 Bohi-rius
839 1322 850 1355 :
887 1303 1006 1358 nam
1052 1306 1345 1360 modulatio
1376 1314 1459 1358 cst
1486 1318 1674 1358 cantus
1710 1304 1976 1368 dull-cdo;
2010 1320 2128 1372 qua:

549 1373 760 1442 quidem
795 1375 1086 1429 modulatio
1117 1376 1274 1429 debet
1306 1375 1418 1429 fieri
1451 1375 1744 1428 secundum
1777 1385 1958 1428 tonum
1993 1390 2126 1444 prmo

523 1453 531 1504 ξ
559 1446 803 1513 inempta:
833 1446 1138 1514 antiphonre
1168 1456 1582 1513 competentem.

522 1515 524 1518 ’
625 1515 689 1567 Et
727 1516 850 1586 quia
893 1519 1057 1570 minus
1099 1518 1300 1570 veniunt
1343 1527 1442 1569 tres
1473 1514 1692 1586 psalmi,
1723 1515 1839 1568 ideo
1870 1515 2127 1586 dividendi

550 1596 689 1657 sunt,
711 1589 798 1656 qui
820 1589 871 1639 in
895 1603 1103 1640 numero
1124 1585 1479 1657 suprascripto
1495 1587 1729 1657 fortiores
1747 1585 2128 1657 inreniuntur.]

551 1653 620 1728 ζα
645 1653 1034 1728 est'longiorcs,
1059 1667 1148 1710 aut
1174 1653 1500 1728 prolixiores,
1532 1656 1609 1728 vel
1651 1656 1900 1728 majores,
1960 1653 2129 1726 inquii

552 1725 846 1784 Boherius.
862 1727 1008 1782 lianc
1033 1725 1190 1795 porro
1214 1728 1540 1796 psalmorum
1565 1725 1974 1781 dividendorum
1998 1725 2126 1784 cen-

553 1799 888 1852 suetudinem
915 1797 973 1852 8.
1009 1797 1325 1852 Benedictus
1351 1798 1418 1852 ab
1446 1796 1706 1867 Egyptiis
1735 1797 2013 1852 monachis
2040 1815 2126 1855 ac-

555 1869 732 1935 cepit,
776 1873 901 1938 qui,
948 1882 1003 1922 ut
1048 1870 1205 1924 refert
1245 1869 1479 1923 Cassiani
1504 1884 1528 1921 s
1557 1869 1573 1938 (
1604 1868 1712 1919 Lib.
1750 1883 1819 1930 Il,
1850 1884 1961 1938 cap.
2001 1869 2125 1939 ll),

555 1939 794 2002 psalmos
827 1957 848 1989 ι-
875 1953 970 2004 pro
1017 1956 1238 1994 numero
1287 1955 1533 1994 versuum
1581 1939 1785 1992 duabus
1831 1941 1914 1992 vel
1964 1941 2133 1996 tribus

557 2007 1026 2072 intercisionibus,
1069 2027 1187 2065 cum
1235 2012 1533 2064 orationum
1577 2009 1946 2076 intcrjectione
1996 2012 2134 2066 divi-

559 2093 650 2133 sos
680 2080 968 2134 distinctim
1001 2081 1461 2150 particulatimque
1492 2082 1952 2134 consummabant.
1983 2100 2002 2133 ι
2034 2083 2138 2137 llu—

567 2151 796 2220 jusmodi
828 2151 984 2206 etiam
1013 2153 1301 2204 d-visiones
1333 2151 1658 2220 prmscripsit
1688 2150 1972 2206 concilium
2003 2152 2135 2207 Nar-

598 2234 798 2294 ouense
827 2225 947 2275 anni
981 2222 1084 2277 589
1113 2221 1270 2294 (Con.
1293 2223 1381 2294 2).
1577 2291 1584 2294 _
1646 2292 1654 2294 _
2064 2257 2073 2268 .

631 2291 711 2344 Ad
739 2291 1130 2362 compleloriunt
1149 2309 1262 2346 vero
1292 2292 1443 2364 iidem
1473 2291 1655 2359 psalmi
1685 2302 1976 2364 repetuntur
2003 2311 2133 2364 quo-

560 2362 710 2427 tidie,
741 2365 792 2416 id
819 2373 890 2415 est
913 2375 1144 2434 quartus,
1174 2363 1554 2432 nonagesimus,
1585 2372 1632 2414 et
1657 2362 1958 2434 centesimus
1983 2362 2136 2434 trige-

561 2435 720 2486 simus
776 2430 1000 2504 artium]
1033 2433 1227 2504 Utpote
1259 2430 1517 2486 uncturno
1543 2433 1770 2500 tempori
1799 2434 1962 2503 magis
1989 2430 2137 2488 euin-

635 2513 828 2558 tentes.

563 2519 914 2642 Ρεῖἷὲἑΐιῖίὶιὶο
944 2573 1140 2628 Ordine
1166 2572 1466 2642 psalmodiw
1491 2574 1723 2636 diurna,
1755 2572 1939 2642 reliqui
1965 2590 2136 2630 omnes

567 2645 754 2711 psalmi
779 2685 794 2709 ,
839 2645 928 2714 qui
970 2655 1266 2713 supersunt,
1312 2644 1573 2712 arqualiter
1613 2645 1920 2697 dividantur.
1946 2682 1960 2696 .
1987 2682 2003 2697 .
2028 2685 2040 2698 .
2073 2647 2138 2700 Et

566 2715 833 2790 duodecim
879 2731 989 2790 ρενινΔ
1013 2732 1417 2790 unamquamque
1462 2715 1837 2790 constituantur
1882 2715 2136 2790 noctem]

567 2785 737 2853 Cujus
767 2785 992 2840 inStituti
1023 2789 1279 2840 rationem
1316 2786 1450 2840 hanc
1479 2785 1650 2839 reddit
1677 2785 1865 2839 Petrus
1897 2785 2132 2841 Damianl

568 2855 788 2927 (Opusc.
819 2856 883 2910 10
903 2902 916 2921 ,
941 2872 1052 2924 cap.
1091 2857 1180 2927 6):
1214 2876 1230 2908 ι
1257 2856 1516 2922 Quoniam
1549 2857 1614 2909 ad
1645 2857 1910 2910 continuae
1940 2859 2137 2927 oratio-

570 2925 655 2980 nis
698 2927 1001 2980 instantiam
1043 2925 1239 2981 excitat
1279 2941 1374 2980 nos
1415 2928 1720 2995 evangelica
1754 2928 1874 2979 tuba
1908 2925 2132 2981 dicens:

542 2995 703 3067 'Quia
749 3008 940 3068 oportet
983 3014 1178 3064 semper
1225 3013 1372 3050 orare
1416 3006 1460 3050 et
1501 3013 1759 3065 nunquam
1803 2996 2054 3064 deﬁxere;
2085 3012 2138 3052 et

565 3069 857 3135 Apostolus
884 3085 897 3122 :
932 3069 1058 3122 Sine
1083 3069 1454 3122 intermissione
1481 3075 1665 3130 orate;
1693 3079 1753 3120 ιιι-
1782 3068 1883 3120 hoc
1915 3082 2017 3120 non
2047 3083 2135 3121 so-

567 3141 674 3190 lum
717 3140 767 3191 in
810 3137 931 3204 die,
975 3139 1068 3192 sed
1106 3153 1159 3193 et
1201 3143 1252 3192 in
1296 3147 1449 3192 nocte
1482 3148 1804 3206 praeceptum
1834 3137 2136 3204 evangeliea

2232 535 2435 604 nensis.
2474 536 2537 587 Et
2567 545 2713 590 certe
2742 535 2784 588 si
2814 549 3064 604 magnum
3092 545 3176 604 est
3223 535 3274 588 in
3323 533 3378 589 8.
3434 534 3494 588 Ρ.
3529 533 3852 590 Benedicto

2235 603 2552 657 humilitatis
2597 605 2885 667 indicium,
2913 603 3064 674 quod
3095 603 3393 658 institutum
3425 619 3455 656 a
3485 619 3546 658 se
3573 604 3846 659 ordinem

2233 673 2390 746 aliter
2415 676 2687 742 permittat
2707 673 2953 742 disponi,
2976 690 3082 728 non
3110 675 3287 729 minus
3317 677 3581 746 superbia:
3605 675 3846 746 signum

2234 743 2286 797 id
2319 760 2642 812 praesumere
2677 763 2690 797 :
2721 745 2862 798 unde
2894 760 2992 800 nec
3012 746 3208 798 summi
3238 745 3521 814 pontifices
3543 743 3701 798 illum
3730 761 3848 798 un-

2232 829 2390 882 quam
2423 825 2627 869 mutare
2654 817 2976 881 voluerunt,
3024 817 3097 869 uti
3145 815 3394 870 observat
3427 814 3726 869 Walfridus
3785 816 3847 868 in

2235 883 2328 938 lib.
2366 885 2431 938 de
2459 885 2608 939 Eccl.
2638 886 2837 951 Rebus,
2872 892 2921 940 c.
2949 886 3037 939 23.
3069 884 3136 939 Et
3166 886 3292 954 quia
3331 886 3570 938 nonnulli
3603 885 3839 938 novita-

2233 961 2342 1025 tum
2374 965 2640 1010 amatores
2666 957 2714 1010 id
2742 957 3027 1025 aliquando
3053 963 3529 1024 praesumpserant,
3560 955 3613 1008 in
3645 955 3848 1008 conci-

2234 1023 2307 1078 lio
2337 1025 2660 1094 Aquisgran.
2692 1023 2844 1080 anno
2861 1027 2966 1083 802
2992 1023 3267 1081 celebrato
3295 1023 3553 1080 statutum
3577 1034 3691 1088 est,
3726 1045 3748 1076 ι
3783 1034 3844 1079 ut

2233 1094 2286 1149 in
2347 1099 2686 1152 monasteriis
2743 1099 2803 1152 8.
2855 1097 3126 1153 Benedicti
3177 1097 3429 1165 Regulam
3477 1096 3838 1150 servantibus

2233 1165 2470 1236 nflicium
2502 1166 2562 1222 8.
2589 1167 2860 1224 Benedicti
2895 1168 3132 1222 facerent
3174 1167 3311 1222 sicut
3349 1167 3546 1236 Regula
3579 1167 3770 1236 docet.
3816 1185 3836 1216 ι

2235 1235 2302 1306 Ει
2333 1237 2382 1290 in
2425 1237 2596 1292 altero
2633 1237 2758 1292 anni
2786 1239 2914 1304 817,
2965 1256 2983 1290 ι
3019 1248 3076 1293 ιιι
3102 1238 3334 1294 officium
3364 1234 3504 1306 quod
3536 1239 3588 1289 in
3621 1234 3842 1306 Regula

2233 1305 2292 1360 S.
2337 1306 2608 1362 Benedicti
2640 1309 2946 1364 continetur
2979 1310 3256 1364 celebrent
3284 1305 3554 1362 monachi.
3596 1325 3615 1357 ι
3663 1305 3839 1371 cuius

2233 1380 2417 1432 statuti
2461 1379 2787 1434 mentionem
2833 1378 2960 1433 facit
3006 1379 3312 1434 Chrunicon
3357 1379 3700 1433 Moisacense
3746 1377 3839 1431 bis

2146 1490 2148 1493 .
2235 1449 2411 1502 verbis
2437 1466 2451 1503 :
2486 1467 2504 1500 ι
2543 1453 2698 1504 Anno
2731 1449 2887 1504 tertio
2912 1449 3165 1504 Ludovici
3197 1448 3392 1504 factum
3421 1458 3503 1502 est
3533 1446 3837 1501 concilium

2234 1533 2482 1587 magnum
2509 1520 2828 1590 Aquisgrani
2843 1521 2892 1574 in
2908 1535 3092 1575 mense
3112 1521 3378 1588 Augusto;
3412 1527 3474 1590 et
3496 1533 3562 1590 pr
3580 1525 3837 1586 inceptum

2232 1601 2334 1652 est,
2371 1600 2424 1642 ιιι
2464 1588 2710 1646 monachi
2733 1605 2919 1644 omnes
2938 1605 3153 1645 cursum
3178 1593 3234 1645 8.
3254 1588 3521 1643 Benedicti
3545 1597 3839 1642 cantarent

2232 1660 2422 1714 ordine
2469 1661 2720 1731 regulari.
2761 1679 2781 1713 ι
2827 1661 2930 1716 Sed
2961 1669 3015 1716 et
3042 1661 3237 1715 Paulus
3271 1659 3336 1725 V,
3371 1659 3611 1731 pontifex;
3659 1658 3838 1731 maxi-

2233 1744 2373 1800 mas,
2411 1732 2500 1800 qui
2533 1729 2716 1786 nostra
2745 1740 2903 1786 astate
2931 1731 3256 1786 breviarium
3300 1745 3393 1796 pro
3434 1729 3696 1783 omnibus
3728 1729 3840 1800 sub

2159 1823 2205 1884 Β
2233 1799 2520 1884 llegltlaﬁ.
2628 1801 2900 1884 Benedicti
2927 1801 3279 1884 militantibus
3300 1801 3550 1881 instituit,
3575 1799 3835 1884 eamdem

2238 1869 2483 1926 Psal‘terii
2521 1872 2927 1942 dispositionem
2960 1873 3219 1927 illibatam
3265 1871 3466 1942 servari
3512 1870 3728 1942 voluit}
3780 1878 3838 1921 υι

2235 1942 2426 2012 merito
2447 1957 2542 1998 eos
2569 1938 2810 2012 increpet
2841 1942 3198 2007 Hildemarus,
3231 1943 3318 2010 qui
3342 1941 3645 1995 ordinatam
3669 1938 3837 2009 322

2236 2025 2270 2066 a
2293 2010 2350 2066 S.
2377 2013 2533 2070 Patre
2559 2010 2882 2082 psalmorum
2904 2013 3544 2083 dispositionemmutare
3567 2024 3840 2083 praesum-

2237 2093 2486 2153 pserant;
2517 2080 2619 2153 qua
2647 2084 2715 2139 de
2760 2100 2818 2140 re
2847 2080 3007 2139 etiam
3051 2085 3292 2153 queritur
3319 2081 3616 2136 Walfridus
3650 2081 3708 2134 in
3736 2080 3833 2135 lib.

2237 2151 2547 2224 deficcles.
2569 2154 2680 2210 Bcb
2712 2199 2726 2220 ,
2754 2169 2804 2210 c.
2835 2155 2929 2224 25,
2956 2151 3200 2224 quamvis
3222 2153 3373 2224 pauci
3399 2159 3626 2224 tantum
3642 2165 3838 2224 mona-

2236 2222 2322 2277 chi
2342 2265 2356 2288 ,
2385 2236 2440 2278 et
2471 2240 2576 2279 non
2613 2240 2800 2279 omnes
2833 2221 3132 2280 Romanum
3159 2223 3524 2292 suscepissent
3563 2221 3835 2286 officium,

2238 2303 2295 2347 ut
2325 2305 2536 2350 constat
2557 2311 2621 2350 ex
2651 2296 3032 2366 Supplemento
3057 2295 3312 2366 Amalarii
3334 2335 3348 2359 ,
3380 2292 3630 2366 ejusdem
3653 2293 3837 2366 astatis

2237 2366 2541 2433 scriptoris,
2569 2367 2661 2436 qui
2695 2362 3080 2421 monachorum
3107 2365 3282 2436 officia
3313 2379 3342 2436 a
3373 2362 3724 2436 clericalibus
3753 2362 3836 2416 di-

2237 2432 2396 2489 versa
2419 2447 2529 2490 tum
2554 2432 2715 2490 fuisse
2736 2445 2980 2490 testatur.
3012 2437 3127 2491 Vid.
3152 2433 3351 2489 Bened.
3386 2432 3633 2487 llaeftcni
3665 2434 3708 2486 Ι.
3739 2447 3833 2497 vn,

2243 2514 2398 2560 tract.
2430 2508 2485 2574 5,
2517 2507 2656 2576 disq.
2688 2507 2722 2561 4
2752 2518 2807 2561 et
2829 2509 2880 2562 5.
2906 2507 3175 2562 Caeterum
3203 2506 3430 2560 observo
3446 2503 3539 2576 hic
3553 2517 3689 2576 cum
3722 2501 3834 2576 ιιιιτ

2239 2572 2477 2647 ἀθιιιιιιισ
2535 2586 2590 2632 et
2623 2572 2973 2647 'quibusdam
3043 2577 3162 2632 aliis
3210 2576 3376 2630 verba
3440 2573 3500 2629 8.
3552 2572 3834 2628 Benedicti

2239 2646 2408 2717 solam
2433 2646 2760 2716 psalmorum
2797 2648 3207 2717 dispositionem
3239 2655 3455 2715 tangere
3474 2685 3491 2711 ,
3513 2658 3623 2700 non
3645 2655 3830 2699 autem

2242 2715 2588 2786 bymnOrum,
2616 2715 2898 2785 versuum,
2923 2719 3233 2785 lectionum,
3263 2725 3369 2772 etc.

2317 2785 2450 2839 Dum
2479 2789 2782 2842 omnimodis
2808 2789 2862 2841 id
2878 2784 3184 2842 attendatur
3199 2784 3225 2854 ,⁷
3257 2794 3312 2840 ut
3343 2785 3484 2839 omni
3507 2784 3830 2838 hebdomade

2242 2855 2551 2911 Psalterium
2593 2874 2657 2912 ea:
2702 2860 2897 2929 integro
2937 2874 3155 2929 numero
3201 2867 3400 2929 centum
3431 2856 3828 2929 quinquaginta

2242 2930 2553 3000 psalmorum
2577 2923 2873 3000 paul/alui]
2905 2928 3064 3000 Notat
3092 2929 3177 3000 hic
3206 2925 3514 3000 Bernardus
3542 2923 3826 3000 Cassinen-

2241 2993 2316 3052 sis
2341 3007 2394 3052 et
2423 3008 2540 3067 post
2573 2993 2696 3053 eum
2726 2993 2986 3053 Bohérius
3020 2999 3078 3054 S.
3113 2997 3171 3051 P.
3205 2996 3550 3051 Benedictum
3584 2993 3825 3067 absolute

2253 3083 2357 3121 non
2386 3064 2803 3136 prze~ct'i.isisse,
2840 3077 2896 3122 ιιι
2925 3067 3244 3123 Psalterium
3272 3067 3538 3136 integrum
3558 3104 3576 3128 ,
3615 3064 3717 3117 hoc
3747 3074 3826 3136 est

2246 3146 2302 3191 ut
2330 3133 2552 3206 quilibet
2593 3133 2828 3206 psalmus
2864 3139 3010 3193 omni
3043 3133 3703 3204 hebdomada'psallatur;
3735 3133 3824 3188 sed

568 3208 785 3276 impleat
827 3197 1103 3280 disciplina
1127 3252 1139 3273 ,
1174 3197 1580 3278 diligentissime
1612 3197 1946 3280 procuratum
1972 3197 2135 3279 321
2165 3197 2212 3259 C
2243 3197 2532 3271 addidisse,
2584 3197 2666 3262 Ea:
2698 3210 2914 3280 integro
2959 3224 3168 3261 numero
3212 3197 3422 3280 centum-
3456 3197 3826 3280 quinquaginta

569 3291 684 3340 est,
730 3289 787 3333 ut
825 3279 1084 3334 duodenis
1125 3281 1340 3346 psalmis
1383 3287 1658 3332 tmeturnte
1705 3279 1897 3345 vigilia:
1945 3285 2136 3332 transi-

569 3360 776 3419 gantur.
824 3351 1022 3404 Durum
1053 3351 1248 3417 quippe
1279 3351 1343 3401 fui
1365 3359 1444 3402 rat
1467 3388 1484 3415 ,
1517 3357 1573 3401 ut
1601 3349 1816 3417 aigmti,
1849 3347 1962 3402 sive
2002 3362 2134 3419 pra:-

568 3418 795 3487 gnantes
817 3461 830 3478 .
863 3437 926 3474 ac
955 3421 1205 3490 quaelibet
1236 3428 1454 3472 :etatum
1495 3433 1786 3472 sexuumve
1815 3418 2099 3472 diversitas
2118 3460 2133 3484 ,

568 3492 706 3544 sicut
736 3491 788 3544 in
819 3491 936 3549 die.
974 3489 1078 3558 per
1124 3503 1383 3544 nocturna
1423 3504 1635 3557 quoque
1680 3489 1929 3542 horarum
1972 3490 2111 3542 inter

548 3553 702 3613 ‘ralta
731 3553 1072 3628 conuii-geret
1098 3603 1112 3622 ,
1142 3571 1300 3628 atque
1330 3561 1395 3613 ad
1425 3553 1701 3612 ecclesiam
1735 3559 2033 3613 festinaret.
2073 3559 2138 3615 Ut

568 3645 695 3700 ergo
729 3631 966 3684 laborem
999 3631 1243 3684 ecclesia:
1283 3631 1534 3700 magistra
1575 3629 1826 3683 discretio
1867 3639 2133 3698 tempera-

569 3716 646 3753 ret
673 3743 687 3765 ,
722 3701 1045 3767 exquisitum
1075 3711 1234 3769 atque
1264 3701 1471 3754 altioris
1497 3701 1704 3754 consilii
1736 3700 2135 3767 di~pens:itione

569 3780 857 3835 statutum,
891 3783 945 3824 ut
969 3771 1117 3840 juxta
1146 3782 1522 3826 nocturnarum
1555 3774 1802 3824 horarum
1833 3785 2132 3835 numerum,

569 3841 916 3894 nihilominus
963 3841 1028 3894 ad
1075 3842 1279 3911 vigilias
1325 3842 1602 3895 duodenos
1648 3843 1960 3897 decurreret
2004 3842 2137 3897 ordo

569 3913 938 3978 psalmormn;
973 3921 1029 3965 ut
1059 3913 1449 3981 quodammodo
1498 3923 1606 3965 tuta
1647 3929 1750 3966 nox
1798 3914 1847 3965 iu
1894 3913 2137 3968 oratione

569 3981 838 4036 vtderetur
889 3997 1164 4050 expensa,
1211 3984 1335 4036 dum
1384 3984 1602 4036 totidem
1654 3983 1890 4048 psalmos
1933 3985 2138 4039 orando

568 4055 890 4120 persolveret
916 4094 933 4116 ,
962 4064 1090 4122 quot
1121 4053 1364 4107 videlicet
1395 4054 1537 4107 ltori.
1569 4065 1622 4106 et
1653 4052 1762 4120 ipsa
1795 4063 2083 4108 constaret.
2113 4073 2130 4104 ι

636 4125 793 4177 Notat
825 4139 982 4191 porro
1016 4123 1348 4179 llildemarus
1378 4124 1636 4193 quosdam
1668 4137 1701 4175 ο
1723 4122 1792 4176 im
1820 4166 1834 4185 ,
1866 4123 2022 4191 hujus
2049 4140 2138 4178 oc-

567 4194 778 4248 casione
809 4203 980 4249 textus
1011 4211 1024 4246 :
1060 4194 1337 4248 Duodecim
1388 4195 1570 4259 psalmi
1616 4210 1704 4259 per
1736 4210 2140 4264 unamquamque

566 4267 936 4318 constituantur
967 4275 1197 4328 noctem,
1244 4267 1424 4333 aliquo
1470 4275 1868 4332 prteoccupatos
1912 4266 2135 4333 impedi-

565 4347 769 4403 mento,
803 4352 854 4388 v.
885 4352 935 4404 g.
963 4338 1252 4389 existentes
1281 4336 1332 4388 in
1369 4335 1472 4398 via,
1508 4335 1612 4388 ilis
1643 4334 1695 4387 in
1731 4335 1918 4402 vigiliis
1946 4336 2140 4404 quibus

567 4406 880 4474 prolixiores
925 4417 1206 4458 occurrunt
1239 4407 1424 4471 psalmi
1453 4448 1466 4466 ,
1521 4405 1616 4456 hos
1649 4406 1697 4456 in
1728 4405 1996 4458 breviores
2026 4421 2140 4460 mu-

567 4473 679 4530 tare
695 4476 948 4539 voluisse,
975 4475 1221 4540 dicendo,
1241 4490 1290 4526 ν.
1308 4491 1382 4542 g.,
1401 4476 1632 4542 psalmos
1655 4473 1952 4539 graduales,
1977 4476 2136 4530 etiam

2239 3280 2588 3346 psalmorum:
2620 3279 2742 3348 quia
2769 3275 2985 3348 propter
3004 3288 3349 3348 occurrentes
3372 3276 3695 3348 festivitates
3724 3275 3824 3328 ali-

2237 3345 2325 3416 qui
2357 3359 2482 3403 sunt
2526 3345 2714 3418 psalmi
2742 3345 2831 3418 qui
2865 3345 2960 3420 per
2991 3347 3387 3404 hebdomadam
3411 3345 3690 3400 deeantari
3726 3361 3823 3398 non

2239 3429 2483 3489 possunt,
2512 3420 2636 3474 licet
2677 3435 2711 3473 a
2747 3435 2972 3474 numero
3002 3420 3336 3489 psalmorum
3375 3431 3650 3489 nunquam
3670 3430 3824 3489 rece-

2237 3487 2470 3544 dendum
2502 3493 2590 3544 sit.
2622 3490 2697 3544 lta
2727 3489 2804 3544 illi
2833 3490 2900 3544 ad
2922 3486 3076 3545 suum
3103 3490 3454 3559 prepositum.
3481 3486 3821 3559 Sedjbrevius

2238 3570 2292 3613 et
2317 3560 2525 3615 facilius
2549 3561 2750 3615 dixisse
2774 3561 3073 3629 potuissent
3098 3556 3116 3624 ζ
3157 3559 3296 3614 istud
3323 3559 3382 3612 8.
3427 3556 3704 3629 Benedicti
3735 3558 3824 3610 de-

2238 3638 2445 3684 cretum
2477 3631 2545 3686 de
2574 3627 2838 3685 Psalterio
2880 3629 3308 3686 hebdomadatim
3346 3629 3628 3684 recitando
3659 3627 3824 3696 hypo-

2241 3702 2436 3756 thetice
2457 3715 2578 3756 esse
2609 3697 3032 3769 intelligendum,
3061 3702 3236 3768 posito
3256 3700 3463 3754 acilii-et
3484 3697 3633 3766 quod
3663 3696 3816 3764 festa,

2238 3785 2357 3838 qua:
2384 3770 2500 3841 ejus
2517 3780 2758 3837 tempore
2779 3787 2883 3825 non
2906 3771 2975 3825 ita
2993 3771 3296 3840 frequenter
3317 3769 3691 3833 occurrebant,
3721 3783 3820 3820 non

2239 3840 2490 3896 eveniant
2523 3860 2534 3894 :
2566 3841 2707 3908 quod
2751 3852 2928 3896 autem
2973 3840 3209 3907 adjecit,
3268 3856 3330 3894 ex
3369 3842 3570 3907 integro
3619 3853 3822 3891 numero

2239 3922 2440 3966 centum
2470 3914 2840 3982 quinquaginta
2885 3913 3218 3983 psalmorum,
3242 3912 3355 3983 alio
3385 3910 3660 3983 respicere
3687 3909 3822 3962 vide

2241 3993 2346 4048 tur,
2380 3979 2817 4053 psalmorum—que
2843 3979 3122 4038 numerum
3149 3982 3327 4035 dedita
3351 3995 3513 4049 opera
3543 3979 3822 4053 designas-

2240 4067 2320 4118 se,
2343 4048 2418 4135 ne
2448 4054 2568 4135 quis
2595 4048 3004 4135 supposititios‘,
3036 4053 3370 4135 peregrin-os,
3394 4048 3457 4135 et
3485 4048 3820 4135 apocryphqs

2243 4120 2477 4193 psalmos
2499 4120 2848 4193 interjiceret,
2869 4124 3016 4193 juxta
3039 4122 3254 4176 concilii
3273 4120 3570 4193 Laudiceni
3585 4133 3712 4193 can.
3736 4120 3818 4180 59.

2244 4190 2368 4266 Non
2415 4205 2608 4266 oportet
2640 4190 2881 4264 psalmos
2927 4194 3146 4266 privatos
3187 4194 3249 4266 in_
3280 4192 3492 4266 ecclesia
3519 4190 3659 4253 dici;
3711 4205 3822 4242 naut

2243 4262 2459 4319 fuerunt
2488 4266 2614 4319 olim
2649 4262 2837 4332 psalmi
2877 4263 2976 4317 sub
3019 4264 3174 4318 titulo
3218 4262 3541 4325 Salomonis,
3592 4269 3652 4314 et
3693 4277 3819 4328 quo-

2243 4337 2486 4389 rumdam
2515 4337 2739 4390 aliorum
2759 4379 2771 4397 ,
2805 4336 2974 4402 inquit
2998 4333 3318 4388 Theodorus
3349 4332 3633 4386 Balsamon
3652 4370 3669 4397 ,
3699 4345 3823 4399 quos

2243 4407 2457 4474 quidem
2483 4407 2717 4474 privatus
2745 4407 3029 4460 concilium
3060 4405 3313 4473 appellat,
3343 4402 3487 4470 quod
3518 4415 3626 4474 non
3652 4411 3823 4474 essent

2242 4470 2560 4530 auctoritate
2607 4477 2809 4532 Ecclesi
2830 4496 2858 4527 υ
2910 4470 3143 4543 recepti;
3168 4475 3406 4528 Psalmos
3436 4481 3489 4526 et
3519 4471 3652 4525 edas
3683 4470 3826 4543 Salo-

567 4563 626 4599 se
659 4548 758 4626 hoc
785 4547 984 4626 audere
1019 4541 1324 4626 asserentes
1351 4541 1502 4626 justi
1544 4545 1756 4612 ltegulte
1795 4554 2139 4614 ιιιωεθριιιιιι,
2174 4567 2224 4626 ι)
2251 4547 2423 4626 monis
2453 4548 2589 4626 inter
2615 4547 2948 4626 apocryphas
2982 4541 3279 4626 scripturas
3307 4543 3634 4626 recense-ts.
3666 4541 3826 4626 Atha-

566 4617 850 4670 scribentis
883 4633 894 4666 :
931 4613 1212 4667 Duodecim
1250 4614 1432 4683 psalmi
1462 4630 1548 4684 per
1580 4613 1986 4682 unamquamque
2015 4633 2139 4670 con-

567 4688 843 4740 stituantur
870 4695 1087 4741 noctem.
1120 4685 1224 4740 Sed
1261 4703 1278 4735 ι
1321 4686 1369 4738 hi
1402 4683 1553 4745 laes,
1585 4683 1751 4751 inquit
1782 4685 2137 4751 Hildemarus,

567 4757 961 4811 Conveniuntur
992 4757 1136 4808 in-eo
1165 4754 1306 4824 quod
1353 4757 1558 4822 digesto
1602 4756 1792 4809 ordine
1836 4759 2141 4821 psalmodim

565 4830 794 4899 diurnae,
827 4825 1013 4899 reliqui
1046 4840 1232 4899 omnes
1255 4826 1474 4893 psalmi,
1499 4826 1595 4899 qui
1624 4836 1940 4899 superSunt,
1965 4844 2141 4899 aequa-

569 4898 691 4950 liter
721 4897 1024 4951 dividantur
1051 4896 1103 4951 in
1134 4907 1338 4964 septem
1371 4897 1601 4949 noctium
1626 4897 1838 4965 vigiliis,
1865 4896 2142 4965 partiendo

568 4969 776 5022 scilicet
801 4969 888 5038 qui
913 4967 1052 5021 inter
1071 4982 1163 5020 eos
1189 4967 1504 5034 prolixiores
1525 4977 1648 5020 sunt
1673 4967 1856 5032 psalmi
1879 4971 1999 5037 ;qui
2021 4985 2138 5023 eum

567 5047 800 5101 mutant,
832 5055 935 5091 non
967 5038 1241 5102 dividunt;
1273 5048 1327 5092 et
1367 5053 1486 5091 cum
1520 5054 1622 5092 non
1656 5039 1926 5106 dividunt,
1963 5050 2142 5095 transc~

571 5123 846 5179 gressores
871 5117 993 5162 sunt
1019 5107 1177 5177 hujus
1209 5108 1479 5178 pra'cepti.
1515 5127 1533 5158 ι

646 5177 760 5232 Hoc
783 5180 1034 5249 prazcipne
1059 5177 1457 5246 commonentcs,
1493 5180 1608 5233 utsi
1635 5180 1714 5232 cui
1740 5181 1872 5250 forte
1903 5179 2010 5233 hare
2037 5183 2142 5236 dis-

573 5251 781 5302 tributio
826 5254 1134 5317 psalmorum
1157 5252 1495 5316 displicuerit,
1516 5253 1711 5303 ordinet
1737 5254 1779 5303 si
1802 5251 1981 5303 melius
1998 5253 2141 5307 aliter

565 5311 924 5393 judicaverit.]
964 5311 1248 5393 Egregium
1289 5336 1418 5375 sane
1459 5311 1772 5375 humilitatis
1813 5324 2141 5390 exemplum,

571 5391 712 5460 quod
747 5392 827 5445 vir
851 5393 1083 5445 onmium
1108 5392 1372 5458 justorum
1403 5393 1592 5459 Spiritu
1626 5393 1816 5460 plenus
1848 5393 2142 5447 institutunt

575 5479 672 5517 ase
695 5478 812 5516 eum
834 5473 976 5517 tanta
1001 5462 1275 5532 diligentia
1298 5478 1358 5516 ac
1374 5463 1695 5516 discretione
1717 5463 1956 5516 ordinem
1971 5465 2146 5518 alieno

574 5535 822 5600 subiiciat
863 5533 1082 5602 judicio.
1121 5535 1222 5586 Sed
1273 5551 1290 5583 ι
1327 5537 1441 5586 sive
1468 5547 1627 5585 causa
1659 5533 2006 5598 humilitatis,
2034 5534 2146 5590 sive

571 5619 729 5657 causa
760 5605 1123 5658 concessionis
1147 5608 1246 5655 hoc
1262 5605 1480 5656 verbum
1505 5603 1635 5655 dixit
1660 5603 1910 5669 magister
1932 5612 2144 5668 noster;

575 5678 737 5727 tutius
785 5685 864 5727 est
910 5685 964 5725 ut
1005 5675 1178 5726 nullus
1209 5673 1373 5726 abbas
1417 5673 1498 5726 vel
1541 5675 1834 5725 t'nunachus
1866 5675 2008 5726 illam
2043 5677 2145 5730 sibi

576 5747 1041 5813 pr:esn:nptio_nem
1072 5753 1326 5806 assumat,
1358 5744 1496 5811 quod
1526 5745 1678 5798 aliter
1701 5744 1946 5812 diSpouat
1969 5747 2145 5813 ipSnm

578 5810 1182 5884 utdinem‘psitlmodia',
1232 5810 1388 5884 quam
1438 5815 1550 5884 ipse
1599 5817 1679 5870 hic
1728 5810 2012 5886 diSposuit,
2057 5833 2144 5888 qm

2251 4617 2434 4671 nasius
2463 4621 2512 4671 in
2543 4612 2965 4688 Synopsi's'acrte
2994 4617 3283 4688 Scriptura:
3309 4633 3324 4668 :
3357 4615 3423 4688 de
3451 4612 3644 4688 quibus
3670 4612 3823 4688 etiam

2248 4689 2357 4757 agit
2400 4683 2728 4756 Nicephorus
2772 4687 3072 4755 patriarcha
3117 4683 3744 4757 Constantinopolitanus
3771 4686 3823 4757 ιιι

2249 4752 2478 4825 canone,
2512 4752 2565 4813 et
2588 4752 2819 4812 collocat
2849 4758 2986 4811 inter
3013 4756 3318 4826 Scripturas
3348 4753 3539 4826 quibus
3561 4752 3824 4826 contradi-

2250 4829 2410 4884 citur.
2437 4822 2542 4883 Sed
2573 4838 2626 4882 et
2652 4829 2766 4898 ipse
2795 4822 3199 4898 Athanasiusfin
3235 4822 3468 4898 Synopsi
3498 4825 3640 4898 inter
3673 4822 3825 4876 Davi-

2251 4900 2400 4954 dicos
2427 4899 2658 4965 psalmos
2676 4896 3006 4953 mentionem
3036 4896 3164 4951 facit
3187 4896 3466 4951 eentesimi
3497 4896 3825 4965 quinquage-

2250 4968 2369 5023 simi
2399 4964 2577 5038 primi,
2609 4971 2697 5035 qui
2731 4969 2999 5036 reperitur
3022 4968 3182 5022 etiam
3213 4967 3264 5020 in
3293 4966 3526 5038 antiquis
3557 4964 3826 5038 Psalteriis

2252 5035 2694 5109 mss-exstatque
2719 5035 2894 5093 editus
2933 5042 2984 5092 in
3009 5038 3324 5109 polyglotta.
3355 5037 3502 5090 Multi
3535 5035 3696 5109 etiam
3727 5036 3826 5086 hze-

2251 5111 2402 5165 retiei
2453 5106 2688 5180 psalmos
2742 5106 3182 5175 composuerunt,
3226 5109 3376 5180 inter
3425 5122 3560 5180 quos
3618 5106 3823 5180 llierav.

2249 5175 2698 5248 quemadmodum
2720 5181 2878 5234 docet
2894 5184 2948 5235 8.
2976 5177 3306 5248 Epiphanius
3331 5178 3371 5234 l.
3399 5193 3433 5231 Il
3463 5175 3825 5248 Panarii,_ha:-

2250 5245 2357 5304 tesi
2389 5253 2478 5305 (i7.
2513 5250 2824 5305 Valentinus
2853 5245 3102 5319 quoque,
3145 5259 3203 5303 ut
3225 5250 3410 5303 videre
3434 5258 3515 5303 est
3544 5245 3684 5319 apud
3711 5245 3826 5319 'l‘er-

2251 5321 2552 5388 tullianum,
2587 5321 2679 5377 lib.
2715 5322 2782 5376 de
2810 5317 2992 5376 Carne
3017 5319 3235 5374 Christi.
3265 5319 3521 5389 Denique,
3543 5317 3826 5389 Donatistae

2253 5392 2484 5460 psalmus
2515 5386 2746 5447 humano
2777 5393 2991 5460 ingenio
3015 5391 3321 5446 elaboratus
3353 5386 3558 5444 in'suis
3594 5386 3825 5460 ecclesiis

2254 5458 2538 5587 caulebant,
2573 5473 2628 5519 ut
2657 5464 2814 5519 docet
2835 5458 2893 5518 S.
2924 5463 3256 5532 Augustinus
3277 5463 3331 5517 in
3357 5461 3516 5530 epist.
3558 5458 3648 5521 55,
3685 5472 3825 5512 nova:

2255 5549 2284 5587 e
2328 5549 2338 5585 l
2369 5549 2527 5587 tonis.

2255 5535 2527 5588 editionis.

2327 5603 2400 5658 Ex
2453 5607 2552 5659 hoc
2597 5619 2757 5674 porro
2799 5604 2855 5661 S.
2891 5603 3164 5660 Benedicti
3214 5603 3332 5658 loco
3379 5602 3714 5658 llildemarus
3741 5614 3825 5653 eos

2253 5675 2343 5744 qui
2375 5674 2774 5730 Benedictinum
2805 5675 3041 5729 officium
3069 5676 3122 5728 in
3154 5677 3450 5728 liomanum
3475 5683 3824 5744 mutareprm-

2254 5743 2470 5800 sumunt
2497 5785 2510 5809 ,
2562 5755 2619 5799 ut
2666 5745 2880 5816 Regula:
2912 5746 3198 5801 violatores
3224 5749 3397 5814 arguit
3422 5785 3435 5807 ,
3465 5761 3530 5797 eo
3559 5743 3697 5810 quod
3729 5758 3820 5792 non

2253 5817 2398 5891 omni
2433 5817 2762 5877 hebdomade
2791 5827 2954 5873 totum
2989 5820 3296 5887 psalterium
3329 5818 3636 5886 persolvunt
3664 5854 3678 5880 ,
3712 5821 3820 5883 pltltl
