4074 6356
282 372 390 427 873

1282 362 1556 424 REGULA
1596 360 2087 426 (ΞΟΜΜΕΝΤΑΤΑ.
2127 364 2276 426 CAP.
2319 362 2501 426 XVIII.

3037 304 3085 325 ἠ

3440 366 3542 426 ‘7‘

284 482 340 538 ln
373 476 701 552 hebdomadi
739 474 952 552 Pascha:
978 487 1031 531 et
1052 477 1415 552 Pentecostes,
1451 478 1502 531 in
1533 475 1724 547 quibus
1751 478 1858 533 Ro-
1885 482 1937 542 Α
1963 493 2083 535 cum
2114 496 2303 536 novem
2330 484 2409 537 sic
2434 479 2688 537 Psalteria
2710 493 2854 548 saape
2880 480 3206 537 modulando
3237 484 3540 552 perficeret,

284 552 428 608 mani
459 549 614 603 solito
636 548 847 602 brevius
867 549 1150 603 decantant
1173 550 1427 602 oflicium.

372 617 496 692 (licia
521 619 671 672 nimis
700 620 834 692 iners
858 620 1136 692 (levationis
1168 636 1274 672 sua:
1308 619 1579 692 servitium
1598 618 1756 692 323
1779 635 1861 671 os-

280 688 499 759 ιῃιῆιιηι
544 688 825 757 monarhi.]
872 690 983 744 lmo
1025 688 1391 757 obligatiOnis;
1424 703 1544 742 nam
1576 690 1715 757 quod
1747 698 1860 743 erat

280 708 307 759 1
358 708 499 744 ruunt
544 708 825 757 mortuum]
872 708 983 744 uno
1025 708 1391 757 ουιιειιιιοιιιδς
1424 708 1544 742 nam
1576 708 1715 757 qttou
1747 708 1859 743 erat

279 708 586 816 ‘(it‘zvotionis
618 771 742 813 ante
793 759 1005 814 claustri
1054 760 1371 827 ingressum,
1421 759 1766 828 obligationis
1797 773 1859 813 ac

286 831 454 887 debiti
492 830 662 884 evasit
692 839 812 896 post
849 830 1195 885 monasticam
1223 829 1630 899 professionem,
1680 840 1738 882 ut
1766 830 1860 883 οὺς-

286 910 469 957 servat
501 899 777 953 Bolterius.

362 973 462 1036 Qui
472 971 639 1023 minus
650 987 679 1023 a
690 969 939 1022 Psalterio
952 986 1006 1022 cr.
1021 987 1065 1023 m
1080 971 1287 1024 canticis
1298 969 1760 1039 consuetudinariis
1772 986 1860 1039 per

287 1044 583 1125 septimana
604 1040 851 1095 circulum
875 1041 1271 1125 psallutttucu‘m
1298 1042 1522 1125 legamus
1546 1038 1859 1125 SS.“Patres

286 1110 393 1183 ttin'o
413 1110 617 1183 dicitur;
643 1121 842 1164 strenue
869 1110 1147 1183 implesse.]
1191 1113 1342 1177 Quod
1375 1110 1449 1161 ait
1490 1126 1593 1162 uno
1633 1110 1716 1161 die
1754 1126 1857 1162 non

286 1182 367 1234 sic
393 1181 707 1248 capiendum
751 1192 865 1243 est,
895 1189 1043 1247 quasi
1075 1181 1241 1237 seinel
1294 1191 1348 1234 et
1394 1193 1499 1232 uno
1530 1188 1730 1233 tantum
1773 1183 1860 1234 die

287 1249 607 1306 Psalterium
644 1251 973 1318 recitassem,
1022 1252 1111 1305 sed
1138 1268 1252 1305 cum
1284 1251 1404 1303 dicit
1430 1266 1531 1302 uno
1560 1250 1663 1311 die,
1692 1250 1863 1318 inquit

286 1321 649 1391 lltldemarus,
674 1323 819 1389 quasi
839 1322 1021 1375 diceret
1045 1339 1133 1387 per
1148 1321 1378 1391 singulos
1406 1319 1535 1384 dies,
1559 1332 1645 1373 aut
1669 1320 1857 1391 saltem

287 1389 614 1461 frequenter.
650 1392 818 1457 Quem
863 1391 959 1446 SS.
1014 1389 1247 1447 Patrum‘
1280 1389 1862 1461 fervoremazmulatos

286 1458 453 1516 fuisse
476 1478 577 1516 non
602 1476 798 1531 paucos
814 1464 1133 1528 reperimus.
1157 1461 1232 1516 Ita
1257 1462 1314 1517 8.
1342 1458 1700 1531 Winwaloeus
1730 1477 1747 1531 ς
1780 1468 1863 1513 ter

287 1533 527 1598 quotidie
569 1529 970 1602 quinquagenos
1016 1534 1247 1599 psalmos
1291 1530 1604 1602 psallebat,
1622 1529 1781 1602 modo
1808 1530 1861 1584 in

286 1602 463 1656 crucis
492 1598 735 1671 ﬁguram,
767 1598 925 1656 m'odo
952 1598 1101 1657 flexis
1129 1598 1371 1670 genibus.
1412 1620 1429 1651 ι
1464 1599 1535 1671 ita
1573 1600 1630 1655 S.
1665 1598 1864 1671 Ncotus

286 1672 454 1725 abbas
486 1669 550 1725 in'
575 1672 755 1741 Anglia
806 1673 1085 1727 immersus
1132 1669 1285 1738 fonti,
1340 1690 1357 1723 ι
1396 1669 1585 1741 solitu_s
1635 1670 1862 1741 eratad

288 1741 483 1809 rigoris
529 1738 919 1797 incrementum
969 1751 1136 1795 totum
1185 1758 1250 1795 ex
1306 1743 1512 1808 integro
1545 1738 1860 1793 Psalterium

329 1813 617 1868 ersolverc.
657 1831 675 1864 ι
709 1814 848 1866 Idem
878 1814 945 1866 de
987 1813 1043 1865 S.
1079 1812 1324 1866 Aldelmo
1358 1813 1594 1864 referunt
1647 1809 1698 1863 in
1749 1810 1864 1874 ejus

329 1824 617 1868 ersotverc.
657 1831 675 1864 ι
709 1824 848 1866 Idem
878 1824 945 1866 de
987 1824 1043 1865 8.
1079 1824 1324 1866 Aldelmo
1358 1824 1594 1864 reterunt
1648 1826 1698 1863 tn
1749 1825 1864 1874 ejus

286 1824 431 1947 gito,
465 1898 519 1936 ιι.
550 1883 582 1936 4
629 1884 789 1946 (Stec.
834 1898 884 1936 tv
922 1881 1113 1935 Bened.
1137 1926 1151 1949 ,
1181 1894 1315 1952 part.
1348 1880 1429 1950 ιι).
1464 1880 1536 1933 Ita
1566 1879 1866 1952 Geolfridus

288 1951 456 2006 abbas
484 1954 708 2006 Romam
751 1954 911 2007 etiam
955 1951 1333 2021 proﬁcisCeus,
1372 1970 1389 2001 ι
1427 1951 1675 2021 esceptis
1708 1964 1867 2004 cauo.

289 2022 429 2076 niri‘s
470 2023 767 2076 orationum
816 2020 998 2085 horis,
1045 2023 1283 2091 quotidie
1330 2023 1410 2075 bis
1458 2020 1867 2091 Psalteriumiex

289 2092 482 2148 ordine
511 2094 797 2147 decantare
830 2090 1071 2160 curavit,
1107 2111 1125 2145 ι
1163 2103 1219 2147 ιιι
1250 2092 1437 2145 scribit
1472 2090 1612 2144 Beda
1656 2094 1707 2143 in
1750 2090 1867 2143 Vua

288 2160 353 2216 8.
389 2162 659 2216 Benedicti
691 2162 923 2231 BiscOpi,
958 2163 1047 2217 lib.
1082 2178 1150 2227 tt,
1185 2179 1238 2215 ιι.
1267 2163 1358 2216 21.
1391 2161 1465 2215 Ita
1499 2161 1557 2214 S.
1592 2161 1870 2229 Sequanos

291 2232 482 2295 abbas,
502 2248 565 2287 ex
591 2232 707 2299 ejus
725 2230 866 2296 Vita,
883 2232 1015 2295 ιι.2;
1040 2232 1098 2287 8.
1123 2232 1408 2287 Austrudis
1430 2230 1693 2284 abbatissa
1719 2231 1868 2284 Lau-

288 2299 570 2366 dunensis,
602 2316 667 2357 ex
699 2301 816 2372 ejus
841 2305 968 2357 item
994 2302 1135 2367 Vita,
1169 2319 1224 2357 n.
1258 2302 1343 2367 I8,
1369 2301 1497 2355 nihil
1525 2300 1627 2372 cibi
1659 2314 1747 2355 aut
1776 2315 1871 2369 po-

288 2380 375 2427 tus
407 2371 740 2440 praegustare
779 2372 1023 2427 solebant
1067 2376 1192 2442 quin
1240 2374 1500 2442 integrum
1549 2371 1867 2426 Psalterium

289 2444 630 2508 recitasscnt,
658 2457 760 2511 qua
788 2443 855 2497 de
885 2459 941 2497 re
961 2442 1118 2497 etiam
1145 2442 1389 2497 laudatur
1416 2442 1681 2511 Cervinus
1704 2442 1869 2511 abbas

288 2512 629 2581 Centulensis
655 2510 706 2567 iii
736 2512 937 2567 Chron.
956 2513 1107 2567 Cent.
1130 2514 1167 2568 l.
1194 2524 1329 2576 tv,'c.
1348 2512 1417 2567 26
1442 2510 1660 2581 (Specil.
1686 2520 1729 2565 t.
1750 2510 1864 2579 IV).

289 2580 364 2651 Ita
395 2582 622 2651 denique
647 2584 703 2639 S.
740 2583 984 2648 Maurus,
1034 2593 1169 2639 teste
1212 2583 1411 2637 Fausto
1452 2580 1510 2635 in
1560 2581 1677 2651 ejus
1728 2583 1864 2649 Vita,

288 2650 347 2706 8.
384 2650 681 2723 Albericus,
714 2653 878 2723 abbas
899 2653 1289 2716 Cisterciensis,
1317 2663 1454 2707 teste
1485 2650 1785 2720 Henriquez
1815 2653 1866 2705 in

290 2724 407 2789 ejus
436 2722 577 2791 Vita,
610 2722 673 2779 ιι.
699 2723 733 2776 5
773 2722 933 2787 (Ball.
964 2724 1034 2779 26
1062 2723 1213 2793 Jan.)
1241 2766 1256 2789 ,
1287 2727 1444 2777 etiam
1492 2732 1616 2775 ante
1665 2724 1869 2792 vigilias

288 2802 581 2848 nocturnas
610 2808 753 2863 saepe
781 2795 1100 2850 Psalterium
1133 2793 1532 2863 percurrebant.
1565 2793 1701 2863 Quid
1733 2795 1870 2847 inte-

290 2877 414 2986 gras
460 2862 895 2934 congregationes
934 2862 1373 2926 commemorem,
1408 2863 1601 2930 quibus
1630 2862 1869 2917 solemne

317 2934 392 2986 uit
423 2935 643 2986 «inaniis
672 2936 862 2986 diebus
910 2934 1223 2986 Psalterium
1262 2932 1616 2986 decantasse?
1646 2932 1698 2985 id
1727 2934 1866 2986 uuod

317 2934 392 2987 uit
423 2935 643 3002 «iugulis
666 2932 862 2988 diebus
910 2934 1223 2988 Psalterium
1262 2932 1616 2987 decantasse?
1640 2932 1698 3002 id
1727 2934 1866 3000 quod

289 3002 361 3058 de
406 3001 928 3073 Hoetnburgensibus
954 3006 1011 3059 S.
1040 3005 1230 3058 (Milia:
1259 3001 1754 3057 sanctimonialibus
1797 3004 1861 3058 le-

288 3074 465 3141 gimus
494 3074 545 3127 in
576 3077 692 3141 ejus
724 3074 865 3141 Vita,
888 3091 943 3129 n.
965 3076 1029 3129 21
1051 3091 1065 3126 :
1090 3093 1107 3124 ι
1136 3075 1324 3129 Evenit
1351 3081 1405 3126 et
1429 3086 1483 3125 ut
1504 3073 1727 3141 quadam
1754 3073 1863 3141 die,

288 3144 427 3198 sicut
455 3144 788 3199 consuetudo
829 3149 879 3199 in
908 3146 1098 3200 eodem
1131 3144 1457 3198 monasterio
1486 3151 1633 3207 erat,
1663 3144 1867 3198 scilicet

288 3222 350 3282 ut
374 3215 610 3280 quotidie
640 3216 932 3269 secundum
964 3216 1207 3270 ordinem
1240 3218 1431 3268 virium
1453 3206 1780 3282 jejunarent,
1812 3224 1865 3267 et
1893 3206 1939 3270 C

288 3281 609 3339 Psalterium
641 3286 1005 3339 decantarent.
1046 3303 1065 3337 ι
1093 3286 1313 3352 Qualem
1343 3281 1501 3338 etiam
1530 3283 1864 3350 disciplinam

287 3355 427 3423 apud
462 3370 649 3409 omnes
673 3357 729 3410 S.
763 3356 1038 3410 Romualdi
1078 3356 1332 3410 eremitas
1362 3355 1590 3421 viguisse
1616 3354 1867 3409 discimus

287 3438 355 3493 ex
402 3424 730 3493 Hieronymo
759 3426 1055 3479 Camaldul.
1094 3424 1355 3479 monacho
1400 3424 1450 3477 in
1499 3438 1747 3479 sermone
1798 3426 1866 3479 de

287 3492 350 3546 S.
379 3492 695 3564 Rotnualdo,
725 3510 777 3546 n.
809 3496 896 3559 67,
927 3496 1065 3564 apud
1093 3497 1247 3562 Boll.,
1272 3496 1302 3548 7
1328 3493 1635 3548 Februarii:
1674 3513 1691 3544 ι
1728 3494 1866 3549 Con-

287 3563 493 3618 vocatis
524 3563 682 3618 Pater
709 3564 767 3619 8.
794 3563 1117 3620 Romualdus
1143 3566 1391 3619 omnibus
1420 3574 1472 3619 et
1492 3564 1713 3632 singulis
1741 3580 1861 3621 ere-

286 3633 456 3705 mitis,
486 3634 711 3687 docebat
740 3649 833 3688 eos
862 3636 921 3689 ut
947 3652 1041 3705 per
1065 3645 1227 3691 totum
1261 3635 1383 3689 anni
1409 3637 1669 3705 circulum
1692 3636 1863 3690 tribus

286 3702 477 3775 diebus
498 3705 549 3775 in
574 3706 867 3771 septimana
898 3702 960 3759 in’
975 3707 1091 3760 solo
1120 3721 1257 3775 pane
1286 3715 1340 3760 et
1373 3720 1507 3773 aqua
1532 3704 1859 3775 jejuuarent,

288 3770 605 3845 Psalterium
635 3788 754 3828 cum
797 3777 1018 3831 canticis
1039 3770 1275 3845 quotidie
1302 3770 1562 3837 dicerent,
1587 3770 1858 3830 silentium

288 3842 670 3915 inviolabiliter
718 3857 1030 3911 servarent,
1057 3842 1763 3915 'disciplinasllagellorum
1808 3849 1860 3901 in

286 3913 419 3985 cella
446 3915 704 3985 facerent.
744 3934 763 3965 ι
800 3916 870 3970 De
896 3917 1131 3971 eremitis
1172 3913 1382 3985 quoque
1410 3913 1592 3969 Fontis
1626 3916 1862 3985 Avellaui

287 3982 571 4055 itascribit
599 3985 787 4039 Petrus
816 3982 1360 4055 Damiani(0pusc.'c.
1394 3986 1479 4054 Il)
1512 4002 1527 4039 :
1558 4003 1575 4036 ι
1612 3984 1856 4042 Consue-

287 4054 417 4106 tudo
443 4065 522 4108 est
553 4063 611 4108 ut
645 4069 766 4109 cum
802 4057 909 4109 duo
952 4054 1145 4111 fratres
1183 4056 1341 4110 simul
1380 4066 1777 4110 commorantur
1807 4060 1857 4111 in

292 4123 461 4195 cella,
511 4126 616 4178 duo
657 4126 966 4193 persolvant
1012 4129 1065 4179 ιιι
1112 4127 1197 4180 die
1243 4127 1519 4192 Psalteria,
1574 4142 1733 4179 unum
1765 4142 1861 4195 pro

286 4192 442 4259 vivis,
485 4192 711 4249 alterum
751 4211 846 4265 pro
877 4196 1160 4251 defunctis.
1202 4197 1267 4250 Et
1294 4197 1422 4249 illud
1454 4196 1667 4264 quidem
1715 4192 1857 4266 quod

284 4266 680 4336 est_vivorum.
737 4282 859 4320 cum
912 4267 1017 4321 illis
1067 4266 1264 4320 dicitur
1315 4265 1690 4320 additamentis
1737 4265 1860 4336 qua:

283 4332 345 4387 B.
381 4332 708 4389 Romualdus
751 4337 1017 4404 apposuit.
1067 4337 1218 4404 Quod
1253 4352 1377 4392 vero
1421 4352 1517 4405 pro
1556 4332 1859 4404 defunctis,

283 4418 404 4458 cum
435 4420 627 4460 novem
659 4406 974 4462 lectionibus
1012 4407 1239 4471 dicitur;
1285 4407 1457 4475 tribus
1486 4407 1732 4460 nimirum
1764 4424 1859 4474 per

282 4475 689 4546 quinquagenos
740 4479 990 4546 psalmos.
1040 4479 1139 4545 Qui
1187 4488 1363 4532 autem
1407 4478 1552 4531 solus
1595 4487 1853 4544 moratur,

282 4543 600 4617 Psalterium
633 4543 845 4615 quidem
876 4543 1115 4601 vivorum
1152 4558 1313 4601 totum
1356 4564 1447 4617 per
1475 4550 1711 4617 singulos
1740 4543 1855 4605 dies

281 4614 574 4683 adimplet;
606 4614 977 4671 defunctorum
1005 4628 1179 4672 autem
1208 4621 1320 4672 sive
1352 4614 1605 4680 medium,
1637 4620 1751 4674 sive
1782 4629 1858 4674 to-

281 4693 418 4748 tum,
443 4686 591 4755 juxta
622 4690 764 4755 quod
792 4690 981 4742 vitium
1017 4691 1338 4757 possibilitas
1366 4690 1724 4743 administrat.
1751 4690 1855 4745 llo-

281 4767 464 4828 [artum
492 4769 669 4810 autem
707 4763 1083 4815 canonicarum
1116 4761 1409 4828 psaltnodia
1435 4760 1685 4823 omnino,
1718 4764 1856 4815 sicut

281 4825 341 4877 lit
366 4823 418 4877 itt
443 4830 805 4897 monasterio,
829 4832 897 4883 ita
936 4830 1020 4882 ltic
1052 4823 1146 4897 per
1171 4833 1412 4885 ordinem
1444 4840 1550 4884 tota
1582 4831 1852 4884 nihilomi-

280 4907 404 4972 {ius
428 4897 765 4972 adimpletur.
801 4918 818 4950 ι
852 4901 955 4955 Sed
986 4900 1150 4972 324
1185 4904 1325 4969 quod
1373 4902 1438 4955 de
1468 4902 1527 4955 S.
1584 4901 1855 4956 Dominico

280 4962 549 5040 LoricatoA
576 4962 739 5040 refert
789 4972 926 5025 idem
964 4962 1152 5026 PEtTu's
1184 4962 1420 5026 Damiaui
1469 4986 1683 5025 omnem
1720 4985 1855 5040 pene

279 5045 497 5115 superat
518 5036 678 5115 fidem
710 5057 721 5091 :
753 5057 771 5090 t
809 5041 903 5095 Est
930 5040 1071 5096 inter
1099 5057 1196 5096 nos
1225 5045 1311 5112 qui
1345 5036 1855 5115 nonttunquam'uno

279 5105 366 5157 die
390 5105 696 5162 cnnlinu'ato
718 5125 837 5164 cum
864 5128 895 5165 n
934 5124 1019 5166 cte
1047 5105 1515 5168 notetn'Psalteria
1545 5105 1853 5167 meditando

279 5176 557 5255 decurrat;
610 5190 663 5232 et
715 5182 925 5255 interim
975 5198 1113 5252 pene
1162 5199 1375 5252 semper
1426 5197 1853 5255 utraquertnanu

277 5253 456 5321 scopis
485 5261 684 5302 armata
716 5253 916 5305 nudum
946 5267 1141 5321 corpus
1172 5256 1433 5309 alticrat...
1468 5253 1574 5309 Ilic’
1589 5254 1717 5308 mihi
1745 5256 1850 5308 ali-

276 5317 491 5382 qunndo
543 5322 771 5375 fraterna
824 5317 1183 5380 familiaritate
1229 5336 1554 5395 conquestus
1584 5338 1696 5389 est,
1728 5330 1852 5395 quia

1963 552 2028 604 a'd
2061 552 2335 623 deciman
2362 567 2627 621 nunquam
2656 553 2889 623 potuerit
2915 553 3215 621 pervenire.
3250 573 3267 606 ι
3300 554 3543 623 Denique

1962 623 2229 690 generalis
2268 622 2396 676 olim
2434 623 2486 676 in
2518 632 2629 675 toto
2659 622 2846 677 ordine
2875 623 3223 677 Benedictino
3249 639 3374 679 usus
3403 622 3544 679 oliti-

1963 692 2122 745 nebat
2151 691 2413 758 integrum
2464 694 2514 745 in
2561 692 2648 747 die
2692 691 3015 747 Parasceves
3059 694 3369 749 Psalterium
3404 696 3541 748 reci-

1964 762 2145 885 tﬁtqdi,
2180 765 2267 885 uit“;
2303 762 2632 817 ostendimus
2664 763 2715 816 in
2756 762 2846 817 lib.
2883 778 2937 817 ιιι
2968 764 3035 818 tle
3073 762 3254 835 Antiq.
3291 765 3543 819 monach.

2014 848 2026 883 t
2058 872 2095 885 ..
2120 846 2167 884 c.
2274 873 2286 885 .

2014 846 2095 897 tt.,
2120 846 2167 884 c.
2203 846 2286 886 ιι.

2037 921 2185 998 Quod
2216 939 2305 998 nos
2327 923 2482 987 tepidi
2511 926 2705 998 utinam
2727 925 3011 998 septimana
3039 925 3238 998 integra
3270 929 3538 993 persolua-

1963 991 2119 1068 φαμι
2149 993 2351 1068 Quibus
2383 996 2664 1068 postremis
2693 991 2871 1068 verbis
2892 1039 2913 1068 ,μ
2939 991 3277 1068 paternique
3297 999 3545 1068 increpa-

1966 1062 2109 1148 tirone
2139 1064 2197 1148 S_.
2233 1062 2551 1148 Benedictus
2579 1064 2821 1148 stimulos
2851 1064 2999 1147 addit
3029 1062 3326 1148 discipulis,
3351 1078 3417 1148 _u_t
3443 1062 3543 1148 ali-

1962 1132 2089 1199 quid
2122 1133 2187 1185 ad
2232 1134 2445 1185 solitum
2487 1148 2598 1187 sua:
2637 1134 2938 1191 devotionis
2992 1132 3270 1190 servitium
3299 1137 3542 1196 addant:

1964 1202 2104 1256 unde
2145 1203 2276 1276 satis
2312 1204 2643 1276 mirari_non
2678 1219 2891 1276 possum
2932 1206 3191 1274 quosdam
3226 1209 3541 1276 monachos,

1962 1286 2027 1324 eo
2055 1274 2194 1340 quod
2238 1287 2455 1340 parvum
2507 1274 2567 1328 B.
2603 1275 2779 1327 Maria:
2822 1275 3055 1329 officium
3083 1276 3369 1343 aliquando
3407 1274 3545 1332 recii-

1965 1352 2077 1396 tare
2108 1351 2387 1417 erigantur,
2412 1347 2689 1417 conqueri,
2718 1348 2867 1417 quasi
2899 1346 3058 1399 nimis
3085 1348 3288 1415 prolixa
3320 1364 3545 1417 graven-

1966 1422 2049 1465 tur
2078 1412 2373 1481 psalmodia
2401 1452 2416 1477 ,
2465 1428 2585 1469 cum
2635 1416 2718 1468 vis
2740 1412 2867 1468 ulla
2895 1416 3023 1470 olim
3054 1412 3345 1471 esstiterit'
3362 1433 3547 1474 mona-

1963 1481 2185 1555 chorum
2213 1488 2588 1555 c0ugregatio,
2622 1501 2741 1553 quas
2772 1486 3011 1554 quotidi!
3058 1487 3187 1541 illud
3236 1489 3547 1555 persolven-

1963 1549 2089 1605 dutn
2141 1549 2924 1624 nonﬂs'usceperit,_tantaque
2965 1556 3092 1611 olim
3139 1549 3279 1624 apud
3335 1569 3547 1613 nostros

1964 1623 2187 1691 augendi
2221 1622 2697 1696 offictigincreverit
2723 1622 2966 1689 devotio,
3004 1645 3023 1678 ‹
3059 1638 3113 1680 ιιι
3147 1622 3197 1680 in
3228 1628 3544 1696 quibusdam

1966 1695 2308 1770 monasteriis
2354 1694 2498 1770 ultra
2542 1696 2641 1749 tria
2681 1698 3077 1770 lnquatttitate
3123 1694 3443 1770 Psalteriaus
3478 1699 3543 1753 ad

1966 1763 2268 1835 institutum
2300 1766 2425 1835 as.
2464 1763 2621 1819 Patre
2663 1763 2829 1821 divini
2871 1766 3047 1833 operis
3080 1782 3297 1822 cursum
3337 1768 3548 1835 adjece-

1898 1844 1944 1904 Β
1971 1831 2115 1899 rint,
2152 1844 2207 1887 ut
2250 1833 2449 1905 scribit
2471 1836 2728 1890 Boberius
2756 1853 2771 1890 :
2803 1831 2942 1904 quod
2985 1846 3129 1892 certe
3173 1848 3317 1905 patet
3359 1831 3424 1893 ei
3466 1839 3548 1894 bis

1971 1915 2090 1975 qua:
2133 1906 2411 1959 retulimus
2438 1904 2490 1959 in
2522 1905 2615 1960 lib.
2654 1923 2666 1959 I
2696 1907 2764 1962 de
2797 1909 2977 1975 Antiq.
3014 1904 3323 1961 monachor.
3356 1909 3544 1975 Ritib.,

1971 1985 2030 2051 c_._
2050 1972 2105 2039 2,
2130 1976 2184 2051 5,
2215 1977 2268 2033 4.
2297 1976 2339 2051 9_
2357 1986 2407 2027 et
2429 1977 2514 2051 lt.
2544 1972 3164 2051 Scio-equidem'aliquos
3186 1972 3547 2051 prolisitatetn

1974 2041 2122 2097 illam
2155 2047 2204 2099 in
2232 2045 2523 2113 psalmodia
2554 2063 2661 2100 non
2694 2041 2761 2101 ita
2786 2041 3063 2115 probasse,
3094 2059 3148 2102 ut
3176 2041 3297 2101 stmt
3323 2049 3548 2104 Guillel-

1972 2125 2091 2167 mus
2116 2116 2281 2171 abbas
2327 2116 2384 2170 8.
2419 2116 2735 2172 Theoderici
2775 2118 2829 2171 in
2881 2119 3104 2185 epistola
3143 2118 3208 2172 ad
3240 2117 3433 2173 fratres
3481 2119 3549 2174 de

1971 2189 2153 2244 Monte
2182 2186 2295 2249 Dei,
2337 2198 2390 2241 et
2418 2186 2607 2242 Petrus
2632 2188 2895 2242 Blesensis
2918 2187 2985 2242 ad
3013 2189 3333 2244 monachum
3365 2204 3549 2256 quem-

1971 2260 2093 2313 dam
2123 2256 2531 2311 (larthusianum
2553 2299 2568 2323 ,
2600 2273 2757 2326 quem
2808 2258 2872 2313 ad
2903 2258 3279 2313 Cluuiacenses
3321 2262 3549 2314 transire

1972 2328 2317 2383 meditantem
2362 2328 2434 2381 ita
2485 2328 2800 2382 dehortatur
2852 2328 3047 2398 (Epist.
3102 2328 3194 2398 86)
3243 2346 3255 2381 :
3312 2348 3330 2381 ‹
3384 2329 3546 2396 Quid,

1970 2412 2186 2469 quaeso,
2217 2398 2514 2452 dulcedinis
2551 2411 2641 2452 aut
2669 2399 2967 2453 devodonis
2996 2399 3234 2453 invenies
3274 2409 3412 2467 apud
3456 2413 3549 2453 eos

1970 2471 2163 2539 quibus
2184 2482 2335 2523 versa
2366 2477 2448 2523 est
2479 2469 2529 2521 iu
2564 2484 2815 2523 nauseam
2841 2483 3122 2524 numerosa
3142 2480 3300 2539 atque
3327 2470 3545 2523 confusa

1970 2538 2202 2601 iteratio,
2259 2548 2420 2607 atque
2473 2540 2677 2593 farsuta
2735 2541 3081 2606 psalmorum.
3136 2538 3333 2593 Paulus
3372 2541 3547 2593 dicit:

1972 2609 2205 2663 Psallam
2228 2611 2433 2676 spiritu,
2460 2608 2677 2676 psallam
2702 2620 2748 2663 et
2772 2619 2954 2664 mente.
2985 2610 3041 2663 Si
3069 2609 3419 2678 psallentibus
3441 2624 3548 2663 non

1971 2681 2113 2734 adsit
2145 2680 2359 2733 dev0tio
2385 2721 2399 2744 ,
2446 2681 2564 2733 licet
2596 2681 2842 2734 eumdem
2875 2680 3137 2748 psalmum
3170 2681 3365 2734 millies
3396 2692 3548 2747 repe-

1973 2759 2106 2816 tant,
2141 2765 2244 2804 uon
2290 2763 2373 2803 est
2418 2752 2501 2804 IIIC
2548 2755 2782 2818 psalmus
2826 2750 3054 2817 jucunda
3108 2749 3409 2818 decoraque
3438 2750 3548 2804 lau-

1969 2819 2136 2874 datio.
2175 2839 2194 2872 »
2227 2820 2329 2873 Sed
2363 2831 2543 2888 postea
2587 2820 2687 2874 zeli
2733 2822 2813 2873 sui
2860 2823 3123 2874 fervorem
3155 2822 3311 2889 paulo
3342 2828 3547 2889 tempe-

1970 2891 2134 2954 ravit,
2175 2890 2239 2942 ad
2271 2890 2340 2942 Μ.
2372 2892 2617 2944 abbatem
2655 2893 2721 2943 de
2751 2890 3014 2943 Evesltam
3044 2891 3121 2944 sic
3147 2892 3390 2944 scribens
3418 2889 3545 2959 (Ep.

1969 2960 2060 3029 97)
2098 2978 2110 3014 :
2149 2978 2165 3010 ‹
2210 2961 2401 3013 Fateor
2439 2962 2580 3030 quod
2616 2960 2924 3026 psalmodiae
2958 2961 3252 3026 prolixitas.
3286 2960 3329 3013 si
3362 2974 3425 3030 ex
3458 2961 3549 3014 de-

1972 3032 2185 3084 votione
2214 3029 2473 3097 procedit,
2507 3032 2855 3083 saluberrima
2888 3040 2996 3093 est;
3028 3032 3070 3081 si
3118 3030 3354 3083 acediam
3390 3029 3550 3083 habet

1968 3103 2195 3165 sociam,
2246 3103 2523 3167 occupatio
2560 3110 2737 3154 tamen
2766 3112 2844 3153 est
2877 3098 3130 3163 honesta;
3164 3100 3208 3152 si
3252 3113 3414 3167 vagos
3457 3114 3549 3153 ex-

1970 3186 2157 3223 cursus
2183 3180 2374 3223 mentis
2408 3184 2509 3223 om~
2536 3170 2625 3223 iuo
2657 3184 2761 3224 non
2793 3170 3056 3235 reprimit,
3087 3185 3179 3237 per
3209 3184 3325 3223 eam
3360 3168 3547 3223 saltem

1968 3241 2162 3295 studiis
2186 3241 2583 3294 bonesttnribus
2609 3242 2889 3293 a~sucscit.
2924 3259 2941 3291 ι
2976 3241 3238 3293 Caeterum
3268 3241 3421 3307 longe
3446 3240 3549 3294 alia

1970 3322 2085 3365 erat
2126 3326 2277 3365 mens
2307 3312 2446 3364 Petri
2484 3311 2758 3375 llamiani,
2797 3311 2949 3378 cujus
2981 3325 3143 3364 unum
3187 3309 3547 3363 testimonium

1968 3382 2216 3435 sufficere
2258 3392 2428 3449 potest
2466 3382 2530 3434 ad
2563 3381 2944 3434 obstruendum
2990 3394 3051 3434 os
3088 3378 3544 3434 adversariorum.

1969 3452 2043 3506 Ita
2077 3467 2237 3520 porro
2267 3468 2386 3521 sese
2434 3454 2666 3520 explicat
2714 3451 2779 3521 ad
2829 3451 3211 3521 Cluniaceuses
3258 3450 3548 3521 monachos

1967 3523 2209 3577 scribens
2244 3520 2386 3591 (Lib.
2416 3536 2463 3575 vt
2485 3562 2498 3584 ,
2531 3522 2676 3591 epist.
2710 3520 2767 3587 5)
2812 3538 2826 3573 :
2873 3540 2891 3572 ι
2935 3520 3065 3574 Cum
3109 3529 3215 3573 tam
3246 3520 3543 3573 districtum

1967 3602 2126 3663 atque
2152 3593 2442 3647 ferventem
2473 3600 2673 3646 sancta:
2701 3601 2900 3663 vestrae,
2934 3591 3359 3663 conversationis
3399 3591 3549 3663 nrdi_~

1970 3660 2090 3717 nein
2124 3665 2321 3728 recolo,
2349 3677 2452 3715 non
2476 3662 2867 3715 adiuVentionis
2890 3661 3134 3715 humanae
3163 3661 3426 3725 studium,
3451 3660 3546 3714 sed

1967 3731 2025 3788 S.
2051 3734 2280 3801 Spiritus
2307 3732 2668 3802 magisterium
2697 3733 2876 3786 inesse
2904 3734 3176 3800 perpendo
3206 3749 3218 3783 :
3246 3747 3367 3785 nam
3402 3740 3546 3783 tanta

1968 3813 2050 3858 est
2093 3806 2146 3858 in
2176 3806 2423 3858 servandi
2468 3803 2601 3857 ordi.
2630 3803 2673 3856 is
2703 3802 2955 3855 continua
2983 3803 3205 3871 jugitate
3233 3802 3546 3871 prolixitas;

1967 3882 2110 3927 tanta
2143 3880 2438 3939 priesertim
2471 3874 2523 3927 in
2554 3872 2936 3927 ecclesiasticis
2964 3871 3155 3926 officiis
3184 3872 3548 3941 protelabatur

1966 3943 2249 4005 inStantia,
2284 3957 2337 3997 ut
2382 3945 2436 3997 in
2482 3944 2598 4012 ipso
2641 3941 2829 3997 Caneri
2861 3943 2975 3996 sive
3004 3943 3204 3997 Leonis
3226 3951 3382 4006 testu,
3419 3956 3542 4012 cum

1966 4015 2236 4084 longiores
2263 4024 2387 4068 sunt
2416 4011 2552 4084 dies,
2579 4012 2667 4084 rvis
2698 4028 2793 4082 per
2818 4022 2983 4066 totum
3014 4013 3149 4065 diem
3180 4015 3335 4064 unius
3352 4011 3542 4064 saltem

1964 4083 2179 4139 vacaret
2231 4084 2377 4139 hora:
2425 4083 2705 4137 dimidium
2754 4098 2859 4151 quo
2906 4084 3157 4135 fratribus
3208 4084 3260 4134 in
3307 4084 3546 4135 claustro

1964 4153 2203 4208 licuisset
2236 4155 2463 4209 miscere
2493 4153 2841 4219 cotloquium.
2891 4153 2999 4205 lloc
3029 4164 3206 4205 autem
3238 4162 3342 4204 tam
3375 4151 3546 4203 conti-

1964 4226 2054 4277 nui
2084 4227 2278 4277 laboris
2316 4223 2629 4278 exercitium
2678 4225 2743 4275 ad
2791 4226 2889 4276 hoc
2921 4231 3023 4283 est.
3060 4232 3114 4274 ut
3159 4236 3301 4286 reor,
3348 4224 3535 4273 salerti

1963 4296 2093 4349 satis
2122 4309 2183 4348 ac
2214 4296 2428 4360 prnvida
2463 4294 2749 4361 magisterii
2781 4303 2897 4345 arte
2929 4295 3219 4358 provisum.
3255 4305 3309 4343 ut
3338 4289 3531 4344 levium

1962 4375 2121 4431 atque
2135 4367 2297 4437 325
2319 4360 2645 4418 infirmorum
2663 4364 2886 4437 fratrum
2902 4362 3241 4431 fragilitatem
3262 4360 3539 4437 reprimat,

1962 4444 2017 4489 et
2045 4434 2387 4505 delinquendi
2418 4436 2804 4503 propemodum
2836 4438 3173 4505 occasionem
3210 4434 3378 4497 tollat,
3409 4446 3539 4505 qua-

1964 4515 2137 4571 tenus,
2162 4503 2368 4561 etiamsi
2394 4505 2573 4570 veltnt,
2599 4515 2795 4573 pra-ter
2815 4504 3187 4573 cogitationem
3213 4503 3539 4573 peccarevtx

1885 4584 1935 4645 ι)
1962 4579 2181 4657 possint.
2214 4577 2499 4657 lt‘iagilium
2525 4580 2573 4644 ig
2596 4572 3052 4657 turitnbeeillitati
3075 4574 3396 4635 consulitur,
3415 4572 3540 4625 dum

1961 4647 2009 4701 i.t
2054 4650 2409 4717 persolvendo
2465 4648 2702 4700 continui
2760 4646 2963 4699 ordinis
3021 4659 3183 4713 pensi
3234 4654 3400 4696 tntum
3436 4658 3541 4695 non

1960 4719 2121 4841 3ιοᾱο
2148 4720 2341 4776 diurni.
2376 4718 2469 4772 sed
2501 4726 2557 4771 et
2585 4720 2831 4771 nocturni
2865 4716 3126 4771 temporis
3156 4721 3386 4783 spatium
3420 4726 3541 4781 pro-

2002 4804 2192 4858 tgatur.
2224 4807 2241 4840 ι

2032 4903 2326 4971 Antequam
2359 4910 2518 4968 caput
2550 4899 2687 4955 istud
2738 4900 3046 4964 absolvam,
3080 4900 3376 4971 observabo
3421 4912 3539 4949 cum

1961 4970 2197 5026 Bolterio’
2217 4976 2266 5026 iu
2288 4973 2523 5026 secundo
2549 4986 2772 5036 comm.,
2799 4973 2955 5041 hujus
2978 4972 3168 5039 capitis
3193 4970 3361 5032 iuitio,
3380 4985 3540 5031 quos-

1958 5042 2080 5095 dam
2098 5045 2220 5097 olim
2244 5042 2577 5097 existimasse
2594 5043 2651 5098 S.
2674 5042 2884 5097 Patrem
2906 5042 3246 5096 Benedictum
3266 5042 3542 5095 Gallicana

1959 5127 2114 5166 usum
2144 5128 2263 5168 esse
2296 5113 2588 5177 Psallerio;
2628 5113 2768 5180 quod
2813 5128 2883 5168 ex
2934 5114 2997 5167 iis
3030 5111 3160 5165 locis
3190 5111 3541 5180 colligebant,

1957 5199 2075 5251 quin
2106 5188 2162 5240 8.
2190 5185 2347 5238 Pater
2374 5187 2502 5237 citat
2526 5198 2590 5238 ex
2622 5183 2879 5238 PSalterio
2926 5185 2980 5237 in
3014 5184 3235 5252 Regula,
3268 5184 3317 5235 itt
3348 5183 3540 5252 quibus

1958 5249 2118 5309 varia:
2141 5257 2478 5323 reperiuntur
2511 5256 2770 5308 lectiones
2801 5268 2920 5323 qua
2961 5270 3065 5310 non
3096 5249 3308 5309 exstant
3353 5252 3404 5304 in
3436 5249 3539 5300 lio-

1964 5342 2139 5393 mano,
2173 5328 2307 5381 bene
2337 5336 2512 5381 autem
2543 5325 2597 5379 in
2628 5324 2921 5380 Gallicana.
