4074 6356
284 395 390 451 I77

1328 396 1605 457 REGULA
1644 396 2138 457 COMMENTATA.
2180 400 2332 456 CAP.
2377 396 2516 457 XIX.

3457 406 3564 461 478

282 507 518 579 legatur.
553 508 757 584 Quibus
796 510 1041 567 omnibus
1084 512 1339 566 reclamat
1388 514 1563 569 Deus:
1599 513 1793 569 Cretum
1831 522 1879 568 et
1908 517 1957 574 Α
1986 512 2220 568 laudanti
2251 516 2421 569 noxiis
2449 514 2699 584 operibus
2745 527 2849 569 non
2879 514 3218 583 contradicit,
3253 524 3307 570 et
3333 518 3564 584 qualiter

282 590 477 637 terram
498 595 589 650 ego
610 581 817 651 impleo.

364 651 646 715 Quomodo
675 662 849 706 autem
896 653 1061 709 Deum
1092 654 1285 723 ubique
1324 666 1647 723 prmsentem
1682 655 1880 708 intelli-

284 736 503 844 ﬁamus,
535 723 790 789 prmclare
818 725 1035 793 exponit
1063 725 1120 780 8.
1150 726 1439 794 Gregorius
1474 726 1560 779 Iiic
1604 724 1671 779 ab
1700 725 1881 779 llilde-

330 807 447 844 taro
478 792 671 844 citatus
704 792 784 844 liis
813 796 1031 844 verbis:
1079 813 1096 844 t
1148 795 1287 844 Dens
1328 805 1503 844 autem
1538 795 1732 844 ubinne
1758 810 1879 844 esse

330 807 447 845 iaro
478 792 671 847 citatus
704 792 784 848 liis
813 792 1031 849 verbis:
1079 813 1096 844 ι
1148 792 1287 848 Deus
1328 805 1503 849 autem
1538 795 1732 863 ubique
1758 810 1879 850 esse

285 863 515 927 dicitur,
548 864 668 929 quia
694 864 809 931 ipse
838 875 1017 918 manet
1047 867 1181 919 intra
1210 867 1412 928 omnii,
1440 869 1553 928 ipse
1580 881 1729 919 extra
1761 882 1873 919 om-

285 933 407 997 nia,
440 934 553 1001 ipse
583 948 741 1002 super
770 937 967 1000 omnia,
999 936 1113 1003 ipse
1145 936 1275 989 infra
1307 937 1506 989 omnia.
1536 938 1597 989 Et
1630 938 1877 1005 superior

284 1016 395 1070 per
426 1005 713 1071 potentiam
733 1046 748 1071 ,
786 1016 839 1059 et
884 1006 1102 1059 inferior
1133 1022 1226 1071 per
1266 1008 1709 1060 Sustrntationem
1740 1024 1753 1060 :
1783 1022 1876 1059 es-

289 1074 467 1126 terior
491 1087 586 1137 per
608 1076 1042 1143 magnitudinem,
1068 1088 1119 1131 et
1143 1076 1365 1130 interior
1391 1092 1484 1146 per
1506 1076 1875 1130 subtilitatem.

288 1146 521 1201 Sursum
548 1160 769 1213 regens,
819 1148 1066 1201 deor-uin
1098 1149 1375 1201 continens
1397 1187 1411 1211 ,
1458 1156 1605 1201 extra
1642 1148 1876 1201 circum-

289 1215 455 1281 dans,
482 1216 707 1270 interius
735 1230 1039 1285 penetrans.
1072 1218 1180 1272 Nec
1210 1219 1311 1271 alia
1336 1235 1398 1271 ex
1427 1231 1577 1285 parte
1606 1222 1872 1284 superior,

288 1286 401 1338 alia
431 1286 679 1351 inferior;
704 1300 793 1341 aut
821 1292 919 1341 alia
943 1304 1006 1342 ex
1042 1301 1189 1357 parte
1218 1289 1473 1354 exteriiir,
1506 1298 1663 1356 atque
1685 1304 1747 1341 ex
1775 1289 1876 1341 alia

290 1366 483 1428 manet
508 1358 758 1423 interior;
788 1360 879 1413 sed
905 1376 1040 1414 unus
1064 1360 1312 1428 idemque
1331 1371 1473 1413 totus
1500 1360 1716 1427 ubique,
1742 1374 1880 1427 prte-

289 1427 525 1499 sidendo
548 1430 840 1495 sustinens,
864 1427 1245 1485 circumdanda
1270 1439 1576 1496 penetrans,
1604 1440 1879 1499 penetran-

291 1496 779 1571 tlo_circumdans,
814 1500 951 1554 unde
994 1501 1242 1570 superius
1288 1496 1616 1571 prmsidens,
1659 1500 1880 1571 inferius

290 1567 423 1621 inde
454 1571 722 1623 sustinens
742 1567 841 1631 ,Vct
866 1572 1005 1625 unde
1027 1567 1262 1625 citerius
1289 1567 1553 1635 ambiens,
1584 1570 1708 1624 inde
1739 1572 1876 1624 inte-

292 1638 412 1711 rius
440 1641 654 1707 replens
678 1657 692 1705 ;
720 1643 837 1696 sine
858 1641 1221 1711 inquietudine
1247 1642 1492 1710 superius
1521 1656 1733 1709 regens,
1764 1640 1880 1695 sine

292 1705 485 1763 labore
504 1705 737 1765 inferius
766 1705 1067 1777 sustinens;
1096 1705 1326 1766 interius
1349 1714 1465 1767 sine
1501 1705 1879 1764 exfenuatione

292 1790 611 1848 penetrans,
643 1783 878 1838 exterius
907 1785 1024 1836 sine
1053 1786 1367 1838 extensione
1396 1780 1754 1835 circumdatis.
1789 1782 1880 1835 Est

292 1849 737 1922 ltaqueinfericr,
767 1864 815 1906 et
851 1853 1098 1922 superior
1114 1854 1229 1907 sine
1257 1854 1396 1916 loco,
1431 1862 1513 1906 est
1535 1852 1741 1921 amplus
1760 1853 1875 1905 sine

293 1917 605 1985 latitudine,
637 1932 719 1977 est
747 1917 959 1977 subtilis
989 1923 1106 1978 sine
1136 1925 1515 1977 attenuatione.
1570 1941 1588 1973 ο

370 1991 535 2061 328
564 1992 630 2045 Et
651 1995 825 2047 oculos
856 1994 1103 2064 Domini]
1138 2012 1156 2043 ε
1191 1995 1388 2048 Oculus
1415 1994 1528 2057 Dei,
1562 1991 1733 2064 inquit
1764 1992 1877 2047 [lil-

294 2059 573 2133 demari'is,
592 2064 787 2117 dicitur
808 2065 895 2117 illa
918 2066 998 2119 vis
1014 2059 1187 2118 divina
1213 2081 1315 2133 qua
1338 2072 1527 2117 cuncta
1552 2063 1715 2133 videt,
1740 2066 1879 2117 sicut

296 2131 449 2185 auris
476 2132 670 2187 dicitur
701 2134 788 2187 illa
812 2135 895 2188 vis
920 2136 1095 2188 divina
1123 2131 1444 2203 qna—cuncta
1469 2132 1633 2185 audit.
1669 2151 1687 2183 ι
1727 2133 1876 2199 Sive,

294 2203 656 2273 ntaitBern.
689 2204 866 2265 Cass”
905 2224 922 2255 ι
961 2207 1249 2260 Oculorum
1293 2206 1408 2273 ejus
1454 2204 1751 2273 speculatio
1798 2213 1881 2258 est
1928 2232 1931 2233 ν

294 2270 617 2344 inlallibilis,
651 2283 705 2328 et
736 2276 1059 2342 plenissimae
1098 2270 1337 2344 scientiae
1360 2270 1525 2344 ipsius
1551 2274 1807 2343 cognitio.
1857 2293 1875 2326 ι

374 2342 646 2409 Speculari
678 2346 833 2398 bonos
861 2356 909 2399 et
949 2343 1158 2415 malos.]
1203 2342 1393 2400 Barros
1423 2355 1481 2398 ut
1520 2342 1877 2413 corrigantur,

295 2412 378 2465 nit
408 2415 599 2466 iterum
631 2415 985 2481 Hildemarus,
1012 2412 1157 2469 sicut
1177 2418 1412 2482 reSpcxit
1438 2412 1685 2477 Petrum;
1714 2416 1882 2471 malos

295 2495 357 2537 ut
390 2484 696 2550 puniantur,
728 2496 781 2539 et
806 2488 1251 2550 condemnentur,
1295 2488 1431 2542 sicut
1463 2487 1765 2554 respexisse
1806 2487 1880 2540 Ie-

296 2554 458 2627 gitur
497 2567 675 2627 castra
720 2556 1113 2627 Egyptiorum,
1149 2558 1276 2612 solis
1305 2558 1564 2620 adinstar,
1591 2556 1683 2626 qui
1710 2567 1761 2609 et
1794 2571 1882 2611 ce-

296 2638 416 2678 ram
449 2625 717 2691 liquofacit
742 2625 985 2682 et’l'utum
1020 2628 1253 2682 indurat.

377 2694 603 2770 Maxime
621 2707 785 2752 tamen
803 2702 898 2751 hoc
918 2700 1025 2752 sine
1042 2700 1211 2768 aliqua
1235 2699 1325 2751 du.’
1341 2698 1551 2753 itatione
1571 2697 1882 2770 credamus.]

297 2765 456 2839 Quod
485 2767 559 2820 ait
585 2771 803 2821 maxime
836 2785 938 2823 non
964 2770 1041 2823 sic
1069 2765 1385 2839 capiendum
1428 2779 1529 2834 est,
1560 2770 1711 2838 quasi
1745 2765 1886 2823 Deus

297 2838 486 2910 inagis
505 2854 611 2892 uno
654 2850 798 2893 esset
826 2840 877 2892 in
921 2841 1059 2904 loco,
1096 2838 1253 2910 quam
1287 2840 1420 2901 alio;
1454 2843 1546 2892 sed
1574 2840 1639 2891 ad
1668 2854 1764 2892 nos
1794 2854 1882 2893 re-

297 2907 431 2961 ferri
461 2909 637 2972 ileliet,
664 2926 767 2962 non
787 2911 849 2963 ad
879 2911 1041 2964 Deum
1068 2907 1259 2975 ipsum,
1293 2920 1347 2963 ut
1380 2920 1498 2977 post
1522 2910 1883 2963 Hildeniarum

299 2977 462 3032 ducet
490 2979 791 3033 Bernardus
821 2981 1030 3033 Cassin.
1066 2983 1126 3034 Et
1157 2992 1324 3043 certe,
1364 2998 1381 3030 ς
1417 2980 1541 3034 licet
1565 2994 1777 3046 semper
1807 2981 1887 3031 vi-

299 3051 549 3115 deamur,
582 3052 672 3103 sed
706 3059 831 3104 tunc
869 3054 1026 3105 etiam
1058 3061 1445 3120 prmsentamus
1469 3060 1521 3103 et
1549 3049 1885 3103 ostendimus

300 3133 403 3175 nos
433 3121 584 3189 quisi
616 3120 750 3175 facie
779 3122 842 3174 ad
881 3122 1070 3176 faciem
1100 3138 1219 3174 cum
1254 3123 1361 3173 Deo
1403 3121 1716 3188 loquentes,
1752 3135 1770 3170 ι
1805 3120 1886 3173 in-

300 3190 418 3260 quit
446 3191 581 3245 alter
609 3192 911 3245 Bernardus
938 3193 1109 3247 abbas
1131 3190 1561 3260 Clarevallensis.

1910 1892 2054 1974 BDi

1984 596 2227 657 Oporteat
2247 586 2437 639 divinm
2461 587 2713 654 potentia:
2737 585 2976 640 famulari
3001 587 3224 657 sollicita
3250 586 3413 657 329
3431 603 3564 648 cura

1987 655 2243 722 omnique
2299 657 2476 709 Studia
2536 660 2891 723 prosequitur.
2941 676 2959 709 ι
3003 656 3100 711 Cui
3154 655 3413 712 consonat
3471 660 3560 712 illa

1985 723 2235 792 Prusperi
2284 727 2583 790 Aquitanici
2639 729 2898 781 sententia
2950 728 3057 781 72:
3105 745 3122 777 ι
3169 726 3335 781 Recte
3376 729 3426 781 in
3463 727 3560 784 Dei

1984 794 2195 849 laudem
2249 796 2445 860 psallit,
2491 797 2642 865 cujus
2671 812 2831 865 opera
2878 813 2997 851 cum
3050 812 3180 851 voce
3209 799 3560 853 concordant.

1983 865 2115 918 Nam
2152 866 2302 918 linito
2347 869 2583 921 carmine
2610 883 2712 921 vox
2762 877 2931 932 tacet,
2965 870 3069 922 vita
3102 877 3278 921 autem
3322 868 3373 921 in
3407 868 3561 922 bonis

1982 936 2192 1009 actibus
2239 951 2558 1003 permanens
2588 954 2857 1007 nunquam
2904 939 3092 994 reticet
3140 938 3257 1007 ejus
3302 938 3559 1009 gloriam,

1982 1022 2138 1075 quem
2169 1007 2220 1058 in
2253 1020 2311 1059 se
2336 1009 2530 1068 gaudet
2555 1011 2785 1075 operari.
2835 1028 2853 1061 ι

2058 1076 2301 1150 Denique
2321 1077 2567 1150 Nicolans
2600 1081 2667 1132 de
2710 1080 2959 1137 Fractura
2992 1096 3004 1131 :
3045 1097 3062 1129 ‹
3093 1090 3263 1133 nemo
3284 1126 3298 1148 ,
3353 1079 3559 1150 inquit,

1983 1147 2253 1216 sapienter
2280 1146 2401 1201 facit
2432 1150 2571 1217 quod
2607 1164 2712 1202 non
2759 1150 3006 1217 intelligit
3036 1168 3048 1201 :
3082 1150 3199 1203 ideo
3231 1146 3350 1203 cum
3380 1146 3557 1218 psalli-

1984 1232 2121 1280 mus,
2156 1219 2426 1284 sapienter
2457 1219 2767 1287 psallamus,
2813 1222 2862 1274 id
2892 1230 2973 1274 est
3002 1236 3121 1273 cum
3149 1221 3291 1274 omni
3329 1223 3561 1287 puritate

1984 1287 2146 1359 animi
2166 1329 2180 1351 ,
2206 1290 2560 1359 et_iutellectu
2588 1305 2771 1344 eorum
2803 1306 2921 1359 qua:
2950 1306 3159 1345 sursum
3185 1300 3326 1343 sunt.
3363 1308 3381 1342 i

2057 1357 2122 1411 Et
2145 1373 2163 1410 :
2191 1376 2209 1409 r
2237 1357 2309 1433 Δ1η
2328 1357 2925 1433 conspectuangelorum
2952 1363 3168 1433 psallam
3194 1362 3303 1415 tibi.
3327 1359 3560 1433 t]Quem

1984 1428 2160 1483 locum
2219 1429 2426 1485 duobus
2454 1428 2648 1483 modis
2698 1428 2961 1500 explicat
2996 1428 3403 1485 llildemarusft
3444 1432 3563 1488 Uno

1985 1501 2167 1571 modo,
2203 1500 2373 1571 inquit
2399 1542 2414 1565 ,
2443 1502 2775 1571 intelligitur,
2812 1505 2934 1568 quia
2963 1518 3084 1557 cum
3118 1503 3390 1570 psallimus
3418 1502 3551 1566 Dee,

1985 1570 2366 1641 assistentibus
2421 1570 2635 1641 angelis
2658 1573 2929 1641 psallimus
2955 1617 2968 1641 ,
2999 1573 3121 1641 quia
3156 1572 3293 1627 Deus
3324 1587 3427 1627 non
3478 1582 3562 1627 est

1984 1640 2102 1693 sine
2131 1641 2245 1695 suis
2267 1643 2484 1707 nuntiis,
2506 1640 2675 1708 atque
2702 1644 2977 1697 ministris.
3002 1640 3181 1697 Altero
3209 1643 3368 1697 modo
3395 1644 3553 1699 intel-

1985 1709 2185 1778 ligitur,
2211 1712 2349 1778 quod
2383 1713 2426 1765 si
2458 1727 2555 1766 nos
2593 1714 2917 1767 intr-adimus
2938 1714 3099 1768 corde
3128 1714 3268 1782 quod
3300 1730 3394 1767 ore
3425 1714 3559 1769 dici-

1984 1795 2125 1852 mus,
2160 1792 2337 1834 nostra
2368 1784 2591 1838 intentio
2619 1784 2899 1838 intentioni
2929 1785 3237 1851 angelorum
3264 1785 3556 1852 jungitur»

2057 1849 2199 1925 Ergo
2231 1853 2607 1925 consideremus
2630 1856 2847 1921 qualiter
2866 1849 3091 1925 oporteat
3113 1871 3204 1908 nos
3229 1849 3281 1917 in
3294 1849 3562 1925 conspectu

2059 1922 2277 1996 rinitatis
2296 1933 2362 1996 Aet
2409 1926 2710 1996 angelorum
2737 1927 2848 1994 ejus
2884 1922 3038 1996 esse]
3068 1926 3141 1980 Ne
3173 1925 3308 1980 forte
3330 1922 3483 1996 cadat
3508 1925 3562 1979 in

1986 2006 2100 2064 nos
2126 1992 2379 2064 terribilis
2420 1992 2506 2046 illa
2537 1995 2592 2050 S.
2624 1992 2877 2048 Bernardi
2919 1992 3264 2064 exprobratio
3293 1995 3497 2061 (Serm.
3530 1996 3563 2049 7

1983 2062 2211 2137 inﬂant.
2244 2062 2375 2117 Vide
2401 2066 2548 2133 epist.
2569 2066 2637 2137 7‘8
2657 2066 2724 2116 ad
2751 2062 3025 2137 Sugerium
3053 2065 3302 2137 abbatem)
3325 2083 3369 2117 τι
3399 2066 3565 2121 Doleo

1985 2134 2192 2199 aliquos
2208 2142 2441 2205 vestrum
2463 2134 2610 2202 gravi
2629 2136 2680 2187 in
2698 2134 2867 2189 sacris
2896 2137 3085 2201 vigiliis
3108 2134 3331 2205 deprimi
3349 2151 3561 2201 somno,

1989 2218 2091 2257 nec
2117 2204 2239 2256 cceli
2272 2205 2418 2258 cives
2451 2208 2710 2270 revereri,
2740 2206 2835 2259 sed
2867 2211 2915 2258 in
2947 2204 3230 2273 praisentia
3263 2208 3565 2276 principum

1990 2284 2243 2342 tanquam
2277 2284 2517 2327 mortuos
2548 2291 2807 2344 apparere
2829 2318 2842 2337 ,
2875 2291 2996 2330 cum
3036 2286 3209 2330 vestra
3243 2278 3340 2342 ipsi
3373 2277 3564 2331 alacri-

1986 2352 2095 2397 tate
2126 2347 2349 2410 permoti
2378 2346 2569 2399 vestris
2596 2347 2856 2400 interesse
2882 2347 3161 2400 solemniis
3190 2348 3522 2402 delectentur
3548 2364 3560 2399 :

1989 2428 2179 2488 vereor
2211 2430 2274 2488 ne
2304 2424 2544 2469 vestram
2566 2417 2825 2470 desidiam
2849 2418 3168 2488 quandoque
3195 2417 3567 2472 abominantes

1991 2499 2111 2539 cum
2158 2486 2522 2554 indignatione
2554 2489 2836 2558 rrcedant,
2870 2497 2924 2541 et
2954 2486 3167 2554 incipiat
3199 2489 3566 2558 unusquisque

1987 2566 2220 2609 vestrum
2246 2572 2368 2610 sero
2397 2572 2516 2610 cum
2546 2559 2743 2624 gemitu
2770 2557 2951 2611 dicere
2989 2557 3096 2611 Deo
3135 2573 3150 2610 :
3186 2558 3367 2625 Longe
3396 2558 3566 2614 fecisti

1988 2634 2150 2681 notos
2171 2642 2319 2681 meos
2346 2643 2374 2680 a
2406 2643 2512 2693 me,
2537 2638 2828 2695 posuerunt
2851 2643 2936 2682 me
2971 2628 3419 2683 abominationem
3442 2627 3569 2683 sibi.

1986 2697 2323 2764 Quapropter
2353 2698 2613 2751 attendite
2642 2699 2909 2767 principes
2940 2709 3145 2754 vestros
3175 2714 3296 2752 cum
3319 2700 3473 2752 statis
3502 2697 3568 2756 ad

1986 2768 2269 2827 orandum.
2302 2770 2383 2822 vel
2419 2770 2749 2837 psallendum
2779 2810 2793 2833 ,
2837 2779 2889 2823 et
2915 2779 3051 2822 state
3079 2785 3199 2823 cum
3243 2769 3563 2832 reverentia,

1987 2846 2040 2891 et
2066 2837 2774 2906 disciplina”..Usurpemus
2794 2839 3050 2903 ofiiciuui,
3075 2855 3297 2907 quorum
3315 2840 3570 2894 sortimur

1989 2910 2353 2960 consortium:
2388 2917 2445 2961 ut
2486 2910 2538 2961 in
2584 2924 2677 2963 ore
2707 2908 2985 2962 infantium
3019 2921 3069 2963 et
3104 2910 3412 2963 lactentium
3447 2924 3568 2976 per-

1992 2977 2201 3030 ficiatur
2231 2978 2366 3040 laus,
2400 2978 2642 3033 dicamus
2670 2981 2782 3033 eis:
2811 2980 3028 3032 Psallite
3053 2980 3162 3033 Deo
3193 2990 3397 3045 nostro,
3431 2980 3568 3043 psal-

1991 3046 2113 3117 lite;
2141 3058 2299 3115 atque
2317 3050 2593 3101 audiamus
2608 3065 2701 3101 eos
2724 3051 2953 3102 vicissim
2980 3049 3362 3117 respondentes
3386 3065 3401 3103 :
3429 3048 3568 3103 Psal-

1996 3116 2088 3170 Iite
2112 3118 2239 3187 Regi
2267 3129 2471 3181 nostro,
2504 3121 2734 3185 psallite.
2771 3138 2789 3171 ι

2066 3187 2131 3241 Et
2157 3193 2227 3241 sic
2249 3199 2438 3241 stemus
2462 3190 2529 3242 ad
2557 3187 2922 3259 psallendum]
2953 3189 3119 3254 Quem
3150 3190 3199 3243 in
3232 3189 3407 3243 locum
3442 3189 3568 3244 Ber-

376 3260 506 3313 Cum
544 3262 611 3313 ad
656 3280 785 3332 opus
817 3264 1043 3315 divinum
1086 3259 1415 3331 assistimus.]
1464 3262 1710 3332 Adropus
1749 3259 1886 3314 divi-
1915 3264 1962 3329 α
1995 3259 2195 3332 nardus
2221 3259 2557 3332 Cassinensis
2590 3279 2602 3314 :
2631 3280 2661 3332 _r
2702 3260 2815 3314 Non
2860 3261 2993 3332 dixit
3035 3263 3295 3313 sedeamus
3334 3260 3403 3312 ad
3436 3261 3569 3327 psal~

301 3346 465 3396 num,
491 3333 585 3394 ait,
632 3351 649 3382 ‹
690 3330 802 3400 ηιιο
830 3334 1042 3402 quidem
1077 3334 1311 3398 nomine,
1343 3330 1409 3384 ut
1427 3331 1661 3402 loquitur
1689 3330 1882 3402 iterum

304 3403 364 3455 8.
399 3402 699 3455 Bernardus
723 3401 916 3467 (Serui.
942 3406 1030 3468 47,
1060 3405 1110 3455 in
1139 3402 1338 3471 Cunt.),
1363 3401 1574 3455 laudum
1599 3401 1880 3465 solemnia,

307 3485 429 3543 qua:
460 3472 567 3543 Deo
598 3474 647 3525 in
676 3475 912 3525 oratorio
936 3475 1169 3542 quotidie
1202 3475 1598 3543 persolvuntur,
1624 3473 1683 3525 P.
1714 3473 1885 3543 Bene-

308 3539 487 3594 dictus
515 3542 633 3595 ideo
659 3544 821 3595 νυιιιίι
850 3539 1138 3612 appellare,
1174 3539 1227 3596 u't
1256 3560 1319 3598 ex
1355 3543 1457 3595 hoc
1484 3543 1679 3596 clarius
1705 3541 1883 3611 aperi-

308 3622 392 3666 ret
421 3627 579 3678 quam
610 3628 705 3666 nos
734 3615 883 3678 orcri
909 3615 980 3667 illi
1014 3616 1139 3669 velit
1168 3630 1284 3669 esse
1310 3614 1562 3667 intentos.
1606 3633 1623 3665 ι

381 3682 513 3755 Ideo
533 3700 728 3755 semper
750 3700 995 3738 memores
1016 3687 1171 3738 simus
1192 3688 1329 3755 quod
1346 3686 1417 3755 ait
1443 3684 1738 3752 Pmpheta:
1761 3684 1886 3755 Ser:

308 3754 406 3826 uite
434 3748 736 3826 Doniino‘in
783 3756 995 3823 timore;
1019 3766 1065 3808 et
1095 3748 1274 3809 itrrum
1300 3772 1317 3809 .·
1346 3748 1560 3809 Psallite
1586 3753 1885 3826 sapienter.]

308 3823 445 3894 Quid
475 3824 544 3877 sit
572 3823 803 3891 psallere
834 3828 1102 3894 sapienter
1129 3828 1272 3881 varie
1305 3841 1331 3877 a
1377 3827 1542 3879 variis
1580 3823 1883 3892 exponitur:

305 3891 491 3968 l’i'imo
517 3897 656 3968 enim
776 3891 999 3968 Basilius
1026 3896 1113 3968 (In
1144 3897 1351 3967 Regul.,
1382 3897 1523 3964 apud
1553 3891 1749 3968 Παβη..
1770 3912 1884 3964 cap.

308 3964 401 4031 57)
428 3981 440 4014 :
474 3983 491 4035 ς
533 3965 587 4020 Si
615 3966 753 4031 quis,
784 3966 975 4035 inquit,
1007 3964 1073 4020 ita
1105 3964 1337 4021 animam
1367 3983 1515 4020 suam
1551 3967 1793 4020 intendat
1822 3969 1885 4020 ad

306 4034 517 4107 singula
549 4036 711 4089 verba
742 4037 1090 4103 psalmorum,
1123 4040 1183 4092 sit
1204 4047 1262 4090 ut
1302 4047 1488 4107 gustus
1520 4038 1760 4092 intentus
1806 4048 1889 4092 est

308 4108 375 4157 ad
404 4105 778 4159 discretionem
807 4109 1011 4175 saporis
1032 4105 1424 4175 ciborum,'iste
1442 4109 1631 4175 estqui
1656 4109 1889 4177 complet

309 4177 415 4247 ltoc
441 4178 581 4244 quod
617 4177 849 4229 dicitur:
888 4179 1099 4231 Psallite
1131 4182 1423 4247 sapienter.
1470 4197 1483 4227 ι
1537 4178 1733 4232 Bisilio
1762 4194 1890 4232 con-

308 4246 490 4302 cinere
519 4248 729 4301 videtur
770 4248 1104 4303 Ilildemarus
1144 4249 1225 4301 liis
1255 4249 1470 4303 verbis:
1520 4266 1537 4299 ι
1589 4248 1681 4301 Ille
1712 4250 1891 4318 psallit

306 4318 613 4388 sapienter,
659 4319 748 4388 qui
782 4319 923 4388 quod
965 4336 1061 4376 ore
1106 4320 1254 4382 dicit,
1286 4320 1449 4373 corde
1495 4320 1711 4388 cogitat.
1762 4338 1780 4370 ι
1828 4320 1891 4374 Ει

306 4387 615 4442 Bernardus
645 4387 1014 4444 Cassiiiensis:
1050 4410 1066 4442 ι
1118 4391 1333 4445 Psallite
1360 4387 1651 4458 sapienter.
1690 4392 1788 4443 hoc
1810 4399 1892 4444 est

306 4460 526 4526 sapide,
556 4459 607 4513 id
637 4471 717 4514 est
748 4474 865 4513 cum
908 4460 1209 4515 devotionis
1238 4476 1458 4527 sapore,
1492 4469 1548 4514 ut
1579 4469 1688 4513 toto
1736 4476 1891 4529 posse

306 4530 574 4595 cogitetur
591 4531 729 4599 quod
751 4532 1026 4599 psallendo
1046 4533 1269 4585 habetur
1294 4532 1346 4585 in
1365 4546 1475 4585 ore.
1504 4532 1727 4598 Quidam
1747 4532 1888 4586 enim

308 4601 567 4673 psallunt,
597 4601 689 4655 sed
722 4603 1055 4671 inSIpienter,
1107 4604 1228 4673 quia
1265 4602 1425 4656 corde
1462 4603 1905 4673 vagante,solus-

305 4681 391 4723 est
416 4672 471 4741 in
498 4671 575 4723 eis
620 4674 875 4741 strepitus
912 4671 1195 4729 labioruin.
1229 4673 1322 4727 Ille
1367 4673 1528 4727 etiam
1579 4672 1891 4741 insipienter

306 4740 513 4806 psallit,
539 4742 626 4808 qui
656 4740 1020 4800 modulatione
1051 4746 1197 4799 vocis
1224 4745 1395 4798 Solum
1422 4740 1758 4797 audientibus
1780 4744 1892 4805 pla-

305 4825 432 4865 cere
486 4812 730 4868 intendit.
777 4832 795 4864 ι
843 4815 987 4871 ldetn
1035 4817 1195 4870 habet
1243 4814 1519 4868 Βοιωτίης.
1564 4814 1677 4867 Iluc
1729 4814 1888 4867 etiam

306 4884 510 4953 faciunt
540 4883 625 4935 illa
658 4886 713 4938 8.
748 4885 1001 4940 Bernardi
1048 4887 1205 4941 verba
1249 4888 1443 4953 (Serm.
1490 4886 1542 4944 7.
1576 4885 1629 4937 in
1671 4884 1847 4948 Cant.)
1876 4904 1886 4937 :

312 4970 333 5003 ι
383 4951 615 5007 Laudem
645 4970 771 5024 ergo
794 4972 915 5010 cum
942 4957 1064 5013 (ξωιί
1086 4951 1393 5011 cantoribus
1423 4959 1475 5009 in
1497 4969 1780 5008 commune
1809 4956 1891 5008 di-

306 5033 524 5091 centes,
578 5036 762 5093 utpote
802 5028 944 5081 cives
997 5038 1301 5083 sanctorum
1348 5038 1400 5080 et
1446 5027 1721 5081 domestici
1770 5026 1883 5093 Dei,

306 5094 519 5163 psallite
545 5099 833 5163 sapienter.
874 5098 1039 5153 (libris
1071 5100 1122 5153 in
1154 5115 1248 5152 ore
1280 5098 1515 5166 ps:ilmus
1540 5098 1591 5149 in
1622 5096 1783 5150 corde
1805 5112 1889 5149 sa-

308 5166 425 5232 pit;
460 5174 662 5239 tantum
707 5179 878 5222 terere
925 5185 1029 5223 non
1076 5171 1307 5239 negligat
1354 5168 1524 5222 fidelis
1568 5176 1621 5222 et
1657 5167 1888 5237 prudens

308 5240 485 5309 anima
518 5237 833 5304 quibusdam
866 5239 1112 5293 dentibus
1146 5237 1507 5309 intelligentiae
1556 5254 1687 5309 sum,
1740 5253 1805 5291 ne
1846 5239 1889 5291 si

310 5304 447 5379 forte
492 5308 751 5377 integrum
802 5309 1016 5379 glutiat,
1049 5322 1101 5364 et
1144 5326 1247 5363 non
1299 5304 1575 5373 mansum,
1609 5308 1891 5363 frustretur

307 5376 537 5443 palatum
566 5376 758 5445 sapore
785 5376 1127 5435 d'esiderabili
1156 5391 1209 5435 et
1236 5380 1461 5435 dulciori
1510 5395 1672 5445 super
1701 5382 1803 5434 mel
1835 5388 1890 5434 et

306 5446 557 5521 favum.)
586 5450 647 5503 Et
670 5458 816 5503 certe
838 5452 880 5505 si
902 5451 1053 5521 juxta
1076 5455 1319 5506 eumdem
1349 5452 1883 5520 Bernardum(Serm.

306 5518 395 5590 85,
422 5520 473 5570 in
503 5518 702 5588 Cant.),
727 5521 814 5573 ille
835 5518 1037 5590 sapiens
1064 5533 1157 5585 est,
1188 5525 1267 5576 cui
1294 5522 1429 5575 Deus
1455 5524 1609 5589 sapit,
1632 5522 1645 5575 i
1673 5518 1719 5575 le
1747 5523 1889 5588 psal-

306 5588 416 5661 Lere
447 5591 718 5661 sapienter
747 5588 1038 5659 dicendus,
1070 5597 1155 5645 cui
1212 5594 1348 5646 Deus
1399 5595 1675 5661 psallendo
1723 5595 1881 5658 sapit.

306 5659 561 5716 Eamdem
590 5663 1002 5731 explicationem
1035 5663 1195 5717 etiam
1228 5664 1375 5732 sequi
1402 5659 1617 5718 videtur
1642 5663 1886 5731 Magister

306 5732 357 5788 in
387 5732 605 5799 Regula,
630 5748 745 5800 cap.
777 5734 865 5787 47.

376 5804 542 5858 Aliter
562 5803 761 5873 [tegula
786 5803 998 5860 Patrum
1024 5821 1051 5859 a
1076 5806 1132 5860 8.
1170 5805 1457 5859 Bcned'cto
1490 5803 1800 5867 Anianensi,
1832 5813 1887 5858 et

306 5884 339 5929 ε
367 5874 658 5944 Smaragdo
685 5876 771 5933 hic
801 5878 995 5937 citata:
1035 5896 1051 5930 ς
1101 5878 1381 5947 Sapienter
1410 5876 1586 5947 psallit
1636 5876 1723 5945 qui
1772 5876 1885 5933 voci

1920 4641 1972 4700 D

1991 3329 2198 3383 lendum
2224 3345 2241 3393 ;
2274 3331 2365 3383 sed
2397 3342 2583 3384 stenms
2612 3330 2768 3396 dixit,
2800 3340 2855 3383 ut
2887 3330 3083 3384 indicet
3103 3345 3296 3398 corpus
3333 3342 3571 3387 erectum

1989 3414 2110 3454 esse
2134 3400 2352 3463 debere,
2388 3412 2445 3455 ut
2474 3412 2705 3454 eiectam
2740 3402 2900 3455 etiam
2934 3412 3079 3455 notet
3113 3411 3345 3455 mentem
3387 3420 3401 3455 :
3434 3401 3572 3455 unde

1994 3485 2166 3535 usque
2198 3472 2355 3524 liodse
2382 3471 2432 3524 in
2479 3472 2698 3538 psalmis
2724 3471 2977 3525 canendis
3008 3486 3111 3523 non
3152 3472 3346 3525 sedent
3386 3471 3573 3525 fratres

1988 3539 2054 3664 ἰιέ
2073 3541 2595 3664 MonlgCassinensi,
2612 3552 2717 3597 etc.
2743 3560 2761 3594 ι
2783 3543 2875 3597 sed
2900 3542 2965 3596 de
2981 3542 3062 3597 liis
3080 3542 3327 3612 superius
3344 3541 3574 3598 diximus

1988 3625 2019 3664 a
2082 3627 2199 3664 can.
2263 3652 2275 3664 .

1988 3612 2054 3666 ad
2082 3627 2199 3666 can.
2223 3612 2275 3666 9.

2114 3628 2140 3661 a
2188 3652 2199 3663 .
2263 3652 2275 3665 .

2066 3628 2305 3736 ῧιιῖηἴηε
2351 3691 2524 3735 nostra
2555 3683 2825 3736 concordet
2856 3684 2967 3737 coci
3000 3681 3236 3754 nostum]
3269 3683 3469 3754 Etlioc
3493 3692 3576 3754 est

1990 3753 2323 3819 potissimum
2356 3754 2495 3822 quod
2542 3763 2653 3807 toto
2695 3754 2728 3807 li
2754 3768 2862 3807 vere
2901 3755 3135 3819 capitulo
3174 3753 3484 3809 intendebat
3513 3753 3581 3810 S.‘

1993 3824 2343 3888 Benedictus;
2378 3825 2497 3877 ideo
2524 3826 2666 3877 enim
2694 3825 2944 3893 pra-misit
2970 3824 3201 3878 divinam
3230 3824 3420 3879 adesse
3442 3839 3576 3894 prat-

1991 3894 2219 3948 sentiam
2253 3909 2374 3947 cum
2426 3895 2492 3947 ad
2543 3909 2675 3961 Opus
2718 3895 2956 3948 divinum
2990 3895 3292 3949 assistimus
3317 3937 3332 3956 .
3366 3895 3417 3948 in
3450 3909 3576 3950 con-

1992 3977 2176 4031 Spectu
2208 3965 2519 4033 angelorum
2552 3980 2647 4017 nos
2669 3965 2916 4032 psallere,
2950 3964 3060 4019 Deo
3089 3966 3429 4020 serviendum
3458 3979 3578 4021 esse

1991 4051 2113 4090 cum
2161 4037 2387 4095 timore,
2424 4036 2866 4103 psallendumque
2912 4035 3207 4103 sapienter,
3255 4044 3314 4089 ut
3365 4036 3577 4092 tandem

1992 4104 2341 4160 concluderet
2371 4122 2382 4157 :
2409 4104 2498 4158 Sic
2519 4114 2723 4159 stemus
2744 4107 2810 4158 ad
2843 4105 3178 4173 psallendum
3207 4116 3262 4159 ut
3294 4120 3446 4159 mens
3473 4120 3573 4158 no-

1991 4185 2098 4229 stra
2124 4174 2414 4229 concordet
2438 4175 2555 4227 voci
2589 4184 2805 4228 nostrae.
2840 4175 2983 4228 Idem
3016 4186 3233 4228 monent
3257 4176 3311 4229 8.
3350 4175 3576 4229 Basilius

1997 4244 2086 4313 (In
2111 4246 2333 4298 Admoti.
2366 4247 2417 4297 in
2456 4244 2642 4312 llegul.
2673 4260 2794 4312 cap.
2828 4243 2885 4313 9)
2922 4262 2934 4296 :
2974 4263 2991 4294 ι
3022 4245 3098 4299 Ne
3134 4245 3417 4299 dissonans
3447 4246 3517 4299 sit
3545 4261 3575 4299 ι

1993 4330 2127 4370 sono
2156 4316 2299 4369 vocis
2326 4323 2429 4369 tua:
2457 4330 2647 4369 sensus
2676 4325 2824 4378 tuus;
2848 4316 2939 4368 sed
2973 4316 3027 4369 in
3048 4315 3239 4385 linguae
3265 4316 3424 4370 verba
3452 4315 3576 4385 vigil

1994 4386 2250 4440 intendat.
2290 4405 2308 4438 ι
2342 4387 2400 4441 8.
2429 4386 2754 4454 Augustinus
2777 4385 2989 4456 (liegul.
3021 4403 3137 4455 cap.
3168 4388 3223 4455 7)
3258 4403 3270 4441 :
3299 4405 3316 4437 ι
3350 4385 3577 4443 Psalmis

1991 4468 2044 4513 et
2074 4457 2285 4528 hymnis
2314 4472 2433 4511 cum
2463 4457 2629 4510 oratis
2657 4456 2822 4528 Deum
2848 4496 2872 4528 ,ί
2895 4458 2996 4528 hoc
3025 4466 3271 4513 versetur
3316 4455 3368 4510 in
3411 4457 3576 4513 corde

1993 4527 2133 4597 quod
2165 4530 2428 4596 profertur
2459 4530 2508 4581 in
2536 4542 2684 4582 voce.
2725 4547 2745 4579 ι
2774 4527 2831 4582 8.
2863 4527 3099 4583 Isidorus
3131 4545 3144 4582 :
3180 4546 3200 4580 ι
3237 4529 3461 4594 Quando
3490 4542 3579 4583 ce-

1998 4599 2272 4654 lebrantur
2294 4601 2623 4667 psalmorum
2639 4608 2975 4652 sacramenta
2998 4600 3318 4666 spiritualia,
3346 4597 3577 4668 refugiat

1996 4670 2291 4724 monachus
2333 4671 2472 4723 risus
2499 4679 2553 4723 et
2576 4667 2812 4733 fabulas;
2852 4671 2945 4722 sed
2972 4671 3072 4723 hoc
3095 4669 3386 4723 meditetur
3411 4667 3575 4725 corde

1995 4742 2135 4810 quod
2191 4740 2433 4803 psallitur
2476 4754 2591 4793 ore.
2632 4758 2650 4791 ι
2706 4740 2907 4807 Regula
2958 4740 3191 4808 MagiSIri
3222 4739 3391 4807 (Cap.
3421 4739 3485 4793 47
3513 4740 3574 4809 );

2002 4829 2020 4862 ι
2055 4812 2206 4876 Quod
2238 4811 2455 4864 sonatin
2478 4825 2630 4875 voce,
2658 4811 2830 4878 ipsum
2861 4810 2930 4863 sit
2960 4810 3011 4863 in
3041 4820 3219 4866 mente
3244 4810 3407 4880 33o
3436 4811 3578 4877 psal-

1997 4882 2173 4936 lentis.
2209 4901 2228 4933 ι
2262 4882 2319 4935 8.
2344 4880 2644 4934 Bernardus
2674 4900 2687 4933 :
2722 4898 2740 4931 ι
2781 4881 2918 4934 Niliil
2949 4882 3094 4934 aliud
3147 4882 3275 4934 dum
3324 4882 3573 4949 psallitis,

1994 4968 2152 5020 quam
2177 4952 2315 5021 quod
2350 4950 2574 5018 psallitis
2617 4951 2885 5021 cogitetis.
2921 4970 2939 5002 ι
2968 4951 3108 5005 Talis
3130 4960 3246 5005 erat
3269 4954 3325 5005 8.
3355 4951 3577 5007 Adalar-

1995 5023 2131 5089 dus,
2188 5024 2353 5077 abbas
2405 5021 2767 5087 Corbeiensns,
2798 5024 2926 5090 qui,
2975 5022 3242 5078 referente
3291 5022 3578 5077 Paschasio

1996 5093 2248 5148 Itatberto
2278 5094 2330 5147 in
2361 5092 2478 5161 ejus
2517 5092 2656 5158 Vita,
2690 5108 2743 5145 n.
2777 5092 2845 5145 27
2877 5092 3038 5163 (ch.
3070 5108 3141 5155 tv,
3171 5104 3307 5163 part.
3338 5094 3376 5161 i)
3404 5110 3416 5147 :
3462 5112 3479 5145 ι
3521 5093 3580 5149 Si
3654 5138 3668 5151 .

1997 5165 2061 5216 ad
2120 5164 2210 5219 Dei
2269 5164 2518 5218 intrasset
2565 5165 2833 5220 ollicium.
2866 5172 2921 5217 ut
2967 5163 3107 5218 idem
3135 5164 3374 5231 jucunde
3398 5164 3577 5218 animo

1996 5235 2184 5289 solitus
2209 5246 2323 5289 erat
2347 5235 2686 5297 dicere,mox
2713 5248 2900 5288 omnes
2917 5236 3361 5302 cogitationes.et
3386 5248 3574 5287 causas

1998 5322 2175 5361 rerum
2196 5306 2582 5374 temporalium
2606 5316 2731 5359 ante
2757 5306 2951 5359 ostium
2983 5306 3294 5374 reponebat,
3316 5312 3367 5358 et
3392 5319 3575 5357 secum

1999 5388 2138 5430 tutus
2185 5377 2605 5445 ingrediebatur,
2657 5386 2716 5429 ut
2744 5384 2883 5430 totus
2916 5376 3023 5431 Deo
3064 5392 3126 5431 ac
3152 5375 3251 5429 sibi
3280 5375 3513 5428 adesset.
3551 5393 3569 5425 ι

1996 5449 2153 5502 Tales
2174 5458 2327 5501 erant
2352 5448 2522 5502 nostri
2542 5446 2836 5501 Meldcnses
2859 5447 2917 5501 S.
2941 5445 3183 5512 Faronis,
3202 5460 3426 5512 quorum
3455 5460 3576 5512 pro-

1999 5520 2117 5573 bata
2146 5519 2210 5571 ad
2246 5520 2408 5573 Deum
2441 5520 2663 5573 attentio
2694 5517 2897 5587 Utgerii
2940 5518 3126 5571 militis
3162 5516 3575 5587 conversionem

1997 5590 2286 5661 perfectam
2317 5598 2534 5657 Operata
2565 5585 3019 5661 est,gutiihabetur
3040 5589 3093 5642 in
3121 5585 3475 5661 ejus‘Vita,_n.
3505 5585 3573 5639 l9

1998 5656 2430 5732 {Ibidem).Tales
2449 5659 2964 5732 Sancti-Gallenses,
2993 5672 3216 5732 quorum
3234 5656 3572 5732 devotionem

1998 5730 2063 5786 ad
2094 5748 2230 5800 opus
2266 5733 2354 5787 Dei
2386 5732 2753 5799 experimento
2776 5731 3029 5800 didicisse
3068 5730 3580 5800 legunturgimpera-

1998 5799 2142 5857 tores
2161 5803 2321 5858 Ottlio
2344 5815 2395 5857 et
2418 5802 2711 5864 Conradus,
2736 5800 2874 5867 apud
2894 5799 3297 5863 Ekkeliardum,
3317 5799 3368 5853 in
3387 5800 3478 5853 Iili.
3504 5799 3570 5855 de

1996 5875 2208 5931 casibus
2240 5873 2295 5929 S.
2326 5874 2482 5931 Galli.
2510 5872 2650 5930 Talis
2682 5871 2910 5941 denique
2937 5872 2990 5929 in
3020 5871 3357 5928 Cluniacensi
3402 5870 3585 5947 Περι-ιή
