4074 6356
558 390 661 448 479

1920 390 1977 450 S.
2023 391 2080 448 P.
2126 389 2484 447 BENEDICTI

3744 388 3857 446 ‘80

561 502 737 574 dictus
790 504 1085 574 monachus
1117 502 1283 574 (Patr.
1328 502 1454 557 Veii.
1480 503 1568 556 lib.
1617 516 1631 555 i
1669 497 1816 574 lilia,
1855 518 1971 572 cap.
2005 501 2076 556 20
2102 502 2143 572 ),
2179 510 2225 564 Α
2255 517 2421 557 moris
2450 510 2553 574 est.
2586 514 3064 574 se_._sun_ima_cum
3097 499 3394 574 intentione
3418 508 3581 574 atque
3603 499 3850 574 devotio-

563 588 586 624 ί
618 573 719 645 qui
757 573 1062 645 psalterium
1112 576 1407 645 glossatuin
1456 587 1671 645 semper
1712 573 2143 645 circumferebat,

557 643 811 713 quoniam
856 644 1091 712 psalmos
1118 642 1236 698 'non
1287 642 1648 713 perfunctorie
1674 684 1689 707 ,
1724 652 1780 697 ut
1822 644 2143 711 quibusdam

2258 588 2325 626 ne
2348 571 2616 625 cantabat.
2646 569 2742 625 Ubi
2776 571 2965 637 siquid
2990 570 3129 639 quod
3177 584 3283 624 non
3319 570 3643 641 intelligent
3670 570 3849 625 offen-

2254 642 2444 704 disset,
2471 642 2534 694 ad
2564 642 2769 708 glossas
2799 650 2867 693 st-
2885 642 2978 695 tim
3002 641 3217 695 oculum
3242 645 3611 696 convertebat.
3644 659 3665 691 ι

567 772 3834 824 W

1859 899 2251 982 CAPUT
2310 900 2530 983 XX.

1779 1037 1863 1094 De
1907 1034 2253 1095 reverentia
2288 1037 2619 1096 orationis.

626 1156 682 1213 Si
713 1172 832 1212 cum
865 1156 1169 1215 hominibus
1193 1157 1505 1227 potentibus
1538 1158 1789 1213 volumus
1815 1162 1990 1225 aliqua
2018 1172 2145 1227 sug-

551 1261 773 1318 gerere,
830 1262 933 1302 non
986 1248 1358 1316 praesumimus
1404 1248 1504 1302 nisi
1553 1263 1672 1303 cum
1722 1248 2057 1313 humilitate,
2090 1256 2145 1302 et

552 1341 854 1393 reverentia
882 1357 895 1392 :
923 1350 1124 1409 quanto
1143 1342 1313 1409 magis
1340 1340 1565 1394 Domino
1581 1340 1690 1393 Deo
1703 1340 2073 1393 universorum
2091 1348 2138 1403 ³,

551 1443 676 1485 cum
698 1431 844 1485 omni
889 1431 1253 1498 humilitateb,
1287 1440 1343 1486 et
1371 1432 1618 1502 puritatis
1639 1432 1923 1485 devotione
1963 1442 1985 1469 α
2020 1447 2142 1499 sup-

551 1520 855 1592 plicandum
882 1523 999 1577 est?
1028 1522 1090 1577 Et
1115 1522 1293 1577 nonin
1325 1522 1681 1593 multiloquio,
1713 1521 1805 1576 sed
1832 1522 1883 1575 in
1917 1522 2146 1591 puritate

627 1654 845 1717 ‘Flor.,
878 1655 1105 1708 omnium
1144 1664 1460 1707 sanctorum.

551 1794 587 1849 Γ
626 1720 653 1762 δ
684 1724 793 1789 AL,
823 1740 935 1777 cum
957 1725 1094 1779 omni
1125 1726 1463 1788 humilitatis;
1486 1724 1579 1790 al.,
1613 1740 1728 1777 cum
1767 1724 1935 1778 cordis
1966 1723 2137 1778 humi-

571 1804 707 1849 itare.

571 1810 707 1849 uate.

2250 1161 2449 1224 cordis,
2497 1168 2551 1212 et
2602 1168 3017 1228 compunctione
3046 1159 3403 1232 lacrymarum
3448 1174 3546 1216 nos
3597 1163 3842 1217 οιευίιιη

2249 1248 2503 1302 sciamus.
2552 1248 2621 1304 Et
2652 1248 2774 1305 ideo
2801 1250 2982 1304 brevis
3026 1250 3186 1307 debet
3215 1265 3337 1307 esse
3386 1260 3439 1307 et
3486 1267 3619 1321 pura
3648 1258 3844 1317 oratio.

2252 1339 2354 1393 nisi
2381 1340 2516 1396 forte
2538 1356 2609 1395 ex
2634 1340 2825 1397 affectu
2856 1341 3223 1411 inSpirationis
3247 1343 3440 1397 divinae
3461 1344 3648 1413 gratia
3668 1339 3698 1379 ἀ
3732 1358 3845 1411 pro-

2252 1431 2521 1487 tendatur.
2549 1433 2601 1487 lii
2635 1444 2899 1489 conventu
2932 1444 3133 1501 tamen,
3166 1436 3387 1490 omnino
3415 1436 3694 1491 brevietiir
3725 1450 3844 1489 ora-

2254 1524 2369 1591 tio;
2397 1535 2451 1581 et
2473 1526 2614 1582 facto
2642 1528 2796 1598 signo
2825 1544 2853 1581 a
2880 1528 3080 1598 priore,
3112 1543 3300 1583 omnes
3331 1529 3530 1597 pariter
3559 1540 3803 1599 surgant.

2324 1668 2345 1728 ξ
2374 1657 2515 1712 Hild.
2541 1669 2591 1713 et
2624 1658 2814 1723 lladr.,
2846 1669 2893 1713 et
2915 1661 3141 1728 puritate
3171 1661 3467 1715 devotionis.

2319 1725 2345 1764 ἀ
2368 1729 2456 1788 Al.
2486 1729 2634 1784 deest
2656 1732 2855 1800 gratim.

3505 1917 3829 1932 -η-

1868 1993 2519 2059 COMMENTARIUS.

629 2122 692 2178 Si
716 2118 1151 2193 cuin_li_ominibur
1186 2121 1474 2193 potentibus
1499 2122 1737 2193 volumus
1754 2122 1931 2191 aliqua
1960 2136 2139 2193 ευρςθτ
2170 2123 2219 2183 Β
2247 2122 2353 2173 tius
2383 2126 2585 2193 oretnr.
2620 2118 2779 2173 Aliud
2807 2130 2892 2175 est
2932 2135 3112 2193 sermo
3155 2121 3352 2175 multus
3374 2161 3389 2187 ,
3423 2123 3566 2176 aliud
3599 2132 3687 2177 est
3714 2124 3835 2179 diu-

554 2207 687 2257 rrre,
714 2188 845 2263 etc.]
874 2188 1417 2263 Familiarisquidem
1449 2192 1781 2263 comparatio
1800 2232 1814 2256 ,
1840 2188 1943 2248 sed
1973 2188 2138 2247 eo'ad

591 2261 981 2319 ersuadendum
995 2261 1284 2325 efficacior,
1303 2279 1408 2330 quo
1429 2262 1708 2317 familiaris
1723 2263 1890 2330 magis
1913 2278 1975 2316 ac
1995 2274 2139 2317 neta.

591 2278 981 2319 ersuauenuum
995 2278 1284 2325 eiticacior,
1303 2279 1408 2330 quo
1429 2278 1708 2317 tamttiaris
1723 2278 1890 2330 magis
1913 2278 1975 2316 ac
1995 2278 2139 2317 neta.

553 2278 756 2388 Eadem
789 2341 1011 2387 utuntur
1040 2332 1406 2389 Tertullianus
1430 2373 1446 2399 ,
1480 2334 1535 2388 in
1594 2333 1691 2387 lih.
1745 2335 1814 2387 de
1841 2333 1991 2389 Orat.
2022 2349 2036 2398 ;
2084 2333 2142 2389 S.

554 2404 784 2459 Basilius
807 2443 824 2468 ,
855 2403 909 2456 in
958 2402 1147 2471 Regul.
1183 2404 1442 2471 brevior.,
1466 2404 1727 2471 interrog.
1765 2403 1903 2467 20f;
1933 2404 2145 2458 Cassia-

557 2488 680 2539 nus,
706 2475 888 2529 collat.
913 2473 1005 2541 23,
1028 2490 1076 2528 c.
1101 2474 1156 2535 7;
1188 2472 1467 2542 Evagritis.
1499 2476 1549 2528 in
1580 2472 1939 2537 Monachicis,
1965 2489 2019 2527 n.
2054 2474 2142 2541 ll,

555 2553 690 2614 tom.
717 2543 780 2597 lll
814 2544 1050 2597 Monum.
1077 2543 1235 2614 331
1262 2542 1408 2598 Eccl.
1433 2544 1629 2608 Graec;
1652 2542 1710 2599 S.
1738 2544 1957 2613 Eligius.
1994 2544 2140 2598 hom.

554 2613 610 2678 9;
636 2614 839 2683 Haymo
863 2613 1333 2678 Halberstatensis,
1365 2614 1403 2667 l.
1426 2614 1495 2669 de
1528 2615 1815 2678 Varietate,
1843 2614 2007 2679 c.20;
2036 2615 2145 2669 Ma-

552 2684 743 2809 gister,
774 2683 827 2736 in
856 2683 1081 2765 Regula,
1107 2697 1161 2764 ρ.
1206 2683 1309 2765 is;
1344 2683 1695 2753 crimlziicus,
1729 2686 1782 2739 in
1816 2685 2014 2752 Regula
2044 2685 2144 2741 So-

575 2764 658 2809 it..
688 2769 740 2808 c.
782 2755 882 2809 51.
917 2755 1004 2808 ubi
1048 2763 1211 2809 etiam
1254 2764 1519 2809 inteitrtim
1564 2756 1675 2809 lere
1725 2756 1825 2809 hoc
1856 2766 2014 2809 cauut
2049 2756 2144 2809 de-

575 2756 658 2827 it.,
688 2769 740 2827 c.
782 2755 882 2820 51,
917 2755 1004 2808 ubi
1048 2754 1211 2809 etiam
1254 2753 1519 2827 integrum
1564 2756 1675 2811 lere
1725 2756 1825 2810 hoc
1856 2766 2014 2825 caput
2049 2756 2144 2810 de-

552 2824 762 2881 scribit.

630 2896 836 2960 Quanto
862 2895 1024 2963 magis
1052 2893 1274 2948 Domitio
1320 2894 1430 2949 Deo
1467 2896 1819 2951 universorum
1856 2913 1971 2950 cum
2001 2898 2142 2951 omni

556 2965 872 3039 ltumiiitate,
917 2975 965 3039 et
1007 2966 1246 3039 puritatis
1273 2966 1537 3039 devotione
1579 2968 1975 3038 supplicandum
2020 2968 2139 3039 est.]

551 3036 686 3090 Cum
714 3035 883 3099 omni,
916 3035 1104 3103 inquit,
1142 3035 1462 3103 humilitate,
1497 3039 1550 3091 id
1584 3035 1657 3091 est
1681 3035 1926 3104 corporis
1955 3049 2001 3091 et
2025 3035 2140 3091 anil

552 3121 680 3168 mat.
710 3108 784 3160 ait
825 3106 1162 3160 Hildemarus
1194 3122 1208 3159 :
1237 3107 1387 3160 addit
1438 3109 1741 3163 Bernartius
1777 3109 2135 3175 Cassinensis,

550 3184 599 3249 _et
630 3177 763 3249 oris;
796 3188 1019 3249 utraque
1044 3178 1187 3249 enim
1219 3181 1521 3232 necessaria
1545 3189 1648 3246 est,
1669 3190 1950 3249 utramque
1979 3179 2139 3233 etiam

550 3245 734 3301 laudat
754 3249 812 3302 S.
844 3248 903 3301 Ρ.
939 3245 1261 3301 Benedictus
1291 3262 1410 3316 cap.
1437 3250 1490 3303 7.

626 3317 812 3371 Merito
839 3329 1015 3369 autem
1044 3332 1201 3372 orare
1226 3318 1423 3371 volenti
1445 3319 1505 3373 S.
1539 3320 1699 3373 Pater
1718 3318 1965 3373 virtutem
1988 3334 2140 3373 com-

555 3388 773 3442 mendat
804 3387 1143 3453 humilitatis,
1183 3389 1305 3454 quia
1336 3387 1478 3443 Deus
1506 3391 1721 3457 respicit
1764 3392 1814 3442 in
1842 3392 2137 3443 orationem

555 3458 870 3520 humilium,
904 3465 957 3511 et
1010 3474 1116 3511 non
1162 3460 1366 3526 spernit
1411 3475 1596 3528 preces
1625 3475 1809 3514 eorum
1847 3477 1857 3511 :
1896 3462 2036 3513 unde
2076 3461 2134 3514 S.
2164 3489 2209 3551 ρ

558 3526 789 3551 1....---.-,
819 3529 1083 3551 ινιεμ---.-
1120 3526 1293 3551 lf‘_,-.l
1338 3531 1400 3551 ll-
1431 3531 1537 3551 .-:J_
1576 3530 1607 3551 ο
1667 3530 1789 3551 n-.---
1889 3546 2012 3551 -__,__
2065 3531 2126 3551 οὶ

552 3526 791 3598 Joannes
818 3529 1085 3583 Climacus
1118 3526 1314 3598 (Grad.
1338 3526 1538 3592 7;'vide
1570 3530 1631 3585 S.
1659 3530 1811 3583 Bern.
1835 3571 1850 3594 ,
1883 3546 2036 3587 serm.
2065 3531 2135 3585 25

553 3596 877 3669 depivers.)
904 3616 914 3650 :
950 3617 969 3650 ι
1010 3596 1144 3653 Dum
1171 3599 1267 3653 das
1295 3615 1513 3668 operam
1542 3600 1804 3669 precibus,
1837 3610 1914 3652 sta
1952 3616 2131 3653 coram

552 3667 731 3739 judice
764 3669 1145 3724 tremehundus
1169 3710 1184 3734 ,
1229 3667 1344 3723 non
1361 3684 1514 3724 secus
1538 3667 1601 3725 ac
1638 3686 1759 3725 reus
1786 3712 1799 3731 .
1844 3682 1898 3722 ut
1949 3673 2134 3725 humili

532 3740 798 3807 corporis
818 3750 957 3794 statu
986 3739 1135 3804 lotis,
1164 3749 1217 3795 et
1245 3740 1409 3793 animi
1433 3742 1595 3805 intus,
1622 3740 1750 3810 justi
1775 3741 1974 3810 judieis
2000 3743 2134 3795 iram

551 3811 861 3879 exsﬁnguas
885 3826 1020 3865 :non
1034 3811 1178 3866 enim
1205 3821 1379 3879 potest
1398 3812 1627 3865 animum
1656 3822 1904 3880 tanquam
1923 3812 2133 3865 viduam

552 3880 798 3935 dolenter
826 3896 1005 3936 coram
1049 3896 1109 3937 se
1152 3892 1420 3946 Stantem,
1443 3893 1496 3935 et
1527 3884 1858 3951 importune,
1892 3884 2135 3951 quamvis

551 3952 669 4022 ipse
724 3952 1107 4021 infatigabilis,
1139 3953 1387 4022 precibus
1436 3954 1738 4021 fatigantem
1788 3968 2065 4021 spernere.
2111 3970 2128 4002 i

552 4021 719 4077 Addit
756 4026 813 4077 S.
863 4023 1180 4077 Benedictus
1224 4032 1271 4076 et
1303 4024 1541 4089 puritatis
1569 4024 1855 4086 devotione,
1888 4038 2047 4092 quam
2081 4023 2134 4075 in

552 4092 732 4147 cordis
760 4095 1102 4163 simplicitate
1138 4094 1413 4147 constituit
1445 4092 1746 4147 Bernartius
1774 4092 1953 4157 Cass.,
1982 4092 2134 4161 juxta

551 4163 681 4218 illud
716 4181 729 4218 :
771 4164 839 4218 In
880 4164 1204 4234 simplicitate
1232 4164 1401 4217 cordis
1437 4168 1645 4232 quwrite
1679 4165 1845 4217 illum.
1882 4165 1947 4216 Et
1985 4178 2134 4219 certe

558 4252 578 4286 ι
615 4236 755 4288 nulla
796 4235 956 4289 debet
983 4249 1103 4290 esse
1144 4236 1194 4287 in
1239 4237 1481 4289 oratione
1509 4234 1825 4301 duplicitas;
1855 4249 1958 4287 non
1998 4250 2133 4287 unus

552 4304 608 4359 in
634 4320 749 4372 ore,
778 4309 912 4359 alter
940 4307 990 4360 in
1026 4305 1189 4359 corde
1225 4305 1541 4369 inveniatur,
1575 4323 1593 4355 i
1630 4306 1801 4374 inquit
1833 4308 1883 4359 in
1932 4305 2133 4375 Regula

553 4375 805 4445 Magister
831 4376 993 4446 (Cap.
1016 4376 1140 4441 48),
1166 4378 1259 4446 sed
1285 4391 1412 4444 pura
1445 4377 1511 4429 ad
1554 4376 1723 4430 Deum
1763 4377 2008 4440 intentio,
2038 4395 2056 4428 t
2082 4386 2138 4431 ut

553 4444 657 4517 qui
684 4455 803 4499 orat
841 4444 1122 4517 praesentis
1168 4444 1370 4517 Christi
1397 4447 1637 4501 videatur
1666 4448 1827 4517 pedes
1869 4456 2078 4511 tenere,
2110 4465 2126 4497 i

554 4514 612 4570 ut
640 4516 871 4585 loquitur
897 4514 1032 4569 idem
1065 4515 1326 4585 Magister.

628 4585 695 4639 Et
716 4584 825 4639 non
851 4587 904 4639 in
927 4584 1290 4655 multiloquio.]
1317 4586 1456 4645 Idem
1477 4586 1633 4641 docet
1655 4590 1709 4643 S.
1739 4587 1994 4643 Basilius:
2020 4605 2038 4639 ι
2060 4586 2136 4642 Ne

552 4656 935 4727 longitudinem
958 4659 1239 4712 verborum
1268 4658 1544 4723 protrahas
1566 4671 1689 4713 ante
1710 4674 1861 4723 eum;
1882 4659 2006 4726 quia
2028 4674 2134 4712 non

556 4727 610 4798 in
644 4727 1141 4798 intiltilotiuio,ised
1174 4730 1224 4798 in
1271 4728 1553 4795 purissima
1609 4740 1787 4783 mente
1837 4728 2136 4798 placabitur

554 4796 717 4852 Deus.
733 4816 751 4849 i
771 4798 837 4851 Et
853 4798 1016 4851 abbas
1032 4796 1291 4853 Macarius
1308 4814 1336 4853 a
1355 4799 1608 4869 fratribus
1628 4796 1985 4869 interrogatus
2005 4815 2136 4869 quo-

2251 2200 2440 2244 turnus
2468 2187 2695 2260 allectus
2734 2208 2747 2242 :
2783 2205 2904 2243 nam
2939 2203 2989 2245 et
3020 2192 3089 2245 de
3141 2193 3257 2260 ipso
3300 2193 3525 2246 Domino
3573 2195 3832 2259 scriptum

2247 2268 2351 2329 est,
2376 2259 2516 2333 quod
2548 2262 2945 2333 pernoctaverit
2970 2263 3033 2333 in
3060 2259 3285 2325 orando.
3310 2274 3364 2317 et
3392 2264 3535 2331 quod
3566 2266 3834 2333 prolixius

2248 2330 2482 2402 oraverit
2516 2348 2529 2384 :
2564 2331 2652 2384 tibi
2680 2330 2805 2399 quid
2837 2331 2979 2385 aliud
3005 2348 3165 2401 quam
3189 2330 3632 2402 nobispraebebat
3652 2349 3829 2389 exem-

2246 2400 2489 2472 pliimin
2544 2410 2784 2471 tempore
2835 2400 3080 2469 precator
3109 2400 3467 2472 opportunus,
3515 2420 3641 2459 cum
3677 2406 3832 2462 Patre

2244 2471 2528 2542 exauditur
2554 2472 2821 2526 aeternus?
2854 2490 2875 2524 i
2912 2472 2979 2526 Et
3024 2471 3194 2542 paulo
3233 2483 3351 2542 post
3384 2491 3396 2527 :
3436 2492 3454 2525 ι
3492 2474 3648 2530 Absit
3686 2476 3828 2531 enim

2244 2542 2315 2597 ab
2343 2540 2585 2597 oratione
2612 2552 2791 2596 nostra
2809 2542 2971 2597 multa
3003 2540 3219 2607 locutio,
3236 2540 3332 2599 sed
3356 2559 3460 2599 non
3491 2544 3637 2600 desit
3664 2546 3829 2600 multa

2247 2614 2505 2682 precatio,
2538 2612 2584 2665 si
2616 2617 2823 2667 lervens
2866 2626 3200 2681 perseierat;
3232 2630 3354 2669 nam
3406 2615 3632 2669 multum
3682 2617 3827 2684 loqui

2244 2693 2328 2737 est
2354 2684 2406 2737 iii
2437 2684 2640 2737 orando
2662 2698 2773 2738 rem
2797 2685 3151 2738 necessariam
3181 2685 3465 2753 superﬂuis
3486 2700 3688 2754 augere
3705 2702 3825 2740 ver-

2247 2754 2328 2825 bis
2356 2770 2369 2807 :
2402 2754 2792 2825 multumenim
2826 2756 3030 2825 precari
3060 2765 3143 2809 est
3170 2771 3291 2810 eum
3331 2770 3490 2825 quem
3540 2771 3825 2825 precamur

2245 2822 2497 2878 diuturna
2521 2832 2575 2877 et
2605 2824 2687 2892 pia
2718 2824 2897 2877 cordis
2924 2826 3246 2882 excitatione
3271 2822 3512 2895 pulsare;
3541 2822 3679 2880 'nam
3717 2830 3823 2895 ple-

2246 2908 2471 2965 rumque
2500 2898 2600 2948 hoc
2635 2896 2902 2963 negotium
2934 2896 3048 2963 plus
3074 2897 3361 2963 gemitibus
3382 2911 3539 2965 quam
3561 2900 3823 2951 sermoni-

2246 2964 2343 3037 bus
2366 2965 2558 3035 agitur,
2585 2966 2701 3037 plus
2723 2965 2849 3037 fletu
2871 2980 3027 3037 quam
3050 2966 3261 3021 allectu.
3290 2986 3308 3019 i
3332 2964 3574 3032 Etsane,
3602 2977 3661 3020 ut
3693 2983 3822 3037 prs.

2243 3036 2387 3108 clare
2412 3034 2571 3108 docet
2598 3035 2746 3108 llugn
2775 3035 2842 3089 de
2864 3034 2921 3088 S.
2944 3035 3159 3092 Victore
3182 3037 3283 3106 (De
3304 3038 3457 3108 modo
3481 3034 3818 3108 orandiﬁap.

2243 3104 2316 3174 4)
2347 3122 2361 3159 z
2398 3122 2415 3154 ι
2451 3105 2623 3160 llomo
2653 3105 2741 3170 qui
2786 3117 3003 3173 r0gatur
3033 3121 3128 3173 per
3166 3104 3529 3162 narrationem
3584 3104 3821 3163 noStrain

2242 3175 2488 3239 docetur,
2522 3185 2579 3228 ut
2607 3175 2767 3246 332
2809 3176 2942 3229 sciat
2970 3178 3095 3245 quid
3141 3179 3397 3242 velimus;
3429 3193 3523 3247 per
3550 3179 3821 3247 supplica-

2247 3246 2452 3316 tionem
2476 3246 2713 3316 pulsatur
2739 3262 2793 3299 ut
2824 3255 3024 3300 annuat
3053 3250 3190 3316 quod
3224 3246 3472 3315 petimus.
3504 3246 3690 3303 Sedin
3735 3249 3820 3303 illa

2242 3330 2362 3384 qua:
2393 3315 2459 3369 ad
2491 3315 2656 3368 Deum
2702 3315 2758 3373 tit
2789 3316 3030 3371 oratione
3073 3315 3311 3372 narratio
3357 3319 3664 3373 neessaria
3721 3334 3821 3374 non

2242 3394 2345 3447 est.
2379 3388 2479 3449 nisi
2511 3388 2642 3439 forte
2667 3387 2825 3439 homo
2853 3387 2917 3440 ad
2952 3389 3053 3441 hoc
3084 3400 3263 3444 narret
3286 3397 3343 3442 ut
3370 3390 3484 3456 ipse
3515 3390 3821 3455 petitionem

2243 3469 2393 3527 suam
2426 3459 2615 3509 melius
2646 3456 2933 3525 intelligat;
2986 3467 3044 3511 ut
3094 3469 3148 3511 et
3202 3475 3295 3527 pc:
3323 3461 3626 3513 orationem
3672 3476 3821 3513 suam

2242 3525 2548 3579 admonitus
2585 3528 2710 3593 quid
2763 3537 2904 3595 petat
2932 3525 3259 3595 consideret,
3290 3539 3343 3581 ct
3376 3544 3467 3594 per
3516 3530 3817 3585 considera-

2240 3595 2438 3649 tionem
2469 3596 2739 3664 petitionis
2762 3611 2873 3651 suae
2904 3601 3233 3652 exercitatus
3255 3601 3500 3654 devutius
3520 3610 3661 3653 oret.
3696 3618 3715 3650 i

2308 3664 2413 3737 Sed
2439 3666 2492 3719 in
2523 3666 2744 3735 puritate
2758 3666 2973 3737 cordis.J
2992 3669 3122 3735 Quia
3146 3672 3247 3723 soli
3267 3672 3641 3725 intindocorde
3660 3670 3820 3725 Deum

2237 3736 2510 3810 videbunt.
2531 3756 2562 3810 _t
2604 3737 2671 3791 Ut
2691 3749 2877 3810 autem
2903 3736 2976 3810 eo
3016 3740 3227 3810 fervore
3251 3755 3312 3793 ac
3344 3741 3575 3808 puritate
3599 3757 3703 3810 qua
3735 3744 3819 3794 tle-

2239 3806 2350 3881 bet,
2371 3807 2545 3881 emitti
2562 3807 2728 3875 possit
2744 3808 2917 3861 oratio
2940 3809 3036 3881 (ita
3054 3806 3585 3881 loquiturCassiaiius
3604 3806 3819 3881 ['Collat.

2237 3880 2292 3941 9,
2322 3893 2369 3930 c.
2403 3877 2455 3947 ὅ]
2478 3877 2649 3945 ),Ῐὶὶἓ(3
2676 3889 2798 3931 sunt
2825 3879 3147 3933 omnimodis
3173 3880 3535 3935 observanda.
3562 3877 3819 3945 Primum,

2236 3948 2545 4002 sollicitudo
2572 3964 2751 4002 rerum
2775 3948 3073 4003 carnalium
3104 3952 3427 4018 generaliter
3457 3952 3820 4005 ab-cinttenda

2237 4028 2341 4074 est.
2373 4018 2576 4072 Deinde
2608 4019 2805 4072 nullius
2833 4019 3027 4088 negotii
3053 4035 3296 4075 causaive
3329 4037 3433 4074 non
3474 4024 3650 4075 solum
3676 4038 3819 4084 cura.

2238 4089 2331 4143 sed
2360 4103 2425 4142 ne
2447 4090 2704 4143 memoria
2745 4089 2959 4157 quidem
2994 4092 3205 4159 penitus
3248 4092 3613 4154 admittenda;
3648 4093 3820 4147 detra-

2237 4161 2464 4225 ctiones,
2507 4160 2842 4228 vaniloqua,
2887 4174 2981 4214 seu
3042 4161 3376 4229 multiloquia
3408 4202 3422 4223 ,
3471 4164 3822 4216 ~curri|itates

2236 4244 2449 4299 quoque
2477 4232 2720 4284 similiter
2751 4232 3124 4297 amputandae;
3162 4236 3256 4285 ira:
3297 4248 3405 4300 pra:
3434 4234 3687 4286 omnibus
3717 4238 3822 4287 sive

2239 4301 2469 4355 tristitiae
2500 4301 2829 4369 perturbatio
2862 4301 3100 4355 lunditus
3138 4303 3405 4366 eruenda;
3439 4303 3820 4368 concupiscen-

2239 4370 2323 4426 tia:
2344 4386 2405 4425 ac
2427 4372 2764 4441 pliilargyrias
2790 4376 2982 4426 noxius
3005 4373 3174 4427 futues
3202 4374 3458 4426 radicitus
3480 4374 3819 4427 evellendus:

2238 4441 2304 4496 Et
2326 4444 2394 4495 ita
2424 4441 2586 4495 hisac
2606 4441 2867 4497 similibus
2896 4444 3038 4497 vitiis
3057 4445 3290 4497 extrusis
3316 4446 3532 4510 penitus
3553 4456 3603 4496 et
3620 4444 3819 4499 abscis-

2236 4514 2332 4576 sis,
2365 4528 2484 4581 qua:
2513 4513 2784 4565 hominum
2817 4529 3027 4583 quoque
3058 4523 3279 4580 possunt
3304 4528 3487 4581 patere
3519 4517 3819 4580 consiiecn-

2196 4624 2211 4636 .
2240 4584 2360 4649 bus,
2386 4584 2604 4652 talique,
2633 4594 2686 4635 ut
2714 4583 2971 4647 diximus,
3000 4586 3259 4652 respurgii
3284 4583 3605 4638 emendatioi
3628 4599 3662 4638 e
3694 4600 3821 4651 prae.

2241 4656 2423 4715 missa,
2454 4669 2573 4722 qua:
2618 4654 2975 4722 simplicitatis
3003 4661 3059 4709 et
3088 4655 3406 4709 timui-entia:
3441 4655 3677 4722 puritate
3708 4671 3821 4722 per-

2240 4722 2439 4793 ficitur,
2476 4724 2723 4792 jacienda
2773 4738 2895 4777 sunt
2927 4726 3154 4793 primum
3190 4725 3467 4791 profunda:
3506 4727 3821 4779 humilitatis

2246 4792 2562 4847 inconcussa
2596 4792 2937 4848 fundamenta
2962 4834 2978 4857 ,
3010 4812 3127 4864 qua:
3155 4796 3360 4849 scilicet
3386 4795 3571 4848 turrim
3602 4795 3822 4849 iiitratu-
3855 4794 3863 4808 ‘

554 4882 642 4938 mo
666 4873 714 4922 lo
742 4877 889 4923 esset
909 4869 1189 4938 orandum,
1220 4872 1499 4937 respondit
1530 4868 1620 4935 (In
1644 4861 1893 4924 admonit.
1926 4861 2128 4938 ltiti/in.
2162 4861 2217 4921 D
2244 4878 2355 4938 rain
2391 4868 2558 4918 caelos
2604 4866 2808 4938 valeant
2850 4861 3373 4938 sustinereydeinde
3411 4868 3835 4938 superponenda

534 4926 668 4991 1Lib.
701 4954 757 4993 iti
785 4941 847 4991 de
881 4938 980 4991 Vit.
1013 4926 1242 5004 Pat.,'n.
1270 4926 1399 5009 :07)
1433 4958 1444 4992 :
1478 4957 1496 4991 ε
1534 4926 1649 4994 Non
1684 4950 1807 4995 sunt
1833 4926 2132 4995 necessaria

528 5010 707 5063 nobis
736 5010 1005 5077 superﬂua
1036 5012 1218 5073 verba,
1240 5011 1333 5064 sed
1363 5012 1665 5065 extendere
1688 5021 1891 5065 tantum
1922 5024 2131 5074 manus.

552 5093 615 5152 ac
645 5080 822 5133 dicere
851 5080 1110 5135 debemus
1134 5097 1147 5131 :
1178 5080 1345 5152 Deus,
1376 5081 1646 5150 quomodo
1668 5096 1770 5145 vis,
1793 5093 1846 5135 et
1873 5082 2011 5135 sicut
2040 5081 2136 5136 tibi

553 5149 749 5218 placet,
783 5153 852 5203 ita
888 5152 994 5204 liat.
1025 5152 1079 5220 gi
1113 5149 1292 5215 autem
1327 5149 1547 5206 tentato
1570 5152 1802 5213 irruerit,
1831 5159 1924 5203 aut
1966 5152 2136 5219 impu-

554 5221 757 5289 gnatio,
790 5222 1074 5281 dicendum
1111 5240 1122 5272 :
1152 5223 1310 5285 Deus,
1335 5223 1593 5277 auxiliare
1626 5223 1809 5284 nobis;
1849 5222 1963 5289 ipse
1993 5223 2133 5276 enim

553 5293 653 5344 scit
675 5307 791 5359 rpite
826 5290 979 5345 nobis
1004 5293 1307 5360 expediant.
1348 5311 1365 5343 i
1403 5294 1542 5361 Quin
1572 5302 1627 5346 et
1657 5294 1771 5361 ipse
1806 5294 2045 5346 tlhristus
2084 5293 2136 5345 iii

553 5362 868 5432 Evangelia,
905 5380 923 5413 ι
960 5361 1207 5427 Uraiites,
1264 5364 1467 5432 inquit,
1518 5365 1682 5417 nolite
1725 5364 1949 5416 multum
1993 5363 2136 5430 loqui

553 5431 692 5486 tiicut
723 5434 849 5485 e.lin
874 5434 962 5497 ei;
996 5444 1179 5500 putant
1226 5431 1367 5488 enim
1408 5436 1547 5503 quod
1583 5437 1634 5488 iii
1670 5434 2002 5499 tituliiloquio
2041 5448 2138 5487 suo

553 5504 930 5576 esatnliantutr,
958 5506 1126 5562 nolite
1147 5520 1274 5574 ergo
1304 5505 1586 5558 assimilari
1618 5504 1720 5558 eis.
1757 5522 1773 5554 i
1801 5505 1935 5576 Quid
1961 5515 2135 5557 atttent

553 5574 621 5626 sit
641 5575 694 5625 in
717 5574 1041 5644 multiloquio
1059 5591 1227 5639 orare,
1247 5586 1299 5629 et
1316 5579 1438 5641 quid
1466 5576 1719 5629 diil'erant
1746 5575 2137 5643 multiloquium

553 5655 605 5696 et
636 5645 885 5699 diuturna
920 5647 1178 5714 precatio,
1212 5648 1419 5699 erudite
1440 5645 1725 5698 admodum
1753 5646 1911 5698 ducet
1938 5649 1996 5700 5.
2029 5648 2138 5697 Au-

553 5714 796 5780 gustinus
826 5716 908 5769 his
939 5716 1117 5771 veibis
1164 5715 1359 5785 (Epist.
1391 5716 1528 5785 150)
1564 5733 1574 5767 :
1612 5734 1628 5766 ι
1670 5717 1850 5785 Neque
1895 5717 2059 5777 enim,
2084 5723 2141 5767 ut

559 5786 796 5839 nonnulli
828 5796 1035 5855 putant,
1069 5786 1169 5842 hoc
1196 5797 1277 5842 est
1307 5800 1462 5841 orare
1486 5790 1536 5841 iti
1565 5803 1615 5841 m
1658 5786 1921 5850 ltiloquio,
1955 5787 1998 5839 si
2022 5787 2138 5840 diu-

2242 4933 2496 4988 virtutum
2544 4936 2890 5003 spiritualium
2924 4936 3248 5001 exstructio;
3298 4938 3365 4989 ah
3408 4936 3556 4989 omni
3583 4936 3822 4993 discursu

2244 5015 2405 5072 atque
2446 5009 2759 5074 evagatione
2808 5008 3006 5060 luhrlca
3039 5009 3250 5060 animus
3290 5007 3636 5069 inliibendus,
3670 5016 3727 5060 ut
3757 5008 3821 5060 ita

2244 5077 2493 5147 paulatim
2509 5080 2574 5128 ad
2591 5077 3092 5145 contemplationem
3113 5077 3584 5147 Deiacspiritnalis
3607 5078 3821 5130 intuitus

2246 5146 2467 5215 incipiat
2496 5148 2797 5201 sublitnari.
2827 5148 3091 5216 Quidquid
3112 5149 3254 5203 enim
3279 5146 3404 5203 ante
3438 5149 3702 5202 orationis
3730 5148 3820 5201 lto-

2246 5232 2358 5271 ram
2382 5218 2558 5270 anima
2587 5226 2763 5271 nostra
2781 5218 3114 5287 conceperit,
3134 5233 3357 5273 necesse
3377 5228 3459 5272 est
3473 5228 3531 5271 ut
3550 5219 3820 5271 orantibus

2248 5288 2403 5342 nobis
2434 5304 2528 5355 per
2558 5288 2910 5358 ingestiuneiii
2944 5289 3330 5344 recordationis
3353 5288 3818 5355 occurrat.Quain-

2242 5358 2427 5412 obretn
2485 5360 2670 5428 quales
2718 5369 2935 5413 orantes
2966 5360 3210 5413 volumus
3254 5360 3504 5421 inveniri,
3537 5360 3673 5412 tales
3727 5374 3817 5412 nus

2241 5438 2366 5482 ante
2392 5431 2651 5483 orationis
2680 5438 2887 5498 tempus
2918 5444 3219 5498 praeparare.
3246 5429 3525 5491 debemus,
3557 5440 3664 5482 etc.
3698 5447 3715 5481 i

2316 5498 2381 5552 Et
2425 5497 2821 5571 iconipuitctione
2862 5497 3253 5571 lacryinarum.]
3282 5497 3417 5571 Quid
3460 5500 3532 5552 sit
3568 5514 3815 5571 C0lllp09~

2244 5572 2373 5634 ctio,
2404 5567 2627 5625 docetur
2666 5571 2805 5639 apud
2850 5572 2907 5626 S.
2962 5567 3310 5640 Augustinum
3364 5569 3449 5622 liis
3494 5570 3672 5623 verbis
3706 5580 3723 5637 ς
3752 5567 3815 5620 οι

2246 5641 2445 5708 Spiritu
2473 5651 2519 5693 et
2542 5642 2738 5706 animo,
2767 5657 2877 5710 cap.
2906 5642 2995 5711 50)
3030 5657 3044 5695 :
3080 5659 3098 5692 ι
3131 5640 3588 5711 Compunmioiest
3613 5642 3812 5711 quainla

2248 5727 2315 5764 ex
2346 5712 2779 5768 consideratione
2812 5712 3071 5765 malorum
3115 5725 3333 5765 suorum
3365 5724 3458 5764 cor
3490 5710 3702 5763 interno
3730 5710 3810 5760 do-

2251 5782 2365 5837 lore
2399 5785 2651 5851 tangitur.
2688 5801 2705 5833 i
2745 5782 2914 5838 Aliter
2943 5782 3077 5838 liber
3108 5781 3175 5836 de
3214 5782 3374 5837 uiodo
3424 5780 3635 5836 vivendi
3686 5782 3820 5832 ἱιιιςο
