4074 6356
319 373 411 430 L81

1347 366 1623 425 REGULA
1663 365 2153 424 COMMENTATA.
2196 366 2345 424 CAP.
2393 365 2509 423 XX.

3474 360 3576 418 ιει

299 485 556 563 operas.
586 481 839 563 Bernsrdi
863 479 1015 563 (Cap.
1053 477 1178 563 10):
1211 480 1563 563 Compttnctio
1592 479 1882 563 cordisest
1911 480 1959 538 Α
1991 478 2160 563 Porro
2183 479 2256 563 .S.
2308 478 2597 533 Benedicto
2649 476 2883 533 concinit
2930 476 3190 534 Aelredus
3235 475 3287 530 in
3336 474 3534 545 Regula

299 550 584 611 humilitas
616 554 827 615 mentis,
854 550 1071 607 veniens
1095 551 1161 605 de
1188 551 1556 606 recordatione
1587 550 1786 617 peccati
1826 560 1879 603 ct

302 624 721 695 timorejudicii.
750 624 838 677 Illa
870 622 1210 691 compunctio
1243 621 1497 695 perfecta,
1530 636 1650 689 quae
1674 619 1822 688 pellit
1850 634 1878 671 a

301 712 367 752 se
395 694 606 751 omnem
636 695 1045 748 delectationem
1090 694 1379 745 carnalium
1425 707 1600 744 rerum
1623 730 1636 753 ,
1669 699 1724 744 et
1770 700 1882 744 toto

296 767 486 820 studio
536 765 730 819 mentis
780 764 890 833 ﬁgit
938 764 1285 817 intentionem
1322 763 1385 833 (in
1426 760 1883 828 contemplatione

302 837 428 891 Dei.
468 855 486 888 ι
519 836 722 904 Quibus
767 832 944 888 verbis
982 833 1132 903 quasi
1165 833 1270 886 duo
1299 832 1580 900 distinguit
1622 846 1882 899 compun-

297 909 500 961 ctionis
520 920 738 976 genera,
771 918 996 975 quorum
1028 918 1189 976 unum
1221 904 1391 976 estin
1411 917 1640 976 interere
1668 917 1761 976 pro
1791 916 1887 976 no-

298 978 427 1030 stris
470 970 1037 1037 excessibus,'alterum
1078 974 1132 1026 in
1181 973 1519 1026 exsultatione
1565 988 1656 1037 pro
1699 970 1884 1023 divinis

298 1049 621 1111 muneribus,
653 1053 711 1099 ιιι
753 1045 985 1111 loquitur
1009 1042 1068 1099 S.
1124 1043 1426 1097 Bernardus
1475 1042 1669 1110 (Serm.
1717 1041 1785 1095 66
1822 1042 1884 1093 in

299 1115 509 1185 Cant.)
562 1134 576 1171 :
625 1130 743 1183 qua:
788 1114 1109 1169 Grimlaicus
1164 1112 1215 1166 in
1279 1112 1476 1182 Regula
1517 1111 1883 1185 solitariurum

329 1186 462 1253 Cap.
490 1182 606 1257 '30)
646 1182 798 1240 vocat
831 1185 1089 1255 irriguum
1117 1187 1396 1254 superius,
1431 1190 1485 1237 et
1515 1182 1771 1252 irriguum
1804 1184 1887 1234 in-

321 1271 487 1314 crtus.

382 1330 546 1382 Porro
571 1342 634 1380 ex
664 1327 720 1381 8.
753 1325 1011 1392 Gregorio
1038 1323 1193 1396 (Lib.
1220 1341 1355 1396 xxtn
1388 1322 1577 1396 Maral.
1598 1364 1613 1388 ,
1638 1338 1751 1396 cap.
1786 1322 1885 1391 l3)

310 1416 332 1449 s
366 1409 592 1467 quatuor
615 1410 737 1452 sunt
767 1394 1053 1465 qualitates
1088 1395 1278 1467 quibus
1310 1395 1408 1447 viri
1454 1394 1580 1462 justi
1620 1394 1884 1467 animain

301 1464 719 1537 cotnputictione
746 1469 1091 1521 vehementer
1121 1464 1353 1519 afficitur
1385 1482 1398 1521 ;
1431 1478 1551 1537 cum
1576 1476 1669 1537 aut
1714 1464 1887 1517 malo-

305 1534 673 1592 rum'sunrum
707 1539 1098 1602 reminiscitur,
1124 1536 1470 1588 considerans
1500 1535 1587 1588 ubi
1628 1534 1679 1587 fu
1709 1545 1723 1585 t
1749 1551 1761 1591 :
1796 1542 1888 1587 aut

303 1608 623 1677 iudiciorum
659 1609 748 1662 Dei
780 1609 1101 1662 sententiam
1133 1615 1399 1669 metuens,
1425 1615 1482 1677 et
1516 1620 1697 1659 secum
1733 1618 1887 1671 quaa-

305 1674 434 1733 rens
475 1682 670 1749 cogitat
701 1679 788 1731 ubi
821 1679 951 1740 erit;
977 1687 1067 1731 aut
1102 1691 1223 1730 cum
1255 1677 1391 1749 mala
1434 1674 1560 1749 vitze
1587 1677 1887 1749 prresentis

303 1745 871 1812 solertcr'attcndcns,
904 1762 1137 1801 mmrens
1165 1745 1466 1799 considerat
1512 1746 1598 1799 ubi
1633 1756 1752 1806 est;
1798 1753 1889 1798 aut

303 1833 429 1873 cum
475 1821 611 1873 bona
636 1832 881 1886 superna:
924 1818 1110 1887 patria:
1152 1815 1568 1887 contemplatur,
1610 1830 1731 1884 qua:
1761 1816 1884 1884 quia

307 1890 539 1943 necdum
588 1885 938 1956 adipiscitur,
973 1888 1158 1955 lugens
1185 1885 1446 1956 conspicit
1471 1886 1558 1938 ubi
1588 1901 1692 1939 non
1717 1896 1819 1940 est.
1860 1904 1879 1938 ι

305 1960 453 2013 Idem
484 1959 665 2013 videre
683 1955 775 2013 est
808 1958 858 2010 in
889 1957 1111 2025 prmlato
1142 1957 1277 2010 libro
1326 1955 1394 2009 de
1436 1955 1597 2025 blodo
1646 1957 1885 2020 vivendi,

304 2045 429 2096 cap.
461 2029 546 2095 10,
581 2036 636 2083 et
663 2030 713 2081 in
762 2023 958 2095 Regula
1003 2028 1237 2091 solitar.,
1268 2040 1386 2096 cap.
1424 2023 1515 2080 29.
1556 2026 1705 2082 Alias
1736 2044 1889 2082 com-

306 2095 613 2167 punctionis
642 2111 833 2152 causas
861 2097 1019 2168 333
1048 2106 1262 2151 enarrat
1286 2095 1574 2151 Cassianus
1615 2099 1795 2168 collat.
1828 2098 1884 2165 9,

304 2184 426 2237 cap.
449 2169 539 2223 26.
572 2169 703 2223 Vide
732 2167 1141 2223 Petri’Damiani
1165 2181 1350 2238 opusc.
1382 2168 1473 2233 15,
1497 2182 1618 2236 cap.
1649 2167 1739 2223 26.

384 2259 448 2313 Et
484 2261 598 2315 ideo
629 2261 788 2315 brevis
815 2275 920 2314 esse
955 2261 1097 2315 debet
1140 2269 1186 2315 et
1204 2276 1347 2332 pura
1377 2259 1586 2332 oratio.)
1616 2261 1883 2327 Quantum

302 2332 371 2384 ad
407 2342 614 2398 tempus
646 2340 698 2385 et
728 2340 979 2400 quantum
1010 2332 1075 2385 ad
1106 2330 1289 2395 verba,
1315 2330 1887 2398 inquiunt‘Bernardus

300 2402 512 2457 Cassin.
544 2412 598 2457 et
618 2401 900 2471 Boherius.
921 2403 1060 2456 Idem
1088 2409 1270 2456 monet
1301 2401 1565 2469 vulgatum
1596 2402 1887 2471 Syntagma

302 2473 563 2527 doctrina:
606 2470 665 2527 S.
714 2472 991 2527 Athanasii
1034 2473 1100 2527 ad
1148 2472 1438 2526 monachos
1483 2488 1497 2523 :
1556 2490 1573 2523 ι
1613 2470 1713 2527 Per
1742 2470 1884 2531 diem

304 2542 612 2612 frequenter
650 2556 774 2609 ora,
806 2551 859 2596 et
891 2543 1135 2608 assidue;
1167 2552 1400 2597 attamen
1428 2542 1544 2597 sine
1576 2542 1729 2613 longa
1759 2560 1884 2600 ora-

304 2614 467 2667 tionis
507 2612 860 2679 extensione,
914 2613 1032 2667 sine
1078 2615 1352 2677 clamore,
1410 2621 1502 2666 aut
1551 2616 1886 2683 multiloquio

302 2685 471 2739 inani.
497 2702 515 2736 ι
534 2684 697 2754 quue
713 2683 1091 2738 monachorum
1107 2683 1474 2754 IEgyptiornm
1489 2685 1754 2753 exemplo,
1773 2689 1883 2753 qui,

302 2765 361 2807 ut
388 2755 515 2810 dicit
538 2754 826 2809 Cassianus
851 2754 990 2824 (Lib.
1024 2770 1084 2819 ιι,
1108 2771 1225 2822 cap.
1253 2754 1362 2824 i0),
1385 2755 1565 2808 utilius
1592 2757 1885 2813 censebant

300 2824 473 2881 breves
489 2826 689 2895 quidem
706 2827 985 2891 orationes,
1004 2826 1091 2879 sed
1104 2825 1430 2879 creberrimas
1447 2826 1559 2893 ﬁeri
1574 2841 1591 2881 :
1605 2825 1672 2880 de
1694 2828 1886 2896 quibus

299 2897 463 2950 etiam
504 2896 575 2967 S.
612 2898 937 2966 Augustinus
981 2898 1030 2948 in
1077 2896 1298 2967 epistola
1323 2897 1386 2949 ad
1414 2896 1640 2950 Proham
1674 2897 1882 2967 (Epist.

300 2967 429 3037 130)
459 2984 471 3019 :
505 2985 525 3019 ι
566 2965 824 3021 Dicuntur
854 2967 1046 3037 fratres
1077 2967 1127 3019 in
1163 2965 1394 3036 ngypto
1423 2967 1639 3020 crebras
1668 2965 1883 3036 quidem

300 3036 501 3093 habere
528 3038 832 3101 oratioaes,
866 3036 958 3091 sed
989 3051 1080 3091 eas
1121 3044 1296 3089 tamen
1330 3038 1691 3099 brevissimas,
1726 3053 1773 3092 et
1802 3056 1887 3093 ra-

298 3108 431 3176 ptim
460 3108 1144 3177 quothmtnodojacttlatas,
1170 3122 1236 3161 ne
1255 3108 1340 3160 illa
1377 3108 1656 3176 vigilanter
1682 3122 1883 3176 erecta,
1912 3160 1922 3171 ,

297 3194 417 3244 quze
446 3179 617 3233 oranti
652 3178 936 3246 plurimum
970 3178 1269 3232 necessaria
1300 3189 1382 3231 est
1402 3220 1416 3241 ,
1452 3194 1544 3247 per
1576 3180 1883 3247 productio-

297 3263 386 3302 res
425 3263 604 3304 moras
642 3258 931 3305 evanescat
978 3257 1137 3317 atque
1179 3248 1457 3302 hebetetur
1506 3250 1761 3315 intentio;
1818 3267 1882 3307 ac

298 3333 393 3386 per
426 3320 527 3374 hoc
555 3322 715 3375 etiam
739 3320 846 3386 ipsi
878 3320 1008 3373 satis
1034 3318 1320 3375 OStendunt
1352 3319 1488 3373 hanc
1531 3324 1880 3377 intentionem

295 3390 437 3461 sicut
465 3405 587 3461 non,
619 3399 703 3444 est
731 3390 1103 3454 obtundenda,
1140 3390 1184 3443 si
1215 3389 1507 3457 perdurare
1548 3407 1651 3443 non
1686 3404 1881 3461 potest,

290 3460 367 3510 ita
390 3459 436 3512 si
462 3460 851 3528 perduraverit,
884 3475 990 3513 non
1014 3462 1125 3514 cito
1153 3473 1274 3515 esse
1306 3459 1695 3528 t‘umpendatn.’
1716 3481 1735 3515 ι

369 3552 546 3619 Quare
581 3559 757 3606 autem
794 3552 865 3605 ita
906 3550 1157 3605 brevibus
1198 3550 1597 3606 delectarentur
1629 3553 1881 3609 orationi-

286 3620 419 3688 bus,
455 3631 649 3690 prmter
678 3636 794 3677 eam
813 3636 981 3692 quam
1021 3621 1435 3692 modoiprotulit
1464 3625 1520 3677 8.
1557 3626 1881 3692 Augustinus

293 3693 583 3765 rationem,
631 3692 779 3765 addit
814 3694 1108 3765 (Cassianus
1158 3691 1294 3763 (Lib.
1349 3708 1405 3765 tt.
1455 3709 1569 3758 cap.
1619 3691 1727 3765 1’0),
1768 3713 1787 3747 ι
1826 3707 1882 3752 ιιι

283 3762 599 3817 insidiantis
647 3763 841 3818 diaboli
887 3763 1083 3831 jacula,
1133 3780 1252 3833 qu:e
1302 3764 1541 3833 infligere
1573 3762 1725 3818 nobis
1760 3778 1882 3823 tunc

293 3835 561 3902 prmeipue
604 3848 723 3888 cum
768 3848 985 3889 oramus
1029 3836 1254 3897 insistit,
1304 3836 1573 3888 ευριιιιςιιι
1619 3836 1881 3893 brevitate

290 3904 537 3975 vitemus.
578 3922 596 3956 ι
631 3906 695 3959 Et
724 3905 867 3975 apud
902 3906 1149 3960 eumdem
1178 3906 1343 3958 abbas
1376 3906 1521 3959 Isaac
1554 3906 1769 3975 (Collat.
1803 3924 1876 3973 ιι,

284 3990 406 4042 cap.
456 3972 547 4044 56)
595 3991 610 4029 :
664 3993 684 4025 ι
721 3974 1050 4042 Frequenter
1097 3975 1311 4044 quidem
1364 3976 1460 4031 sed
1514 3972 1746 4031 briviter
1798 3989 1882 4033 est

288 4046 550 4098 orandum
576 4086 593 4112 ,
633 4062 728 4118 ne
757 4046 1162 4118 immorantihus
1214 4047 1366 4118 nobis
1415 4047 1653 4101 inserere
1679 4049 1877 4118 aliquid

289 4124 477 4169 nostro
516 4116 664 4170 cordi
716 4114 995 4169 insidiator
1038 4117 1203 4186 possit
1246 4116 1513 4171 inimit'th.
1548 4137 1570 4168 ν
1612 4119 1748 4171 Duas
1768 4114 1880 4173 'ltu-

286 4188 441 4254 jusce
468 4187 743 4241 brevitatis
771 4187 1005 4256 rationes
1035 4185 1239 4256 profert
1268 4187 1533 4255 Magister,
1566 4201 1700 4255 quas
1734 4190 1875 4244 illius

288 4270 581 4329 suppresso
603 4257 819 4329 nomine
843 4255 927 4311 hic
947 4255 1202 4329 exscribit
1226 4257 1546 4324 Smaragdus
1572 4256 1722 4327 (Cap.
1743 4259 1835 4329 48)
1861 4278 1873 4313 :

296 4344 316 4375 ι
358 4326 481 4400 Ideo
517 4327 746 4381 diximus
768 4328 991 4400 brevem
1026 4326 1500 4400 ﬁerioratitmem,
1539 4343 1604 4382 ne
1632 4326 1751 4397 quis
1784 4326 1880 4400 per

287 4397 626 4452 occasionem
668 4397 892 4466 prolixae
932 4398 1190 4454 orationis
1231 4397 1563 4460 obdormiat;
1598 4410 1688 4453 aut
1736 4397 1878 4457 forte

286 4468 379 4521 diu
403 4468 644 4535 jacentes
674 4468 918 4521 diabolus
949 4470 1027 4523 eis
1055 4478 1178 4523 ante
1208 4468 1390 4523 oculos
1413 4471 1624 4524 diversa
1650 4473 1872 4540 ingerat,

288 4540 371 4592 vel
402 4540 453 4592 in
484 4541 647 4611 corde
672 4540 814 4593 aliud
847 4540 1234 4594 sulnuinistret.
1272 4558 1290 4590 ι
1330 4541 1484 4593 Addit
1514 4541 1571 4595 S.
1600 4542 1873 4611 llildegar-

285 4611 371 4663 dis
400 4626 413 4662 :
450 4626 467 4659 ι
506 4608 584 4664 Ne
619 4612 754 4663 forte
785 4611 1096 4679 psahnodize
1134 4620 1316 4679 postea
1357 4611 1667 4666 insistentes
1699 4608 1872 4669 minus

286 4681 388 4748 ipsi
430 4680 735 4747 psalmodiaa
784 4681 1091 4746 intendant,
1125 4696 1246 4735 cum
1296 4696 1390 4749 per
1434 4684 1760 4751 praemissam
1811 4700 1874 4742 ac

288 4752 550 4815 prolixam
572 4751 868 4806 orationem
902 4752 1102 4821 fatigati
1124 4752 1337 4807 fuerint.
1378 4771 1396 4804 ι

362 4843 555 4898 Verum
596 4859 661 4900 ex
707 4844 765 4899 S.
820 4844 1114 4900 Benedicro
1168 4860 1275 4899 non
1330 4846 1489 4899 modo
1534 4844 1740 4911 brevis,
1772 4848 1869 4904 sed

284 4913 446 4968 etiam
481 4930 610 4983 pura
652 4916 812 4987 debet
840 4931 977 4970 esse
1023 4917 1214 4970 oratio.
1265 4916 1400 4970 Pura
1438 4926 1614 4969 autem
1657 4919 1742 4971 illa
1787 4929 1871 4974 est

284 4999 405 5056 qum
448 4987 611 5039 Deum
662 4988 832 5053 ipsum
883 4990 1048 5055 petit,
1076 4998 1164 5039 aut
1193 4987 1388 5055 aliquid
1425 4998 1641 5055 propter
1674 4990 1861 5056 Deum,

286 5055 585 5122 cuiusmodi
629 5068 753 5111 sunt
798 5072 859 5112 ea
901 5073 1019 5126 quae
1064 5068 1304 5112 recenset
1346 5058 1402 5112 S.
1450 5058 1779 5124 Bernardus,
1814 5055 1865 5116 in

286 5128 553 5180 sententia
582 5127 667 5180 17.
704 5127 833 5182 Vide
861 5127 1100 5195 ejusdem
1122 5144 1288 5182 sertn;
1323 5129 1420 5183 107
1451 5128 1516 5182 de
1542 5131 1791 5184 diverSts.

358 5196 477 5263 Nisi
505 5198 637 5269 forte
664 5215 727 5252 ea:
749 5197 937 5266 affectu
958 5200 1307 5267 inspirationis
1333 5201 1515 5252 divinw
1542 5202 1721 5269 gratim
1747 5218 1865 5268 pro-

282 5266 565 5340 tendatur.]
588 5268 734 5324 Sicut
772 5270 916 5323 enim
959 5284 1063 5324 non
1101 5279 1183 5322 est
1210 5266 1558 5325 obtundenda'
1582 5266 1755 5323 animi
1782 5272 1863 5325 in-

283 5339 469 5403 tentio,
498 5339 863 5407 si’perdurare
888 5356 989 5392 non
1015 5351 1223 5406 potest;
1257 5340 1326 5392 ita
1364 5340 1408 5393 si
1442 5344 1863 5408 perseveraverit

281 5424 385 5462 non
416 5420 497 5463 est
524 5411 629 5464 cito
657 5410 972 5476 rumpenda,
1001 5419 1057 5464 ut
1084 5410 1244 5463 ntodo
1278 5411 1489 5464 dicebat
1514 5412 1572 5465 8.
1604 5413 1859 5479 Augusti-

282 5494 382 5533 nus
412 5496 427 5533 :
458 5490 782 5551 quapropter
811 5497 830 5530 ι
870 5480 1051 5534 tandiu
1094 5480 1350 5535 debemus
1382 5480 1433 5533 in
1466 5491 1709 5536 oratione
1740 5498 1862 5551 pro-

279 5551 431 5603 strati
478 5567 694 5617 jacere,
740 5550 910 5605 donec
964 5552 1189 5604 Domino
1240 5556 1458 5617 juvante
1506 5550 1858 5621 cogitationes

279 5635 440 5675 vanas
466 5623 900 5692 comprimamus.
934 5621 988 5675 Si
1016 5633 1191 5674 autem
1218 5622 1462 5676 videmus
1491 5637 1586 5675 uos
1615 5626 1854 5689 superari

280 5691 692 5760 agitationibus,
742 5693 903 5747 etiam
960 5707 1063 5745 non
1123 5691 1454 5746 delectamur
1506 5693 1560 5745 in
1614 5694 1856 5749 oratione

274 5762 483 5831 jacere.
521 5779 659 5833 surg.
682 5764 839 5817 udum
869 5774 985 5828 est,
1020 5763 1213 5817 deinde
1251 5764 1560 5831 legendum,
1595 5777 1684 5816 aut
1714 5767 1855 5829 psal-

278 5836 526 5900 lendum,
564 5845 660 5891 {aut
704 5834 1031 5902 operandam
1068 5844 1181 5899 est,
1223 5853 1239 5886 ι
1287 5836 1454 5902 inquit
1494 5834 1847 5890 llildomarus.

1985 563 2104 614 Cap.
2142 549 2224 601 Μ.

2059 617 2125 672 1η
2152 628 2399 671 conventu
2439 628 2606 671 tamen
2640 616 2844 671 omnino
2875 619 3122 672 brevietttr
3148 618 3343 681 oratio,
3367 625 3416 670 et
3441 617 3578 684 facta

1985 691 2133 756 signa
2181 705 2213 741 α
2254 688 2454 758 priore,
2506 705 2679 741 omnes
2727 690 2919 758 puriter
2964 686 3240 758 surgam],
3278 687 3373 742 Hic
3429 688 3579 742 locus

1985 758 2220 813 difﬁcilis
2244 766 2297 811 et
2322 757 2583 811 obscurus
2609 757 2849 826 est,’quo
2878 759 2932 813 in
2962 757 3284 826 explicando
3306 773 3410 811 non
3440 772 3576 810 con-

1987 834 2225 883 sentiunt
2260 838 2512 882 auctores
2554 827 2741 898 33a,
2775 844 3001 896 quorum
3045 828 3269 897 ptoinde
3294 828 3578 896 opiniones

1988 898 2259 963 diversas,
2293 908 2350 952 ut
2382 913 2501 965 qua:
2538 900 2776 953 arriserit
2808 902 2977 969 possit
3019 898 3176 969 eligi,
3210 898 3411 953 referre
3461 899 3578 951 atti-

1990 984 2107 1023 mus
2130 979 2232 1024 εει.

2062 1039 2118 1092 In
2151 1039 2336 1107 primis
2381 1037 2706 1108 Smaragdus
2744 1040 2799 1095 S.
2848 1039 3189 1096 Benedictum
3240 1036 3572 1094 in'ellexisse

1989 1109 2201 1164 videtur
2231 1110 2298 1163 de
2324 1110 2426 1162 ritu
2457 1112 2842 1164 monachorum
2879 1112 3248 1180 zEgyptiorum
3268 1151 3284 1175 ,
3317 1111 3403 1179 qui
3436 1110 3577 1176 psal-

1992 1183 2093 1234 mis
2118 1182 2390 1234 orationes
2419 1180 2849 1244 interponebant,
2880 1183 3019 1249 quod
3052 1184 3128 1236 vel
3155 1197 3220 1236 ex
3249 1196 3315 1233 eo
3346 1181 3577 1234 maxime

1992 1259 2154 1319 patet,
2188 1250 2329 1318 quod
2372 1250 2437 1302 ad
2472 1252 2611 1304 hunc
2656 1252 2872 1317 Regulae
2921 1262 3119 1305 textum
3170 1251 3575 1319 exponendum.

1990 1321 2135 1374 aliud
2186 1320 2319 1373 nihil
2370 1335 2528 1390 quam
2580 1321 2689 1388 ipsa
2742 1321 2979 1375 Cassiani
3028 1324 3219 1382 verba,
3253 1322 3443 1390 quibus
3490 1321 3578 1375 ille

1991 1394 2125 1444 ritus
2168 1391 2523 1459 exprimitur,
2576 1392 2831 1458 proferat.
2893 1390 3267 1452 Htl.!etttartts.
3324 1394 3578 1458 antiquus

1993 1460 2209 1529 Regula:
2238 1470 2660 1523 commentator,
2708 1470 2941 1515 mentem
2987 1477 3136 1517 snam
3180 1465 3251 1516 ita
3301 1463 3573 1528 eXplicat:

1997 1548 2016 1583 ι
2060 1532 2111 1584 lu
2160 1540 2424 1585 conventu
2471 1533 2690 1585 omnino
2740 1534 3009 1586 hri-vietor
3056 1533 3255 1595 oratio;
3298 1547 3402 1585 non
3429 1533 3575 1586 eniln

1991 1601 2119 1655 dicit
2150 1600 2216 1653 de
2245 1602 2332 1654 illa
2358 1603 2619 1666 oratione,
2653 1618 2809 1672 quam
2839 1604 3117 1672 presbyter
3137 1603 3284 1667 dicit,
3314 1604 3395 1656 vel
3426 1606 3578 1671 capi-

1993 1672 2104 1725 tulo
2128 1688 2141 1735 ;
2167 1671 2259 1743 sed
2282 1672 2349 1726 de
2376 1672 2619 1726 oratione
2642 1671 3078 1743 uniuscujusque,
3103 1689 3206 1743 qua
3236 1676 3285 1725 in
3310 1683 3576 1727 conventu

1994 1742 2356 1812 unusquisque
2374 1745 2666 1797 monachus
2684 1754 2827 1805 urat;
2854 1742 2981 1797 nam
3002 1742 3253 1798 statutum
3279 1754 3358 1798 est
3379 1752 3577 1812 quanta

1992 1811 2218 1879 capttula
2265 1814 2425 1884 debet
2474 1814 2754 1884 presbyter
2800 1814 2999 1879 dicere,
3049 1816 3128 1868 vel
3179 1824 3296 1867 orat
3320 1811 3478 1869 onem
3521 1815 3577 1869 in

1919 1856 1964 1914 Β
1993 1856 2334 1936 ῖοῗινειιιιιλ
2370 1856 3027 1952 pbsiéi'iéio'eﬁiic'niis
3072 1856 3347 1951 sequentia
3390 1856 3575 1951 ierb'a',

1993 1962 2039 2005 et
2064 1953 2200 2022 facta
2226 1953 2371 2022 signa
2396 1970 2427 2006 α
2447 1956 2618 2023 priore
2650 1972 2826 2008 omnes
2856 1958 3048 2022 pariter
3067 1964 3306 2023 surgant.
3332 1955 3463 2009 duas
3491 1971 3577 2010 re-

1991 2023 2454 2095 fertisententias:
2497 2042 2515 2072 ε
2548 2025 2685 2079 Sunt
2714 2028 2885 2090 enim,
2919 2027 3117 2095 inquit,
3148 2026 3236 2095 qui
3273 2025 3577 2093 intelligunt

1993 2093 2118 2169 illud
2151 2094 2363 2169 signum
2394 2109 2514 2149 esse
2550 2110 2669 2148 cum
2702 2097 2831 2149 dicit
2860 2093 3140 2168 presbyter
3166 2093 3255 2169 per
3285 2098 3578 2169 omniasarv

1989 2164 2107 2217 cula
2154 2166 2457 2218 steculorum
2486 2206 2499 2226 ,
2550 2174 2813 2233 quatenus
2863 2177 2914 2219 ιιι
2968 2164 3577 2235 ειιίςθιιὲίἐειιοιιιιειις

1989 2249 2157 2298 amen,
2189 2237 2302 2289 sive
2331 2236 2399 2288 sit
2429 2235 2481 2288 in
2516 2244 2565 2289 te
2591 2236 2867 2303 inspiralio
2896 2237 3095 2302 divina,
3120 2253 3219 2305 qua
3254 2252 3337 2306 po:
3353 2237 3428 2291 sis
3459 2236 3576 2306 diu:

1992 2311 2095 2375 tius
2135 2320 2325 2368 orare,
2365 2306 2479 2360 sive
2522 2321 2718 2359 non....
2756 2306 2950 2361 lterum
2982 2317 3106 2361 sunt
3152 2305 3276 2372 alii,
3310 2309 3398 2375 qui
3434 2305 3573 2361 istud

1989 2374 2221 2447 signum,
2266 2377 2331 2429 ad
2364 2376 2503 2447 quod
2526 2378 2780 2447 prarcipit
2826 2378 3024 2447 ltegnla
3057 2392 3177 2433 esse
3224 2374 3572 2445 surgendum,

1992 2444 2292 2518 intelligunt
2327 2445 2463 2518 istud
2492 2444 2846 2514 sigttum'esse
2880 2444 3145 2511 ultimum,
3172 2448 3310 2518 quod
3326 2444 3575 2515 tangitur

1989 2516 2055 2568 ad
2086 2516 2310 2582 vigilias,
2343 2517 2408 2571 ad
2442 2518 2777 2581 matutinum,
2826 2521 2889 2571 ad
2942 2520 3162 2585 primam
3182 2516 3203 2581 ,⁷
3235 2521 3299 2571 ad
3335 2521 3571 2581 tertiam,

1991 2596 2236 2651 sextam,
2291 2602 2524 2652 nonam,
2577 2603 2858 2654 vesperum
2909 2601 3069 2659 atque
3125 2590 3570 2657 completorium;

1990 2667 2273 2723 quatenus.
2300 2673 2420 2711 cum
2454 2668 2647 2712 tactum
2693 2661 2870 2723 fuerit,
2908 2668 3122 2728 paratus
3164 2662 3232 2712 sit
3278 2660 3573 2712 monachus

1992 2736 2140 2799 stans
2164 2729 2215 2781 in
2241 2728 2409 2781 choro
2429 2729 2494 2781 ad
2520 2732 2948 2796 respondendum
2973 2732 3119 2782 dit-to
3155 2729 3309 2795 Deus,
3340 2729 3393 2783 in
3420 2731 3573 2799 adju-

1990 2798 2176 2871 t_0rium
2217 2799 2667 2871 me_u_m_intende,
2714 2798 2931 2854 Domine
2984 2800 3053 2853 ad
3106 2801 3456 2871 adjuvandum
3488 2798 3577 2854 inte

1991 2868 2191 2933 festina.
2227 2885 2246 2919 ›
2282 2868 2443 2921 Moris
2470 2872 2664 2937 quippe
2699 2871 2793 2923 fut
2820 2873 2869 2922 in
2902 2872 3089 2925 ordine
3119 2868 3321 2933 no~tro,
3354 2879 3412 2923 ιιι
3434 2873 3573 2927 inter

1990 2937 2155 3009 divini
2191 2940 2356 3009 officii
2392 2942 2539 3007 signa
2580 2941 2772 2993 fratres
2802 2942 3004 2995 orando
3044 2942 3332 2995 circuirent
3358 2944 3570 3009 altaria,

1990 3008 2128 3075 quod
2160 3008 2225 3061 ad
2268 3009 2470 3078 vigilias
2517 3018 2807 3063 nocturnas
2848 3013 3079 3066 maxime
3111 3012 3463 3079 pra'stabant,
3495 3008 3571 3066 uti

1990 3079 2321 3132 ostendimus
2348 3079 2398 3133 in
2427 3079 2460 3132 Ι.
2487 3094 2503 3132 1
2526 3079 2593 3133 de
2621 3082 2799 3148 Antiq.
2834 3096 2977 3133 mou.
3011 3082 3236 3145 uitibus,
3267 3096 3316 3137 c.
3346 3083 3394 3143 1,
3421 3099 3480 3136 ac
3503 3085 3573 3138 de

1991 3148 2077 3202 illa
2101 3159 2340 3203 oratione
2362 3161 2563 3204 sanetae
2588 3150 2801 3219 Regulae
2831 3160 3029 3205 t-xtntn
3061 3152 3134 3205 illi
3162 3154 3464 3219 capiebant.
3496 3156 3572 3209 Eo

1912 3228 1959 3291 α
1990 3220 2153 3291 etiam
2185 3235 2346 3273 sensu
2377 3222 2677 3275 Bernartius
2708 3223 2856 3277 Cass.
2883 3234 2933 3275 et
2970 3222 3263 3275 Ιί.υ1ιτιι·ι1ιιε
3285 3226 3352 3276 de
3378 3224 3432 3279 S.
3463 3230 3572 3279 An-

1987 3290 2106 3365 gelo
2140 3290 2463 3365 intellexisse
2481 3292 2764 3365 videntur,
2790 3294 2860 3345 uti
2891 3302 2943 3365 et
2965 3294 3023 3347 S.
3062 3294 3100 3346 11
3128 3293 3417 3362 ldegardis,
3450 3311 3572 3365 quas

1924 3393 1932 3399 ο
1989 3361 2129 3435 hunc
2160 3360 2212 3414 in
2244 3362 2417 3435 locum
2449 3362 2525 3416 sic
2556 3362 2737 3435 scribit
2770 3381 2784 3417 :
2822 3381 2840 3414 ι
2878 3363 3140 3429 Quoniam
3182 3360 3305 3418 ante
3334 3360 3572 3435 sis-gulae

1988 3429 2148 3503 horas
2168 3434 2453 3486 canonicas
2483 3447 2575 3485 ora
2604 3434 2778 3487 ionem
2804 3436 2905 3487 dici
2930 3437 3272 3497 admonebat,
3307 3429 3569 3503 quia'cunt

1987 3499 2038 3553 in
2066 3503 2411 3570 sequentibus
2430 3503 2614 3571 juheat
2645 3504 2785 3572 quod
2811 3505 3005 3571 hoSpiIi
3035 3508 3176 3571 pacis
3199 3499 3436 3560 Osculum
3464 3524 3571 3567 non

1988 3574 2132 3638 prius
2162 3572 2415 3649 offeratur
2445 3575 2544 3649 nisi
2576 3575 2817 3649 oratione
2861 3576 3166 3649 praemissa;
3201 3578 3367 3649 nndto
3398 3587 3567 3649 magis

1985 3658 2110 3715 cum
2140 3644 2479 3709 omnipotens
2513 3646 2651 3700 Deus
2681 3646 2992 3700 salutandos
3022 3658 3098 3699 est
3131 3647 3302 3700 oratio
3336 3644 3570 3715 praemit-

1986 3714 2139 3765 teuda
2170 3723 2279 3778 est,
2309 3725 2360 3769 et
2393 3716 2565 3770 brevis
2589 3757 2601 3779 ,
2643 3731 2709 3770 ne
2742 3717 2878 3771 forte
2915 3719 3223 3785 psalmodia:
3267 3714 3443 3774 minus
3488 3723 3569 3776 in-

1986 3786 2222 3855 tendant,
2254 3801 2373 3838 cum
2406 3802 2499 3855 per
2526 3788 2855 3853 praemissam
2888 3799 2941 3842 et
2980 3790 3235 3853 prolixam
3268 3794 3566 3848 arationem

1986 3853 2183 3924 fuerint
2226 3853 2444 3924 fatigati.
2480 3875 2498 3908 ι
2548 3859 2638 3909 llis
2686 3859 2893 3913 accedit
2938 3859 3273 3912 'l'ltrobaldus
3321 3863 3570 3918 Artddus

1981 3922 2346 4000 leestinu-z,
2371 3931 2420 4000 in
2464 3942 2559 3981 sua
2608 3929 2942 4000 expositione
2975 3930 3171 3983 Gallca
3207 3930 3459 4000 Regulam
3489 3938 3569 3987 sic

1983 3996 2214 4050 reddens
2246 4014 2258 4049 :
2292 3996 2574 4050 L’Uraison
2601 3999 2686 4066 qui
2727 4010 2799 4052 est
2844 4000 2968 4065 faite
3005 4016 3072 4051 au
3101 3996 3312 4053 canvent
3336 4043 3351 4064 ,
3394 4005 3511 4057 c‘est
3536 4008 3568 4058 ὰ

1981 4066 2092 4117 ιιι-ε
2120 4067 2298 4139 depuis
2324 4083 2420 4139 que
2443 4068 2592 4133 aprés
2620 4072 2666 4121 le
2692 4085 2784 4121 son
2811 4070 2873 4122 de
2902 4069 2953 4122 la
2978 4073 3150 4123 ciae/te
3173 4072 3243 4123 les
3271 4072 3428 4139 fréres
3454 4087 3567 4128 sont

1981 4138 2253 4209 assemblés
2292 4154 2354 4190 en
2385 4137 2581 4209 Al’église
2608 4154 2735 4208 pour
2773 4142 3052 4209 arcumpIir
3092 4140 3138 4191 le
3180 4137 3313 4193 divin
3351 4145 3564 4209 servire,

1979 4207 2076 4257 soit
2105 4207 2173 4280 du
2202 4217 2309 4258 tant
2340 4207 2563 4277 abregie,
2595 4207 2711 4280 satis
2735 4212 2877 4263 avoir
2900 4207 3088 4280 regard
3110 4211 3141 4261 ὰ
3168 4210 3441 4278 ιἀΙΤετιίοη
3470 4207 3561 4268 de;

1979 4287 2089 4349 vote
2109 4278 2352 4330 tt‘aucnns
2377 4295 2411 4346 p
2430 4278 2715 4349 .rrticuliers,
2740 4285 2827 4349 qui
2848 4295 2902 4333 se
2940 4278 3048 4332 ἀοι(
3074 4281 3256 4334 rendre
3299 4300 3564 4338 commune

1980 4347 2384 4418 englarprésence
2408 4348 2473 4401 de
2497 4351 2547 4402 la
2576 4347 2841 4418 religiense
2868 4356 3242 4404 commnnanté.

2052 4416 2289 4472 Priorem
2333 4429 2506 4473 tamen
2542 4416 2862 4474 sent-Cuiam
2906 4431 3121 4475 secutus
3156 4422 3317 4477 fuisse
3349 4425 3562 4481 vid-tur

1979 4484 2175 4541 Paulus
2208 4491 2532 4561 augustsnus
2557 4508 2583 4543 a
2607 4489 2772 4545 Janua
2804 4494 3096 4547 monachus
3120 4493 3384 4561 Cassinas,
3411 4513 3557 4559 cum,

1982 4561 2189 4625 prolato
2213 4560 2427 4628 Regula:
2460 4572 2603 4616 textu
2625 4603 2639 4626 ,
2675 4563 2737 4615 Et
2766 4564 2848 4631 fac
2873 4580 2902 4617 ο
2933 4564 3077 4632 signa
3119 4582 3150 4616 a
3188 4560 3561 4632 priore'omnes

1976 4632 2171 4706 pariter
2208 4640 2421 4706 surgant
2446 4675 2460 4699 ,
2510 4634 2579 4706 ita
2623 4635 2779 4688 infert
2813 4651 2826 4686 :
2867 4652 2884 4684 ι
2923 4635 3060 4703 Ergo
3092 4635 3142 4687 itt
3192 4636 3376 4690 ultima
3412 4652 3560 4706 parte

1976 4700 2137 4754 officit
2163 4716 2333 4768 genua
2364 4702 2667 4757 ﬁemebant.
2698 4723 2716 4755 ›
2753 4706 2833 4757 Ah
2868 4706 2964 4759 ltac
2992 4700 3251 4760 sententia
3286 4723 3390 4760 non
3413 4700 3558 4764 'tuul-

1977 4779 2086 4843 tttm
2136 4773 2338 4826 recedit
2378 4775 2662 4828 cardinalis
2709 4776 2775 4829 de
2824 4776 3259 4843 Turre-cremata,
3293 4780 3350 4832 8.
3390 4780 3558 4836 Bene-

1974 4840 2473 4919 dictumexponens
2501 4862 2525 4919 _t
2557 4845 2622 4898 de
2657 4847 2899 4899 oratione
2929 4840 3368 4916 uniuscujusque,
3397 4867 3555 4919 quam

1976 4913 2344 4981 unusquisque
2374 4915 2511 4979 apud
2550 4930 2608 4969 se
2648 4927 2765 4969 orat
2796 4933 2915 4969 cum
2950 4926 3061 4971 toto
3088 4913 3384 4980 enoventn.
3415 4913 3558 4977 szcut

1973 4981 2024 5035 in
2058 4984 2160 5035 ﬁne
2186 4984 2346 5039 officii
2394 4986 2623 5054 religiosi
2679 4989 2923 5049 trosrati
2950 5028 2963 5049 ,
3010 5000 3101 5042 aut
3141 4990 3375 5044 inclinati
3412 4993 3555 5047 soliti

1970 5054 2290 5131 sttntlacere
2313 5057 2609 5131 oratiinetn
2634 5056 2792 5131 335
2817 5060 3046 5127 aliquam
3066 5076 3233 5128 usque
3255 5062 3320 5115 ad
3344 5066 3555 5131 signum

1970 5125 2113 5197 quod
2160 5126 2216 5178 ﬁt
2250 5140 2293 5197 7a
2346 5130 2596 5195 praelato;
2636 5125 2667 5179 »ί
2698 5125 2850 5197 cujus
2892 5125 3174 5185 sententia}
3238 5125 3558 5197 astipulatnr

1971 5194 2219 5274 Matthias
2249 5194 2669 5274 Lambertus,_i_n
2703 5194 2909 5254 Galltco
2934 5194 3357 5267 commentario;
3383 5220 3554 5274 eaque

1973 5265 2281 5319 ilildemaro
2304 5269 2471 5335 magis
2498 5269 2694 5323 arrisit.

2039 5338 2286 5391 Nicolaus
2314 5339 2513 5393 Bravus
2559 5356 2621 5395 ex
2655 5350 2879 5409 utraque
2908 5342 3240 5410 expositione
3275 5360 3292 5391 ι
3326 5342 3555 5410 integrat

1968 5424 2149 5470 unam,
2183 5425 2299 5480 qua!
2333 5421 2437 5462 tam
2468 5414 2533 5465 de
2565 5410 2845 5480 princupio,
2875 5427 3032 5479 quam
3064 5413 3129 5465 de
3161 5412 3264 5465 ﬁne
3297 5413 3551 5469 horarum

1969 5480 2228 5551 intelligat
2254 5479 2532 5548 Regulam,
2572 5502 2589 5533 ι
2631 5479 2841 5536 hocest
2878 5483 2945 5536 de
2983 5483 3225 5537 o'atione
3269 5498 3387 5550 qme
3416 5500 3550 5551 prte-

1967 5550 2104 5603 mitti
2152 5549 2289 5604 solet
2324 5552 2500 5605 ofﬁcio
2522 5592 2536 5615 ,
2566 5561 2621 5607 et
2650 5552 2718 5607 de
2763 5567 2825 5606 ea
2863 5567 2981 5621 quae
3014 5552 3143 5605 illud
3186 5549 3449 5621 sequtur.
3484 5556 3553 5610 Et

1964 5630 2109 5674 certe
2144 5622 2470 5685 prtemissam
2496 5623 2658 5677 fuisse
2680 5623 3000 5687 orationem,
3031 5638 3255 5691 eamque
3281 5624 3550 5691 completo

1963 5692 2139 5745 oltlcio
2191 5691 2505 5761 repeitam,
2558 5708 2683 5747 vero
2722 5693 2895 5746 simile
2933 5702 3015 5745 est
3057 5708 3070 5743 :
3117 5708 3184 5747 an
3229 5708 3359 5747 vero
3388 5696 3455 5749 de
3484 5710 3549 5751 ea

1966 5734 2325 5817 ὀὶῗέιῖἰόηὲῖῗιὶ
2344 5734 2693 5817 partiare
2722 5734 3184 5819 β’Ἷῑιιῷἶιίειυῒ
3221 5734 3455 5820 ιίὄὲῗιιῗ
3483 5734 3549 5823 fi:

1959 5841 2107 5900 quet.
