4074 6356
502 296 610 354 ωδ

1854 308 1916 354 Β.
1954 306 2019 352 1³.
2060 295 2425 353 BENEDICTI

3663 291 3767 353 ΑΜ

570 405 1015 481 AlterNieolaus,
1043 407 1112 464 de
1143 407 1394 481 Fractura
1427 406 1620 481 dictus,
1655 415 1890 481 mentem
1927 422 2078 481 suam
2107 413 2156 470 Α
2185 411 2240 462 4⁸
2269 410 2446 481 Quod,
2468 420 2650 481 narrat
2679 409 2734 464 5.
2771 407 3062 481 Gregorius
3111 423 3250 478 papa
3291 409 3426 481 (Lib.
3472 425 3507 463 ιι
3542 407 3778 479 Dialog.,

500 491 608 530 non
636 477 767 531 satis
794 480 1044 547 explicat,
1073 494 1192 532 cum
1215 479 1282 532 ait
1312 479 1563 544 lic-gulam
1595 492 1699 530 nun
1729 491 1852 530 esse
1878 477 2079 530 intelli-

497 548 725 617 gendam
769 547 836 601 de
875 549 1168 617 psalmodia
1194 592 1208 615 ,
1259 559 1347 600 aut
1393 548 1460 601 de
1502 547 1623 600 aliis
1662 561 1780 612 quae
1808 547 1872 599 ad
1900 547 2082 600 divina

499 617 677 672 oflicia
726 627 851 672 sunt
901 620 1142 673 ordinata
1166 658 1180 681 ,
1228 635 1245 667 ι
1279 619 1372 671 sed
1416 617 1483 672 de
1521 617 1794 681 oratione,
1832 631 1935 686 qua
1967 629 2088 671 orat

502 688 868 759 unusquisque
896 689 947 743 in
978 695 1287 759 conventu.
1305 706 1324 738 ι

577 755 1070 814 Ρείιιιε’Βοιιθι-ἰιιε
1115 759 1168 812 in
1213 757 1383 825 primo
1427 765 1717 812 comment.
1752 755 2086 811 diversorum

501 829 684 883 relatis
713 831 1010 890 sententiis.
1041 830 1093 883 in
1125 844 1241 884 eam
1287 827 1582 897 propendet
1622 840 1740 892 qua:
1767 826 1823 882 S.
1861 829 2088 883 Benedi-

500 907 647 954 ctum
677 900 919 968 intelligit
944 899 1010 953 de
1042 899 1187 953 brevi
1219 909 1270 951 et
1292 907 1499 952 secreta
1523 907 1786 960 oratione,
1809 913 1927 965 qua:
1952 914 2085 966 pra:-

503 971 642 1024 mitti
669 971 874 1042 solebat
902 970 1049 1024 boris
1096 968 1367 1024 canonicis
1416 977 1544 1042 :‘at
1576 982 1705 1022 vero
1753 969 1804 1042 in
1852 969 2089 1042 secundo

503 1040 890 1095 commentario
939 1052 1174 1094 mentem
1219 1053 1370 1092 suam
1418 1039 1616 1092 clarius
1657 1039 1961 1106 exprimens
2016 1040 2088 1093 ita

503 1109 756 1164 discurrit
805 1126 818 1161 :
873 1110 1164 1179 «Intelligo
1225 1109 1487 1178 siquidem
1550 1110 1689 1162 hunc
1757 1116 1957 1162 textum
2021 1109 2090 1164 de

502 1179 773 1235 communi
794 1180 1054 1242 oratione,
1081 1196 1200 1247 quae
1230 1183 1366 1234 inter
1397 1180 1630 1247 psalmos
1651 1179 2091 1243 interciditinore

506 1251 719 1305 Patrum
751 1249 989 1319 1Egypti,
1023 1250 1342 1314 Thebaidis,
1372 1261 1422 1303 et
1453 1251 1749 1302 Palmstiua:
1783 1251 2090 1316 provincia-

503 1335 640 1374 rum.
673 1319 806 1384 llas,
835 1321 1039 1389 inquit,
1073 1324 1345 1374 orationes
1374 1320 1474 1374 hoc
1506 1321 1664 1373 modo
1693 1321 1980 1387 incipiunt,
2013 1328 2092 1373 at-

501 1405 606 1458 que
634 1403 1032 1455 consummant,
1069 1401 1124 1443 ut
1146 1391 1293 1444 linito
1317 1392 1520 1459 psalmo
1551 1405 1654 1443 non
1681 1395 1857 1446 statim
1878 1391 1941 1442 ad
1970 1405 2090 1443 cur-

501 1471 771 1514 vationem
808 1475 1049 1541 genuum
1093 1472 1384 1522 corruant,
1416 1467 1510 1514 sed
1547 1459 2090 1541 atithuatunllectant

500 1544 670 1601 genua
701 1532 970 1599 paulisper
1017 1544 1212 1595 orant,
1251 1541 1305 1586 et
1351 1541 1552 1585 stantes
1602 1533 1665 1584 itr
1702 1532 2092 1598 snpplicatimie

501 1601 758 1669 majorem
784 1602 1040 1668 temporis
1061 1611 1263 1670 partem
1280 1602 1588 1669 expendunt
1612 1618 1625 1663 ;
1655 1601 1831 1669 itaque
1854 1603 2094 1670 posthac

504 1681 702 1740 puncto
727 1673 1044 1726 brevissimo
1071 1673 1410 1740 projicientes
1431 1687 1487 1726 se
1511 1671 1680 1733 humi,
1705 1674 1845 1725 velut
1865 1672 2092 1724 adoran-

504 1749 586 1798 tes
618 1750 824 1796 tantum
871 1743 1104 1797 divinam
1143 1743 1482 1797 clementiam
1507 1783 1521 1805 ,
1565 1757 1772 1795 summa
1813 1742 2092 1796 velocitate

503 1823 853 1880 consurgunt,
870 1828 933 1866 ac
954 1828 1138 1866 rursus
1159 1813 1324 1868 erecti
1343 1812 1594 1880 expansis
1616 1812 1879 1875 manibus,
1899 1810 2089 1866 eodem

505 1883 666 1936 modo
712 1898 820 1952 quo
867 1885 1011 1951 prius
1064 1892 1268 1938 Stantes
1318 1894 1619 1947 oraverant,
1680 1886 1792 1937 suis
1842 1881 2090 1950 precibus

504 1952 859 2007 immorantur
901 1969 916 2005 :
968 1954 1114 2007 humi
1161 1968 1390 2018 namque
1437 1953 1635 2008 diutius
1682 1953 2090 2020 procumbentes

505 2037 610 2076 non
657 2038 717 2078 se
765 2023 939 2077 solum
986 2024 1436 2093 cogitationibus,
1475 2025 1655 2087 aiunt,
1706 2039 1885 2075 verum
1929 2026 2089 2076 etiam

505 2108 698 2148 somno
741 2096 954 2163 gravius
996 2095 1313 2162 impugnari.
1348 2096 1410 2148 Et
1441 2095 1507 2147 de
1550 2094 1639 2146 illa
1673 2094 1924 2146 nimirum
1971 2108 2091 2146 ora-

503 2164 648 2218 tione
678 2174 839 2220 etiam
884 2165 1026 2219 hunc
1057 2173 1257 2219 textum
1289 2165 1551 2232 intelligo,
1594 2179 1714 2233 quae
1757 2165 1814 2216 lit
1857 2166 1909 2216 in
1947 2163 2092 2233 horis

503 2233 710 2289 diurnis
753 2251 858 2289 non
909 2236 1090 2304 utique
1136 2237 1274 2290 inter
1318 2235 1569 2304 psalmos,
1619 2232 1715 2289 Sed
1767 2245 1885 2302 post
1938 2232 2094 2302 Kyrie

503 2306 722 2374 eleison,
755 2321 874 2374 qua:
920 2307 1097 2360 missae
1138 2308 1293 2360 aliter
1341 2314 1733 2370 nuneupantur.
1768 2323 1786 2354 ι
1825 2304 2092 2358 Hactenus

501 2372 862 2430 Boherius’ex
893 2377 1044 2445 cujus
1066 2380 1333 2430 sententia
1355 2375 1409 2429 5.
1437 2376 1766 2445 Benedictus
1779 2375 1842 2425 ad
1873 2383 2090 2427 noctur-

507 2460 603 2499 nas
645 2445 851 2513 vigilias
877 2456 933 2502 et
961 2443 1144 2501 laudes
1170 2448 1442 2500 orationes
1473 2446 1693 2512 psalmis
1727 2443 2092 2513 [Egyptiornm

504 2517 890 2570 monachorum
921 2532 1070 2570 more
1094 2515 1504 2583 interposuerit;
1532 2531 1662 2582 quas
1679 2524 1742 2567 ait
1763 2515 1920 2568 horas
1945 2516 2093 2566 diur-

502 2600 600 2640 nas
631 2589 683 2639 in
713 2586 871 2640 linem
903 2586 1062 2639 ollicii
1090 2587 1365 2655 rejecerit,
1399 2588 1470 2639 uti
1498 2587 1607 2654 jam
1650 2600 1806 2652 supra
1836 2584 2091 2646 vidimus,

503 2655 572 2710 de
593 2671 696 2724 qua
719 2656 961 2711 oratione
982 2656 1039 2712 S.
1072 2655 1132 2709 P.
1167 2658 1510 2713 Benedictum
1546 2656 1630 2710 hic
1669 2655 1830 2709 luisse
1862 2655 2094 2710 locutum

504 2727 794 2781 existimat.
1199 2774 1212 2784 .
2083 2735 2099 2749 '

577 2796 835 2850 Eamdem
858 2797 1174 2850 sententiam
1208 2797 1544 2865 amplectitur
1577 2795 2093 2865 Menardusnoster,

547 2869 806 2936 robatque
853 2867 934 2920 his
977 2868 1184 2921 duobus
1231 2864 1604 2936 argumentis:
1643 2866 1695 2920 l°
1740 2864 1881 2932 quod
1925 2865 1983 2919 S.
2033 2865 2092 2918 P.

585 2939 827 2992 nedictus
857 2945 1097 2992 veterum
1135 2941 1520 2991 monachorum
1559 2937 1794 2989 instituta
1841 2944 1898 2986 ut
1929 2936 2094 3002 pluri-

507 3023 653 3063 mum
680 3018 895 3063 secutus
924 3018 1022 3072 su,
1060 3009 1297 3062 maxime
1325 3022 1501 3077 quam
1541 3006 1798 3060 Cassiano
1830 3006 2096 3077 descripta

505 3089 650 3141 sunt,
693 3094 922 3148 quorum
967 3079 1144 3148 aliqua
1189 3089 1281 3131 aut
1331 3075 1541 3145 penitus
1587 3078 1772 3138 tacuit,
1809 3086 1901 3127 aut
1952 3075 2100 3148 velut
2172 3105 2178 3110 -

507 3149 680 3205 obiter
712 3147 898 3218 tetigit,
927 3162 1175 3217 tanquam
1208 3151 1457 3201 omnibus
1504 3149 1672 3215 magis
1723 3158 1877 3208 nota,
1929 3147 2097 3213 qualis
2127 3155 2174 3218 ρ

505 3230 589 3274 est
616 3219 704 3290 ille
733 3218 1107 3290 Aigyptiorum
1139 3220 1522 3290 monachorum
1565 3227 1730 3290 ritus,
1762 3230 1920 3290 quem
1953 3231 2096 3290 com:

507 3289 726 3344 mentiat
771 3286 852 3344 5.’
876 3286 1200 3342 Athanasius
1241 3289 1295 3340 in
1327 3288 1420 3341 lib.
1465 3288 1532 3340 de
1575 3286 1888 3354 Virginitate
1918 3302 1932 3340 :
1969 3304 1987 3337 t
2017 3286 2098 3340 Ad

505 3360 796 3430 quemlibet
821 3360 1080 3428 psalmum
1114 3367 1382 3430 preces_et
1423 3372 1651 3430 genuum
1686 3357 1850 3430 llexto
1879 3370 1999 3430 cum
2031 3358 2100 3411 la-

507 3426 704 3498 érymis
743 3426 986 3483 addatur.
1023 3447 1042 3480 ι
1095 3431 1163 3482 Et
1200 3429 1254 3482 S.
1305 3427 1645 3487 Pachomins,
1685 3426 1740 3480 iit
1772 3427 1959 3493 ltegul.
1989 3439 2095 3480 art.

508 3499 650 3553 £26:
683 3518 701 3550 ι
741 3500 842 3553 Per
881 3500 1071 3569 domos
1121 3498 1360 3569 singulas
1406 3511 1633 3569 vespere
1679 3512 1780 3569 sex
1821 3498 2096 3569 orationes

506 3571 849 3639 psalmosque
870 3568 1157 3639 complete.
1185 3587 1202 3619 ›
1217 3566 1292 3620 ⁷’2υ
1308 3569 1459 3634 Quod
1481 3566 1620 3620 idem
1646 3568 1778 3621 ritus
1797 3568 1911 3620 aliis
1932 3567 2096 3621 etiam

506 3638 785 3694 monachis
808 3638 1109 3695 communis
1129 3639 1412 3703 exstiterit,
1440 3647 1621 3704 utpote
1664 3653 1819 3708 quem
1852 3639 2100 3706 praescri-

512 3711 647 3763 bunt
698 3710 757 3764 S.
789 3710 1021 3764 Isidorus
1066 3711 1118 3762 in
1165 3709 1382 3778 Regulae
1409 3725 1457 3762 c.
1491 3709 1544 3773 7,
1576 3709 1634 3763 S.
1687 3711 2012 3778 Fructuosus
2042 3709 2096 3760 in

506 3779 726 3849 Regula
751 3794 800 3833 c.
832 3782 892 3843 5.
929 3779 1176 3848 Magister
1199 3777 1267 3834 ini
1281 3778 1498 3849 Regula:
1527 3793 1576 3834 c.
1603 3780 1672 3834 33
1695 3819 1709 3844 ,
1735 3795 1854 3846 quae
1880 3777 2095 3847 quidem

563 3851 670 3920 36
699 3850 914 3918 Regula:
954 3864 1145 3920 magna
1193 3866 1259 3905 ex
1292 3861 1441 3918 parte
1473 3866 1538 3904 ex
1566 3849 2090 3920 Denedictiuacpn-

551 3917 658 3974 ιιἶῶ
685 3917 916 3974 luerunt.
945 3917 1418 3989 ilis'adjiciendum
1446 3935 1530 3975 est
1555 3919 1612 3975 S.
1635 3918 1950 3974 Columbani
1979 3917 2094 3972 Pai-

509 3991 808 4057 ttitetttiale,
857 3992 908 4045 in
949 4006 1056 4060 quo
1107 3995 1246 4044 inter
1276 3991 1381 4044 alia
1437 3990 1552 4044 lucc
1605 3991 2023 4060 pracscribuntut'
2078 4005 2091 4040 :

514 4079 534 4113 ι
567 4062 622 4116 lit
645 4063 913 4116 communi
943 4059 1121 4116 autem
1139 4077 1328 4117 omnes
1349 4061 1538 4115 fratres
1565 4060 1812 4114 omnibus
1845 4059 2093 4112 noctibus

505 4133 560 4187 in
590 4141 828 4200 tempore
877 4132 1177 4186 orationum
1228 4134 1278 4184 in
1326 4133 1431 4184 line
1471 4132 1707 4184 omnium
1743 4130 2092 4195 psalmorum,

502 4218 678 4272 genua
707 4206 758 4259 in
787 4204 1052 4266 oratione,
1079 4202 1124 4255 si
1159 4219 1262 4255 non
1289 4201 2095 4272 inlirtnilasiobluerit,ﬂectere

506 4267 660 4344 Ecqua
699 4276 878 4328 animo
911 4273 1109 4327 debent
1130 4312 1144 4335 ,
1177 4276 1276 4325 sub
1300 4275 1538 4344 Nsilentio
1558 4271 1816 4344 dicentes,
1850 4267 2009 4344 Deus,
2043 4271 2096 4322 In

505 4341 823 4414 adjutorium
852 4360 1019 4396 meum
1042 4344 1266 4414 intende,
1289 4342 1524 4406 Domine,
1557 4343 1623 4394 ad
1646 4341 1997 4414 adjuvandunt
2020 4356 2096 4394 me

507 4412 726 4484 festina;
756 4429 912 4482 quem
964 4413 1284 4484 versiculum
1331 4422 1609 4484 postquam
1645 4423 1724 4465 ter
1763 4413 1817 4484 in
1848 4412 2094 4464 oratione

505 4482 936 4542 decantavetint,
980 4482 1259 4549 mqualiter
1300 4497 1329 4534 a
1379 4483 1606 4536 ﬂexione
1654 4483 1912 4536 orationis
1962 4497 2092 4535 sur—

505 4563 652 4622 gant.
684 4572 702 4604 i
737 4555 798 4607 5°
830 4553 1040 4607 Addere
1079 4563 1257 4620 posset
1285 4553 1427 4622 quod
1465 4554 1516 4605 in
1549 4554 1780 4621 antiquis
1824 4552 2094 4607 Psalteriis

507 4639 638 4678 mss.
669 4625 722 4676 in
755 4625 861 4678 line
897 4624 1230 4692 singulorum
1270 4624 1591 4692 ps.ilmnr_um
1635 4624 1895 4677 habentur
1933 4626 2090 4675 etiam

503 4695 773 4749 orationes
802 4688 1106 4761 descriptae.
1136 4688 1320 4748 Exstat
1351 4688 1658 4763 hujusmodi
1691 4694 2006 4748 Psalterium
2037 4693 2090 4748 in

509 4776 694 4819 nostro
718 4763 1000 4818 Parisiensi
1025 4763 1082 4819 S.
1111 4764 1363 4818 Germani
1395 4765 1720 4820 monasterio
1749 4781 1762 4818 :
1802 4768 1904 4817 tale
1933 4764 2091 4816 etiam

507 4844 624 4890 erat
659 4837 800 4904 quod
849 4835 1090 4888 Molisuio
1115 4834 1432 4889 Cistercium
1464 4839 1653 4891 detulit
1691 4835 1748 4890 S.
1799 4834 2090 4904 Robertus,

505 4903 855 4975 senaturque
915 4907 1172 4959 hactenus
1226 4907 1280 4960 in
1339 4908 1665 4962 mouastcrin
1723 4903 2086 4959 (listetniansi.

508 5043 604 5056 ~

2189 496 2306 546 cap.
2337 479 2392 548 4)
2418 480 2485 534 de
2513 480 2796 547 negligenti
2838 479 2930 531 illo
2977 481 3269 543 manat-ha,
3293 479 3452 548 quem
3497 485 3782 548 eaStigavt

2189 550 2249 605 S.
2282 550 2628 612 Benedictus,
2656 552 2744 618 qtti
2787 550 3026 616 quotidie
3071 565 3186 601 cum
3224 551 3501 602 constituta
3536 555 3665 602 liora
3692 567 3777 602 ea.

2189 624 2328 687 picta
2365 621 2655 688 psalmodia
2695 635 2802 672 sese
2842 620 3029 688 fratres
3070 619 3122 671 in
3169 623 3446 672 orationem
3488 622 3776 684 dedissent,

2189 691 2371 744 exibat
2412 694 2480 744 ab
2515 706 2678 759 opere
2716 690 2840 754 Dei,
2877 689 3122 754 forasque
3157 689 3464 757 vagabatur.
3502 691 3601 745 llic
3630 693 3775 744 enim

2190 761 2339 815 locus
2362 776 2466 814 non
2493 769 2667 829 potest
2690 761 2910 828 intelligi
2935 761 3002 813 de
3023 760 3232 828 integro
3253 775 3412 826 opere
3439 761 3559 826 Dei,
3584 775 3640 815 ut
3664 763 3778 815 vult

2192 831 2502 896 Haeltentts,
2519 847 2640 885 nam
2663 831 2875 898 expleto
2896 845 3059 897 opere
3089 829 3178 883 Dei
3207 844 3394 884 omnes
3422 846 3544 883 cum
3568 846 3779 884 summo

2191 902 2404 956 silentio
2434 903 2613 970 egredi
2646 901 2884 955 oratorio
2908 901 3158 967 jttbentur
3188 901 3322 953 infra
3349 915 3398 954 c.
3425 902 3517 956 52.
3553 903 3657 955 Sed
3689 911 3780 955 aut

2191 974 2258 1025 de
2290 976 2515 1041 singulis
2545 972 2761 1040 psalmis
2790 973 2980 1038 quzbus
3025 972 3444 1039 sulijungebatur
3483 972 3692 1032 oratio,
3728 981 3780 1024 ut

2191 1044 2258 1096 ad
2289 1055 2578 1098 nocturnos
2602 1056 2651 1096 et
2677 1043 2878 1106 laudes,
2913 1051 3002 1094 aut
3031 1042 3097 1094 de
3124 1045 3371 1095 omnibus
3391 1041 3605 1110 quidem
3638 1043 3780 1106 psal-

2194 1116 2294 1167 mis
2321 1117 2371 1168 in
2402 1129 2626 1182 quorum
2652 1116 2754 1166 line
2777 1113 2832 1168 S.
2859 1112 3179 1166 Benedictus
3205 1114 3479 1166 orationes
3505 1113 3778 1178 reiecerit,

2193 1199 2311 1252 qua:
2343 1194 2511 1238 totum
2541 1185 2777 1238 ofﬁcium
2813 1184 3183 1248 terminarent,
3211 1198 3316 1250 quo
3345 1194 3586 1247 tempore
3617 1182 3784 1234 frater

2194 1255 2284 1309 ille
2322 1255 2594 1323 negligens
2638 1255 2787 1308 exire
2828 1253 3057 1307 solebat.
3103 1256 3166 1306 Et
3205 1262 3348 1307 certe
3380 1253 3506 1305 huic
3537 1254 3670 1304 vitio
3702 1268 3780 1304 vt-

2194 1325 2387 1380 dentur
2413 1324 2627 1380 obnoxii
2663 1324 2826 1378 fuisse
2854 1325 2980 1376 olim
3021 1323 3181 1380 aliqui
3228 1323 3510 1390 monachi,
3545 1323 3630 1374 cui
3664 1338 3782 1376 tne-

2196 1394 2311 1448 deri
2345 1398 2574 1449 voluerit
2595 1396 2795 1462 [tegula
2819 1394 3054 1448 secunda
3079 1393 3176 1448 55.
3207 1392 3445 1456 Patrum,
3477 1397 3786 1446 decernens

2197 1465 2350 1536 (Cap.
2383 1465 2461 1535 6).
2492 1485 2509 1517 t
2541 1475 2595 1519 ut
2625 1475 2865 1532 tempore
2885 1478 2998 1536 quo
3017 1465 3194 1536 missa;
3217 1464 3368 1526 fiunt,
3393 1478 3506 1517 sive
3526 1462 3640 1525 die,
3668 1465 3788 1516 sire

2197 1546 2376 1598 nocte,
2423 1536 2637 1603 quando
2685 1537 2890 1588 diutius
2939 1535 3006 1587 ad
3056 1535 3352 1587 orationem
3395 1536 3644 1587 Standum
3674 1542 3787 1596 est,

2199 1622 2304 1659 non
2333 1607 2618 1670 deﬁciant,
2651 1606 2736 1660 vel
2773 1606 3046 1671 superﬂuo
3091 1604 3231 1658 foras
3279 1607 3545 1657 recedant.
3580 1621 3599 1654 ι
3632 1603 3786 1656 Idem

2199 1676 2362 1730 habet
2402 1679 2598 1746 Regula
2625 1676 2683 1731 S.
2719 1677 2931 1746 Macarii
2963 1691 3012 1729 c.
3039 1677 3137 1746 is,
3171 1685 3222 1746 et
3256 1675 3454 1741 Regula
3485 1673 3542 1728 5.
3577 1673 3790 1746 Pachu-

2197 1748 2286 1800 mii
2322 1748 2455 1815 (Art.
2487 1744 2553 1800 ill
2597 1749 2648 1800 in
2685 1749 2801 1800 cod.
2846 1744 3056 1816 Regul.)
3086 1761 3098 1798 :
3137 1762 3155 1798 t
3185 1744 3406 1816 Quando
3448 1746 3500 1797 in
3550 1745 3789 1797 collecta

2196 1828 2352 1872 orant
2380 1818 2592 1877 fratres.
2626 1831 2786 1872 nemo
2827 1814 3130 1884 egredietur
3152 1817 3355 1881 absque
3383 1814 3631 1883 iussione
3665 1830 3789 1867 ma-

2189 1889 2390 1954 jOrum.
2430 1906 2448 1939 ι
2483 1889 2590 1943 Sed
2623 1887 2924 1955 hujusntodi
2967 1887 3112 1954 leges
3154 1901 3260 1940 non
3291 1887 3465 1952 magni
3514 1885 3790 1953 pendebat

2195 1959 2471 2024 negligens
2496 1959 2585 2013 ille
2614 1957 2929 2021 monachus,
2957 1957 3016 2012 S.
3046 1957 3293 2011 Mcderici
3315 1957 3524 2009 abbatis
3550 1955 3791 2024 discipu-

2195 2030 2276 2082 lis
2310 2028 2403 2095 (1η
2434 2031 2547 2099 ejus
2581 2028 2723 2092 Vita,
2761 2044 2812 2082 η.
2850 2029 2900 2090 7,
2931 2043 3049 2080 saec.
3085 2043 3138 2081 ιιι
3169 2025 3548 2099 Βεηεάηῄρανι.
3584 2033 3658 2091 ι),
3694 2026 3792 2092 qui

2200 2119 2218 2152 ι
2255 2104 2434 2153 statim
2458 2097 2523 2152 ἰιι
2545 2114 2814 2168 synaxeos
2842 2099 3015 2151 oratio
3041 2108 3296 2153 consueta
3328 2097 3558 2150 linienda
3613 2108 3788 2158 esset,

2194 2180 2250 2226 et
2305 2179 2587 2238 antequam
2618 2185 2786 2230 genua
2830 2169 3107 2230 ﬂecteret,
3153 2169 3220 2221 ab
3265 2169 3496 2222 ecclesia
3524 2168 3731 2231 exiret;
3767 2184 3786 2216 ι

2195 2240 2346 2309 cujus
2369 2241 2458 2295 ille
2491 2241 2734 2294 morbum
2759 2254 2899 2310 pane
2925 2238 3204 2293 bened:cto
3234 2240 3456 2292 sanavit.

2268 2331 2506 2399 Denique
2527 2330 2845 2385 Benedictus
2871 2331 3158 2385 llael’tenus
3183 2327 3509 2399 (Catechirm.
3537 2337 3791 2394 manum,

2195 2413 2330 2473 part.
2357 2418 2396 2464 ι,
2420 2402 2552 2470 disq.
2581 2402 2633 2464 6,
2662 2401 2768 2471 §2)
2803 2402 2941 2454 hunc
2966 2402 3141 2473 locum
3173 2400 3515 2473 intelligitde
3539 2400 3792 2473 oratione

2201 2469 2419 2527 mentali
2466 2469 2521 2525 et
2566 2469 2794 2538 Secreta,
2828 2487 2948 2540 qua:
2993 2471 3204 2540 expleto
3235 2485 3396 2539 opere
3429 2469 3520 2521 Dei
3543 2469 3706 2540 lieret
3737 2469 3793 2522 in

2198 2552 2500 2606 conventu,
2536 2545 2691 2594 nixus
2738 2538 2968 2594 maxime
3017 2538 3077 2596 S.
3134 2538 3377 2609 Gregorii
3433 2538 3790 2602 testitttnniu,

2199 2615 2341 2684 quod
2383 2615 2543 2684 modo
2588 2612 2888 2675 retulimus,
2927 2620 2980 2665 ct
3004 2611 3392 2684 explicuimus;
3427 2624 3659 2684 eamque
3687 2623 3791 2660 una

2201 2678 2329 2738 liora
2379 2683 2582 2752 integra
2634 2684 2948 2750 perdurasse
2993 2678 3263 2736 existimat
3303 2682 3355 2734 in
3384 2694 3482 2733 suo
3511 2680 3580 2732 ad
3615 2678 3792 2752 Vitam

2199 2756 2257 2809 5.
2289 2750 2564 2807 Benedicti
2609 2754 3015 2814 commentario,
3047 2768 3097 2807 c.
3132 2753 3184 2813 ι.
3217 2753 3357 2819 qttod
3385 2766 3451 2804 an
3480 2752 3548 2802 sit
3581 2750 3792 2803 oratio-

2202 2841 2323 2878 nem
2353 2826 2614 2885 breviare,
2635 2822 2874 2891 judicare
2899 2824 3120 2891 quilibet
3145 2831 3338 2891 potest.
3368 2823 3495 2889 Ejus
3517 2819 3793 2876 sententia

2202 2896 2304 2950 hoc
2335 2907 2655 2962 argumento
2700 2893 2924 2946 stabiliri
2974 2903 3179 2958 potest,
3208 2895 3348 2961 quod
3379 2892 3434 2946 5.
3467 2891 3794 2944 Benedictus

2203 2967 2465 3034 superiori
2490 2964 2663 3032 capite
2689 2964 2867 3033 egisse
2890 2963 3133 3016 videatur
3151 2963 3220 3016 de
3243 2972 3353 3016 toto
3380 2963 3560 3034 ollicio
3581 2963 3789 3034 divino,

2204 3032 2291 3090 hic
2321 3051 2448 3088 vero
2471 3035 2539 3088 de
2569 3032 2830 3098 oratione,
2860 3049 2980 3102 quze
3006 3050 3110 3087 nun
3139 3034 3189 3086 in
3222 3033 3581 3100 mttltilnquio,
3615 3032 3710 3102 sed
3738 3033 3789 3082 in

2202 3107 2614 3174 Compunctione
2662 3101 3017 3174 lacrymarum
3058 3105 3347 3172 peragitur.
3390 3103 3652 3167 Quamvis
3679 3101 3790 3174 ipse

2205 3176 2328 3230 alibi
2379 3176 2537 3228 aliter
2576 3176 2852 3228 censuiSse
2894 3173 3134 3227 videatur
3165 3190 3179 3226 :
3215 3189 3336 3226 nam
3367 3176 3614 3225 referens
3647 3173 3789 3225 varia

2202 3246 2368 3300 divini
2391 3245 2548 3298 ollicii
2573 3245 2808 3310 nomina,
2836 3263 2853 3294 ι
2883 3243 3096 3306 dicitur,
3121 3242 3291 3312 inquit
3313 3242 3451 3310 (Lib.
3479 3257 3519 3305 I,
3547 3252 3701 3293 tract.
3730 3241 3787 3305 ‘2,

2202 3317 2332 3386 disq.
2382 3317 2455 3383 1),
2499 3316 2735 3368 divinum
2778 3313 3017 3368 ol'liciu'm
3042 3324 3338 3386 conuentus,
3367 3317 3510 3386 quod
3538 3313 3788 3386 nimirum

2201 3388 2267 3440 ad
2293 3381 2430 3440 illud
2461 3390 2651 3438 l'ratres
2692 3385 3036 3438 conveniant.
3069 3422 3107 3436 ..
3141 3384 3206 3439 Et
3251 3383 3352 3436 hoc
3388 3381 3552 3436 modo
3592 3381 3792 3434 intelli-

2201 3459 2431 3526 gendum
2455 3455 2778 3509 crediderim
2801 3455 2858 3508 S.
2876 3453 3252 3526 Benedictum,
3275 3468 3396 3507 eum
3423 3455 3542 3526 ait‘:
3571 3451 3627 3504 In
3659 3467 3788 3504 cou-

2202 3523 2360 3581 veutu
2403 3538 2576 3579 tamen
2618 3526 2836 3579 omnino
2875 3523 3145 3579 brevietur
3183 3526 3379 3577 oratio.
3414 3542 3432 3573 ι
3478 3523 3611 3589 Qua:
3663 3537 3725 3576 ve
3757 3535 3790 3575 ο

2201 3603 2460 3651 adversus
2493 3595 2731 3650 Menardi
2760 3597 3113 3658 sententiam,
3149 3597 3232 3648 cui
3265 3594 3405 3647 favet
3437 3594 3786 3663 Smaragdus,

2202 3671 2435 3736 profert,
2466 3681 2574 3722 non
2616 3668 2794 3735 magni
2832 3667 3080 3720 videntur
3116 3665 3409 3728 momenti,
3440 3675 3494 3718 et
3524 3663 3669 3716 faciti
3701 3679 3792 3716 ne-

2199 3739 2347 3808 getio
2371 3738 2567 3792 resolvi
2589 3746 2812 3806 qtteunt.

2251 3839 2408 3908 337
2424 3838 2687 3892 Caeterum
2706 3852 2811 3891 non
2829 3844 2909 3908 est
2924 3834 3009 3889 hic
3029 3833 3455 3908 praetereundum
3470 3832 3617 3908 quod
3645 3842 3793 3887 notat

2202 3903 2560 3973 Hild'ct'narus,
2588 3908 2837 3961 nimirum
2869 3906 2920 3960 in
2949 3922 3015 3960 eo
3032 3903 3182 3975 quod
3211 3906 3426 3968 dicitur,
3457 3903 3790 3958 Inconventu

2198 3990 2366 4034 autem
2390 3979 2596 4032 omnino
2622 3978 2868 4031 breviatur
2891 3979 3054 4029 oratio
3076 3980 3204 4030 satis
3243 3975 3476 4037 ostendi,
3511 3976 3631 4026 aliis
3658 3984 3792 4028 tetu-

2200 4050 2416 4120 poribus
2442 4064 2562 4104 esse
2592 4049 2867 4101 monachis
2917 4045 3177 4120 orandum
3209 4061 3304 4114 pro
3344 4060 3440 4120 sua
3469 4045 3666 4120 cuique
3694 4044 3791 4120 de-

2199 4114 2433 4182 votione,
2475 4120 2686 4173 brevius
2725 4128 2816 4171 aut
2853 4118 3131 4185 prolixius,
3167 4126 3324 4183 prout
3353 4115 3495 4169 Deus
3535 4114 3790 4177 dederit;

2199 4193 2338 4262 quod
2370 4205 2492 4244 cum
2541 4191 2874 4262 negligerent
2920 4188 3186 4247 monachi,
3236 4197 3434 4262 statuta
3475 4189 3710 4262 fuerunt_
3739 4187 3791 4237 in

2199 4254 2420 4331 singulis
2449 4254 2954 4328 congrcgationibus
2987 4272 3228 4331 tempora
3255 4258 3446 4331 quibus
3467 4269 3660 4331 omnes
3685 4254 3788 4331 fta-

2198 4327 2308 4387 tres
2339 4327 2576 4385 orationi
2617 4327 2870 4383 vacarent
2903 4347 2917 4382 :
2952 4328 3092 4382 unde
3124 4328 3385 4382 Boherius
3414 4345 3428 4380 :
3462 4345 3481 4378 t
3519 4327 3682 4390 Puto,
3713 4327 3794 4377 in-

2199 4405 2332 4474 quit,
2363 4401 2428 4454 ad
2461 4401 2803 4474 relevandum
2837 4400 3005 4474 nostri
3051 4399 3287 4474 InlgiSll‘l
3321 4397 3683 4474 intellectum,
3711 4395 3791 4448 iu-

2201 4467 2498 4526 troductam
2528 4471 2651 4524 inde
2679 4470 2826 4523 illam
2853 4472 3044 4522 trinam
3069 4470 3388 4530 oratinnem,
3414 4482 3530 4528 qua:
3553 4467 3606 4518 in
3636 4481 3786 4532 pavi-

2123 4518 2173 4577 υ
2202 4518 2382 4598 iugata
2409 4518 3399 4608 ait;sagittas};‘ge'..mis"iae
3430 4518 3788 4608 inceptionem

2201 4614 2347 4668 hora:
2379 4607 2677 4672 nocturne,
2712 4626 2774 4664 ac
2807 4607 3106 4678 printte,ac
3134 4619 3256 4677 post
3287 4607 3445 4661 linem
3486 4607 3785 4674 completo-

2197 4687 2261 4738 rii
2292 4687 2341 4738 iu
2373 4685 2537 4737 certis
2563 4679 2749 4734 Galliae
2783 4679 3124 4734 monasteriis
3145 4680 3471 4740 celebratur,
3495 4692 3617 4744 qua:
3638 4690 3789 4728 cum-

2198 4757 2430 4808 muniter
2457 4755 2616 4806 trium
2664 4751 2816 4803 Pater
2857 4760 3026 4803 noster
3065 4749 3351 4804 interstitio
3389 4747 3730 4801 terminatur.
3765 4761 3786 4794 ι
3848 4794 3852 4810 ξ

2195 4829 2326 4892 Qua:
2367 4840 2432 4878 ex
2482 4821 2751 4892 Benedicti
2799 4820 3123 4892 Attianensis
3171 4820 3414 4874 instituto
3457 4819 3789 4887 processisse

2203 4891 2348 4964 patet
2380 4911 2442 4949 ex
2476 4892 2594 4947 cius
2631 4891 2764 4946 Vita.
2792 4907 2846 4946 n.
2870 4891 2956 4949 51.
3353 4923 3361 4929 .

2535 5033 2780 5046 .._——-—..

500 4990 3784 5041 Μ
2571 5024 3762 5041 ___..___.__._._.______.__——

1777 5094 2168 5216 CAPUT
2221 5129 2483 5211 XXI.

1699 5273 1786 5330 De
1845 5270 2093 5332 decent:
2160 5275 2397 5328 manust
2407 5267 2495 5324 eri
2503 5281 2545 5324 ι.

527 5486 535 5493 .
572 5415 626 5472 Si
655 5413 824 5483 major
871 5413 1030 5469 luerit
1067 5421 1091 5450 ι
1129 5409 1493 5481 congregatio,
1547 5410 1816 5479 eligantur
1856 5413 1923 5469 de
1952 5413 2084 5482 ipsis

503 5509 695 5566 fratres
721 5507 746 5547 δ
779 5509 901 5562 boni
931 5506 1226 5564 testimonii
1261 5513 1313 5558 et
1347 5512 1543 5558 sancta).
1564 5506 2014 5573 conversationis,
2038 5513 2094 5561 et

574 5678 599 5706 ⁸
632 5667 743 5732 AL,
775 5676 866 5720 ut.
1178 5731 1183 5732 ν
1276 5730 1286 5732 4
1419 5729 1428 5732 _
1591 5706 1601 5716 .

573 5736 604 5778 ιι
630 5729 829 5802 Usum,
851 5736 1042 5800 Cottc.,
1070 5731 1235 5796 llild.,
1265 5729 1514 5783 fratribus.

2187 5407 2590 5464 constituantur
2617 5401 2803 5457 decani
2829 5397 2950 5470 :qui
2979 5399 3388 5456 sollicitudinem
3414 5409 3608 5472 gerant
3627 5414 3788 5469 super

2202 5499 2456 5554 decanias
2484 5510 2607 5551 suas
2638 5507 2658 5534 ε
2688 5495 2738 5548 in
2763 5494 3031 5558 omnibus,
3079 5492 3372 5549 secundum
3417 5494 3667 5550 mandata
3694 5493 3788 5550 Dei

2331 5656 2509 5708 Oxon.
2543 5664 2593 5708 ct
2623 5651 2826 5706 Conch.
2857 5650 3004 5704 deest
3037 5666 3177 5703 ruas.
