4074 6356
524 326 621 380 487

1878 329 1929 377 S.
1979 328 2033 380 Ρ.
2078 319 2435 381 BENEDICTl

3700 323 3805 379 488

521 437 643 502 quid
672 436 737 491 de
763 445 1006 507 sequentt
1055 439 1459 493 conversatione
1492 451 1900 501 praesumamus.
1939 458 1956 488 ι
1991 437 2095 492 Sed
2127 442 2174 498 Α
2206 437 2415 491 cellulis
2437 451 2605 505 usque
2625 436 2688 507 ad
2716 435 2901 507 lioram
2926 449 3120 490 nonam
3159 454 3169 487 :
3206 444 3261 489 ut
3314 435 3612 491 institutum
3642 451 3799 503 erat,

521 509 632 561 sive
668 507 735 559 de
765 510 987 576 gremio,
1043 510 1154 564 sive
1184 510 1418 573 aliunde,
1445 518 1498 563 et
1530 508 1657 562 boni
1708 509 1993 561 testimonii
2043 517 2099 562 et

521 589 718 631 sanctae
748 578 1189 633 conversationis.
1244 582 1370 632 Boni
1400 588 1577 634 autem
1616 578 1907 631 testimonii
1938 577 2095 631 Nico-

522 647 637 700 laus
666 649 735 701 de
761 646 1011 702 Fractura
1037 650 1281 719 intelligit
1311 662 1559 719 quantum
1584 650 1651 702 ad
1690 660 1868 705 actus:
1899 660 2099 702 sanctae

522 720 945 788 conversationis
967 730 1215 788 quantum
1241 722 1308 772 ad
1337 736 1525 775 mores.

598 787 664 861 Et
702 785 1075 861 constituantur
1100 790 1327 861 det-ani.)
1363 791 1415 844 ιιι
1448 800 1529 845 est
1568 788 1903 861 ordinentur.
1936 785 2099 840 Ordi-

525 859 759 940 nationis
780 860 1222 940 vero-formulam
1255 858 1509 940 describit
1541 861 1589 940 isi
1621 860 1819 940 [tegula
1852 858 1967 940 Mag
1992 872 2101 911 Stcr

524 930 606 1000 liis
648 929 1020 1000 verbis((.'ap.
1054 930 1143 998 ll)
1179 948 1192 983 :
1236 949 1254 979 ι
1301 928 1621 1000 Convocatis
1670 928 1871 983 eisdem
1913 928 2096 980 decem

523 999 778 1053 fratribus
806 999 871 1053 ab
908 1001 1118 1061 abbate,
1163 1011 1429 1066 prtesente
1470 999 1615 1054 omni
1661 1000 2096 1067 congregatione,

523 1069 578 1122 in
601 1070 836 1123 oratorio
867 1071 1205 1136 susceptione
1239 1074 1399 1135 virgae
1426 1071 1610 1123 decem
1655 1070 1758 1123 illis
1784 1084 2100 1136 przepottan-

525 1151 610 1191 titr
659 1153 787 1192 voce
840 1138 1069 1203 abbatis,
1126 1140 1431 1193 testimonio
1484 1142 1773 1207 Scripturte
1823 1138 2096 1192 dicentis:

524 1208 686 1276 Reges
724 1226 807 1261 eos
836 1210 889 1261 in
919 1210 1083 1279 virga,
1118 1210 1169 1262 id
1199 1219 1280 1263 est
1310 1211 1360 1262 in
1396 1210 1603 1264 timoris
1626 1211 1825 1277 vigore.
1861 1208 1987 1279 Item
2023 1207 2103 1260 dio

523 1293 675 1334 ci-nte
706 1280 961 1345 ApOStolo
985 1278 1009 1332 τί
1032 1282 1168 1344 Quid
1193 1281 1388 1333 vultis?
1416 1284 1469 1332 in
1517 1282 1655 1349 virga
1696 1281 1894 1333 veniam
1920 1278 1987 1329 ad
2017 1294 2102 1331 vos

524 1368 585 1404 an
612 1352 663 1403 in
692 1352 976 1403 citat-itote?
1007 1351 1135 1403 Nam
1166 1361 1217 1403 it
1246 1350 1455 1420 Moyses
1478 1352 1673 1403 divina:
1707 1353 1854 1417 virga
1882 1349 2100 1401 virtutis

524 1423 812 1475 commisso
841 1420 940 1474 sibi
986 1422 1181 1487 populo
1225 1436 1318 1486 per
1366 1421 1687 1487 profundum
1722 1422 1883 1473 maris
1916 1420 2103 1473 salutis

523 1492 660 1545 viam
684 1492 933 1545 OSIendit.
972 1510 987 1542 i
1025 1490 1121 1545 Ubi
1142 1492 1431 1544 observare
1456 1492 1576 1544 licet
1598 1492 1870 1558 antiquum
1898 1504 2101 1542 morem

524 1562 801 1615 ordinandi
830 1562 1063 1614 decanos
1092 1576 1187 1629 per
1211 1561 1370 1624 virga:
1403 1563 1775 1621 traditionem;
1809 1578 1913 1627 quo
1946 1560 2103 1611 modo

524 1635 683 1686 etiam
712 1631 810 1699 ipsi
849 1630 1071 1685 abbates
1094 1642 1150 1685 et
1190 1633 1457 1699 praepositi
1496 1648 1683 1685 omnes
1712 1643 1869 1699 atque
1902 1630 2101 1699 praelati

525 1702 927 1765 ordinabantur,
979 1702 1136 1755 sicuti
1191 1698 1441 1756 cbsct'vat
1498 1702 1781 1756 Menardus
1833 1704 1882 1752 in
1932 1698 2098 1753 Cone.

526 1771 713 1839 Regul.
741 1786 791 1826 c.
823 1770 912 1837 28,
945 1771 1048 1840 §‘2.

600 1844 700 1907 Qui
731 1842 1126 1895 sollicitudinem
1171 1851 1347 1911 gerant
1378 1858 1533 1911 super
1573 1842 1805 1894 decanias
1853 1839 2017 1911 κιαι]
2052 1839 2105 1893 ld

528 1922 608 1967 est
638 1927 797 1979 super
826 1914 1010 1966 decem
1035 1912 1226 1965 fratres
1255 1914 1448 1980 quibus
1475 1921 1858 1980 prmponuntur
1885 1928 2106 1978 :quam-

529 1984 612 2036 vis
643 1982 934 2035 secundum
960 1998 1112 2035 usum
1145 1984 1305 2036 etiam
1336 1983 1638 2051 quindecim
1672 1980 1925 2034 fratribus
1969 1997 2106 2033 unus

529 2055 760 2107 decanos
789 2052 981 2121 przelici
1013 2052 1181 2121 possit
1202 2053 1352 2119 juxta
1375 2053 1739 2106 llildemarum
1765 2068 1779 2114 ;
1816 2053 1921 2104 into
1943 2053 2104 2105 etiam

530 2122 873 2192 paucioribus
902 2138 1058 2191 quam
1100 2123 1306 2188 decem,
1339 2124 1415 2177 uti
1456 2125 1745 2176 observant
1772 2124 1931 2176 etiam
1965 2136 2107 2192 nunc

529 2191 898 2248 Cassinenses.
920 2192 1172 2262 Magister
1189 2195 1323 2247 duos
1346 2195 1531 2248 decem
1558 2192 1809 2247 fratribus
1840 2191 2107 2261 prieponit

530 2265 581 2317 iit
618 2265 801 2331 ltegul.
828 2278 946 2332 cup.
973 2265 1056 2317 ll.

598 2332 663 2386 In
696 2333 972 2403 omnibus.)
1002 2334 1116 2387 Non
1147 2334 1320 2388 solum
1369 2348 1489 2401 quas
1538 2332 1767 2401 placent,
1801 2332 1894 2387 sed
1943 2332 2104 2387 etiam

527 2421 645 2474 qua:
672 2406 903 2472 propriis
932 2414 1229 2473 repugnant
1259 2403 1555 2457 affectibus.

604 2476 899 2529 Secundum
939 2476 1179 2528 mandata
1226 2474 1338 2538 Dei,
1387 2482 1435 2526 et
1471 2484 1721 2544 prwcepta
1751 2474 1944 2527 abbatis
1984 2473 2107 2543 sui.)

530 2545 606 2599 Ne
630 2545 767 2599 forte
797 2556 986 2599 exutos
1012 2560 1071 2599 se
1102 2546 1324 2598 credant
1353 2544 1421 2598 ab
1463 2544 1579 2613 ejus
1623 2553 1904 2613 potestate,
1935 2559 1963 2595 a
1999 2560 2104 2612 quo

442 2604 487 2652 ⁸
531 2614 1017 2683 quidquidibabent
1042 2617 1319 2683 potestatis
1343 2604 1581 2668 obtineiit
1601 2604 1731 2679 {cui
1754 2604 1967 2681 semper
1990 2604 2112 2667 sub-

530 2685 803 2755 jiciuntur,
844 2699 1001 2753 quem
1040 2688 1090 2739 in
1122 2685 1301 2739 arduis
1338 2686 1643 2749 consulere,
1676 2698 1722 2749 et
1754 2687 1801 2739 ei
1831 2700 1939 2738 suae
1963 2686 2108 2738 solli-

531 2756 782 2811 citudinis
811 2755 1068 2810 rationem
1106 2756 1303 2809 debent
1332 2755 1579 2809 reddere.
1624 2758 1773 2810 Sicut
1800 2771 1926 2823 ergo
1952 2770 2110 2823 supe-

532 2828 645 2879 rius
691 2826 866 2879 abbati
920 2826 1126 2880 frenum
1160 2827 1428 2893 itnposuit,
1468 2842 1534 2879 tie
1571 2827 1837 2893 quoslibet
1884 2827 2107 2893 eligeret

534 2912 628 2963 pro
651 2908 799 2960 nutu,
834 2898 925 2950 sed
952 2897 1141 2950 fratres
1164 2897 1288 2950 boni
1323 2898 1643 2961 testimonii;
1671 2899 1739 2950 ita
1760 2898 1843 2950 hic
1867 2896 2103 2960 decanis,

535 2977 591 3020 ut
619 2982 722 3020 non
754 2981 815 3020 ea
844 2981 961 3034 quae
992 2968 1207 3021 libuerit
1232 2977 1413 3036 agant,
1440 2966 1532 3020 sed
1557 2983 1673 3036 qua:
1700 2966 1841 3021 Deus
1870 2969 2106 3031 mandat,

532 3046 584 3091 et
614 3038 778 3091 abbas
804 3038 1061 3106 praecipit.
1092 3037 1266 3106 Atque
1294 3056 1312 3087 ‹
1341 3040 1389 3090 in
1422 3037 1582 3090 rebus
1606 3039 1758 3091 novis
1784 3047 2106 3105 przeceptum

532 3107 740 3161 abbatis
779 3106 941 3161 debet
987 3123 1313 3175 exiioscere;
1361 3107 1414 3161 in
1458 3108 1578 3161 aliis
1606 3122 1733 3161 vero
1779 3107 2105 3175 qiiotiilianis

531 3179 646 3231 sive
672 3179 1047 3233 communibus
1072 3178 1385 3232 commissio
1408 3177 1571 3233 oflicii
1602 3178 1827 3231 habetur
1851 3193 1947 3247 pro
1975 3192 2104 3247 prte-

532 3258 684 3315 cepto
714 3249 922 3318 aliba‘tis
940 3249 1068 3303 sine
1114 3249 1354 3312 licentia,
1396 3267 1412 3298 ι
1450 3248 1619 3318 inquit
1669 3246 1947 3302 Bolicriits.
1996 3246 2101 3302 Sed

532 3318 677 3387 iuvat
707 3318 793 3373 ltic
816 3317 1031 3374 aliunde
1058 3321 1195 3373 hanc
1230 3317 1553 3372 decanorutn
1595 3318 2009 3374 sollicitudinem
2039 3332 2104 3371 ex

534 3391 731 3458 regulis
757 3399 812 3443 et
838 3390 937 3444 SS.
964 3389 1179 3443 Patrum
1214 3389 1470 3444 institutis
1500 3405 1563 3443 ac
1589 3388 1803 3458 scriptis
1840 3398 2104 3459 repetere.

606 3461 787 3513 l'rimo
836 3462 1017 3528 itaque
1064 3463 1354 3514 secundum
1406 3460 1755 3528 Smaragdum
1789 3474 1805 3514 ι
1843 3477 1861 3511 ι
1912 3458 2105 3512 Decani

535 3529 839 3585 Sollicitudo
868 3539 921 3584 et
962 3531 1193 3584 eruditio
1243 3530 1357 3583 haec
1386 3531 1489 3583 erit
1515 3544 1639 3598 erga
1677 3544 2108 3598 unumquemque

536 3616 691 3670 quem
727 3600 827 3653 διδί
871 3600 938 3654 ab
968 3600 1160 3655 abbate
1193 3601 1443 3652 traditum
1489 3603 1807 3668 susceperit,
1839 3610 1896 3654 ut
1920 3600 2111 3653 doceat

537 3685 658 3724 eum
708 3670 952 3738 primitus
1000 3684 1122 3724 suas
1164 3671 1380 3724 vincere
1429 3675 1763 3733 voluntates;
1824 3672 1873 3724 in
1918 3670 2109 3737 quibus

538 3740 683 3793 ilum
706 3741 987 3808 diligenter
1016 3754 1295 3804 exercens,
1327 3741 1410 3792 illa
1439 3739 1489 3792 ei
1513 3755 1728 3806 semper
1752 3740 1821 3794 de
1852 3740 2108 3792 industria

539 3812 785 3879 imperet,
836 3826 953 3879 qua:
1000 3812 1229 3865 senserit
1272 3811 1452 3863 animo
1491 3809 1608 3879 ejus
1649 3825 1769 3865 esse
1798 3810 2106 3872 contraria;

539 3885 658 3949 quia
690 3881 867 3934 multis
896 3881 1274 3950 experimentis
1306 3883 1407 3933 hoc
1434 3880 1647 3933 doctum
1692 3890 1794 3945 est,
1842 3894 2110 3948 nunquam

540 3966 697 4017 posse
741 3952 1057 4005 mon.iclium
1108 3966 1236 4005 suas
1284 3951 1747 4019 concupiscenti-5
1801 3950 2109 4012 refrenare,

540 4023 638 4073 nisi
671 4022 815 4089 prius
846 4036 938 4090 per
959 4023 1318 4076 obedientiam
1352 4022 1675 4074 mortiticare
1709 4020 1959 4074 didicerit
1981 4032 2107 4073 suas

540 4092 860 4147 voluntates.
909 4110 927 4142 ι
976 4094 1051 4147 Ita
1094 4092 1419 4159 Sniaragdus
1455 4090 1765 4143 Cassianum
1803 4090 2113 4144 exscribeiis

542 4163 693 4232 (Cap.
746 4162 854 4232 ιε).
904 4162 1076 4217 Simili
1112 4163 1270 4216 modo
1304 4163 1363 4216 S.
1410 4161 1779 4215 Fructuosus:
1821 4179 1838 4212 ι
1894 4160 2107 4225 Decani,

541 4236 632 4300 qui
667 4249 828 4301 super
852 4233 1102 4287 decaiiias
1132 4233 1587 4295 sunt-coiistituti,
1622 4241 1817 4283 tantam
1855 4232 2115 4301 sollicitu-

542 4304 720 4355 dinem
736 4300 933 4370 gerant
951 4319 1113 4372 super
1142 4318 1276 4372 quos
1299 4303 1572 4369 delegatos
1602 4301 1760 4372 351
1785 4302 1982 4355 habent
2006 4300 2115 4372 fra-

544 4384 673 4436 tres,
713 4384 769 4425 ut
795 4374 967 4427 nullas
1018 4371 1264 4441 pmprias
1295 4373 1493 4425 faciant
1540 4371 1860 4434 voluntates,
1904 4388 2005 4423 non
2038 4371 2114 4423 lo-

542 4450 776 4501 tittantur
814 4444 911 4495 nisi
968 4444 1301 4510 interrogati,
1346 4458 1444 4495 suo
1479 4442 1702 4496 arbitrio
1749 4442 1880 4495 nihil
1921 4441 2117 4496 faciant

2138 1810 2185 1870 Β

2205 522 2364 562 nemo
2396 494 2743 575 perg'ebat'ail
2773 508 2956 568 alium,
2977 506 3231 577 exceptis
3262 507 3342 561 his
3388 509 3610 562 decanis
3659 494 3805 577 quos

2204 578 2463 649 diximus,
2492 578 2619 649 utsi
2662 576 3073 649 cogitationibus
3119 578 3253 649 forte
3308 580 3427 645 quis
3482 576 3800 649 fluctuaret,

2204 647 2347 700 illius
2374 647 2749 701 consolaretur
2776 647 3045 714 alloquiis.
3090 665 3108 697 ι
3159 647 3292 701 Hinc
3346 650 3404 701 S.
3460 647 3803 705 Fructuosus

2208 716 2359 786 (Cap.
2393 716 2509 780 12).
2540 736 2558 767 ι
2596 717 2711 770 Non
2730 718 2925 779 celent,
2957 717 3145 785 inquit,
3208 719 3401 771 fratres
3434 719 3657 773 decanis
3686 721 3803 775 suis

2168 790 2173 794 ’
2204 788 2461 856 quidquid
2498 802 2591 853 per
2620 787 2861 853 singulos
2882 787 2996 840 dies
3018 788 3410 855 cogitaveriiit;
3443 791 3636 843 decani
3668 806 3804 844 vero

2205 859 2313 930 sint
2354 859 2433 930 eis
2462 859 2614 927 quasi
2669 869 2907 930 rectores
2962 865 3017 930 et
3067 859 3339 926 Custodes,
3395 870 3646 929 tanquam
3703 876 3802 930 pro

2207 928 2339 996 ipsis
2374 928 2599 981 Domino
2626 928 2883 981 reddituri
2919 928 3204 979 rationem.
3245 946 3262 978 ι

2274 997 2908 1064 Quinto,incorrigibiles
2954 997 3017 1049 ad
3051 999 3297 1052 abbath
3341 998 3680 1063 deferebant,
3716 1002 3803 1055 vel

2206 1066 2269 1119 ad
2304 1070 2665 1137 przeposittttn.
2695 1068 2849 1133 quiet
2882 1068 2993 1135 ipse
3023 1068 3407 1123 eosdefercbat
3429 1070 3493 1122 ad
3509 1072 3800 1125 abbatem:

2214 1156 2231 1187 ι
2271 1139 2599 1191 [)ecanorum
2632 1137 2888 1198 officiunt,
2942 1139 3113 1201 inquit
3166 1139 3526 1206 lliluemarus,
3573 1152 3654 1195 θαι
3713 1156 3806 1195 so-

2207 1208 2479 1261 lummodo
2509 1209 2777 1262 custodire
2805 1208 3084 1273 subditos;
3130 1210 3247 1263 etsi
3280 1226 3374 1271 per
3422 1226 3575 1263 suam
3608 1211 3802 1264 admo-

2208 1278 2464 1331 nitionem
2497 1294 2598 1330 non
2621 1288 2839 1345 possunt
2860 1280 3148 1346 corrigere,
3180 1289 3305 1333 tunc
3333 1280 3802 1335 debentiiuntiare

2207 1350 2405 1401 abbati.
2448 1368 2467 1399 ι
2509 1349 2574 1420 Et
2600 1350 2656 1420 Sp.
2694 1349 3016 1420 Fructuosus
3045 1348 3196 1418 (Cap.
3226 1350 3312 1419 lt!)
3344 1366 3398 1403 ες
3428 1350 3803 1420 Negligenlias

2205 1428 2519 1489 cunctomm
2550 1418 2649 1486 ipsi
2680 1418 3034 1489 przevideant,
3057 1420 3444 1474 etemenilandi
3469 1418 3799 1489 potestatem

2208 1488 2460 1564 habeant,
2490 1499 2542 1542 et
2573 1488 2713 1556 quod
2735 1490 2837 1564 ipsi
2869 1506 2973 1542 :ion
3002 1490 3264 1564 valuerint
3306 1492 3622 1564 emendare,
3654 1507 3801 1564 pra:-

2207 1563 2384 1626 posito
2416 1576 2519 1612 non
2564 1561 2838 1613 morentur
2865 1575 3145 1622 accware;
3178 1562 3257 1630 qui
3290 1572 3342 1615 et
3374 1561 3472 1630 ipsi
3516 1562 3800 1630 prmpositi

2206 1630 2281 1682 sic
2312 1636 2409 1684 hoc
2431 1630 2681 1682 distincte
2706 1640 2757 1683 et
2785 1631 3171 1683 rationabiliter
3222 1641 3400 1699 agant,
3452 1640 3511 1683 ut
3566 1632 3802 1687 abbate:

2206 1714 2333 1753 suos
2360 1701 2504 1753 nullo
2531 1716 2571 1753 tr
2590 1701 2690 1753 udo
2722 1701 3375 1772 praesumantinquietare,
3400 1712 3632 1771 excepto
3654 1703 3802 1772 quod

2212 1772 2421 1836 utrique
2461 1785 2565 1823 non
2590 1771 2852 1823 valuerint
2878 1771 3187 1825 ettiendare.
3225 1790 3243 1822 ι

2284 1841 2469 1900 Seruo,
2496 1840 2982 1910 tnensisetentium
3008 1841 3230 1894 fratrum
3275 1851 3562 1910 praeerant.
3593 1840 3673 1895 Ita
3698 1842 3800 1897 de-

2210 1911 2381 1964 cernit
2413 1912 2662 1980 Magister
2689 1909 2840 1981 (Cap.
2876 1912 2964 1979 fl)
3000 1928 3012 1962 :
3048 1929 3066 1962 ι
3106 1909 3300 1965 Mensa:
3330 1927 3519 1967 eorum
3558 1927 3802 1976 prasen-

2212 1992 2291 2035 tes
2318 1983 2446 2046 sint,
2471 1992 2527 2034 ut
2558 1984 2715 2035 tacite
2744 1996 2864 2036 cum
2904 1984 2981 2035 cis
3010 1992 3064 2036 et
3092 1983 3367 2036 moderate
3396 1982 3752 2037 manducent.
3777 2001 3797 2035 ι

2216 2052 2277 2105 Et
2307 2052 2594 2123 Cassianus
2617 2053 2684 2105 de
2712 2052 2978 2123 rEgyptiis
3004 2062 3056 2105 et
3077 2052 3521 2107 Tabennensiotis
3543 2052 3688 2120 (Lib.
3725 2068 3798 2118 tv,

2210 2138 2325 2190 cap.
2361 2122 2449 2191 Π)
2485 2138 2496 2173 :
2530 2123 2793 2175 (Tantum
2824 2122 3094 2176 Silentium
3128 2123 3194 2175 ab
3210 2123 3460 2178 omnibus
3480 2125 3797 2189 exhibetur,

2210 2202 2267 2243 ut
2297 2208 2415 2245 cum
2452 2193 2501 2245 in
2528 2208 2688 2245 unum
2716 2202 2857 2245 tanta
2891 2192 3246 2246 numerositas
3284 2197 3504 2246 fratrum
3537 2194 3800 2248 refectio-

2212 2262 2297 2315 nis
2322 2262 2542 2315 obtentu
2586 2263 2909 2325 consederit,
2957 2264 3133 2316 nullus
3181 2278 3279 2315 nec
3328 2264 3522 2317 mutire
3572 2265 3801 2331 quidem

2210 2332 2435 2394 audeat,
2492 2343 2686 2399 praeter
2742 2347 2861 2387 eum
2915 2334 3003 2402 qui
3057 2332 3291 2386 decaniae
3337 2347 3449 2386 sum
3504 2346 3733 2401 pra-5t.
3776 2353 3796 2385 ι

2210 2402 2378 2469 Quem
2412 2402 2461 2454 in
2496 2404 2666 2455 locum
2701 2402 2929 2457 Alardus
2970 2404 3190 2457 Gaz-.eus
3219 2403 3288 2456 ita
3338 2402 3569 2456 scribit-z
3614 2420 3633 2456 ι
3667 2405 3801 2459 llinc

2212 2474 2499 2541 apparctin
2534 2490 2636 2526 uno
2668 2472 2952 2526 refectorio
3000 2474 3162 2528 fuisse
3184 2474 3483 2537 distinctas,
3510 2482 3565 2528 et
3592 2475 3801 2528 divisas

2213 2542 2436 2596 fratrum
2460 2545 2706 2597 decurias
2728 2544 2840 2597 sive
2861 2543 3146 2608 decanias;
3178 2555 3229 2597 et
3246 2543 3530 2611 unicuique
3556 2544 3802 2599 decanias

2211 2628 2365 2665 suum
2400 2614 2667 2668 assedisse
2691 2624 2744 2667 et
2768 2613 3080 2680 pra-sedisse
3105 2616 3361 2668 decanum
3418 2623 3510 2667 aut
3548 2614 3800 2668 decurio.

2215 2699 2377 2748 item;
2409 2686 2548 2752 quod
2575 2695 2627 2737 et
2649 2684 2702 2738 S.
2739 2684 3091 2754 llierouymus
3128 2684 3413 2754 indicatad
3449 2686 3800 2741 Eustochium

2212 2754 2457 2809 scribens
2490 2772 2502 2806 :
2537 2754 2897 2823 Uuaqureqne,
2932 2753 3119 2821 inquit,
3153 2753 3368 2808 decuria
3401 2768 3523 2806 cum
3568 2769 3671 2808 suo
3702 2771 3799 2821 pa-

2212 2834 2365 2878 rente
2388 2828 2556 2893 pergit
2575 2824 2639 2879 ad
2667 2840 2926 2889 mensam,
2957 2827 3150 2893 quibus
3188 2840 3283 2894 per
3310 2826 3549 2893 singulas
3596 2826 3798 2880 hebdo-

2215 2895 2399 2948 madas
2420 2897 2657 2949 vicissim
2688 2897 3011 2949 miuistiaut.
3049 2914 3067 2946 ι

2282 2965 2541 3033 Septimo,
2573 2968 2885 3020 vestimenta
2906 2966 3157 3019 fratribus
3181 2964 3532 3032 providebtnt
3568 2983 3581 3019 :
3620 2984 3641 3017 ι
3698 2966 3796 3021 γε.

2214 3035 2398 3089 stiaria
2430 3037 2651 3089 fratrum
2681 3036 2780 3090 sub
2808 3051 2900 3089 sua
2934 3051 3057 3089 cura
3092 3037 3359 3104 praepositi
3404 3036 3743 3101 contineant,
3774 3056 3793 3089 ι

2216 3107 2388 3177 inquit
2412 3107 2679 3173 Magister.
2704 3109 2766 3160 Et
2786 3106 3226 3177 Cassi:intts(Lib.
3259 3121 3329 3171 tv,
3366 3123 3480 3171 cap.
3510 3108 3597 3175 l0)
3634 3124 3648 3159 :
3674 3126 3695 3159 ι
3718 3112 3796 3160 ln-

2134 3154 2178 3216 C
2210 3154 2461 3248 duinenta
2490 3154 2649 3248 ἐξα
2686 3180 2883 3231 vicaria
2926 3154 3244 3245 pratpcisitus
3286 3154 3658 3245 u'itusqttisq’ue
3689 3193 3796 3232 sum

2214 3246 2451 3301 decania:
2473 3246 2863 3311 subin'iniurat,
2891 3262 3011 3300 cum
3069 3248 3162 3301 illa,
3208 3248 3396 3314 quibus
3454 3249 3632 3300 vestiti
3676 3258 3798 3305 sunt

2208 3318 2483 3374 sorduisse
2506 3320 2867 3384 conSpexerit.
2902 3335 2919 3364 δ
2949 3317 3155 3371 Vicaria
3179 3328 3359 3371 autem
3393 3318 3478 3371 ltic
3526 3328 3689 3372 vocat
3715 3319 3788 3373 al-

2212 3397 2381 3449 terna.
2414 3405 2531 3457 quae
2560 3390 2810 3456 perviccs
2835 3388 3198 3441 mutabantur.

2282 3460 2501 3520 Octavo,
2530 3474 2749 3513 suorum
2781 3460 3032 3524 operibus
3078 3467 3361 3523 prmcrant,
3394 3466 3451 3510 ut
3480 3466 3627 3525 patet
3648 3472 3715 3512 ex
3741 3459 3799 3514 S.

2214 3528 2534 3599 Ilierotiytno
2560 3528 2752 3599 (Epist.
2782 3527 2875 3597 22)
2905 3546 2916 3580 :
2982 3545 2999 3577 ι
3062 3527 3209 3597 Opus
3248 3528 3352 3581 diei
3402 3538 3666 3581 statutum
3696 3539 3797 3595 est,

2212 3598 2353 3666 quod
2376 3598 2583 3653 decano
2617 3599 2879 3652 redditum
2926 3598 3095 3652 fertur
3139 3599 3204 3651 ad
3256 3613 3620 3653 (economum.
3684 3618 3701 3650 ι
3738 3600 3801 3654 Et

2211 3684 2276 3722 ex
2322 3668 2377 3722 S.
2430 3671 2727 3738 Augustino
2775 3668 2947 3736 (I.ib.t
2995 3667 3207 3721 deMor.
3280 3668 3423 3721 Eccl.
3478 3670 3729 3739 cap.5|)
3786 3687 3801 3724 :

2219 3756 2237 3790 ι
2283 3740 2586 3807 Operaiitur
2619 3739 2864 3792 manilius
2885 3754 2947 3791 ea
2978 3738 3172 3805 quibus
3199 3748 3251 3791 i-t
3276 3753 3468 3806 corpus
3502 3742 3652 3807 pasci
3686 3755 3802 3807 pos-

2216 3810 2304 3872 sit,
2330 3819 2382 3862 et
2413 3824 2440 3861 a
2469 3810 2576 3863 Deo
2623 3824 2774 3878 tuens
2811 3809 3056 3877 impediri
3086 3824 3189 3862 non
3238 3812 3427 3877 possit,
3462 3825 3596 3878 opus
3623 3820 3803 3866 autem

2215 3895 2370 3933 suum
2403 3882 2619 3934 tradunt
2646 3880 2725 3933 eis
2760 3894 2892 3947 quos
2917 3878 3151 3933 decanos
3170 3890 3379 3933 vocant.
3423 3898 3441 3929 ι

2289 3949 2461 4017 Nono,
2490 3950 2555 4003 ad
2589 3964 2716 4003 suos
2747 3960 2905 4003 nocte
2933 3951 3326 4003 decumbebant
3357 3966 3370 4001 :
3424 3968 3443 4000 ι
3505 3949 3686 4004 Lectis
3711 3964 3805 4006 eo-

2218 4036 2361 4087 rum,
2397 4021 2569 4087 inquit
2594 4020 2843 4088 Magister
2865 4019 3010 4088 (Cap.
3054 4020 3160 4089 ll),
3200 4021 3366 4073 lectos
3414 4024 3687 4088 praaposiii
3714 4024 3808 4074 lia-

2218 4094 2375 4147 beant
2407 4106 2593 4159 prope,
2622 4100 2835 4158 propter
2864 4091 3113 4158 aliquam,
3148 4103 3203 4143 ut
3250 4092 3504 4154 diximus,
3551 4093 3810 4147 vitiorum

2216 4164 2423 4227 culpam
2441 4163 2492 4213 in
2513 4161 2592 4215 eis
2612 4159 3020 4224 emendandain,
3045 4171 3098 4212 et
3121 4170 3176 4213 ut
3198 4161 3524 4213 reverentius
3544 4177 3812 4227 pne-senta

2220 4232 2422 4300 majore
2448 4232 2734 4284 dormiant.
2770 4248 2785 4282 i
2827 4230 2892 4283 Et
2919 4232 3000 4283 sic
3037 4230 3329 4298 capiendus
3385 4246 3442 4283 se
3483 4234 3631 4283 uetiti
3693 4249 3812 4299 cap.

2217 4303 2288 4357 2‘2
2318 4303 2377 4356 S.
2405 4302 2755 4357 Benedictus:
2794 4320 2813 4351 ι
2844 4300 2972 4355 Deni
3010 4310 3101 4354 aut
3138 4302 3303 4353 viceni
3333 4314 3454 4354 cum
3506 4302 3817 4357 senioribus

2219 4374 2351 4433 suis,
2383 4373 2469 4441 qui
2494 4386 2657 4439 super
2682 4386 2775 4424 eos
2791 4372 2998 4424 solliciti
3039 4372 3163 4434 sint,
3194 4386 3438 4439 ρηιιηριιι.
3478 4389 3495 4422 ι

2294 4439 2529 4510 Denique
2552 4442 2897 4496 Cassineuses
2924 4442 3195 4495 declarant
3222 4442 3450 4508 (Ductor.
3484 4439 3635 4497 6ης.
3668 4445 3738 4495 ad
3764 4460 3813 4500 τ.

545 4513 649 4589 nisi
681 4512 935 4589 mandati,
965 4513 1089 4566 alibi
1131 4528 1234 4589 non
1270 4523 1490 4581 pergant
1521 4529 1626 4589 non
1668 4512 1921 4589 ordinati,
1946 4521 2052 4565 etc.
2092 4530 2109 4561 ι
2148 4529 2194 4589 ι)
2220 4512 2310 4580 21)
2343 4514 2408 4589 ad
2436 4512 2671 4589 ol'licium
2702 4514 3025 4589 decanoruui
3056 4528 3074 4561 ι
3096 4523 3375 4589 pertinere
3403 4526 3525 4565 esse
3552 4516 3812 4589 sollicitos

615 4583 886 4647 Secundo,
917 4601 933 4632 ι
964 4600 1081 4635 eum
1113 4585 1295 4636 decem
1330 4598 1551 4637 numero
1575 4587 1762 4635 fratres
1787 4584 1885 4635 sub
1902 4596 1995 4635 sua
2027 4597 2118 4634 cu-

546 4668 602 4725 ra
625 4654 935 4725 suscipiant,
970 4654 1140 4725 inquit
1169 4653 1415 4723 Magister
1440 4653 1591 4725 (Cap.
1622 4656 1733 4719 ll),
1765 4652 1900 4705 hanc
1918 4654 1996 4725 eis
2027 4653 2122 4706 de-

548 4724 676 4777 bent
697 4724 1112 4777 sollicitudinem
1138 4739 1414 4786 exercere,
1442 4724 1555 4778 Sive
1587 4725 1637 4777 in
1669 4726 1779 4791 die,
1805 4724 1917 4776 sive
1948 4724 1999 4775 in
2028 4738 2123 4777 no-

545 4808 647 4858 ete,
680 4795 792 4863 sive
814 4796 865 4847 in
896 4798 1083 4863 quovis
1107 4811 1290 4861 Opere,
1322 4812 1440 4847 cum
1473 4796 1551 4848 eis
1567 4796 1749 4847 utsint
1777 4792 1947 4861 primo
1982 4808 2122 4862 prte-

547 4861 747 4931 sentés,
772 4875 827 4918 et
855 4861 975 4918 cum
1000 4865 1078 4919 eis
1095 4877 1376 4933 operanles
1401 4865 1453 4917 in
1494 4865 1683 4931 quovis
1710 4879 1894 4932 opere,
1921 4873 1979 4916 ut
2001 4878 2121 4917 cum

547 4936 1068 5001 sedetit,antbulant,
1103 4938 1185 4990 vel
1216 4946 1379 4999 stant,
1419 4936 1660 5003 diligenti
1700 4949 1793 4988 sua
1837 4935 2125 4989 ob-ervano

549 5007 642 5068 tia,
673 5007 755 5059 vel
786 5021 998 5059 (3111⁵10δο
1022 5009 1212 5060 intuitu
1263 5007 1457 5060 diaboli
1485 5010 1551 5060 ab
1596 5006 1678 5060 cis
1727 5006 1926 5060 debent
1972 5014 2125 5060 actus

546 5091 904 5143 compescere.
940 5096 958 5128 ι

618 5146 816 5211 Tertio,
849 5149 995 5201 addit
1027 5148 1274 5214 Magister
1304 5143 1550 5215 (Ibidem)
1585 5162 1596 5197 :
1630 5164 1648 5198 ι
1703 5154 1922 5213 promer
1980 5146 2124 5214 quod

547 5218 690 5270 omni
714 5218 838 5270 hora
858 5219 1107 5272 fratribus
1123 5230 1415 5287 prmsentcs
1429 5225 1638 5278 sunt,os
1651 5231 1835 5269 eorum
1848 5226 1902 5270 et
1918 5227 2124 5284 gestum

548 5304 575 5341 a
607 5301 824 5355 pecrato
844 5290 1463 5353 ciistodiaut,etdivers:i
1496 5287 1546 5339 in
1576 5287 1654 5339 eis
1678 5288 1799 5338 vuia
1831 5287 1913 5340 vel
1965 5302 2126 5354 prava

547 5370 913 5427 compescant,
970 5361 1021 5414 id
1073 5372 1153 5412 εει
1175 5360 1217 5410 si
1267 5357 1495 5409 audierit
1546 5356 1861 5424 pritpositus
1907 5355 2123 5411 fratrem

548 5443 655 5485 non
677 5431 1061 5499 interrogatum
1093 5430 1255 5497 loqaj,
1287 5437 1502 5499 moneat
1557 5442 1678 5499 eum
1731 5427 1944 5481 dicens:
1985 5428 2121 5493 Quid

548 5500 683 5569 agis,
714 5497 904 5562 frater,
916 5500 1054 5565 quod
1088 5502 1266 5566 rigula
1326 5497 1612 5565 prohibet?
1658 5498 1851 5551 habeto
1907 5500 2125 5552 tacitur-

550 5574 769 5625 nitatem
797 5582 964 5639 usque
990 5572 1055 5624 ad
1088 5569 1584 5635 interrogationem.
1610 5587 1627 5619 ι

620 5642 840 5708 Quarto,
865 5636 1187 5695 decanoruin
1235 5638 1470 5692 muneris
1522 5649 1641 5693 erat
1679 5636 1993 5708 fluctuantes
2015 5636 2122 5690 fra~

551 5706 661 5764 tres
684 5715 765 5763 vis
791 5720 924 5776 tare,
949 5709 1241 5771 Consolari,
1268 5711 1553 5773 instruere,
1582 5718 1639 5763 ut
1662 5708 1821 5762 docet
1848 5708 1905 5762 S.
1940 5706 2127 5762 Hiero-

551 5780 953 5852 iiymuswpfst.
994 5782 1123 5849 22):
1172 5780 1451 5836 Manebant
1505 5778 1758 5851 separati,
1792 5778 1884 5834 sed
1929 5776 2127 5847 junctis

2229 4584 2368 4652 quod
2400 4584 2656 4651 regularis
2686 4584 3021 4636 ob-et'vatitia
3053 4592 3295 4636 teneatur
3350 4583 3399 4633 in
3458 4586 3811 4647 fllttllllSiel‘lO,

2229 4656 2454 4709 fratrum
2477 4655 2575 4706 sibi
2605 4669 2699 4721 per
2722 4654 2995 4721 prolatum
3028 4653 3259 4721 deputati
3284 4668 3399 4705 runt
3441 4654 3814 4708 confessiooes

2229 4727 2468 4789 audiant,
2514 4724 2755 4775 officinas
2809 4725 3112 4777 monasterii
3170 4724 3315 4776 boris
3382 4727 3814 4789 competentibus

2233 4797 2468 4854 visitetit.
2500 4794 2737 4860 ipsorum
2767 4792 2989 4847 fratrum
3021 4796 3182 4847 etiam
3228 4794 3492 4860 corrigam
3536 4809 3813 4859 excessus,

2233 4867 2333 4921 nisi
2362 4864 2903 4919 tiotiibilesinveuiaiit
2920 4866 3135 4931 praelato
3158 4880 3405 4918 reservati
3431 4872 3528 4925 tos,
3546 4868 3626 4917 eis
3651 4868 3815 4919 etiam

2234 4938 2580 5007 pai-ticulares
2612 4935 2851 4989 licentius
2878 4936 3025 5001 juxta
3059 4935 3357 4987 facultatem
3381 4935 3457 4987 eis
3509 4949 3540 4986 a
3598 4937 3815 5001 praelato

2234 5009 2480 5061 traditam
2507 5007 2829 5069 concedant;
2888 5008 3195 5073 diligentem
3254 5008 3470 5071 insuper
3506 5020 3691 5057 curam
3725 5008 3816 5057 ha-

2234 5079 2392 5132 beant
2431 5078 2572 5144 quod
2626 5078 2958 5129 caireinonizn
3000 5077 3445 5143 congregationis,
3494 5076 3816 5130 etordinata

2236 5164 2328 5218 per
2349 5148 2659 5213 capitulum,
2704 5162 2815 5218 seu
2845 5146 3119 5218 praelatum
3158 5148 3517 5218 observentur
3558 5162 3573 5198 :
3621 5146 3815 5214 invigi-

2237 5216 2345 5273 lent
2376 5227 2431 5272 ut
2485 5219 2721 5270 divinum
2766 5216 2998 5269 officium
3050 5216 3240 5270 devote
3296 5216 3523 5280 dicatur,
3568 5219 3817 5270 studeant

2235 5289 2606 5343 communibus
2637 5287 3168 5350 fratrumexercittis,
3203 5295 3294 5339 aut
3347 5288 3582 5355 capitulo
3634 5287 3815 5355 culpa-

2236 5376 2351 5413 rum
2377 5360 2659 5412 interesse.
2701 5375 2718 5407 ι

2305 5430 2405 5493 Qut
2436 5428 2612 5481 ili-cani
2644 5430 2766 5479 tales
2787 5428 3059 5497 eligantur,
3091 5429 3142 5479 in
3197 5426 3379 5495 quibus
3400 5443 3613 5480 securus
3662 5428 3815 5481 abbas

2234 5503 2483 5567 partiatur
2509 5514 2662 5551 onera
2686 5496 2826 5568 sua.)
2859 5496 2952 5550 llic
2981 5507 3078 5551 tria
3110 5508 3395 5551 occurrunt
3426 5499 3683 5551 notanda.
3704 5498 3815 5551 Pri-

2235 5585 2400 5631 mum,
2435 5570 2574 5634 quod
2600 5579 2654 5620 ut
2682 5572 2815 5620 tales
2836 5572 3119 5635 eligantur,
3151 5568 3343 5636 quibus
3375 5568 3538 5620 abbas
3593 5580 3815 5621 securus

2237 5640 2495 5704 partiatur
2518 5653 2679 5692 onera
2704 5652 2823 5701 sua,
2850 5654 2942 5692 sex
2970 5642 3022 5691 in
3046 5638 3125 5691 eis
3152 5640 3427 5706 requirunt
3454 5637 3813 5701 Hildeinarus,

2239 5710 2541 5763 Bernardus
2593 5709 2929 5762 Cassinensis
3001 5718 3055 5761 et
3102 5708 3378 5767 Bolterius.
3428 5722 3545 5776 quae
3626 5717 3751 5761 sunt
3797 5724 3816 5762 :

2245 5800 2262 5833 ι
2306 5781 2356 5834 1⁸
2386 5781 2581 5836 bonum
2614 5779 2997 5847 teszimoniunt,
3026 5788 3081 5835 et
3114 5780 3212 5835 hoc
3241 5786 3493 5848 quantum
3538 5778 3605 5832 ad
3628 5776 3817 5834 affabi-
