4074 6356
209 381 307 436 ιδθ

1224 374 1497 432 aecum
1538 358 2026 430 coitaENTLtTA.
2067 365 2216 422 CAP.
2259 363 2415 457 itit".

3350 373 3456 431 490

210 500 405 553 litatem
436 504 492 550 et
517 498 977 562 amicabilitateni;
1002 496 1065 550 2ο
1116 496 1251 550 bona
1303 493 1664 555 conversatio,
1725 491 1853 547 et°A
1880 497 2024 562 ctu5,_
2052 501 2147 539 nec
2176 485 2363 562 minori
2416 484 2548 562 forte
2576 500 2735 562 quam
2767 485 3154 562 abbas,_cujus
3178 490 3316 547 idem
3346 496 3460 554 fere

211 570 309 623 hoc
335 579 590 637 quantum
617 570 681 622 ad
713 570 1046 631 munditiam,
1090 569 1209 621 vita:
1265 567 1547 637 puritatem
1578 572 1633 637 et
1655 578 1778 614 sau-

211 633 476 702 ctitatem;
513 639 576 692 ὃν
599 640 757 694 ardor
783 643 832 693 in
866 640 1101 706 profectu
1124 639 1449 699 animarum;
1492 633 1553 685 4ο
1582 635 1787 687 Λίδρνθ-

214 711 285 763 tiu
314 710 364 762 in
393 711 649 779 regimine
675 710 927 774 fratrum;
956 710 1018 762 5°
1050 708 1475 779 obtetitperantia
1530 708 1580 757 in
1624 718 1788 779 ‘tnau-

212 779 347 833 datis
382 773 495 844 Dei,
522 780 891 835 etobedientia
909 773 964 834 et
986 773 1287 834 reverentia
1309 777 1361 830 in
1389 774 1667 845 praeceptis
1693 773 1788 824 ah-

213 852 346 905 batis
375 850 491 910 sui;
520 850 576 905 6⁸
599 861 881 920 utpropler
918 850 1273 920 obedientiam
1298 847 1506 920 abbatis
1525 854 1787 920 praecepta

215 922 305 975 Dei
376 916 681 975 nullatenus
746 916 1111 989 parvipendat.
1160 937 1179 970 ι
1225 917 1427 983 Quibus
1482 917 1618 989 adde
1668 916 1788 969 vita:

215 990 484 1055 meritum,
512 1000 567 1047 et
593 987 863 1056 sapientiae
888 993 1183 1046 doctrinam
1208 1030 1221 1051 ,
1255 1004 1374 1058 qua:
1421 987 1673 1058 prmdtcta
1696 1000 1787 1058 sex

215 1062 508 1123 continent,
539 1072 590 1115 ut
621 1062 777 1117 docet
800 1062 1170 1124 Hildemarus;
1199 1056 1391 1128 quibus
1422 1056 1484 1110 isi
1542 1056 1667 1124 quid
1699 1056 1791 1108 de-

219 1132 373 1187 fuerit
397 1132 452 1185 in
476 1132 699 1197 decano,
724 1133 832 1202 jam
866 1147 973 1186 non
1001 1144 1219 1185 securus
1245 1130 1409 1183 abbas
1436 1128 1501 1202 ei
1540 1128 1792 1196 partietur

217 1216 379 1256 onera
408 1217 522 1254 sua.
559 1203 706 1257 Adde
727 1199 891 1256 etiam
918 1202 1441 1261 liutnilitatetnmam
1461 1199 1504 1252 si
1548 1206 1792 1263 repertus

218 1271 375 1346 fuerit
400 1273 683 1346 superbus,
706 1273 923 1346 iubetur
946 1272 1341 1346 dejici._Po_rro
1387 1268 1637 1346 praedicta
1699 1281 1789 1346 sex

219 1342 464 1396 Nicolaus
479 1343 546 1395 de
571 1341 825 1397 Fractura
847 1344 911 1396 ad
946 1347 1042 1397 tria
1076 1341 1312 1397 reducit:
1334 1341 1795 1394 attatisutaturita—

222 1421 351 1478 tem,
399 1414 708 1480 gravitatem
760 1429 986 1477 morum,
1050 1426 1104 1467 et
1150 1412 1424 1467 scientiam
1474 1409 1790 1462 litterarum.

290 1482 614 1547 Secundum,
647 1485 901 1552 permittit
926 1484 1141 1552 quidem
1167 1481 1225 1534 S.
1252 1483 1309 1535 P.
1369 1480 1797 1552 Benedictusab-

220 1552 326 1606 bati
351 1554 532 1620 partiri
555 1548 716 1609 onera
757 1570 875 1619 sua,
906 1548 999 1609 sed
1031 1569 1133 1606 non
1165 1552 1431 1619 deponere
1461 1567 1473 1601 :
1512 1568 1530 1600 ι
1556 1548 1797 1620 Minime

224 1618 469 1677 securum
490 1625 737 1679 abbatem
764 1618 868 1678 hic
894 1626 1017 1678 facit
1061 1636 1114 1678 et
1156 1618 1378 1677 libet-uni
1419 1636 1447 1673 a
1504 1618 1794 1681 laboribus,

223 1693 680 1759 inquitGerardus
730 1696 886 1761 Belga
928 1694 1238 1752 monachus,
1297 1694 1389 1745 sed
1440 1692 1570 1744 tales
1596 1690 1800 1761 eligere

219 1762 443 1832 jubetut
472 1780 693 1819 securus
720 1769 789 1819 sit
821 1758 871 1818 in
898 1762 1366 1824 collaborautibus,
1420 1763 1471 1814 in
1526 1775 1658 1828 quos
1682 1758 1800 1827 qui-

222 1834 345 1888 dem
380 1837 619 1903 praecipit
645 1845 702 1889 tit
724 1837 978 1902 partiatur
998 1849 1159 1888 onera
1182 1849 1295 1897 sua,
1331 1833 1378 1885 id
1403 1843 1483 1887 est
1507 1847 1624 1903 qum
1665 1842 1801 1903 unus

224 1904 341 1969 ipse
372 1900 679 1959 necessario
707 1900 1118 1974 perfertomuia,
1142 1905 1299 1957 etiam
1350 1904 1470 1957 aliis
1491 1902 1702 1974 credat,
1724 1900 1803 1974 vel

222 1974 458 2041 singula,
482 1976 565 2029 vel
599 1971 746 2040 plura
770 1975 991 2029 subinde
1017 1990 1110 2040 pro
1138 1975 1309 2027 salute
1334 1973 1658 2041 singulorum
1684 1971 1802 2024 feli-

222 2045 339 2094 cius
367 2044 525 2114 343
560 2048 908 2110 procuranda.
966 2044 1182 2097 Interim
1230 2046 1280 2097 in
1319 2043 1563 2114 omnibus
1610 2043 1801 2105 paSsim

225 2114 407 2184 abbati
434 2112 821 2181 pe'rterribilem
842 2115 1076 2184 judicem
1100 2125 1154 2168 et
1177 2115 1403 2169 tribunal
1436 2112 1685 2175 minatur,
1738 2126 1804 2165 ne

224 2182 473 2237 sufﬁcere
520 2194 669 2251 putet
708 2186 751 2239 si
788 2182 955 2238 bonus
1007 2186 1259 2249 decanos,
1310 2184 1355 2237 si
1397 2184 1622 2252 diligens
1677 2197 1806 2249 pra:-

227 2254 431 2320 positus
457 2270 483 2305 a
509 2270 569 2309 se
597 2258 963 2313 constituatur.
995 2266 1098 2309 etc.
1132 2273 1149 2306 ι

300 2323 565 2388 'l‘ertium,
616 2327 874 2391 partiatur
903 2340 1062 2377 onera
1093 2340 1188 2377 sua
1212 2366 1225 2385 ,
1260 2323 1427 2390 inquit
1456 2324 1510 2376 S.
1544 2322 1800 2375 Benedic-

228 2402 338 2458 tus,
374 2409 479 2448 non
512 2398 781 2461 honores;
810 2397 930 2462 quia
978 2410 1163 2448 revera
1196 2400 1308 2462 plus
1333 2403 1608 2446 onerantur
1651 2410 1802 2460 quam

237 2465 581 2529 honorantur,
614 2464 729 2519 inﬁt
758 2466 1092 2527 Bernardus;
1119 2466 1333 2532 aliisque
1365 2480 1576 2531 pra'esse
1604 2464 1804 2531 pondus

227 2543 301 2587 est
327 2535 515 2601 oneris,
548 2553 647 2589 non
676 2537 905 2597 honoris,
935 2546 987 2588 ut
1018 2551 1139 2589 cum
1166 2536 1467 2589 Ilildemaro
1499 2536 1702 2600 loquar.

300 2603 371 2658 Et
398 2622 503 2659 non
526 2608 777 2675 eligantur
804 2622 893 2673 per
916 2604 1194 2675 ordinem,]
1219 2606 1425 2659 scilicet
1449 2621 1554 2673 quo
1579 2604 1802 2675 ingrcssi

229 2685 353 2728 sttnt
375 2678 782 2731 monasterium.
818 2676 961 2730 Idem
1006 2676 1131 2728 olim
1162 2677 1365 2743 legibus
1393 2675 1638 2728 civilibus
1680 2692 1804 2741 pru-

229 2746 455 2801 hibitum
478 2759 559 2801 est
583 2750 633 2803 in
658 2748 918 2802 electione
944 2748 1171 2811 abbatis,
1195 2748 1257 2799 C.
1279 2747 1313 2796 l.
1342 2744 1434 2807 46,
1462 2745 1535 2798 De
1556 2746 1805 2814 episcopis

228 2826 272 2867 et
297 2817 497 2870 clericis
521 2858 535 2879 ,
567 2828 673 2873 etc.
725 2819 886 2886 Igitur
928 2818 1133 2870 «ιη-ιιιιεί
1166 2817 1335 2869 ultimi
1385 2818 1623 2869 omnium
1656 2819 1763 2869 siut
1785 2857 1801 2880 ,

228 2890 387 2942 modo
410 2889 577 2957 digni,
614 2898 834 2955 possunt
855 2888 978 2953 eligi
1002 2904 1016 2951 ;
1061 2903 1182 2940 nam
1210 2897 1264 2941 et
1288 2886 1509 2957 abbates
1540 2886 1655 2939 lieri
1684 2902 1807 2952 pos-

227 2966 369 3010 sunt.
389 2956 596 3015 Debent
617 2968 796 3013 tamen
819 2973 1015 3011 annum
1040 2959 1210 3011 aetatis
1229 2956 1539 3023 vigesimum
1558 2957 1802 3022 quintum

228 3029 493 3097 attigisse,
518 3043 567 3083 et
592 3030 950 3084 sacerdotium
972 3028 1292 3095 suscepisse,
1316 3042 1382 3082 ex
1408 3026 1679 3081 Benedicti
1712 3027 1802 3082 XII

227 3095 511 3151 Constitui.
543 3114 591 3151 c.
622 3101 711 3153 ‘29.

298 3168 405 3241 Sed
419 3170 698 3222 secundum
714 3171 830 3224 vita:
850 3171 1103 3233 meritum,
1128 3177 1174 3221 et
1188 3169 1451 3241 sapientia:
1471 3168 1804 3241 doctrinam.]

1890 556 2359 629 pondussustinet;
2379 566 2439 629 et
2456 556 2553 629 hac
2571 557 2706 629 forte
2729 558 2933 611 ratione
2949 559 3199 629 Magister
3220 562 3458 625 decanos

1888 642 1916 680 a
1949 627 2146 679 laboris
2178 637 2325 693 parte
2358 627 2545 680 eximit
2576 628 2763 697 Regul.
2796 643 2845 682 c.
2869 630 2953 682 Η.

1963 697 2155 773 Quique
2196 698 2373 748 decani
2419 698 2470 773 si_
2507 713 2574 773 ea;
2614 701 2686 752 eis
2725 700 2897 773 aliqua
2929 701 3201 773 fortegquis
3250 706 3460 773 inﬂatus

1892 768 2126 842 superbia
2175 779 2403 842 repertus
2442 768 2595 842 fuerit
2626 768 3079 842 reprehensibilis.]
3100 768 3215 827 Sed
3245 768 3456 835 si'tales

1891 839 2157 905 eligantur
2186 838 2371 910 quales
2418 839 2802 908 descripsimus
2841 852 2895 896 et
2949 838 3171 910 reqtitrit
3201 845 3255 899 S.
3292 848 3447 905 Bene-

1892 910 2089 986 dictus,
2121 908 2388 986 quomodo
2415 910 2605 986 aliquis
2635 925 2703 986 es
2729 911 2806 965 eis
2838 908 3249 986 aliquainllatus
3271 933 3463 986 super.

1895 980 1979 1033 bta
2056 979 2389 1041 reperietur?
2460 978 2763 1046 Respondet
2838 978 3175 1039 Hildemarus
3254 978 3463 1045 duobus

1895 1049 2066 1125 modis
2089 1049 2138 1101 id
2168 1048 2279 1125 fieri
2313 1063 2503 1125 posse:
2534 1051 2592 1103 1ο
2617 1052 2736 1119 quia
2760 1052 2973 1125 quidam
2995 1064 3119 1108 sunt
3142 1057 3458 1125 hypocrita,

1895 1122 1982 1185 qui
2007 1120 2570 1197 sanctitatisspcciem
2604 1136 2711 1187 prie
2734 1136 2802 1197 se
2821 1122 3051 1178 ferentes
3078 1120 3289 1191 privati,
3317 1120 3464 1197 post;

1896 1189 2112 1264 modum
2158 1191 2221 1243 ad
2272 1188 2558 1264 dignitates
2581 1202 2677 1264 aut
2716 1191 2889 1264 officia
2937 1188 3219 1264 assumpti,
3256 1188 3462 1256 larvam

1896 1262 2201 1332 deponunt,
2244 1270 2296 1314 et
2336 1260 2521 1328 quales
2580 1261 2719 1315 intus
2770 1262 2965 1316 fuerint
3004 1260 3175 1332 palam
3208 1260 3465 1331 iaciunt:

1897 1330 1954 1383 2°
1981 1332 2240 1404 quosdam
2281 1345 2465 1404 revera
2497 1332 2627 1404 tales
2671 1348 2789 1404 esse
2820 1344 2944 1388 ante
2970 1330 3217 1404 adeptum
3249 1330 3467 1396 honoris

1898 1402 2146 1479 gradum,
2182 1401 2365 1479 quales
2406 1402 2628 1469 requirit
2676 1404 2738 1479 ὃ..
2767 1401 3123 1479 Benedictus;
3157 1408 3250 1462 sed
3279 1412 3330 1463 in
3364 1415 3470 1479 pri-

1900 1473 2066 1545 maria
2094 1470 2414 1545 dilillllliuﬂg
2462 1487 2524 1545 ac
2571 1474 2922 1527 sanctimonia
2956 1492 3059 1527 non
3110 1470 3464 1545 permanere;

1901 1542 2021 1619 quia
2055 1542 2305 1619 nimirum
2327 1540 2545 1596 difticile
2581 1554 2663 1596 est
2716 1546 2918 1611 attolli,
2963 1557 3016 1600 et
3045 1540 3153 1603 non
3184 1553 3389 1619 extolli,
3416 1540 3471 1609 et

1901 1612 2023 1682 quia
2055 1614 2285 1666 honores
2313 1620 2517 1666 mutant
2539 1628 2734 1668 mores.

1975 1682 2255 1759 ρον-νςιριξιε⁸
2276 1684 2429 1735 semel
2457 1692 2499 1736 et
2530 1684 2707 1759 iterum
2729 1693 2880 1759 atque
2908 1686 3103 1759 tertio.]
3128 1690 3307 1757 Neque
3328 1696 3471 1749 enim

1900 1753 2126 1822 judicari
2159 1754 2336 1826 debet
2383 1756 2631 1826 superbia
2679 1753 2894 1809 inﬂatus
2924 1796 2937 1815 .
2970 1760 3058 1826 qui
3085 1753 3234 1825 ’νο-ί
3279 1765 3471 1818 trinam

1913 1824 2329 1877 admonitionem
2362 1825 2664 1893 corrigitur,
2700 1838 2756 1880 ut
2785 1827 2933 1881 aittnt
2968 1824 3266 1885 Burnardus
3296 1835 3473 1889 (ἐπεὶ-

1835 1873 1881 1933 Β
1910 1898 2092 1948 uensis
2117 1906 2169 1948 et
2197 1894 2472 1947 Boherius.
2505 1873 2578 1949 ita
2608 1873 2736 1949 vero
2769 1900 3070 1963 praecedere

1910 1967 2021 2037 ptio
2050 1967 2232 2037 trina,
2286 1974 2340 2015 ut
2384 1972 2676 2037 secundum
2714 1968 3073 2022 ilildetnarutn
3103 1972 3182 2026 his
3225 1982 3432 2029 secrete
3456 2015 3472 2037 ,

1909 2036 2064 2089 tertio
2093 2036 2303 2105 publice
2330 2034 2701 2108 admoneatur,
2735 2038 2839 2103 vel,
2864 2039 3015 2108 juxta
3053 2042 3358 2107 Boltetium,
3395 2034 3475 2098 ter

1908 2108 2138 2171 publice,
2170 2119 2219 2159 et
2253 2116 2465 2158 servato
2498 2106 2633 2158 inter
2674 2106 2951 2175 utramque
3001 2106 3353 2167 munitior-eui
3397 2121 3475 2169 itt-

1909 2180 2161 2254 let‘Vallo;
2194 2190 2411 2254 magtm.
2438 2181 2512 2254 vel
2550 2192 2739 2254 parvo,
2768 2180 3058 2234 secundum
3091 2182 3327 2239 criminis
3358 2202 3483 2254 grav

1908 2252 2125 2301 vitalem
2158 2258 2211 2300 et
2236 2246 2528 2312 superioris
2557 2247 2856 2300 arbitrium.

1980 2320 2039 2373 Si
2084 2319 2350 2390 emendare
2385 2317 2952 2390 noluerit,dejiciatnr,
3004 2320 3134 2390 etc.|
3196 2323 3250 2378 Si
3297 2335 3474 2382 tamen

1910 2387 2352 2463 rcpt-eltettsihilis
2382 2387 2451 2439 sit
2478 2386 2530 2439 in
2561 2389 2643 2439 his
2668 2386 2784 2463 qua:
2816 2391 2886 2463 ad
2917 2386 3152 2447 ofﬁciunt
3184 2394 3300 2463 ejus
3359 2412 3479 2462 spe-

1906 2469 2151 2535 ctant,ex
2178 2457 2503 2535 IIi_ldemaro;
2523 2474 2640 2535 nam
2662 2462 2703 2510 si
2730 2460 2781 2512 itt
2803 2461 2918 2515 aliis
2941 2478 3060 2528 qua:
3082 2466 3144 2535 atl
3171 2457 3339 2531 ipsum
3358 2457 3478 2535 spe-

1908 2533 2085 2584 ciatim
2116 2529 2416 2600 pertineant
2462 2532 2757 2600 reperiatur
2798 2529 3254 2600 repreliensihilis,
3294 2529 3482 2593 ct-tiset

1911 2603 2246 2674 Ilildetnarus
2264 2597 2621 2674 adhibendam
2642 2615 2760 2654 esse
2777 2597 3167 2667 corruptionem
3186 2597 3482 2674 disciplina

1910 2672 2205 2740 regularis;
2240 2680 2351 2740 tum
2378 2668 2598 2740 fratrum
2626 2685 2721 2737 pro
2745 2686 2809 2724 eo
2833 2676 3150 2737 oratiOuem,
3174 2690 3237 2729 ac
3265 2668 3480 2733 tandem

1908 2738 2286 2811 dejiciendutn.
2320 2738 2425 2793 Sed
2456 2741 2721 2811 Iioherius
2769 2742 3039 2796 evistitnat
3079 2748 3238 2798 etiam
3267 2746 3318 2800 in
3351 2749 3483 2802 obe-

1909 2809 2106 2866 dientia
2140 2826 2232 2863 sua
2266 2826 2369 2862 non
2410 2809 2798 2882 olI'endenteut,
2844 2823 3026 2866 contra
3070 2818 3303 2882 regulam
3344 2819 3481 2872 alias

1912 2893 2238 2951 peccantem,
2256 2894 2374 2934 esse
2391 2880 2736 2949 ejiciendum,
2751 2884 2902 2936 sictiti
2918 2884 2983 2938 de
3000 2880 3281 2954 praeposito
3298 2890 3482 2947 statuit

1909 2956 1967 3010 ὃ.
1998 2953 2268 3021 legislator

1984 3025 2046 3077 Et
2072 3024 2135 3075 de
2163 3021 2434 3092 prazposito
2459 3022 2636 3074 eadem
2666 3023 3064 3095 constituimus.]
3095 3024 3228 3079 Cum
3264 3044 3483 3095 ptop0r~

1911 3096 2056 3149 tione
2080 3106 2255 3147 tamen
2280 3108 2450 3165 ,natn
2487 3092 2813 3165 praepositus
2830 3105 3019 3160 quater
3052 3092 3483 3165 prmtnoneudus,

1912 3177 2095 3233 postea
2127 3164 2426 3231 disciplinae
2477 3163 2705 3229 regulari
2739 3163 3045 3219 subdendus
3071 3208 3085 3230 ,
3118 3182 3180 3221 ac
3212 3171 3425 3226 tandem
3456 3163 3484 3226 ti

232 3234 400 3295 Debet
430 3255 561 3310 ergo
586 3242 821 3296 decanos
850 3231 1146 3296 litterarum
1168 3231 1388 3294 scientia
1431 3253 1550 3294 esse
1608 3231 1806 3294 instru:
1833 3231 1879 3292 C
1914 3231 2214 3291 ministerio
2245 3233 2614 3303 expellendus.

239 3398 248 3407 ι
900 3372 911 3413 Ε
945 3363 3408 3414 ΞΗΞΕΜ.*“
2830 3398 3059 3409 _..._....._.
3110 3375 3485 3419 ,αλκ-...κζ’

1228 3424 1242 3436 κ

1496 3452 1884 3577 CAPUT
1936 3491 2233 3575 XXII.

1350 3632 1665 3707 Quomodo
1705 3636 2020 3697 dormiant
2048 3634 2350 3697 monachi.

299 3768 465 3842 344
502 3769 705 3839 Singuli
736 3784 830 3838 per
856 3771 1060 3841 singula
1090 3772 1223 3827 lecta
1255 3781 1278 3808 ο
1312 3774 1599 3830 dormiant.
1632 3775 1807 3830 Leoti-

231 3865 429 3918 steruia
454 3861 507 3928 ιι,
541 3878 635 3931 pro
673 3863 832 3917 modo
862 3867 1289 3921 conversationis
1316 3908 1331 3932 ,
1366 3869 1659 3923 secundum
1700 3871 1807 3924 dis-

232 3958 598 4028 pensationem
628 3958 835 4011 abbatis
883 3960 964 4012 sui
1011 3960 1295 4025 accipiant.
1342 3961 1397 4015 Si
1435 3973 1609 4031 potest
1642 3964 1754 4017 lieri
1785 4006 1800 4028 ,

231 4064 421 4105 omnes
452 4050 503 4103 in
533 4064 638 4103 uno
664 4059 685 4088 ο
711 4051 827 4104 loco
847 4050 1114 4104 dormiant
1145 4069 1156 4102 :
1188 4052 1231 4105 si
1258 4062 1434 4106 autem
1458 4051 1483 4090 ἀ
1514 4055 1804 4109 multitudo

232 4156 335 4196 non
360 4141 513 4201 sinit.
534 4141 681 4206 deni,
711 4151 801 4195 aut
821 4141 1015 4207 viceni,
1039 4158 1162 4196 cum
1187 4144 1493 4198 senioribus
1524 4147 1613 4213 qui
1647 4161 1809 4212 super

228 4247 323 4288 eos
352 4234 569 4289 solliciti
590 4235 718 4298 sint,
749 4242 991 4303 pauseut.
1041 4234 1277 4289 Candela
1307 4236 1505 4305 jugiter
1532 4237 1585 4291 in
1610 4238 1803 4292 eadem

231 4326 363 4381 cella
385 4327 576 4381 ardeat
605 4340 772 4393 usque
803 4340 981 4380 mane.
1534 4330 1535 4333 ‘

302 4419 496 4473 Vestiti
528 4420 817 4484 dormiant,
850 4429 904 4473 et
930 4419 1091 4474 cincti
1120 4420 1348 4489 cingulis
1382 4428 1405 4457 ο
1436 4430 1526 4475 aut
1557 4420 1807 4488 funibus;

232 4519 285 4565 et
326 4510 575 4566 cultellos
603 4524 730 4566 suos
762 4511 827 4564 ad
859 4512 995 4565 latus
1024 4526 1178 4565 suum
1214 4508 1233 4547 ί
1268 4526 1379 4565 non
1411 4512 1644 4569 habeant
1680 4513 1810 4569 dum

222 4716 242 4773 ι
295 4648 556 4712 Il03mm,
611 4647 817 4719 singula
871 4648 1097 4712 lectulo;
1149 4648 1517 4715 recentiores,
1576 4648 1805 4719 singulos

245 4727 393 4773 ectos.

245 4727 393 4773 ectos.

292 4788 318 4827 δ
351 4789 541 4852 Narb.,
574 4788 715 4842 lectis
746 4790 1014 4843 stramina.

298 4882 316 4896 υ
354 4861 522 4922 Hild,
563 4862 615 4911 in
653 4875 828 4913 unum.
880 4863 1061 4928 nari»,
1095 4876 1217 4917 cum
1267 4861 1507 4933 pluribus
1562 4876 1714 4928 mss.,
1748 4862 1801 4914 in

226 4944 377 4984 unum
404 4933 592 4983 locum.

297 4998 324 5037 ἀ
352 5002 466 5064 AL,
499 5000 579 5053 sin
610 5008 797 5052 autem.

300 5071 521 5144 foun.
554 5078 609 5125 et.
635 5070 833 5144 Regula
865 5071 1072 5138 Donati,
1103 5074 1356 5144 cingellis.

306 5139 326 5178 ί
350 5142 546 5205 Oxou.,
575 5140 643 5191 ad
667 5142 795 5193 latus
826 5158 1018 5197 eorum.
1048 5139 1236 5208 Narbi,
1269 5147 1335 5198 ad
1364 5148 1495 5198 latos
1524 5159 1663 5196 suos.

297 5221 324 5260 ε
353 5213 550 5276 Oxon.,
575 5211 797 5265 vulneret
818 5212 1143 5267 dormientes.
1170 5215 1359 5281 Narb.,
1384 5215 1648 5269 vulnerent
1675 5213 1793 5266 dor-

1820 5072 1878 5131 D

1914 3775 2188 3828 dormiunt
2212 3814 2225 3838 ,
2259 3788 2328 3829 ne
2374 3772 2511 3829 forte
2559 3788 2652 3842 per
2690 3775 2953 3830 somnium
2989 3778 3336 3835 vulnerentur
3364 3783 3487 3840 dor-

1917 3871 2143 3924 mientes
2168 3877 2191 3914 ι
2224 3884 2234 3919 :
2263 3877 2317 3922 et
2348 3865 2375 3903 ιι
2403 3879 2460 3923 ut
2493 3868 2659 3935 parati
2712 3870 2821 3922 sint
2855 3872 3103 3925 uicttaclti
3141 3888 3385 3943 semper;
3435 3891 3490 3934 et

1916 3960 2057 4014 facto
2087 3961 2238 4025 signo
2266 3960 2467 4027 absque
2493 3973 2643 4012 mora
2672 3969 2949 4030 surgentes
2977 3961 3229 4017 festinent
3258 3966 3487 4023 invicem

1913 4066 1972 4105 se
2004 4051 2299 4120 praevenire
2328 4051 2394 4104 ad
2436 4064 2571 4119 opus
2600 4050 2693 4104 Dei
2720 4089 2735 4114 ,
2778 4067 2898 4104 cum
2930 4056 3073 4105 omni
3106 4064 3283 4109 tamen
3316 4060 3489 4126 gravi.

1917 4154 2024 4199 tate
2074 4154 2128 4197 et
2153 4143 2435 4197 modestia.
2476 4143 2946 4199 Adolescentiores
2978 4146 3167 4201 fratres
3200 4148 3215 4185 ί
3248 4149 3399 4218 juxta
3430 4168 3488 4208 se

1915 4250 2019 4290 non
2054 4236 2284 4291 habeant
2311 4235 2478 4290 lectus
2510 4234 2558 4299 i,
2592 4235 2687 4290 sed
2739 4238 2988 4300 permixti
3020 4234 3045 4273 ¹ί
3089 4253 3212 4295 cum
3256 4243 3487 4297 seniori-

1910 4330 2007 4384 bus
2042 4327 2084 4384 ι.
2118 4329 2409 4400 Surgentes
2433 4344 2562 4384 vero
2593 4329 2658 4383 ad
2699 4344 2830 4399 opus
2859 4329 2975 4398 Dei,
3013 4332 3238 4387 invicem
3279 4348 3337 4387 se
3368 4350 3486 4389 mo-

1910 4421 2094 4478 derate
2144 4421 2493 4478 cohortentur
2517 4463 2531 4491 ,
2568 4428 2788 4492 propter
2836 4400 3293 4480 somnolentortim
3327 4440 3488 4482 excu-

1915 4517 2153 4573 sationes

1912 4653 2165 4706 mientem.
2204 4654 2372 4715 Flor.,
2401 4656 2734 4709 vulnerantur
2763 4657 3116 4710 dormientem.

1985 4723 2007 4796 If
2039 4724 2301 4779 Particula
2333 4735 2381 4778 et
2412 4726 2463 4779 iu
2491 4740 2657 4796 sensu
2682 4727 2951 4790 superﬂua
2978 4736 3093 4790 est,
3134 4728 3303 4796 inquit
3336 4730 3478 4788 lIild.

1990 4793 2002 4831 ί
2042 4796 2199 4850 Deest
2245 4796 2384 4864 apud
2425 4796 2563 4850 IIild.
2596 4795 2802 4864 integra
2836 4797 2948 4850 htec
2979 4793 3226 4862 periodus
3253 4816 3267 4852 :
3292 4800 3483 4855 Adole-

1909 4866 2181 4941 scentiores
2234 4870 2422 4941 fratres
2463 4868 2621 4941 juxta
2664 4882 2718 4920 se
2764 4883 2863 4922 non
2892 4868 3110 4923 habeant
3157 4868 3355 4941 lectos,
3393 4887 3483 4928 uc

1911 4937 2149 5003 permixti
2173 4952 2290 4989 cum
2318 4936 2615 4993 senioribus.

1987 5012 2000 5056 t
2042 5008 2150 5071 AL,
2181 5007 2330 5060 lecta.

1980 5077 2003 5151 ξι
2036 5078 2152 5151 al.,
2184 5079 2367 5151 miagti;
2397 5078 2494 5151 al.,
2522 5079 2759 5144 mixtim;
2784 5079 2883 5146 al.,
2909 5081 3223 5151 permixtim.

1982 5147 1995 5185 ι
2034 5148 2194 5203 Narb.
2224 5148 2372 5203 addit
2390 5150 2618 5218 jaceant.

1629 5328 3479 5351 W

1524 5415 2174 5480 COMMENTARIUS.

295 5543 555 5610 Quoniam
585 5542 977 5597 dormientibus
1006 5541 1161 5595 nobis
1199 5542 1383 5611 vigilat
1415 5541 1752 5600 adversarius
1778 5586 1791 5608 ,

226 5622 471 5679 artesque
505 5629 667 5681 pr0pe
699 5615 934 5666 infinitas
960 5620 1201 5680 exercet,
1235 5623 1292 5665 ut
1324 5613 1568 5667 fidelibus
1609 5629 1795 5667 mona-

233 5686 347 5739 cbis
374 5684 528 5740 fessis
550 5683 950 5752 quiescentibus
978 5691 1188 5745 noceat,
1210 5693 1413 5752 septem
1440 5684 1539 5738 hoc
1565 5684 1796 5750 capitulo

227 5757 460 5811 cautelus
486 5756 740 5809 adversus
767 5756 986 5808 insidias
1014 5754 1310 5821 versipellis
1350 5753 1566 5809 adhibet
1610 5758 1666 5806 S.
1707 5756 1798 5808 Be-

230 5826 491 5885 nedictus.
526 5826 601 5878 uti
634 5825 833 5878 notavit
877 5824 1179 5880 Bernardus
1222 5824 1583 5882 Cassinensls.
1619 5826 1796 5881 Pritna

466 5922 734 5984 Panos.
768 5916 987 5979 LXVI.

1903 5551 1987 5598 est
2035 5541 2380 5611 singularitas
2430 5541 2728 5606 lectorum;
2786 5541 3017 5597 secunda
3057 5540 3308 5594 vicinitas
3351 5540 3486 5598 bene

1901 5614 2333 5667 conversantium
2378 5613 2632 5676 fratrum;
2665 5613 2817 5667 tertia
2852 5611 3142 5666 multitudo
3175 5611 3398 5665 fratrum
3430 5614 3487 5670 in

1901 5685 2089 5738 eodem
2120 5686 2238 5738 loco
2267 5683 2647 5738 dormienzium
2669 5700 2682 5747 ;
2708 5692 2895 5751 quarta
2925 5682 3234 5736 sollicitudo
3268 5694 3320 5735 et
3349 5684 3485 5749 vigi-

1903 5756 2061 5807 lantia
2092 5759 2401 5815 seniorum;
2449 5754 2634 5823 quinta
2665 5756 2912 5807 accensio
2945 5753 3176 5806 lucerna:
3206 5752 3481 5818 ardentis;

1901 5835 2053 5883 sexta
2107 5826 2248 5894 quod
2290 5822 2477 5881 vestiti
2515 5822 2765 5892 iaceant,
2812 5831 2996 5880 etnon
3039 5824 3201 5890 nudi;
3250 5826 3478 5895 septima

2979 5911 3051 5975 16
