4074 6356
599 290 703 362 tot
1961 288 2019 348 s.
2062 290 2120 349 ι’.

2265 289 2522 348 NEDICTI
3780 294 3884 355 ‘92

599 411 867 482 separatio
917 411 1179 466 minorum
1241 421 1293 468 et
1343 412 1623 482 permixtio
1686 410 1956 467 seniorum
1997 429 2009 464 :
2053 427 2172 481 quae
2201 414 2252 475 Α
2283 411 2342 467 8.
2378 410 2586 482 Angelo
2621 429 2632 464 :
2672 429 2692 463 ι
2725 410 3103 479 Lectisternia,
3138 411 3188 466 id
3218 421 3298 467 est
3329 415 3564 474 ordines.
3601 430 3697 470 seu
3730 417 3883 471 ordi-

599 481 1199 552 omniaiconsequenter
1226 481 1538 552 experienda
1567 493 1710 538 sunt.
1827 551 1834 552 γ
2282 481 2533 537 nationes
2578 483 2862 537 lectorum.
2899 501 2916 533 ι
2966 484 3043 536 Ad
3092 499 3249 552 quem
3287 485 3493 540 accedit
3526 486 3882 541 Theobaldus

657 551 816 622 3&5
835 551 962 622 Sing
977 555 1037 606 ili
1052 570 1138 621 per
1160 551 1359 621 singula
1382 555 1508 607 (ecta
1531 551 1838 624 dunttiaan
1859 552 1901 605 ll
1921 568 1982 606 cc
2001 553 2170 620 prima
2279 553 2534 607 Artaldus
2567 553 2709 624 hunc
2739 553 2912 624 locum
2945 551 3146 608 Gallice
3175 555 3242 608 ita
3269 558 3499 610 reddens
3525 572 3540 609 :
3565 555 3647 610 Its
3670 559 3882 612 άοὶυεηι

596 621 1096 689 estca'ii'iela,quam
1119 639 1236 676 cum
1259 624 1626 691 S.ll3enedicto
1648 621 1901 677 adhibént
1925 624 1978 676 S.
2001 625 2171 678 Atha-
2280 624 2424 676 avoir
2449 631 2494 674 et
2520 623 2706 692 garder
2729 623 2801 677 les
2829 625 2967 676 liena:
2995 634 3042 676 et
3071 628 3340 680 situation:
3369 629 3433 680 de
3456 629 3595 681 teurs
3631 631 3876 682 concha.

595 695 820 746 nasius:
859 713 876 744 ι
915 695 1044 748 Dum
1076 695 1365 757 dormiunt,
1401 696 1765 763 unusquisque
1805 697 2028 748 seorsim
2062 695 2171 748 dis-
2355 694 2428 747 Et
2465 695 2544 746 his
2591 693 2842 747 omnibus
2897 696 3183 749 sententiis
3211 699 3329 751 dua:
3361 700 3582 752 omnino
3615 700 3874 754 videntur

597 765 828 825 cumbal,
862 781 921 816 ac
947 779 1098 818 suum
1130 767 1356 833 quisque
1387 766 1579 818 habeat
1609 766 1918 819 sticharinm
1947 781 1960 828 ;
1988 781 2172 819 saccu-
2279 765 2606 832 probabiles.
2635 763 2834 829 Prima,
2857 779 3016 832 quam
3043 765 3211 819 refert
3243 767 3549 822 Bernartius
3574 769 3872 824 Cassinen-

595 833 706 887 lum
758 834 958 888 scilicet
1006 835 1398 900 absconditum,
1455 845 1508 889 ut
1551 840 1764 904 quando
1817 850 1911 902 per
1961 845 2168 891 noctem
2279 835 2357 887 sis
2384 875 2398 899 ,
2428 849 2529 903 qua
2561 834 2889 888 lectisternia
2922 835 3172 889 dicuntur
3217 837 3338 892 lecti
3377 841 3567 902 strati,
3608 856 3702 893 seu
3748 841 3872 894 lecti

594 918 786 970 preces
818 905 1136 968 fundendze,
1170 907 1339 974 parati
1370 907 1705 975 promptique
1757 906 1902 969 sint;
1941 924 1958 957 ι
2005 907 2170 960 abbas
2276 919 2398 976 cum
2421 919 2519 958 suo
2544 914 2862 958 stramento.
2900 905 3028 959 Eam
3057 910 3296 976 sequitur
3321 909 3611 965 Menardus
3644 911 3794 965 hunc
3821 913 3870 964 in

599 976 763 1030 Isaias
792 993 803 1028 :
860 994 877 1026 ι
917 976 992 1029 Ne
1021 977 1180 1031 cuhe<
1213 992 1330 1030 cum
1365 974 1468 1029 alio
1495 978 1591 1032 sub
1623 974 1810 1031 eodem
1840 978 2110 1043 stragulo;
2147 998 2163 1026 ι
2276 974 2453 1028 locum
2477 978 2545 1028 ita
2569 977 2808 1028 scribens
2837 994 2849 1028 :
2881 994 2898 1028 ι
2929 974 3278 1032 Lectisternia
3303 989 3427 1034 sunt
3446 981 3870 1036 lecti.Sidonins

595 1045 656 1100 S.
697 1045 1013 1100 Aurelianus
1041 1065 1054 1101 :
1090 1066 1106 1098 ι
1143 1048 1344 1103 Omnes
1368 1048 1551 1100 divisis
1585 1055 1831 1101 maneant
1860 1048 2109 1113 lectulis;
2145 1069 2163 1100 ι
2275 1047 2436 1110 epist.
2475 1047 2560 1111 i5,
2601 1046 2635 1098 l.
2661 1045 2692 1099 ὧ
2721 1063 2734 1098 :
2769 1045 2994 1114 Epulum
3017 1050 3294 1113 multiplex
3325 1061 3368 1101 ct
3397 1053 3740 1112 capacissima
3797 1053 3872 1104 le-

597 1116 658 1172 S'.
711 1117 1038 1171 Ferreolus:
1076 1139 1092 1170 t
1137 1119 1247 1172 Duo
1293 1119 1583 1188 quamlibet
1636 1118 1862 1186 proximi
1914 1127 1964 1170 ct
2013 1121 2170 1173 amici
2274 1117 2537 1188 ctfsternia
2555 1117 2859 1186 para.Acta
2883 1117 2940 1172 S.
2969 1118 3216 1180 Findani,
3244 1135 3292 1175 c.
3323 1119 3868 1178 42Prolectis'erm’is

595 1199 815 1256 propter
832 1198 1092 1250 secretam
1114 1186 1565 1258 orationcm,qu;e
1589 1189 1777 1242 melius
1802 1188 1865 1263 ad
1889 1188 2168 1263 Dominum
2275 1186 2475 1255 lapides
2516 1188 2710 1263 celata}
2754 1189 2884 1263 inter
2936 1193 3118 1256 fratres
3160 1207 3385 1263 pausans
3415 1195 3628 1263 occulte
3659 1197 3867 1263 corpori

595 1260 746 1312 nullo
777 1266 912 1312 teste
941 1261 1185 1332 dirigitur
1210 1302 1224 1326 ,
1275 1268 1331 1312 ut
1364 1277 1428 1312 an
1457 1256 1542 1312 mo
1590 1270 1642 1312 et
1692 1260 2022 1332 unolectulo
2066 1277 2167 1332 non
2274 1259 2578 1332 {uppesuit_._
2607 1256 3169 1332 t_Couciuit__antiqua
3196 1262 3370 1316 versio
3400 1262 3598 1316 Gallica
3647 1256 3867 1332 ltcg'ulae

595 1331 1199 1400 teneantur...Quisque
1216 1332 1366 1384 strati
1392 1334 1491 1394 sui,
1523 1338 1579 1383 ut
1599 1346 1757 1398 supra
1783 1330 2036 1393 diximus,
2066 1331 2171 1384 erit
2274 1327 2330 1380 8.
2386 1328 2704 1401 Benedicti:
2743 1327 2837 1380 Lcs
2896 1329 2982 1382 (its
3019 1327 3182 1383 soient
3237 1331 3548 1401 appareitlés
3588 1327 3792 1388 contine
3829 1335 3869 1388 il

594 1401 743 1453 solus
775 1402 887 1469 ipse
920 1417 1216 1471 possessor,
1256 1403 1457 1455 habens
1484 1417 1664 1454 secum
1698 1401 1900 1454 meliori
1932 1416 2170 1454 commu-

596 1473 795 1526 tatione
821 1488 917 1535 pro
935 1474 1248 1525 dormitorio
1269 1471 1488 1524 fratrum
1510 1471 1789 1526 Dominum
1806 1471 2127 1539 vigilantem;
2145 1492 2161 1524 ι

595 1542 652 1597 8.
680 1543 912 1597 [sidorus
937 1560 951 1593 :
979 1559 997 1594 ι
1021 1543 1232 1597 Duobus
1255 1543 1303 1595 in
1337 1546 1469 1608 lecto
1492 1557 1596 1606 uno
1615 1540 1794 1610 jacere
1819 1558 1921 1594 non
1946 1542 2118 1607 liceat;
2145 1562 2161 1593 ι

594 1615 653 1668 8.
699 1613 1025 1669 Fructuosus
1059 1631 1072 1666 :
1103 1634 1119 1664 ι
1157 1615 1268 1667 Duo
1301 1614 1350 1665 in
1387 1629 1490 1666 uno
1518 1614 1653 1665 lecto
1686 1627 1788 1664 non
1811 1613 2042 1679 jaceant,
2069 1628 2168 1668 nec

593 1684 833 1740 dormire
885 1695 1035 1738 extra
1095 1685 1269 1739 cubile
1327 1684 1598 1751 proprium
1655 1683 1898 1752 cuiquam
1955 1682 2164 1738 licentia

594 1765 794 1825 pateat.
843 1755 1180 1810 Intervallum
1233 1754 1561 1823 singulorum
1635 1753 1888 1806 lcetorum
1943 1753 2164 1820 singulis

594 1828 792 1880 cubitis
837 1825 1170 1886 intercedat,
1228 1842 1291 1878 ne
1323 1827 1445 1878 dum
1481 1825 1542 1876 ad
1590 1825 1812 1876 invicem
1869 1825 2168 1891 proaimant

595 1911 861 1963 corpora,
921 1896 1154 1949 nutriant
1201 1896 1438 1950 libidinis
1494 1894 1794 1960 incentiva;
1843 1914 1860 1945 ι
1916 1894 2170 1964 Μιιςίδι-ιυ

596 1967 749 2037 (Cap.
769 1969 792 2020 1
814 1966 862 2035 ι)
879 1984 889 2017 :
914 1985 930 2018 ι
945 1967 1201 2034 Singulos
1220 1967 1672 2037 principitnusnon
1691 1965 1843 2018 binos
1862 1979 1957 2033 per
1974 1966 2166 2037 lectum

596 2035 849 2091 dormire.
867 2057 885 2088 ι
909 2040 1112 2104 Quibus
1139 2039 1341 2091 accedit
1364 2052 1514 2091 conc.
1539 2035 1848 2089 Turonense
1873 2035 2126 2104 (Can.14)
2152 2055 2163 2088 :

600 2125 619 2160 t
652 2107 716 2162 Ut
747 2109 977 2162 sinistra:
1007 2106 1412 2162 existimationis
1440 2107 1608 2160 aditus
1635 2116 1957 2174 amputetur,
1995 2108 2168 2162 nullus

595 2178 932 2233 sacerdotum
977 2189 1067 2233 aut
1099 2181 1480 2233 monachorum
1515 2177 1762 2245 colligere
1793 2178 1955 2231 alium
1987 2178 2038 2229 in
2070 2192 2168 2230 suo

595 2249 733 2303 lecto
764 2262 1066 2317 praesumat.
1110 2269 1126 2301 ι
1165 2251 1241 2302 Ex
1276 2264 1380 2314 quo
1412 2248 1590 2300 mirari
1623 2247 1768 2300 subit
1812 2263 1909 2316 qua
1963 2249 2168 2303 ratione

595 2318 794 2388 Regula
824 2320 1112 2389 Cujusdam
1143 2321 1208 2372 ad
1240 2318 1483 2385 Virgines
1516 2317 1823 2389 praescribat
1863 2319 2009 2386 (Cap.
2049 2317 2163 2383 lxi),

596 2409 613 2440 ι
654 2392 721 2446 Ut
771 2388 910 2444 bina:
961 2403 1014 2443 et
1056 2392 1193 2444 bime
1248 2399 1443 2458 praeter
1484 2388 1720 2458 iniit-mas
1754 2399 1804 2440 ct
1838 2391 2074 2440 seniores
2112 2391 2163 2442 iu

594 2461 801 2514 lectulis
817 2462 1108 2522 dormiant,
1144 2479 1160 2513 >
1192 2457 1491 2528 quanquam
1531 2457 1686 2528 hujus
1712 2459 1892 2510 statuti
1918 2460 2166 2526 periculis

597 2533 891 2598 providisse
932 2533 1173 2584 videatur
1220 2532 1477 2596 adjiciens
1525 2547 1537 2580 :
1586 2547 1602 2578 ι
1646 2529 1731 2582 Sic
1781 2540 1954 2581 tamen
1999 2538 2054 2582 ut
2098 2531 2163 2582 ad

596 2603 821 2656 invicem
857 2618 959 2655 non
993 2603 1311 2670 loquantur,
1364 2616 1534 2667 neque
1574 2599 1636 2650 ad
1688 2600 1952 2670 invicem,
2001 2601 2049 2652 id
2085 2611 2165 2652 cst

598 2673 730 2726 facie
759 2673 822 2726 ad
856 2672 1041 2727 faciem
1066 2668 1382 2740 'te-‘piciant,
1418 2671 1507 2723 sed
1539 2685 1638 2722 una
1673 2677 1791 2736 post
1821 2668 1977 2721 aliam
2015 2672 2166 2737 quic-

597 2756 753 2798 scens
792 2743 1091 2798 dormiat...
1129 2752 1183 2794 nt
1213 2758 1311 2794 una
1339 2758 1401 2794 ex
1437 2742 1539 2794 illis
1579 2756 1791 2807 semper
1839 2741 2019 2792 senior
2050 2743 2160 2804 sit,

598 2814 664 2869 de
693 2813 844 2885 Cujus
890 2815 1147 2882 religione
1180 2828 1281 2864 non
1329 2812 1616 2866 dubitetur.
1667 2810 1985 2863 iuvenculos
2037 2826 2162 2864 vero

598 2886 897 2940 nullatenus
929 2886 1085 2956 simul
1119 2886 1396 2956 quiescere
1424 2897 1725 2956 censemus.
1764 2899 1785 2956 _i

671 2957 826 3009 Norat
854 2951 1012 3023 porro
1036 2956 1117 3008 hic
1151 2953 1448 3006 Bernardus
1470 2951 1802 3023 (lassinensis
1833 2951 1948 3004 istis
1975 2951 2030 3004 S.
2069 2952 2164 3005 Be-

599 3028 794 3082 nedicti
838 3021 1054 3080 verbis:
1092 3024 1294 3093 Singuli
1340 3039 1430 3094 per
1473 3021 1678 3094 singula
1708 3023 2116 3094 tectatlormicmt
2146 3062 2160 3087 ,

598 3098 952 3166 supplendum
985 3110 1106 3150 esse
1142 3090 1218 3148 υιῖί
1261 3090 1521 3166 ᾳιιῑιεσαιιι
1550 3090 1570 3154 ζ
1595 3092 1711 3160 quia
1744 3090 2010 3159 perfectus
2036 3107 2159 3166 tuo-

599 3163 800 3222 nachus
832 3183 936 3220 non
967 3182 1179 3232 semper
1210 3167 1261 3219 in
1292 3166 1431 3218 lecto
1469 3163 1652 3230 jacens
1680 3166 1874 3215 dormt
1899 3204 1913 3226 ,
1953 3163 2048 3216 sed
2080 3164 2162 3216 la-

599 3241 796 3308 crymis
825 3237 1090 3292 interdum
1121 3245 1342 3308 Stratum
1383 3249 1543 3308 suum
1572 3233 1708 3308 rigat
1733 3274 1743 3290 .
1767 3243 1844 3308 JH.
1885 3232 2164 3308 Propheue

602 3301 677 3364 ad
702 3312 868 3363 in-tar
897 3324 992 3361 nos
1021 3310 1261 3362 hortatur
1290 3306 1347 3359 8.
1383 3305 1661 3358 Ferreolus
1687 3303 1738 3356 in
1767 3301 1965 3368 Regula
1994 3323 2040 3356 c.
2071 3306 2161 3359 55.

602 3381 670 3435 Et
697 3391 840 3435 ct-rte
867 3380 1033 3431 saucii
1067 3388 1352 3430 nocturnas
1377 3377 1582 3436 νίμιιιυδ
1604 3375 1930 3426 orationibus
1963 3385 2014 3426 et
2047 3389 2165 3441 pre-

600 3452 749 3505 cibus
777 3449 1068 3517 przevenire
1098 3448 1338 3500 solebant
1365 3487 1378 3508 ,
1410 3447 1544 3517 sicut
1583 3445 1668 3517 de
1689 3446 1744 3498 8.
1777 3445 1957 3517 Mauro
1999 3446 2164 3510 refert

600 3514 828 3575 Faustus
852 3521 904 3572 in
933 3518 1050 3588 ejus
1087 3518 1225 3580 Vita,
1255 3517 1396 3588 quod
1422 3514 1708 3588 aliquando
1737 3515 2159 3588 quinquagenos,

599 3589 887 3661 aliquando
929 3585 1182 3661 centenos
1219 3587 1447 3653 psalmos
1472 3626 1486 3649 ,
1520 3585 1829 3661 aliquando_
1854 3585 2160 3661 psalterium

601 3655 863 3726 integrum
886 3659 1135 3712 recitaret
1162 3668 1287 3711 ante
1313 3667 1582 3710 nocturna:
1606 3655 1862 3726 orationis
1887 3659 2159 3726 synaxim;

600 3741 654 3788 et
709 3725 970 3786 Cervinus
1025 3729 1188 3782 abbas
1239 3726 1570 3782 Centulcnsis
1618 3725 1888 3793 piissimus
1931 3725 2158 3794 (Chron.

599 3801 800 3859 Centnl.
835 3801 872 3854 Ι.
908 3816 977 3864 tv,
1010 3815 1054 3854 c.
1080 3799 1191 3870 26),
1229 3799 1312 3851 tibi
1346 3797 1516 3870 somni
1565 3811 1756 3870 parum
1800 3797 2156 3870 percepisset,

599 3873 667 3929 de
687 3873 906 3942 grabato
932 3886 1048 3925 sese
1071 3867 1367 3942 exictiticns,
1390 3868 1604 3942 domum
1623 3867 1879 3920 oratiunis
1908 3867 2158 3942 intrabat,

600 3937 788 3998 omnes
827 3955 947 3996 aras
975 3941 1198 4004 orando,
1229 3938 1495 4009 gemendo
1517 3977 1533 4001 ,
1579 3951 1859 4006 genuaque
1902 3937 2162 3994 flectendo

600 4014 887 4078 circuibat;
916 4023 1076 4081 atque
1104 4023 1158 4065 ut
1187 4010 1486 4081 vigiliarum
1518 4011 1704 4081 horam
1737 4010 1990 4081 advenire
2031 4025 2158 4065 scn-

601 4088 742 4148 tiret,
777 4099 843 4139 ne
887 4085 955 4136 ab
991 4079 1210 4136 indituis
1249 4079 1342 4135 aut
1378 4079 1699 4150 janitoribus
1749 4079 2158 4148 observaretur,

599 4158 790 4211 lectum
819 4156 924 4207 ullo
952 4155 1066 4207 sine
1093 4155 1316 4221 strepitu
1345 4151 1639 4218 repetebat.

657 4222 1034 4294 Lectisternim]
1053 4223 1188 4289 Quid
1212 4222 1319 4276 sint
1336 4221 1660 4294 lectisternia
1685 4235 1792 4274 non
1817 4222 2164 4294 consentiunt

597 4297 817 4370 Regula:
869 4291 1732 4370 comitictitatores.__Hildemarus
1773 4309 1787 4344 :
1852 4311 1869 4370 ς
1906 4292 2157 4370 Sternia,

599 4362 812 4438 inq'uit,
857 4365 1063 4420 duobus
1107 4363 1278 4417 modis
1321 4362 1611 4438 dicuutur;
1643 4363 1804 4438 idest
1833 4362 2022 4417 domus
2070 4366 2158 4418 ubi

598 4431 723 4494 lcc'ti
753 4445 1097 4498 sternuntur,
1131 4449 1225 4486 seu
1262 4437 1420 4489 etiam
1471 4433 1619 4488 locus
1661 4431 1748 4486 ubi
1802 4448 1942 4486 unus
1993 4444 2160 4488 sectus

2273 1401 2564 1466 uppertient
2602 1397 2634 1450 ὰ
2674 1400 2787 1451 lenr
2820 1401 3208 1465 conversation;
3254 1397 3306 1456 et
3332 1403 3510 1456 versio
3550 1404 3861 1458 Guidonis:

2272 1467 2340 1520 Et
2383 1470 2523 1542 aieut
2548 1471 2632 1542 tes
2653 1469 2865 1522 conchas
2905 1471 3110 1537 garnies
3141 1471 3204 1522 de
3233 1488 3289 1524 ce
3317 1472 3444 1542 qu’it
3473 1475 3587 1542 [aut
3627 1477 3780 1527 seton
3814 1476 3862 1528 la

2271 1540 2724 1612 maniéredeleur
2754 1543 3142 1612 conversation;
3173 1540 3398 1611 olimque
3431 1540 3613 1612 plures
3645 1550 3862 1611 exposi-

2276 1611 2448 1662 tiones
2477 1608 2720 1664 Gallicaa.
2752 1609 2997 1664 Secunda
3027 1620 3112 1665 est
3148 1608 3498 1680 quam'tradit
3529 1617 3579 1668 in
3616 1608 3861 1671 secundo

2270 1693 2561 1753 comment.
2595 1681 2856 1735 Boherius
2882 1723 2897 1748 ,
2949 1683 3036 1735 ubi
3079 1682 3160 1736 lec
3187 1683 3404 1737 isternia
3464 1687 3860 1753 interpretatur

2199 1779 2248 1840 Β
2276 1751 2854 1840 ιεειονιιηιὲινιιξηιεηιαλ
2886 1767 2993 1820 quo
3015 1767 3318 1840 s‘ensueat'u
3347 1769 3532 1836 vocem
3560 1751 3854 1826 aliquando

2239 1821 2248 1860 -'
2277 1835 2494 1894 usurpat
2530 1823 2584 1874 8.
2613 1821 2944 1894 Gregorius:
2977 1841 2997 1875 ι
3023 1824 3246 1894 Ancillis
3274 1824 3390 1888 Dei,
3413 1841 3545 1892 quas
3566 1821 3856 1894 vosgraaca

2275 1891 2454 1959 lingua
2481 1895 2799 1946 monastrias
2819 1893 3015 1959 dicitis,
3043 1893 3363 1948 leCIistcrnia
3379 1891 3558 1950 emere
3578 1891 3855 1964 disposui;

2275 1964 2396 2028 quia
2441 1965 2490 2016 in
2535 1964 2681 2018 lectis
2733 1964 2842 2016 sois
2888 1964 3034 2030 gravi
3084 1965 3324 2019 nuditate
3354 1967 3405 2019 in
3457 1967 3614 2033 hujus
3667 1970 3856 2023 hiemis

2273 2033 2747 2087 veliementi~simo
2773 2035 2968 2101 frigore
2998 2034 3260 2089 laborant.
3291 2054 3308 2085 ›
3347 2037 3407 2087 Et
3439 2036 3486 2090 al
3516 2039 3563 2089 bi
3587 2037 3660 2092 ad
3691 2038 3854 2093 Joan-

2274 2118 2392 2178 nem
2411 2105 2653 2156 a'ihatem
2669 2105 2734 2178 de
2751 2115 2931 2158 monte
2949 2106 3071 2178 Sina
3091 2119 3130 2178 si
3153 2106 3330 2178 ribeus
3350 2106 3488 2178 (Lib.
3508 2123 3602 2170 xu,
3623 2125 3687 2175 ep
3705 2147 3719 2157 .
3749 2111 3854 2178 16):

2279 2191 2299 2222 ι
2319 2175 2687 2247 Cognovimns
2699 2177 2863 2229 lectos
2887 2178 2965 2228 vel
2992 2176 3318 2229 lectisternia
3342 2175 3390 2230 in
3409 2175 3850 2247 Gemntocomio,

2273 2245 2414 2313 quod
2448 2247 2554 2321 illic
2583 2246 2647 2321 ab
2671 2243 2852 2321 Isauro
2883 2255 3247 2321 constructum
3278 2255 3411 2321 est.l
3446 2249 3677 2321 deesse;
3724 2243 3851 2321 pro;

2275 2324 2454 2380 ptcrca
2486 2316 2727 2368 misimus
2757 2317 2922 2368 lmnas
2957 2316 3020 2369 l5
3045 2357 3056 2378 ,
3093 2318 3352 2370 rachauas
3381 2318 3470 2383 5η,
3507 2319 3679 2374 lectos
3708 2316 3796 2376 1⁷5.
3830 2342 3849 2374 ι

2271 2387 2444 2460 Atque
2465 2388 2533 2439 ita
2550 2386 2782 2460 Joannes
2798 2385 3069 2460 de_P_r_ecis,
3085 2387 3250 2460 abbas
3264 2387 3323 2444 S.
3336 2389 3583 2460 Germani
3605 2407 3634 2456 a
3657 2391 3849 2460 Pratis,

2272 2458 2639 2528 huncltcgula:
2656 2461 2826 2528 locum
2841 2457 3040 2510 Gallice
3058 2459 3314 2512 reddidit:
3336 2459 3398 2510 Et
3416 2462 3620 2514 doivent
3635 2457 3852 2528 μηνιατέ

2271 2529 2365 2576 teis
2393 2527 2569 2592 draps,
2604 2535 2649 2579 et
2683 2527 2824 2579 telles
2856 2539 3171 2581 convertures
3201 2544 3393 2582 comme
3415 2531 3572 2585 t‘nbbé
3607 2527 3846 2587 établira.

2273 2595 2804 2672 Utraqueexpositio
2835 2599 3111 2672 probaest
3143 2610 3194 2652 et
3227 2600 3528 2665 probanda;
3583 2603 3680 2655 sed
3727 2607 3847 2672 reji-

2269 2667 2453 2719 cieuda
2479 2669 2686 2721 videtur
2717 2666 2936 2737 utraque
2963 2667 3249 2722 llildcinari
3282 2672 3672 2738 interpretatio,
3697 2666 3848 2728 Staa-

2269 2739 2414 2805 ragdi
2439 2779 2454 2802 ,
2489 2739 2740 2791 Bern'rdi
2780 2738 3116 2792 Cassinethis
3139 2781 3151 2801 ,
3187 2739 3385 2794 Nicolai
3415 2783 3429 2802 ,
3461 2754 3513 2796 et
3553 2745 3845 2799 cardinalis

2269 2807 2687 2886 'l‘urrecrcmatae
2716 2826 2726 2860 :
2753 2823 2872 2886 nam
2970 2810 3285 2886 Benedictus
3309 2826 3404 2866 nec
3426 2812 3648 2886 domum
3675 2817 3726 2868 in
3745 2832 3844 2886 qua

2269 2879 2760 2952 multisternnntnr
2792 2881 2931 2952 lecti
2959 2882 3186 2952 singulis
3231 2884 3506 2937 monachis
3553 2879 3840 2952 cencedit;

2267 2962 2366 3001 nec
2393 2950 2614 3017 singulis
2647 2951 2879 3018 :ingu'as
2906 2951 3113 3012 domos,
3140 2951 3192 3004 in
3221 2967 3321 3020 qua
3347 2968 3482 3007 unus
3516 2955 3688 3009 lectus
3709 2950 3842 3012 δίει-4

2265 3029 2394 3072 nant
2425 3021 2701 3089 indu'get;
2735 3022 2829 3074 sed
2860 3035 3048 3076 omnes
3082 3036 3187 3075 uno
3210 3025 3321 3077 vult
3351 3025 3586 3079 dormire
3627 3028 3681 3081 in
3711 3028 3837 3082 dor-

2268 3091 2503 3143 mitorio.

2341 3158 2624 3238 Promodo
2656 3160 3093 3238 conuersationis.]
3133 3164 3371 3219 Obscura
3403 3165 3602 3221 locutio
3628 3210 3643 3231 ,
3675 3185 3832 3238 quam

2269 3229 2628 3286 diversimode
2680 3233 2908 3288 reddunt
2972 3229 3443 3291 commentatores.
3496 3229 3833 3296 Hildetriarus

2270 3315 2368 3368 pro
2391 3302 2548 3380 modo
2576 3304 2995 3380 conversationis
3026 3306 3272 3380 intelligit
3296 3325 3307 3359 :
3340 3307 3638 3362 Secundum
3665 3313 3834 3380 quali.

2269 3383 2424 3446 tatem
2448 3373 2560 3446 vita:
2586 3376 2982 3445 uniuscujusque
3005 3393 3021 3438 ;
3047 3377 3186 3444 quod
3205 3373 3412 3432 velarius
3438 3373 3688 3446 exponit'
3710 3383 3834 3436 Ber-

2268 3444 2465 3522 naudus
2495 3443 2828 3522 Cassiuensis
2863 3464 2873 3497 :
2902 3443 3205 3522 Secundum
3225 3450 3378 3522 illum
3408 3443 3616 3522 modum
3661 3453 3716 3505 in
3740 3469 3834 3522 quo

2267 3515 2368 3593 ipsi
2385 3525 2766 3593 _conversantur
2787 3515 2841 3593 in
2867 3519 3189 3593 monasterio
3215 3518 3337 3574 bene
3363 3519 3438 3573 vel
3471 3524 3624 3587 male,
3671 3515 3834 3593 tep'de

2267 3584 2344 3637 vel
2374 3587 2643 3654 ferventer.
2687 3587 2750 3639 Et
2785 3586 2836 3639 in
2866 3587 2966 3640 hoc
2995 3589 3281 3643 secundum
3326 3593 3584 3646 adversus
3615 3584 3833 3648 insidias

2268 3655 2469 3708 inimici
2495 3660 2756 3710 eautelatn
2783 3660 3083 3721 constituit,
3108 3669 3164 3712 ut
3192 3662 3440 3714 nimirum
3493 3663 3650 3716 malis
3677 3667 3798 3718 honi
3816 3706 3829 3725 ,

2267 3727 2459 3793 tepidis
2483 3727 2828 3782 ferventiores
2851 3728 3008 3782 vicini
3035 3731 3317 3792 dormiant,
3348 3741 3407 3785 ut
3430 3731 3625 3786 horum
3658 3750 3834 3788 exeni-

2265 3799 2353 3863 plo
2382 3797 2453 3869 illi
2481 3799 2676 3869 eruditi
2715 3801 2778 3850 ad
2803 3799 2962 3868 347
2987 3799 3255 3853 meliorem
3283 3803 3485 3869 frugem
3515 3819 3573 3857 se
3606 3804 3834 3859 transfe-

2267 3876 2406 3920 rant.
2436 3868 2490 3920 In
2521 3868 2764 3921 eamdem
2795 3872 3114 3924 sententiam
3155 3872 3264 3923 abit
3295 3868 3547 3926 Nicolaus
3570 3874 3640 3928 de
3671 3873 3831 3929 Frac-

2268 3947 2384 3992 tura
2417 3954 2430 3990 :
2461 3940 2545 3994 cui
2576 3938 2834 3993 Boherius
2872 3941 2923 3993 iu
2955 3942 3126 4008 primo
3162 3957 3361 3996 comm.
3410 3943 3570 3996 aliam
3616 3949 3832 4010 ιιιιισίι,

2267 4017 2325 4065 ut
2357 4024 2449 4075 pro
2501 4011 2660 4064 modo
2704 4013 3125 4065 conversatioms
3152 4011 3290 4066 idem
3337 4013 3408 4066 sit
3453 4029 3518 4067 ac
3560 4021 3835 4071 secandum

2263 4079 2559 4146 qualitatem
2604 4081 2700 4132 loci
2731 4081 2782 4132 in
2814 4097 2912 4149 quo
2941 4093 3336 4147 conuersentur;
3379 4087 3499 4145 quia
3553 4101 3750 4140 revc-ra
3785 4093 3828 4141 in

2265 4150 2469 4217 frigidis
2518 4150 2821 4218 regionibus
2872 4151 3110 4218 pluribus
3135 4193 3149 4216 ,
3195 4155 3244 4206 in
3273 4153 3462 4207 calidis
3495 4157 3834 4221 paucioribus

2266 4221 2887 4292 indigetur(stramentis.
2936 4223 3341 4278 'l‘urrecrcmata
3374 4239 3468 4292 pro
3495 4229 3660 4280 modo
3712 4244 3836 4283 cou-

2263 4291 2586 4368 versationis
2611 4292 2841 4368 explicat
2861 4307 2959 4368 pro
2989 4295 3146 4346 modo
3174 4297 3310 4368 ritw,
3329 4291 3528 4364 antiqui
3552 4300 3676 4368 aiis,
3700 4301 3836 4352 (tetri-

2265 4362 2442 4436 litntis,
2468 4373 2557 4415 aut
2585 4364 3028 4436 tteccssitatis,seu
3049 4367 3259 4418 alterius
3282 4362 3481 4418 causai:
3503 4383 3627 4436 qua:
3651 4362 3833 4425 omnes

2264 4435 2626 4505 expositiones
2672 4434 2824 4505 bona}
2852 4433 3094 4490 videntur
3117 4451 3160 4490 et
3193 4436 3437 4505 legitima:
3459 4453 3476 4501 ;
3500 4433 3594 4492 sed
3623 4439 3706 4492 his
3733 4457 3832 4494 non

597 4517 797 4566 stratus
819 4507 1068 4585 existit.)
1099 4505 1356 4585 Similiter
1385 4505 1675 4585 Smaragdo
1707 4519 1722 4558 :
1759 4521 1776 4553 ι
1809 4499 2158 4559 Lectisternia
2186 4525 2240 4585 Β
2263 4504 2484 4584 ceditca
2510 4519 2667 4574 quam
2693 4504 2893 4585 profert
2916 4505 3150 4585 Joannes
3171 4499 3526 4585 Craesbeeck,
3556 4526 3659 4576 qua
3683 4511 3834 4565 lecti-

599 4581 846 4634 dicuntur
896 4577 983 4629 ubi
1028 4575 1270 4629 homines
1310 4576 1489 4644 jacere
1537 4575 1828 4641 sedereque
1865 4589 2158 4628 consueve-

598 4661 775 4705 runt.»
803 4648 876 4702 lta
893 4647 1050 4702 etiam
1075 4645 1319 4700 Nicolaus
1342 4647 1408 4700 de
1431 4644 1712 4699 Fractura:
1743 4663 1760 4696 ι
1789 4644 2155 4711 Lectisternia,

600 4722 650 4776 id
683 4728 766 4776 est
795 4721 908 4774 loca
942 4721 992 4770 in
1032 4716 1224 4783 quibus
1262 4716 1445 4784 jacere
1491 4716 1664 4769 solent
1710 4716 1992 4778 monachi;
2035 4735 2051 4766 ι
2107 4729 2161 4773 et

599 4791 884 4847 cardinalis
913 4789 944 4842 d
969 4811 977 4835 -.
1006 4787 1409 4840 anrecremata
1441 4803 1452 4838 :
1501 4805 1521 4835 ι
1562 4787 1905 4840 Lectisternia
1936 4795 2113 4841 autem
2140 4833 2154 4855 ,

599 4863 650 4917 id
682 4873 762 4916 est
790 4863 904 4916 loca
936 4859 1014 4912 vel
1042 4859 1258 4911 locellos
1277 4856 1438 4928 3&6
1458 4857 1509 4910 in
1531 4857 1719 4925 quibus
1738 4857 1862 4928 lecti
1885 4860 2157 4913 sternendi

599 4941 741 4986 sunt.
775 4951 793 4983 ι
837 4930 1039 4998 Quibus
1065 4931 1329 4982 consentit
1356 4927 1679 4998 ’Bernardus
1723 4927 2054 4998 Cassinensis
2087 4932 2158 4984 ita

599 5003 838 5057 scribens
866 4997 886 5056 ':
932 5019 950 5052 ι
989 5001 1061 5053 De
1107 5003 1206 5053 hoc
1247 4999 1526 5065 vocabulo,
1557 4997 1882 5052 lectisternia
1912 5037 1925 5061 ,
1979 4997 2162 5053 dicunt

598 5074 810 5143 quidam
843 5073 982 5141 quod
1012 5071 1149 5125 idem
1179 5077 1263 5124 est
1290 5071 1430 5138 quod
1471 5071 1640 5143 lectus
1680 5077 1916 5143 stratus,
1953 5068 2163 5143 hocest

600 5137 768 5199 lectus
795 5137 919 5197 cuin
951 5137 1404 5205 suostramento;
1438 5139 1525 5193 alii
1556 5139 1739 5193 dicunt
1770 5137 2157 5194 lectisternium

599 5229 717 5268 esse
747 5215 961 5268 donnun
996 5214 1044 5265 in
1076 5228 1175 5281 qua
1208 5211 1329 5264 lecti
1359 5219 1701 5269 sternuntur;
1734 5211 1826 5263 sed
1858 5209 1935 5263 rei
1963 5211 2160 5281 veritas

598 5296 680 5339 est
723 5285 864 5354 quod
911 5280 1232 5348 lectisternia
1259 5290 1384 5354 sunt
1413 5283 1526 5354 loca
1557 5283 1608 5334 in
1639 5281 1832 5348 quibus
1879 5280 2065 5354 sedere
2105 5290 2160 5335 et

595 5352 772 5425 jacere
794 5357 1030 5409 solemus
1055 5371 1066 5404 :
1093 5367 1212 5405 nam
1241 5353 1550 5425 regulariter
1574 5354 1867 5425 monachus
1887 5352 2156 5425 etlectum

599 5421 652 5480 in
683 5442 789 5496 quo
839 5425 1115 5494 quiescat,
1148 5431 1201 5496 et
1240 5421 1491 5496 locellum
1520 5423 1571 5496 i_n
1601 5436 1716 5496 quo
1755 5421 1991 5476 sedendo
2021 5423 2162 5491 legat

599 5492 795 5552 habere
849 5492 1028 5550 debet.
1069 5510 1087 5543 ι
1153 5492 1476 5546 Bernardum
1530 5492 1583 5549 in
1640 5493 1814 5561 primo
1869 5503 2156 5548 comment.

599 5567 855 5621 exscribit
883 5564 1139 5618 Bnherius
1165 5578 1178 5628 ;
1209 5564 1261 5615 in
1291 5563 1526 5616 secunda
1556 5577 1717 5618 vero:
1741 5561 1759 5615 ι
1784 5562 2158 5630 LectiSternia,

602 5643 788 5705 inquit,
824 5635 873 5689 id
905 5647 981 5688 cst
1016 5635 1120 5688 lect
1144 5648 1272 5684 mum
1303 5641 1616 5698 stramenta,
1642 5653 1660 5686 ι
1691 5636 1757 5688 de
1775 5635 1967 5702 quibus
1990 5647 2037 5686 c.
2067 5633 2156 5700 55,

601 5709 666 5760 ad
693 5709 832 5776 quod
857 5707 1078 5760 remittit
1110 5722 1120 5755 :
1157 5705 1512 5776 1’52ramcnta
1544 5707 1797 5766 lectorum
1831 5712 1995 5758 utalia
2020 5743 2034 5768 ,
2073 5719 2159 5776 stt-

603 5774 750 5846 luni,
793 5777 962 5840 la-na,
995 5786 1044 5829 ct
1097 5774 1340 5842 capitale.
1377 5793 1394 5825 ι
1455 5775 1692 5842 Denique
1743 5775 2046 5830 ltichardus
2092 5774 2161 5831 de

2263 4574 2463 4651 sternia
2496 4591 2591 4651 pro
2620 4575 2776 4651 modo
2802 4578 3223 4632 conversationis
3255 4579 3493 4648 in'elligii
3521 4620 3536 4643 ,
3567 4574 3685 4651 φιιε
3711 4598 3834 4634 con-

2262 4647 2534 4721 uersationi
2554 4655 2600 4699 et
2624 4647 2854 4721 instituto
2878 4647 3560 4721 nimiae/torum,correcti-unt
3579 4647 3602 4704 ζ·
3621 4652 3672 4704 id
3692 4655 3832 4721 quod

2263 4718 2504 4790 quaedam
2557 4716 2731 4770 rersio
2753 4789 2757 4790 ί
2779 4717 2977 4773 Gallica
3005 4721 3196 4786 reddit,
3229 4720 3261 4771 ὰ
3290 4721 3340 4772 In
3386 4716 3746 4790 ntonastiyne}
3783 4733 3834 4778 et

2263 4788 2451 4851 altera,
2499 4789 2949 4857 conformémcnta
2989 4790 3098 4843 [cur
3139 4790 3456 4858 profession;
3495 4807 3557 4843 ac
3613 4788 3833 4860 proinde

2262 4872 2381 4910 cum
2416 4861 2767 4911 monasticum
2794 4861 3092 4914 institutum
3124 4876 3310 4915 omnes
3336 4862 3512 4915 carnis
3543 4863 3828 4918 illecebras

2261 4928 2492 5001 abdicet,
2526 4930 2650 4984 vitae
2698 4932 3059 5001 austeritatem
3089 4932 3343 5001 pranlicet
3375 4949 3384 4982 :
3421 4951 3439 4983 ι
3475 4929 3832 4989 Lectistcrnia

2264 4999 2682 5065 monachorum,
2708 4999 2920 5068 inquit,
2955 4999 3312 5055 es.~e‘debent
3343 5018 3447 5054 non
3480 5006 3587 5056 mol
3615 5005 3693 5067 ia,
3730 5021 3832 5058 non

2264 5072 2517 5136 pretiosa,
2534 5072 2908 5142 qttmseustbus
2925 5071 3289 5138 blandiuntur,
3305 5087 3521 5127 carnem
3541 5077 3831 5142 delet-tan‘,

2261 5141 2520 5205 allicsuiit,
2551 5150 2606 5193 et
2633 5142 2696 5193 ad
2739 5141 2925 5210 longos
2969 5142 3296 5211 iteratosque
3330 5158 3551 5196 somnos
3581 5144 3831 5207 invitant;

2262 5212 2354 5282 sed
2386 5211 2516 5264 dura
2551 5221 2603 5264 et
2627 5214 2769 5276 vilia,
2793 5227 2912 5282 quae
2943 5222 3147 5266 natura:
3174 5215 3385 5280 quidem
3434 5225 3486 5266 et
3512 5216 3826 5269 neerssitui

2265 5281 2557 5347 sufficiunt,
2583 5281 3064 5349 carnetn’domant,
3093 5285 3337 5338 lascivire
3367 5285 3674 5348 proh-bent.
3709 5304 3728 5336 ι
3768 5287 3832 5340 Et

2263 5365 2409 5405 certe
2437 5353 2568 5424 tales
2599 5353 2759 5407 fuisse
2789 5363 3020 5408 veterum
3048 5357 3428 5408 monachorum
3459 5356 3632 5408 lectos
3654 5358 3831 5424 esplo-

2266 5433 2436 5475 ratum
2496 5422 2690 5476 habent
2719 5424 2806 5492 qui
2839 5428 2919 5479 vel
2953 5429 3227 5478 minimam
3262 5441 3438 5478 rerum
3470 5422 3829 5480 asiteticarum

2266 5493 2505 5564 notitiam
2532 5497 2802 5548 consecuti
2825 5505 2968 5548 sunt.
2987 5496 3140 5550 Notat
3171 5512 3330 5564 porro
3353 5494 3576 5549 Gazzcus
3607 5496 3829 5563 (Comm.

2262 5564 2316 5616 in
2340 5561 2511 5628 Cass,
2532 5565 2652 5618 colt.
2682 5580 2716 5623 ι,
2747 5565 2966 5634 σημεῖ)
2991 5569 3132 5620 viros
3154 5561 3280 5620 olim
3309 5568 3586 5632 I‘BIIgiOSOb‘
3613 5561 3629 5623 ἐ
3663 5569 3720 5620 ιν
3743 5575 3828 5624 aut

2267 5636 2632 5706 hutnicubare
2653 5636 2839 5689 solitos
2865 5652 2880 5700 ;
2905 5636 2965 5689 2°
2991 5649 3073 5691 aut
3102 5641 3150 5690 in
3174 5640 3356 5690 stratis
3375 5637 3620 5706 juuceis;
3660 5639 3724 5690 5ο
3743 5648 3829 5690 aut

2264 5707 2317 5758 in
2347 5705 2534 5759 ciliciis
2568 5722 2580 5758 :
2610 5721 2744 5775 quos
2775 5714 2882 5760 tres
2907 5707 3207 5764 dormiendi
3238 5709 3424 5762 modos
3456 5708 3637 5762 \idere
3665 5717 3748 5762 est
3777 5709 3828 5764 in

2264 5789 2366 5831 una
2396 5777 2454 5831 S.
2485 5777 2701 5832 Antonii
2735 5777 2883 5845 Vita,
2919 5780 3029 5848 qui,
3065 5789 3118 5834 ut
3160 5779 3344 5835 scribit
3371 5778 3426 5834 S.
3459 5780 3782 5833 Athanasius
3809 5817 3825 5839 ,
