4074 6356
313 381 411 445 ιθδ

1963 273 1972 279 ο
1997 271 2166 286 mw”-

1331 377 1604 436 REGULA
1641 377 2126 436 (ΞΟΜΜΕΝἝΔΤΑ.
2167 378 2318 437 CAP.
2363 378 2521 440 XX".

3460 381 3562 444 ιθι

319 492 534 576 cqiiieti
571 493 807 576 membra
844 492 1176 560 concedens,
1217 496 1381 576 junco
1427 505 1682 550 contexto
1723 505 1890 576 atque
1913 497 1964 562 Α
1991 494 2130 576 apud
2152 495 2542 576 semetipsos;
2574 493 3088 576 sedda-coturnatis
3115 501 3288 550 testem
3318 495 3560 576 alterutri

316 566 493 620 cilicio
539 565 825 636 tuebatur;
873 579 1249 636 nonnunquam
1277 568 1435 621 etiam
1482 581 1644 636 supra
1689 567 1886 620 nudam

319 637 534 690 humum
584 635 814 703 iacebat.
863 654 882 688 ι
941 635 1015 690 De
1067 635 1122 688 8.
1185 636 1457 691 Hilarione
1504 635 1664 690 etiam
1726 637 1890 690 refert

315 706 375 777 8.
411 706 760 777 Hieronymus
793 703 892 777 (In
918 709 1026 772 ejus
1062 704 1178 760 Vita
1196 706 1235 776 )‘,
1267 708 1406 775 quod
1451 726 1469 759 ι
1499 722 1662 774 super
1691 706 1888 768 nudam

316 775 536 831 humum
567 775 869 845 statumque
892 776 1142 844 junceum
1175 775 1340 846 usque
1391 779 1453 832 ad
1487 787 1711 834 mortem
1742 777 1891 830 cubi-

318 851 468 901 tavit.
506 865 525 897 ι
574 847 639 900 Et
677 846 743 900 de
775 847 954 914 seipso
1004 847 1060 901 8.
1094 846 1283 901 doctor
1332 846 1532 918 (Epist.
1569 847 1674 914 Ἡ)
1713 864 1726 901 :
1775 866 1792 898 ι
1835 847 1889 900 Si

321 919 533 986 quando
556 927 941 986 repugnantem
967 932 1185 971 somnus
1210 919 1494 986 imminens
1512 918 1892 987 oppressisset,

322 989 461 1042 nuda
492 987 654 1042 humo
680 988 766 1042 vix
792 1001 912 1042 oss-.1
944 988 1200 1042 liazrentia
1231 987 1570 1044 collidebam.
1607 1009 1624 1039 ι
1654 988 1892 1056 Denique

323 1059 392 1114 de
418 1058 473 1113 8.
499 1058 724 1113 Martino
752 1058 821 1112 ita
851 1059 994 1112 canit
1018 1057 1075 1113 8.
1106 1057 1359 1114 Paulinus
1389 1059 1527 1132 (Lib.
1563 1059 1637 1122 iv)
1666 1078 1677 1111 :

451 1169 516 1219 At
538 1171 584 1219 si
602 1168 795 1230 quando
819 1171 957 1221 brevi
981 1171 1254 1220 cessissent.
1270 1168 1664 1229 luminmsomno,

451 1230 590 1280 Nuda
609 1231 784 1280 humus
805 1230 864 1278 ad
887 1238 1088 1281 tenuem
1109 1241 1192 1284 sat.
1208 1237 1322 1284 enat
1336 1231 1556 1293 atibjeeta
1579 1242 1820 1288 soporem.

404 1336 637 1391 Plurima
669 1335 970 1402 huiusmodi
993 1335 1236 1406 exempla
1267 1335 1589 1406 oﬂ’endespin
1615 1336 1750 1406 actis
1782 1347 1907 1406 sane

330 1414 538 1461 ctortrrn
578 1417 632 1460 et
672 1406 900 1461 maxime
947 1404 1274 1470 nostrorum,
1317 1408 1452 1460 utin
1486 1404 1602 1460 Vita
1636 1405 1690 1460 S.
1742 1405 1906 1458 Mauri

333 1485 551 1531 auctore
594 1476 809 1539 Fausto,
843 1492 896 1530 n.
931 1477 995 1541 83;
1029 1475 1088 1530 8.
1132 1477 1331 1532 Placidi
1368 1487 1585 1530 auctore
1615 1475 1905 1538 Gordiano,

334 1565 389 1599 ιι.
420 1546 481 1612 5;
517 1547 575 1602 8.
625 1548 877 1610 Marculti,
919 1563 972 1600 ιι.
1006 1547 1102 1610 15;
1135 1549 1192 1604 8.
1233 1546 1467 1612 Patemi,
1519 1547 1575 1600 S.
1613 1545 1907 1610 Samsonis,

339 1616 399 1672 8.
425 1616 768 1686 Radegundis
796 1618 1354 1682 auctore-Fortunato,
1390 1633 1443 1671 ιι.
1470 1617 1574 1680 Ξῖ;
1609 1616 1668 1686 S.
1701 1614 1909 1686 Severi,

337 1703 388 1742 n.
420 1688 517 1752 15;
548 1685 600 1741 et
634 1687 692 1740 S.
727 1686 918 1750 Fidoli,
964 1703 1018 1740 η.
1051 1688 1135 1751 10,
1186 1702 1310 1742 διες.
1343 1704 1354 1740 ι
1388 1686 1619 1750 Beiied.;
1648 1685 1707 1739 S.
1742 1685 1912 1739 Bavo-

338 1757 444 1823 nis,
484 1774 537 1810 ii.
577 1757 667 1821 I-l;
698 1758 754 1810 S'.
797 1757 1185 1826 Vandregesili,
1218 1773 1274 1810 ιι.
1308 1757 1373 1821 8;
1402 1757 1457 1812 S.
1492 1755 1738 1826 Tillonis,
1774 1772 1826 1808 ιι.
1853 1754 1908 1819 8,

339 1843 466 1882 sine.
500 1843 557 1891 ii,
584 1837 637 1882 et
667 1828 891 1881 aliurum
925 1825 1091 1897 prope
1121 1828 1466 1882 iitiinitorum.
1496 1826 1668 1895 Atque
1695 1825 1768 1897 ita
1791 1839 1913 1878 sua-

341 1875 1916 1966 ἷιῖῐὲένὶίιᾷέῶἶὰὄέιτῇἱιῖξὲ.⁷Ᾰῖιίἇιῖἱιξῑῖ’Ξιιὶἲιὶίῖιῖθξιιιόέἐι
1945 1875 1992 1935 Β
2018 1875 2794 1966 ambigi}:emussitata;

343 1965 656 2021 clericos-.1
697 1967 771 2021 Te
810 1968 1151 2032 monachum,
1196 1978 1246 2022 te
1287 1968 1618 2022 sacerdotem
1660 1965 1916 2020 adhortor

347 2039 490 2091 humi
515 2047 570 2091 ut
601 2038 853 2101 dormias,
886 2038 932 2092 si
959 2039 1126 2092 vales.
1158 2056 1175 2089 i
1217 2037 1347 2092 Vide
1368 2037 1523 2102 infra,
1553 2052 1602 2092 c.
1634 2037 1721 2092 55.

417 2108 478 2163 Si
503 2117 664 2177 potest
694 2107 804 2176 ﬁeri
841 2123 1012 2162 omnes
1050 2110 1099 2161 in
1132 2125 1232 2162 uno
1266 2108 1380 2163 loco
1424 2105 1723 2176 dormiant]
1756 2106 1915 2161 Juxta

345 2187 583 2232 veterum
640 2179 1021 2233 monachorum
1071 2194 1306 2244 morem,
1364 2194 1519 2248 quem
1571 2180 1637 2248 in,
1672 2177 1917 2230 omnibus

348 2263 481 2315 pene
523 2264 707 2302 eorum
750 2248 949 2317 regulis
980 2249 1260 2304 advertere
1308 2247 1460 2317 licet._
1499 2249 1568 2301 lla
1610 2247 1808 2317 Regula
1841 2248 1914 2317 VS.

347 2319 657 2375 Posthumio
691 2318 766 2389 ab
807 2315 994 2389 angelo
1028 2319 1241 2382 tradita,
1289 2333 1406 2389 qua:
1449 2315 1756 2389 ‘rel’erturin
1804 2316 1918 2386 ejus

349 2390 487 2452 Vita,
512 2404 560 2443 c.
587 2391 620 2443 8
645 2387 782 2456 (Lib.
814 2405 829 2442 i
859 2391 921 2442 de
955 2388 1061 2442 Vit.
1093 2391 1275 2458 PaL):
1307 2387 1332 2440 ⁷(
1364 2389 1552 2442 Procul
1583 2391 1649 2442 ab
1691 2388 1916 2441 invicem

345 2469 624 2514 contextas
655 2461 788 2512 vites
816 2460 1058 2523 sternite,
1105 2475 1225 2515 cum
1271 2459 1338 2514 ad
1369 2459 1920 2514 dOl‘tlliCl'ltillm'SeCC-

346 2529 862 2584 ditiszinterstitium
897 2529 1053 2583 unius
1082 2530 1340 2585 habeatur
1368 2531 1596 2592 cubitus,
1627 2529 1820 2582 nedum
1852 2528 1919 2582 ad

359 2601 586 2654 invicem
621 2601 923 2666 proximam
962 2615 1206 2667 corpora,
1239 2603 1538 2654 nutriantur
1578 2599 1805 2652 libidinis
1843 2600 1922 2650 iii-

347 2673 578 2724 centiva.
613 2690 628 2720 ι
661 2671 718 2724 8.
760 2671 1022 2724 Caesarius
1050 2672 1376 2726 Arelatensis
1403 2673 1680 2737 cpiscopus
1712 2669 1918 2740 (ltegitl.

350 2743 420 2794 ad
449 2741 617 2810 Virg.,
650 2757 696 2794 ε.
724 2741 780 2808 7)
809 2758 822 2792 :
853 2759 870 2791 ι
911 2741 1048 2795 Nulli
1081 2742 1236 2795 liceat
1265 2754 1522 2796 semotani
1552 2741 1747 2810 eligere
1775 2755 1924 2793 man-

350 2814 580 2876 sionem,
612 2825 709 2864 ncc
735 2810 949 2864 habebit
971 2812 1292 2878 cubiculum,
1327 2823 1415 2864 aut
1438 2811 1804 2871 armarioluin,
1832 2819 1924 2863 aut

349 2881 552 2962 aliquid
603 2880 933 2962 huiusmodi,
1180 2882 1698 2962 _quod.peculiarius
1746 2880 1922 2962 claudi

353 2953 554 3024 posit;
598 2955 690 3006 sed
731 2965 919 3006 omnes
961 2951 1148 3006 divisis
1180 2952 1386 3006 lectulis
1415 2955 1479 3024 in
1529 2965 1628 3004 una
1680 2958 1928 3024 maneant

352 3021 722 3088 cellulazquie
771 3035 899 3074 vero
942 3037 1100 3077 senes
1150 3033 1274 3076 sunt
1318 3035 1372 3076 et
1412 3022 1660 3082 iulirmaa,
1701 3023 1771 3074 ita
1819 3021 1927 3074 illis

353 3093 606 3147 convenit
648 3093 1006 3158 obtemperari
1056 3092 1425 3158 vel‘ordinari,
1461 3101 1516 3146 ut
1560 3107 1663 3144 non
1704 3091 1926 3160 singula:

354 3163 588 3234 singulas
606 3163 782 3234 (cellas
811 3163 1060 3227 habeant,
1093 3164 1189 3217 sed
1232 3166 1284 3217 in
1329 3179 1431 3234 una
1460 3162 1781 3234 recipiantur
1813 3178 1927 3234 υιιιτ

357 3232 474 3297 nes,
528 3232 621 3287 ubi
661 3241 714 3286 ct
761 3243 1027 3286 maneant.
1061 3252 1080 3285 ι
1135 3235 1189 3288 8.
1228 3233 1544 3288 Aurelianus

364 3304 505 3356 Mon.
531 3319 576 3356 r.
605 3304 666 3368 8;
695 3304 762 3354 ad
795 3302 935 3373 Virg.
969 3321 1014 3356 ί.
1041 3303 1096 3370 6)
1125 3321 1137 3359 :
1169 3322 1186 3352 ι
1219 3303 1357 3356 Nulli
1391 3304 1545 3358 liccat
1596 3304 1806 3367 iellam,
1838 3311 1927 3356 aut

357 3374 721 3436 armariolum,
775 3381 866 3426 aut
901 3375 1096 3442 aliquid
1146 3373 1468 3442 liujnsmodi,
1515 3374 1656 3443 quod
1698 3374 1926 3442 peculia-

360 3445 473 3514 ritis
501 3444 673 3497 claudi
703 3446 887 3511 possit,
913 3444 1131 3500 habere.
1165 3463 1184 3496 ι
1215 3447 1269 3498 8.
1308 3444 1585 3498 Ferreolus
1607 3444 1760 3514 (Cap.
1798 3445 1881 3512 16)
1909 3461 1921 3496 :

366 3512 600 3583 «A'I‘otam
627 3515 1086 3583 congregatimiem
1119 3517 1325 3569 mansio
1356 3524 1409 3568 et
1437 3512 1628 3570 domus
1667 3530 1768 3566 una
1799 3528 1926 3567 con-

359 3581 559 3655 cludat.
593 3602 610 3635 ι
647 3583 706 3638 8.
738 3581 980 3637 ⁷ιδιᾱοτυε
1009 3582 1158 3655 (Cap.
1194 3586 1279 3654 14)
1306 3601 1318 3637 :
1351 3603 1367 3635 ι
1403 3585 1615 3639 Fratres
1643 3601 1850 3646 omnes,
1878 3586 1928 3639 si

361 3653 615 3723 possibile
639 3663 740 3716 est,
767 3655 818 3707 in
843 3669 948 3708 uno
971 3653 1208 3709 conclavi
1236 3653 1554 3710 commorari
1585 3657 1754 3709 decet.
1775 3655 1927 3723 Quod

358 3724 404 3778 si
427 3722 642 3779 difﬁcile
672 3725 849 3794 luerit,
884 3735 1028 3780 certe
1062 3727 1148 3780 vel
1196 3726 1403 3791 decem,
1438 3727 1627 3794 quibus
1665 3722 1810 3779 unus
1847 3735 1931 3779 est

361 3793 750 3865 pra-ponendus
797 3795 1029 3865 decanus
1086 3798 1233 3865 quasi
1303 3793 1477 3851 rector
1535 3807 1588 3851 et
1649 3805 1847 3849 cu~tos.
1902 3814 1919 3847 ι

358 3865 418 3936 8.
451 3864 775 3919 Fructuosus
808 3864 959 3935 (Cap.
1003 3864 1136 3936 t'i')’:
1171 3886 1186 3916 i
1223 3865 1556 3921 Intervallum
1599 3867 1927 3936 singulorum

361 3935 677 3989 Iectulorum
725 3936 946 4005 singulis
994 3935 1188 3991 cubitis
1237 3938 1549 3999 intercedat,
1591 3953 1657 3990 ne
1695 3935 1820 3990 dum
1862 3937 1928 3991 ad

361 4005 589 4075 invicem,
619 4007 918 4075 proximam
946 4022 1191 4074 corpora,
1223 4008 1456 4061 nutriant
1485 4007 1717 4060 libidinis
1748 4008 1930 4060 inccn-

362 4074 489 4148 tiva.
526 4074 826 4148 {Magister
854 4077 1006 4148 (Cap.
1038 4078 1131 4146 99)
1158 4095 1170 4130 :
1202 4095 1219 4126 ι
1247 4076 1302 4130 In
1335 4092 1440 4148 ιιιιο
1469 4078 1622 4141 atrio,
1649 4079 1729 4131 vel
1763 4076 1815 4129 in
1840 4077 1930 4130 tri-

361 4145 526 4200 clinio
551 4145 687 4200 lecta
719 4147 770 4199 in
801 4145 990 4202 ordine
1024 4145 1245 4202 cireuitu
1277 4147 1560 4208 ordinent;
1611 4148 1662 4200 in
1695 4162 1799 4214 quo
1825 4151 1931 4200 cir-

363 4215 516 4269 cuitu
543 4217 733 4270 lectum
759 4219 925 4272 abbas
954 4219 1004 4271 in
1037 4217 1212 4272 medio
1236 4217 1448 4280 habent,
1482 4228 1537 4270 ut
1563 4232 1774 4270 omnem
1807 4217 1931 4270 iacio

363 4288 671 4340 turnitatcm
726 4289 806 4342 vel
837 4289 1189 4343 reverentiam
1222 4288 1272 4340 in
1304 4288 1528 4340 circuitu
1559 4287 1926 4350 considerans.

362 4358 600 4410 omnium
647 4357 824 4411 ovium
880 4374 1096 4412 suarum
1142 4372 1356 4427 gregem
1405 4357 1540 4412 intra
1588 4373 1749 4411 unum
1792 4358 1930 4412 ovile

361 4427 642 4498 collectum
671 4428 822 4498 quasi
867 4428 1092 4497 diligens
1116 4430 1199 4482 vel
1243 4427 1498 4498 sollicitus
1538 4435 1719 4497 pastor
1754 4436 1929 4482 atten-

362 4497 475 4552 dat.
506 4516 524 4549 ι
544 4497 746 4568 Regula
768 4498 1051 4566 Cuiusdam
1081 4499 1144 4551 ad
1170 4499 1411 4567 Virgines
1430 4497 1578 4568 (Cap.
1608 4501 1692 4566 Li)
1720 4517 1732 4552 :
1763 4499 1780 4550 ι
1805 4499 1930 4552 Olit-

362 4583 480 4636 iies,
510 4567 558 4622 si
599 4571 710 4623 lieri
743 4580 933 4638 potest,
982 4584 1084 4624 una
1111 4569 1300 4624 domus
1339 4569 1405 4621 ad
1433 4567 1802 4624 dormiendum
1840 4584 1928 4622 ca-

362 4614 494 4708 pia'i’,
529 4614 718 4704 ιῖτιᾶεῐὲιὶ
740 4614 1925 4708 ἔιῖὶῖὀῗωῖιᾎὲξυῖἱῖἓὲηῖιῖεέἑὶξέ’ῤ’ὄιῖὸεὲρέἧ,
1955 4614 2008 4675 ι)

363 4718 456 4762 aut
485 4709 636 4774 culpa
666 4709 1013 4775 damnaverit,
1063 4721 1151 4764 aut
1179 4710 1383 4764 novitas
1415 4711 1632 4778 probata
1683 4725 1786 4762 non
1818 4712 1924 4764 iue-

365 4779 457 4844 rit,
489 4787 544 4832 ut
570 4781 624 4831 iii
648 4781 779 4834 cella
800 4789 1132 4848 separentur.
1163 4800 1181 4833 ι

435 4848 578 4903 Idem
595 4860 803 4904 constat
821 4866 884 4905 ex
911 4853 1136 4906 concilio
1159 4851 1360 4906 Turon.
1388 4867 1422 4904 ii
1449 4849 1600 4921 (Can.
1633 4850 1752 4918 id):
1779 4869 1798 4899 ι
1821 4853 1928 4904 Nec

365 4919 522 4973 liccat
555 4922 827 4976 monachis
867 4923 1084 4976 cellulas
1117 4923 1314 4976 habere
1341 4919 1673 4984 communes,
1720 4921 1805 4974 tibi
1837 4933 1930 4975 aut

363 4989 781 5060 biniqmaneant,
835 5003 924 5045 aut
974 4993 1265 5060 peculiares
1323 4991 1504 5060 l‘CpOili
1564 4992 1925 5054 nossint;sel

363 5059 547 5114 schola
587 5063 767 5116 labore
795 5059 1063 5116 communi
1111 5059 1466 5125 construatur,
1510 5061 1592 5116 ubi
1626 5077 1810 5116 omnes
1836 5061 1925 5129 ja-

365 5143 537 5202 ceaiit,
569 5140 659 5186 aut
683 5133 893 5198 abbate,
953 5145 1045 5187 aut
1081 5135 1365 5202 praeposito
1412 5136 1757 5202 gubernante.
1791 5150 1810 5184 ι
1849 5134 1926 5186 Ex

364 5200 647 5273 Justiniaui
680 5205 1014 5273 imperatoris
1053 5200 1262 5258 novella
1286 5204 1317 5257 5
1345 5219 1368 5273 εν
1395 5200 1625 5271 (Neque
1661 5204 1800 5256 enim
1833 5217 1926 5273 vo-

365 5271 537 5324 lumus
568 5273 618 5326 in
651 5271 767 5326 ullo
793 5274 1118 5327 monasterio
1147 5274 1247 5327 sub
1280 5272 1480 5326 ditiniie
1513 5281 1692 5325 nostra
1724 5271 1925 5326 consti-

367 5351 500 5404 tuto,
526 5341 639 5397 sive
667 5343 1012 5412 plurimorum
1041 5345 1313 5396 hominum
1335 5353 1435 5404 est,
1467 5344 1580 5396 sive
1609 5357 1920 5409 paucorum,

367 5413 654 5466 monachos
681 5414 770 5482 qui
803 5414 872 5467 ibi
920 5423 1043 5467 sunt
1071 5414 1270 5466 diViSOS
1309 5413 1376 5465 ab
1401 5413 1668 5466 alterutris
1702 5427 1840 5475 esse,
1870 5423 1924 5466 et

367 5487 591 5553 propriis
617 5484 1025 5538 habitationibus
1054 5483 1157 5546 uti;
1200 5483 1294 5538 sed
1323 5492 1675 5537 communiter
1703 5483 1922 5551 quidem

368 5568 458 5608 eos
505 5555 787 5610 comedeze
827 5554 1113 5618 sancimus,
1165 5553 1396 5610 dormire
1439 5553 1598 5607 etiam
1647 5568 1833 5607 omnes
1875 5553 1930 5606 in

368 5626 653 5691 communi,
684 5640 1002 5694 unoquoque
1034 5625 1243 5694 quidem
1281 5623 1332 5677 in
1374 5626 1583 5691 propria
1616 5631 1815 5676 statura
1840 5623 1927 5692 ja-

370 5704 542 5760 ceute,
573 5699 623 5749 in
651 5696 718 5749 do
741 5713 807 5746 no
837 5712 964 5750 vero
991 5711 1092 5748 una
1122 5695 1439 5757 collocatos;
1474 5701 1565 5746 aut
1593 5695 1634 5746 si
1670 5694 1805 5747 forte
1827 5709 1934 5747 non

371 5765 565 5842 sufﬁcit
602 5769 669 5842 ob
718 5767 1108 5842 multitudinem
1149 5766 1532 5820 monachorum
1582 5768 1934 5842 domusuua,

378 5835 431 5889 iii
474 5836 606 5892 duas
642 5838 838 5903 forsan,
891 5849 981 5891 aut
1021 5837 1216 5905 plures,
1271 5851 1374 5890 non
1408 5847 1582 5889 tamen
1633 5835 1854 5888 seorsim
1887 5843 1938 5888 et

1994 563 2104 620 sint
2152 565 2448 620 honestatis
2498 575 2552 620 et
2591 564 2874 624 castitatis.
2903 584 2921 615 ι
2969 563 3037 635 Et
3076 579 3141 619 ex
3191 566 3560 635 novistin-153,

1998 637 2246 694 monachi
2282 655 2300 687 ι
2330 651 2504 705 neque
2544 636 2688 688 clam
2709 636 2934 690 testibus
2958 634 3154 698 vivant,
3192 635 3284 689 sed
3328 645 3384 690 et
3418 634 3565 692 coni
3655 695 3662 698 _

1998 707 2231 770 iiiiiuiter
2258 706 2434 760 cibum
2466 708 2696 774 capiant,
2727 713 2782 760 et
2821 705 2876 759 in
2901 705 3170 760 communi
3203 705 3318 760 loco
3344 708 3560 775 cubent,

1999 786 2057 831 ct
2101 776 2343 848 undique
2379 776 2924 848 beneﬁcompositaiir
2953 786 3346 848 persequantur“
3376 779 3562 848 vitam;

2003 843 2287 918 testesque
2305 846 2409 900 sint
2441 847 2661 918 invicem
2681 843 2882 918 mutum
2913 843 3226 918 honestatis.
3258 866 3290 918 ii
3309 843 3564 918 Atqueoi

2000 913 2118 986 Vita
2153 913 2211 970 S7.
2252 916 2491 984 Eugendi
2531 916 2736 976 abbatis
2776 915 3229 986 Jurensismum.
3271 917 3361 985 21,
3394 913 3522 974 ’δωοι
3547 937 3566 976 ι

2001 983 2220 1049 Bened.,
2257 1004 2310 1052 p.
2338 983 2606 1055 575),,qni
2644 987 2979 1042 «destructis
3010 983 3566 1056 mansionummdicqs

2003 1056 2087 1120 lis,
2122 1071 2227 1112 uno
2255 1067 2473 1119 cunctos
2501 1071 2680 1111 secum
2706 1056 3035 1114 xeiiodochio
3063 1059 3337 1126 quiescam
3367 1060 3505 1114 teoii.
3541 1081 3566 1113 ι

2083 1127 2222 1180 Idem
2259 1136 2441 1195 postea
2479 1127 2757 1182 renovavit
2787 1142 2927 1179 anno
2950 1127 3086 1181 1232
3115 1129 3401 1184 concilium
3425 1132 3568 1185 ﬁxo:-

2007 1195 2212 1267 niense,
2236 1197 2378 1251 edito
2403 1198 2503 1250 hoc
2532 1197 2756 1251 decreto.
2775 1198 2950 1264 (Apud
2977 1196 3172 1267 Spelm.
3201 1210 3322 1251 toni.
3350 1199 3388 1252 li
3407 1200 3566 1256 Cone.

2007 1266 2188 1336 Angl.)
2217 1286 2229 1320 :
2263 1287 2279 1318 ι
2311 1268 2539 1322 Provida.
2586 1267 2707 1320 deli!
2729 1267 2974 1321 oratione.
3013 1266 3313 1330 Conseruntur,
3363 1280 3421 1322 ut
3463 1281 3568 1326 tam

2009 1337 2254 1390 monachi
2281 1353 2436 1404 quam
2460 1337 2702 1391 canonici
2723 1337 3008 1404 regulares;
3038 1348 3089 1389 ct
3115 1339 3370 1392 moniales
3388 1341 3440 1393 in
3465 1351 3572 1396 uno

2009 1407 2557 1479 dormitoriopariter
2605 1407 2872 1479 dormiant
2912 1421 2961 1460 et
3009 1408 3304 1476 quiescant,
3351 1410 3574 1479 singulis

2013 1476 2258 1548 personis
2311 1477 2534 1548 singulis
2573 1477 2808 1548 propriis
2865 1478 3014 1531 lectis
3081 1479 3382 1548 assignans.
3434 1476 3459 1534 ἱ
3509 1483 3575 1538 Et

2011 1547 2331 1602 Benedicms
2361 1563 2491 1616 papa
2520 1547 2610 1601 XII
2640 1565 2650 1598 :
2683 1567 2699 1598 ι
2730 1547 2925 1602 Omnes
2953 1547 3220 1614 monachi,
3252 1550 3334 1602 vel
3364 1552 3408 1603 si
3441 1554 3575 1606 ioui-

2013 1617 2182 1687 titudo
2227 1633 2331 1671 non
2375 1618 2500 1672 sinit
2547 1633 2754 1680 eorum,
2807 1617 2994 1671 saltem
3043 1620 3253 1685 quintio
3295 1621 3470 1687 plures
3508 1633 3575 1678 el

2013 1685 2140 1754 ipsis
2172 1687 2452 1742 commode
2498 1696 2766 1757 poterunt,
2802 1689 2854 1742 in
2886 1703 2992 1740 una.
3031 1689 3190 1742 domo
3229 1685 3577 1748 dn‘rmiant'et

2013 1757 2243 1825 jaceiint,
2284 1759 2430 1824 juxta
2463 1758 2728 1826 regularia
2773 1769 2827 1811 et
2869 1760 3127 1811 canonica
3173 1759 3429 1825 instituta,
3469 1775 3577 1818 non

2018 1843 2122 1898 per
2159 1837 2430 1894 separatas
2469 1844 2708 1882 cameras
2738 1830 2820 1881 Vci
2867 1843 2961 1895 per
3000 1829 3184 1891 cellas,
3223 1833 3459 1898 exceptis
3497 1833 3579 1887 his

2823 1898 2983 1968 3&9
3010 1899 3328 1953 iiilirmitorii
3365 1906 3582 1969 periti-

2021 1979 2157 2042 tetur
2185 1978 2400 2042 propter
2442 1973 2924 2042 senectutein‘kvel
2967 1969 3355 2042 iiivaletudines
3381 1987 3578 2042 θοι-βοαί

2019 2039 2178 2102 rales,
2204 2039 2286 2092 vel
2312 2053 2378 2091 ex
2406 2039 2526 2092 aliis
2550 2038 2951 2092 rationabilihus
2976 2041 3169 2093 causis.
3205 2059 3222 2091 ι

2092 2107 2272 2175 Neque
2298 2109 2512 2182 veroid
2541 2109 2669 2182 solis
2711 2108 2916 2182 cnstitit
2955 2111 3234 2182 monachis
3275 2112 3579 2182 singulare;

2020 2194 2140 2232 nam
2172 2188 2225 2251 et
2252 2180 2526 2251 ca_iioiiicis
2549 2178 2690 2251 idem
2719 2179 2856 2251 oliiii-
2875 2181 3239 2251 praescriptum
3267 2178 3488 2251 legimus
3528 2178 3581 2238 in

2020 2249 2250 2302 Concilio.
2288 2248 2586 2304 Turonensi
2612 2248 2767 2318 (Carr.
2791 2249 2883 2316 23)
2923 2265 2936 2302 :
2967 2266 2986 2298 ι
3016 2249 3262 2304 Caitouici
3301 2248 3356 2305 εἰ
3401 2253 3584 2309 clerici

2020 2318 2316 2380 civitatum,
2349 2321 2438 2388 qui
2464 2320 2512 2370 iri
2537 2319 2819 2387 episc0piis
2839 2330 3240 2385 conversantur,
3275 2324 3586 2378 considera-

2021 2392 2194 2441 vimus
2225 2398 2283 2442 ut
2312 2389 2364 2441 in
2403 2389 2650 2443 claustris
2677 2389 2974 2442 habitantes
3002 2390 3156 2443 simul
3188 2405 3372 2444 omnes
3398 2394 3448 2446 in
3480 2409 3586 2448 uno

2020 2458 2341 2528 dormitorio
2367 2460 2657 2523 dormiant,
2689 2460 2952 2528 simulque
2979 2461 3030 2512 in
3061 2475 3170 2514 uno
3197 2462 3474 2517 refectorio
3498 2479 3589 2520 re-

2023 2527 2289 2604 ﬁciantur.
2325 2549 2344 2604 ι
2382 2529 2453 2604 ΔΙιι
2500 2529 2786 2604 μεωειηῇ
2809 2527 2910 2583 sub
2960 2531 3146 2604 Sergio
3175 2530 3247 2604 11Δ
3273 2533 3422 2599 (Can.
3451 2534 3584 2604 5i):

2030 2617 2049 2650 ι
2083 2599 2336 2653 Canonici
2380 2599 2432 2654 iu
2467 2601 2680 2654 civitate
2709 2599 2790 2654 vel
2819 2602 3172 2664 monasteriis,
3208 2601 3343 2656 sicut
3384 2599 3588 2660 consti-

2027 2676 2195 2723 tutum
2228 2678 2330 2734 est,
2363 2671 2414 2724 in
2463 2670 2776 2726 dormitorio
2802 2670 3086 2734 dormiant,
3121 2680 3174 2724 et
3212 2672 3262 2724 in
3309 2673 3592 2732 refectorio

2025 2741 2328 2811 comedam.
2363 2759 2382 2792 ι
2417 2750 2471 2795 et
2509 2743 2650 2808 apud
2693 2739 3134 2811 Clirodegangum
3168 2743 3218 2795 in
3263 2742 3463 2811 Regula
3493 2746 3592 2801 Ca-

2027 2809 2343 2864 nonicorum
2392 2825 2509 2878 cap.
2559 2812 2626 2864 15
2677 2810 2901 2880 (Spicil.
2935 2809 3059 2864 toni.
3098 2811 3193 2880 l):
3244 2830 3262 2863 ι
3299 2809 3498 2870 omnes
3538 2818 3592 2872 in

2027 2894 2134 2933 uno
2177 2880 2442 2955 dormiant
2495 2880 2830 2955 dormitorio,
2875 2889 3068 2948 praeter
3108 2881 3230 2935 illos
3256 2884 3448 2952 quibus
3475 2888 3594 2955 epi-

2027 2963 2222 3034 SCQPIIS
2241 2951 2514 3034 licentiam
2538 2950 2760 3034 dederit.

2102 3019 2177 3073 Ex
2223 3021 2381 3074 dictis
2431 3021 2688 3075 hactenus
2735 3019 3010 3085 habemus,
3042 3022 3096 3074 1⁰
3128 3024 3416 3078 monachos
3463 3026 3599 3083 olim

2029 3105 2136 3145 uno
2159 3091 2316 3144 simul
2345 3091 2400 3145 in
2426 3091 2544 3144 loco
2571 3091 2853 3152 dormisse,
2880 3107 3038 3158 quem
3068 3091 3190 3146 ideo
3219 3091 3594 3152 dormitorium

2029 3161 2387 3229 appellabant.
2415 3160 2473 3236 2:
2501 3161 2575 3214 lia
2593 3169 2879 3236 “tanien‘ut
2905 3175 2964 3236 se
2993 3163 3216 3236 invicem
3261 3179 3367 3236 non
3415 3175 3596 3236 ungo;

1590 3233 1808 3305 (Regul.
1858 3232 1926 3286 ad
1953 3240 2006 3305 α
2031 3242 2198 3305 rent,_
2226 3242 2277 3284 ut
2325 3245 2393 3286 ex
2441 3231 2656 3305 Regulis
2705 3231 2763 3284 S.
2797 3231 3108 3305 Posthumii,
3135 3235 3286 3305 ets.
3321 3231 3602 3295 Fructuosi

2033 3302 2366 3355 manifestum
2394 3313 2496 3357 est.
2524 3303 2592 3356 Et
2616 3313 2762 3356 certe
2787 3302 2972 3356 divisis
2998 3302 3333 3358 dormiebant
3365 3305 3597 3363 lectulis.

2030 3372 2086 3425 5°
2115 3371 2300 3426 Nullos
2322 3373 2425 3426 nisi
2455 3372 2589 3426 forte
2611 3381 2826 3440 propter
2857 3372 3214 3427 inﬁrmitatem
3244 3384 3336 3428 aut
3363 3380 3598 3432 necessi-

2031 3451 2194 3508 tatem
2251 3452 2401 3496 extra
2456 3457 2742 3497 commune
2796 3442 3168 3496 dormitorium
3217 3455 3596 3511 pernoctasse:

2031 3513 2118 3576 qui
2140 3512 2283 3566 enim
2312 3513 2438 3567 dicit
2465 3529 2636 3565 omnes
2660 3513 2858 3566 nullum
2887 3511 3108 3582 excipit.
3142 3513 3199 3566 4⁸
3224 3515 3360 3583 Ergo
3383 3532 3482 3573 nec
3503 3520 3606 3574 ab-

2033 3585 2225 3637 batem.
2265 3584 2353 3649 qui
2396 3585 2446 3637 in
2474 3583 2677 3650 Regula
2725 3585 2956 3652 Magistri
3005 3584 3214 3639 medius
3242 3586 3382 3640 inter
3405 3587 3610 3646 fratre!

2033 3662 2280 3722 tauquam
2315 3665 2495 3720 pastor
2527 3654 2667 3708 inter
2685 3670 2901 3725 gregem
2926 3655 3434 3722 dormirejubetur;
3461 3667 3516 3713 et
3545 3667 3606 3716 in

2032 3725 2264 3790 antiquis
2319 3725 2790 3779 consuetudinibus
2854 3725 3220 3779 Cluniacensis
3290 3731 3610 3786 monasterii

2031 3796 2168 3862 apud
2201 3793 2502 3848 Udaliicum
2537 3794 2670 3862 (Lib.
2705 3811 2782 3859 ιιι,
2808 3811 2922 3862 cap.
2949 3796 3026 3863 1),
3061 3814 3079 3845 ι
3108 3796 3165 3848 lii
3194 3796 3369 3851 medio
3395 3799 3600 3854 donni-

2034 3865 2156 3937 torii
2196 3873 2276 3918 est
2298 3867 2474 3937 lectus
2501 3866 2620 3937 ejus
2647 3879 2810 3937 prope
2840 3881 3070 3929 murum,
3108 3866 3340 3920 sonitum
3371 3869 3493 3937 ipse
3515 3871 3598 3924 fa-

2033 3935 2121 3997 cit,
2157 3950 2259 4002 quo
2289 3934 2480 3989 fratres
2511 3936 2744 3989 diluculo
2773 3942 2838 3988 ad
2871 3934 3542 4003 surgendumexcitantur.
3575 3961 3594 3992 ι

2034 4004 2089 4057 lii
2125 4004 2320 4079 Regula
2351 4006 2522 4079 etiam
2567 4006 2624 4058 S.
2676 4006 2943 4059 Aureliani
2973 4007 3276 4079 decerniiur
3299 4007 3448 4076 (Cap.
3482 4011 3594 4079 35),

2034 4083 2091 4126 ut
2136 4092 2151 4123 i
2184 4074 2412 4128 Sanctus
2440 4075 2604 4128 abbas
2625 4089 2782 4144 extra
2828 4074 3441 4144 congregationein'iion
3487 4074 3601 4134 ms.

2034 4155 2175 4197 neat.
2212 4163 2229 4192 »
2274 4145 2328 4197 ln
2375 4144 2574 4212 Regula
2614 4143 2670 4198 8.
2713 4143 3074 4215 Isidori(t.‘ap.
3131 4146 3256 4209 id):
3290 4164 3308 4194 ι
3340 4148 3616 4204 Αιιιιιιοιιι

2034 4229 2153 4266 cum
2207 4215 2454 4266 fratribus
2486 4215 2678 4280 pariter
2726 4216 2775 4267 in
2820 4215 3234 4283 congregaione
3275 4223 3600 4274 commorari

2033 4293 2262 4355 oportet.
2294 4303 2312 4334 ι
2356 4287 2430 4338 Ex
2455 4288 2683 4338 Concilio
2711 4301 2918 4353 quoque
2955 4285 3412 4340 Fraiicotordiensi
3446 4289 3599 4355 (Cari.

2037 4354 2146 4423 15),
2183 4373 2200 4406 ‹
2230 4355 2407 4408 Abbas
2437 4372 2554 4408 cum
2583 4356 2693 4409 suis
2727 4355 2955 4409 dormiat
3003 4355 3278 4411 monachis
3310 4361 3609 4416 secundum-

2036 4425 2287 4493 [tegulam
2318 4427 2374 4478 S.
2404 4425 2694 4479 Benedicti.
2729 4447 2744 4476 ι
2783 4425 2847 4478 Et
2877 4441 2940 4480 ex
2980 4428 3207 4481 concilio
3235 4428 3598 4485 Londoniensi

2035 4511 2174 4548 anno
2210 4495 2382 4549 “02:
2419 4514 2435 4546 ι
2467 4497 2518 4548 In
2564 4498 2748 4550 eadem
2793 4499 2952 4549 domo
3003 4513 3120 4550 cum
3167 4499 3276 4550 Suis
3324 4502 3626 4556 monachis

2034 4566 2338 4629 manducet,
2370 4578 2460 4620 aut
2485 4567 2732 4620 dormiat.
2764 4586 2782 4617 ›
2831 4567 2896 4619 Et
2916 4576 3064 4622 certe
3089 4569 3147 4624 S.
3173 4567 3516 4625 Benedictum
3545 4572 3600 4627 in

2035 4637 2166 4690 turri
2197 4636 2418 4690 fratrum
2448 4636 2766 4706 dormitorio
2793 4639 3036 4706 contigua
3078 4640 3343 4705 quievisse
3387 4652 3599 4696 cciistat

2032 4722 2096 4761 ex
2125 4707 2160 4760 Ι.
2193 4722 2231 4760 ιι
2264 4707 2394 4760 Dial.
2442 4706 2500 4761 S.
2547 4705 2706 4776 Greg.
2742 4722 2908 4774 papae,
2945 4705 3000 4761 c.
3049 4709 3137 4762 '55.
3183 4709 3240 4763 S.
3283 4709 3604 4766 Muiiiinolus

2031 4777 2194 4830 abbas
2225 4777 2578 4831 Floriacensis
2621 4778 2674 4830 in
2724 4781 2991 4831 communi
3035 4780 3252 4831 fratrum
3285 4781 3602 4835 dormitorio

2032 4847 2342 4902 recubuisse
2369 4849 2558 4915 legitur
2582 4849 2720 4914 apud
2761 4849 3112 4902 Adrevaldiim
3146 4851 3198 4903 in
3227 4850 3350 4904 hist.
3387 4850 3598 4906 'l‘ransl.

2033 4919 2092 4972 S.
2144 4917 2435 4975 Benedicti.
2489 4935 2541 4971 ii.
2599 4919 2684 4980 15,
2733 4933 2860 4972 saec.
2892 4933 2950 4971 ιι.
2998 4920 3139 4972 Idem
3171 4919 3240 4973 de
3287 4922 3610 4978 Eastervino

2031 4987 2222 5041 abbate
2246 4986 2625 5041 Wii'emuteusi
2652 4989 2836 5042 scribit
2877 4989 3014 5044 Beda
3042 4991 3092 5042 in
3129 4989 3243 5043 Vita
3272 4991 3332 5045 S.
3378 4993 3602 5049 Benedi-

2031 5059 2100 5112 cti
2133 5057 2366 5123 Biscopi,
2399 5075 2450 5110 ii.
2485 5059 2538 5111 8.

2101 5129 2288 5181 Causa:
2318 5127 2475 5196 hujus
2505 5127 2850 5183 institutionis
2897 5141 3006 5184 tres
3045 5130 3304 5198 assignari
3339 5145 3596 5198 possunt,

2033 5214 2099 5252 cx
2130 5199 2319 5267 quibus
2343 5200 2513 5265 prima
2547 5201 2803 5266 repetitur
2832 5215 2897 5254 ex
2928 5205 3136 5254 ratione
3167 5204 3288 5254 vita:
3319 5205 3604 5258 cwnobiti-

2032 5284 2130 5332 ccc,
2162 5285 2280 5337 quae
2312 5268 2442 5322 nihil
2492 5270 2762 5338 singulare
2813 5273 3086 5337 permittit,
3137 5271 3228 5325 sed
3277 5273 3454 5325 omnia
3489 5275 3602 5327 vult

2031 5354 2151 5394 esse
2174 5339 2474 5392 communia
2507 5358 2518 5392 :
2547 5340 2684 5394 uiide
2710 5340 3043 5394 JuStinianus
3069 5344 3358 5409 imperator
3383 5341 3599 5404 (Nocet.

2035 5411 2246 5478 155);‹
2275 5409 2458 5463 Nullus
2503 5413 2722 5465 omnino
2777 5413 3063 5479 quidquam
3126 5413 3319 5463 habeat
3372 5413 3598 5480 proprii,

2032 5481 2123 5534 sed
2158 5482 2247 5533 diu
2279 5490 2540 5550 noctuque
2580 5485 2630 5534 in
2671 5484 2937 5537 communi
2971 5483 3133 5544 vivnt,
3165 5492 3217 5534 et
3247 5491 3434 5536 noctes
3456 5498 3604 5538 caur-

2034 5555 2152 5605 deui
2186 5551 2324 5605 inter
2345 5551 2487 5619 ipsos
2515 5569 2634 5606 cum
2663 5552 2851 5607 diebus
2873 5552 3264 5606 observantiam
3295 5553 3545 5608 habeant.
3579 5573 3612 5607 »-

2036 5623 2298 5686 Secundu,
2329 5630 2381 5674 ut
2404 5633 2548 5674 testes
2573 5625 2802 5675 alterutri
2828 5625 2926 5675 sint
2957 5623 3232 5674 honestatis
3261 5632 3305 5674 et
3331 5626 3600 5690 castitatis,

2041 5704 2096 5743 ut
2118 5695 2344 5760 loquitur
2397 5693 2534 5746 idem
2581 5695 2868 5758 imperator
2912 5691 3125 5760 (Νουυι.
3167 5693 3243 5756 5).
3288 5693 3466 5746 Tertia
3519 5705 3606 5750 est

2044 5773 2259 5831 prepter
2327 5764 2561 5816 furentes
2627 5763 2928 5816 daemonum
3001 5762 3268 5825 insultus,
3339 5775 3606 5820 nocturno

2047 5836 2275 5886 maxime
2307 5843 2543 5890 tempore
2589 5834 2863 5886 monachis
2896 5832 3229 5898 infestorum,
3265 5844 3318 5889 et
3346 5835 3602 5892 horribili
