4074 6356
520 435 623 491 195

1869 432 1925 488 5.
1968 431 2029 488 Ρ.
2069 431 2418 489 BENEDICTI

3674 429 3782 486 496

521 548 701 617 specie
755 543 1042 615 aliquando
1083 543 1505 617 _apprcnt_ium;
1555 556 1778 617 quorum
1833 549 2080 611 aspectus
2108 546 2161 607 Δ
2186 544 2242 599 S.
2274 544 2459 617 Callus
2502 547 2791 617 oratorium
2844 545 3214 617 construtiisse
3250 543 3451 617 dicitur
3482 540 3771 617 (Walfrid.

521 613 609 675 vix
646 619 782 672 lerre
814 613 994 684 posset
1019 613 1307 684 solitarius,
1349 614 1570 684 fratrum
1600 615 1855 668 societate
1881 622 1933 684 et
1967 627 2083 679 pre-

521 693 672 748 cibus
701 683 1007 742 destitutus.
1039 684 1245 752 Quibus
1283 683 1422 738 forte
1450 683 1516 737 de
1543 684 1720 738 causis
1747 683 2087 736 mansiuucu-

526 767 602 816 las
628 760 756 813 olim
796 756 1177 810 monachorum
1208 754 1464 808 destruxit
1494 754 1550 809 S.
1595 753 1878 823 Eugendus
1921 754 2086 808 abbas

525 830 786 890 Jurensis.
813 825 1120 894 destruique
1163 823 1411 893 praecepit
1439 823 1768 878 JuSIinianus
1799 824 2089 894 imperator

525 906 581 960 in
613 898 816 955 novella
845 895 967 957 155.
997 891 1058 948 ac
1082 891 1380 964 novissime
1407 894 1722 964 Benedictus
1747 891 1884 961 papa
1913 891 2004 964 χιι
2033 894 2089 964 in

526 991 622 1029 sua
650 968 1036 1024 ConStitutione
1064 978 1158 1032 pro
1181 962 1457 1018 monachis
1487 963 1867 1025 Benedictiuis,
1892 976 1941 1016 c.
1979 962 2084 1028 26;

524 1043 690 1117 350
711 1039 800 1117 eui
849 1043 1158 1117 parite-runt‘
1179 1034 1452 1117 Anglicani
1497 1033 1744 1117 monachi
1776 1046 1843 1086 ex
1889 1043 2090 1117 statuto

527 1101 742 1183 c'a‘piiuli
773 1101 908 1183 anni
927 1105 1090 1183 13M;
1121 1101 1518 1183 Bursliildeuses
1539 1118 1604 1183 ex
1624 1101 1850 1183 Carrem:
1865 1103 2002 1183 "dist.
2031 1105 2088 1183 3,

527 1173 710 1243 c.'22;
753 1187 808 1232 et
851 1176 1232 1231 Cluniacenses
1272 1176 1322 1228 in
1362 1173 1592 1242 capitulo
1631 1187 1756 1226 anu.
1791 1173 1951 1238 1458,
1991 1177 2090 1230 sub

528 1255 737 1310 Joanne
766 1247 1032 1302 Borbonio
1061 1245 1351 1298 celebrato.

598 1323 747 1377 Nunc
790 1333 918 1372 vero
962 1330 1055 1384 per
1086 1316 1356 1368 universas
1389 1315 1496 1368 fere
1541 1315 1920 1368 monachorum
1963 1330 2091 1384 eone

530 1390 868 1463 gregatioties
896 1400 1022 1440 usus
1052 1385 1273 1463 invaluit
1303 1386 1610 1463 dormitoria
1643 1385 1817 1463 plures
1846 1386 1894 1463 in
1926 1387 2091 1463 cellas

531 1455 825 1524 dividendi,
853 1471 1108 1522 suamque
1149 1455 1431 1521 unicuique
1471 1459 1729 1507 monacho
1762 1456 2090 1521 assignaiidi.

530 1535 692 1600 quue
709 1531 776 1584 ad
799 1528 1063 1582 vitandam
1085 1525 1417 1578 szrcularium
1445 1524 1828 1600 curiositatem,
1851 1543 1936 1600 qui
1965 1541 2094 1578 nou-

531 1596 798 1672 nuitquam
846 1615 938 1672 per
975 1605 1182 1672 nostra.
1225 1608 1580 1672 pervagantur
1617 1596 1985 1672 _il_0ritiitoria;
2040 1604 2096 1648 nt

530 1665 726 1730 fratr-es
765 1665 988 1723 orationi
1017 1681 1078 1718 ac
1108 1667 1331 1732 spiritali
1365 1665 1578 1718 lectioni
1616 1665 1836 1717 liberius
1866 1675 2091 1730 vacent;

530 1747 689 1798 variis
728 1739 1052 1810 paenitentia:
1097 1736 1367 1803 operibus,
1419 1751 1536 1810 quae
1588 1735 1768 1788 oculos
1818 1737 2091 1810 hominum

531 1807 758 1884 fugiunt,
782 1824 909 1884 sese
935 1819 1214 1884 exerceant
1235 1814 1390 1884 ;_tuin
1421 1807 1578 1884 etiam
1607 1808 2098 1884 propterlionesta-

532 1876 638 1940 tein
691 1882 1052 1949 maioremque
1099 1876 1294 1949 silentii
1343 1892 1406 1930 ac
1452 1877 1755 1949 solitudinis
1802 1877 2094 1949 observan-

534 1957 693 2017 tiam;
728 1945 840 2006 sive
867 1949 1024 2002 etiam
1067 1957 1120 1998 ut
1146 1945 1374 2017 aliquam
1409 1948 1637 2017 caelestis
1675 1946 1862 2017 domus
1906 1945 2094 2014 imagi-

535 2039 656 2079 nem
683 2015 1001 2076 monasteria
1030 2019 1280 2078 referant,
1310 2016 1462 2068 sicuti
1487 2016 1552 2069 de
1574 2015 1940 2068 Carthusianis
1965 2018 2100 2069 belle

533 2095 744 2149 dicebat
780 2091 967 2144 Petrus
994 2087 1258 2140 Bleseusis
1284 2085 1474 2155 (Epist.
1507 2086 1597 2153 86)
1632 2103 1642 2136 :
1675 2104 1692 2136 ι
1726 2086 1804 2138 ΑιΙ
1825 2088 2101 2155 exemplar

533 2165 794 2234 siquidem
821 2159 1177 2234 domusillius
1197 2159 1264 2210 de
1284 2154 1383 2234 qua
1413 2155 1669 2234 scriptum
1698 2166 1776 2208 est
1808 2173 1818 2206 :
1851 2154 1914 2207 In
1944 2157 2098 2233 domo

534 2226 707 2289 Patris
737 2232 833 2284 mei
863 2230 1149 2281 mansiones
1185 2228 1360 2279 multa:
1387 2236 1538 2288 sunt;
1570 2226 1717 2278 habet
1760 2231 2099 2294 unusquisque

533 2305 767 2360 celiulant
795 2310 842 2355 et
871 2299 1281 2352 mansiuuculam
1321 2313 1487 2358 suain,
1522 2305 1573 2348 ut
1611 2297 2024 2365 contemplationi
2051 2304 2097 2348 et

533 2376 750 2430 orationi
777 2371 978 2424 liberius
1001 2377 1159 2420 vacet.
1193 2388 1210 2417 ι

604 2449 782 2514 Neque
813 2455 943 2514 vero
966 2441 1036 2514 ita
1065 2453 1248 2490 recens
1275 2446 1363 2514 aut
1398 2445 1637 2514 nova‘est
1657 2435 1858 2514 _ist_luec
1889 2435 2101 2488 institu-

534 2519 630 2579 tio,
664 2506 811 2582 quasi
838 2507 1375 2582 antiquis_i_nunachis
1404 2506 1703 2582 notiltterit
1731 2508 1780 2558 iit
1815 2521 1940 2568 usu;
1976 2521 2097 2582 nam

536 2576 794 2657 Egyptii,
820 2592 953 2657 teste
981 2584 1035 2633 S.
1063 2578 1382 2657 Hieronymo
1413 2577 1600 2657 (Epist.
1623 2576 1733 2657 21g),
1765 2594 1789 2655 t_
1814 2578 2005 2657 inaneb
2025 2588 2098 2657 Lat

535 2645 792 2726 seti-.irati,
817 2651 909 2726 sed
936 2649 1146 2726 junctis
1169 2645 1409 2726 cellulis:
1443 2666 1460 2696 ι
1491 2649 1625 2726 unde
1645 2646 1930 2726 Cassianus
1953 2645 2092 2713 (Lib.

535 2718 737 2793 ii-,'rap.
771 2723 889 2790 1:2):
917 2741 936 2771 ι
961 2720 1091 2771 Cutn
1126 2719 1338 2779 fuerint,
1370 2718 1556 2793 inquit,
1579 2719 1953 2793 canonicaruni
1979 2732 2097 2793 ora:

535 2787 738 2852 tionuin
769 2787 1067 2847 functiones
1111 2805 1178 2841 ex
1232 2803 1378 2842 inore
1410 2789 1591 2848 linitai,
1639 2787 2000 2855 unusquisque
2028 2788 2095 2840 ad

534 2884 685 2922 suam
729 2875 1007 2919 recurrens
1049 2860 1316 2921 cellulam,
1343 2874 1500 2926 quam
1531 2867 1618 2911 aut
1656 2860 1823 2921 solus,
1855 2866 1945 2908 aut
1975 2871 2094 2910 cum

533 2939 639 2992 alio
667 2946 864 2991 tantum
892 2931 1186 2986 inhabitare
1221 2929 1563 2994 permittitur,
1591 2937 1692 2982 etc.
1725 2947 1742 2978 ι
1774 2928 1914 2980 Idem
1947 2929 2097 2980 insti-

536 3020 705 3062 tutum
737 3007 921 3059 imitati
953 3012 1075 3054 sunt
1103 3000 1153 3052 in
1184 3000 1368 3054 Galliis
1401 2999 1716 3052 Lerinenses
1743 2995 2010 3061 monachi,
2039 3006 2096 3050 ut

533 3081 787 3134 discimus
817 3091 881 3127 ex
928 3069 1173 3127 Eucherii
1218 3082 1373 3139 epist.
1419 3070 1483 3121 ad
1527 3070 1778 3122 llilarium
1807 3069 1887 3139 (de
1916 3068 2095 3121 Laude

534 3152 656 3204 vita:
698 3146 974 3206 solitariae,
1023 3142 1110 3195 tibi
1169 3137 1307 3194 inter
1358 3139 1490 3192 alias
1542 3137 1846 3192 Lerinensis
1907 3139 2093 3190 insula:

534 3222 718 3275 laudes
746 3221 858 3270 hare
885 3213 1105 3269 scribit:
1137 3229 1156 3262 ι
1189 3211 1313 3264 Ηωο
1342 3226 1481 3262 nunc
1513 3210 1668 3262 habet
1697 3219 1908 3261 sanctos
1935 3222 2092 3268 senes

534 3294 656 3346 illos
685 3290 770 3358 qui
801 3285 990 3340 divisis
1026 3285 1234 3358 cellulis
1263 3281 1549 3358 {Egyptios
1571 3280 1755 3358 [fatrcs
1783 3276 1966 3356 Galliis
1997 3294 2090 3330 n0-

535 3364 664 3417 stris
703 3349 1023 3413 intulerunt.
1065 3372 1081 3403 ι
1129 3349 1385 3404 Eanideni
1424 3351 1754 3416 disciplinam
1804 3349 2092 3415 arripuisse

535 3425 1212 3501 Aganneusesmonachos
1247 3430 1400 3501 patet
1443 3435 1510 3501 ex
1565 3421 1922 3501 vetustissimo
1963 3420 2094 3501 scri-

537 3489 688 3572 piare
720 3498 926 3572 )‘itai
950 3494 1189 3572 itotnani
1210 3489 1419 3572 abbatis
1439 3489 1680 3572 iurensis
1711 3490 1852 3572 apud
1881 3489 2092 3567 Bollan-

535 3558 658 3626 iium
689 3571 781 3640 (‘28
817 3566 988 3632 Feb.),
1025 3567 1078 3617 in
1105 3564 1260 3640 cujus
1290 3561 1616 3640 prmlatione,
1645 3558 2013 3640 quaniloanni
2038 3573 2093 3614 et

537 3629 874 3696 Ατιιιιτίιιιιιῆο
910 3629 1188 3688 monachis
1212 3633 1612 3701 Agaunensibus
1643 3629 1902 3692 inscribit,
1945 3641 2090 3695 post-

537 3728 692 3782 quam
721 3709 978 3762 Joannem
1027 3705 1300 3782 praifaturn
1334 3701 1806 3782 Joannibaptistte
1829 3710 1897 3782 .ct
1927 3713 2092 3782 evan-

537 3770 740 3851 gelista:
762 3770 1112 3851 comparavit,
1151 3775 1217 3827 de
1246 3771 1582 3851 brincntario
1613 3772 1682 3823 ita
1705 3770 1884 3851 subdit
1911 3787 1921 3819 :
1954 3787 1970 3817 ι
2002 3774 2094 3821 Αι-

537 3841 619 3906 ἶθι·
646 3864 774 3903 vero
802 3848 854 3901 in
882 3841 1092 3899 modum
1123 3845 1356 3897 uatatilis
1384 3858 1521 3896 arca:
1551 3843 1672 3894 dum
1703 3841 1806 3893 illic
1837 3841 1891 3892 in
1914 3853 2090 3893 emno-

542 3925 632 3977 bio
658 3923 840 3984 etiam,
868 3920 1089 3970 claustro
1113 3915 1381 3982 peculiaris
1413 3915 1552 3966 cella:
1577 3919 1880 3973 contentus,
1913 3912 2094 3984 mundi

537 3994 775 4047 turbines
806 3983 1062 4057 impactus
1109 3988 1312 4039 irridet.
1347 4004 1365 4036 ι
1392 4056 1397 4057 γ
1421 3987 1492 4057 De
1529 3983 1746 4057 .lurensi_
1770 3983 2092 4057 itionasterio

535 4071 744 4119 constat
785 4077 848 4113 ex
881 4052 1015 4111 'Vita
1059 4060 1116 4111 S.
1167 4056 1402 4127 Eugendi
1447 4055 1696 4127 ejusdem
1735 4052 2090 4127 loei_abbatis

535 4135 704 4202 (.ch.
739 4148 754 4186 ι
792 4127 1016 4197 Beiictl.)
1044 4169 1058 4193 ,
1102 4129 1188 4195 qui
1226 4123 1499 4202 ιίωιιιι-ιιιυ
1555 4123 2088 4202 art-aliiinatidritarum

533 4193 703 4269 inore,
750 4203 927 4268 utilius
966 4193 1152 4251 omnes
1193 4199 1354 4269 uuivit
1384 4199 1452 4269 iu
1503 4195 1732 4247 medium
1766 4210 1776 4243 :
1807 4193 2090 4269 destructis

534 4267 763 4344 namque
811 4273 1140 4344 mansionum
1189 4267 1450 4344 aediCulis,
1499 4283 1608 4344 uno
1629 4279 1806 4344 secum
1852 4267 2090 4344 Xenodo-

533 4347 654 4400 cbio
679 4335 950 4409 quiescere
982 4341 1124 4394 fecit.
1157 4357 1172 4388 ι
1211 4342 1344 4404 Ergo
1378 4340 1518 4404 prius
1543 4335 1738 4388 ibidem
1766 4343 1917 4409 crant
1940 4349 2091 4384 man-

532 4404 742 4470 sionuin
775 4412 1029 4471 radiculas,
1081 4413 1131 4461 in
1159 4410 1350 4476 quibus
1379 4409 1600 4474 quisque
1647 4404 1916 4476 manebat,
1961 4418 2092 4476 quas

533 4488 620 4538 ille
651 4486 932 4536 destruant.
965 4480 1070 4532 Sed
1097 4473 1191 4531 eas
1221 4473 1408 4544 postea
1445 4485 1716 4542 reparatas
1747 4473 1910 4544 fuisse
1936 4473 2092 4544 colli-

531 4557 704 4626 gimus
737 4569 801 4626 es
836 4550 1096 4626 monacho
1133 4541 1521 4626 Foritapellmd
1555 4547 1605 4596 iii
1638 4545 1747 4594 Vita
1859 4541 2094 4626 Vandre-

529 4613 686 4694 gisili,
718 4625 805 4691 qui
838 4639 901 4674 eo
932 4621 986 4672 in
1036 4617 1358 4694 ittotiastcrio
1397 4631 1634 4694 agetis,_i
1656 4613 1889 4694 quadam
1934 4623 2092 4694 nocte

2194 617 2244 668 in
2278 615 2380 670 Vit.
2410 615 2472 670 S.
2491 613 2654 679 Galli,
2678 632 2724 668 c.
2754 616 2848 686 26)
2879 635 2897 668 ι
2927 615 3310 686 mansiunculis
3336 629 3431 686 per
3455 629 3646 686 gyrum
3671 615 3780 667 dis-

2196 687 2379 753 positis
2407 686 2471 738 ad
2519 683 2969 741 commanendum
3013 685 3282 740 fratribus.
3318 704 3336 735 ι
3373 685 3432 738 S.
3467 683 3776 737 Willibror-

2193 757 2292 812 dus
2333 775 2352 808 ι
2385 757 2527 811 venit
2556 757 2620 810 ad
2661 773 2815 811 suum
2859 758 3031 827 gratia
3062 755 3306 827 visitan'di
3357 755 3772 827 monasterium.

2193 839 2247 882 et
2277 836 2399 898 post
2426 827 2694 881 orationes
2723 837 2776 882 et
2802 824 3148 898 salutationes
3180 825 3464 887 fraternas,
3492 837 3549 877 et
3575 824 3773 898 admo-

2194 895 2423 954 nitiones
2452 899 2720 967 pacilicas,
2750 897 3017 951 circuiens
3060 899 3273 967 singula,
3307 897 3532 964 fratrum
3578 895 3777 946 habita-

2194 970 2329 1027 cula.
2363 969 2407 1023 si
2429 965 2552 1036 quid
2577 969 2626 1020 in
2656 968 2760 1021 illis
2781 965 3172 1022 emendandum
3205 965 3409 1026 fuisset,
3435 967 3564 1036 pius
3589 977 3774 1036 pastor

2195 1033 2474 1108 explorare
2491 1039 2677 1108 voluit,
2704 1057 2722 1089 ι
2746 1037 2914 1106 inquit
2940 1039 3196 1092 Alcuinus
3219 1037 3410 1108 ineius
3434 1033 3550 1108 Vita
3575 1033 3769 1108 (Nam.

2198 1105 2308 1174 18).
2344 1109 2576 1175 Denique
2601 1105 2926 1162 Trithemius
2945 1108 3012 1161 de
3039 1109 3204 1175 prima
3233 1105 3628 1172 llirsaugiensis
3655 1120 3774 1156 mo-

2197 1181 2412 1233 naSIerii
2441 1179 2743 1230 fundatione
2787 1193 2929 1230 anno
2971 1179 3076 1232 850
3106 1178 3264 1240 facta,
3310 1175 3378 1227 de
3403 1176 3555 1226 cellis
3600 1189 3770 1241 agens

2199 1250 2408 1320 (Chron.
2434 1248 2480 1302 Η
2490 1251 2842 1320 irsaugiense):
2867 1247 3274 1320 «monachorum
3300 1243 3667 1320 tabernacula,
3691 1245 3773 1296 in-

2195 1314 2329 1388 quit,
2363 1335 2456 1387 per
2486 1314 2673 1389 gyrum
2703 1314 2914 1372 claustri
2943 1319 3221 1389 disposita,
3250 1329 3504 1389 quantum
3538 1314 3765 1389 adpon-

2196 1385 2537 1443 suetud-nei'n'
2572 1389 2724 1441 istius
2768 1385 3039 1456 temporis
3063 1388 3342 1448 attinebat,
3379 1385 3510 1456 satis
3541 1385 3768 1451 pulchra

2198 1470 2251 1513 et
2291 1461 2534 1512 ordinata
2566 1461 2806 1520 fuerunt;
2856 1455 3158 1527 quanquam
3204 1459 3248 1508 si
3301 1455 3469 1527 nostri
3517 1456 3772 1527 monachi

2198 1531 2461 1583 similibus
2490 1525 2888 1582 includerentur
2916 1528 3141 1588 cellulis,
3173 1542 3232 1580 se
3278 1525 3612 1592 mancipatus
3650 1525 3768 1576 vin-

2198 1601 2330 1652 r-ulis
2354 1612 2404 1652 et
2429 1600 2658 1652 tenebris
2683 1599 3034 1653 clamitarent.
3072 1597 3291 1651 Facuim
3323 1596 3422 1649 hoc
3449 1604 3624 1647 autem
3667 1596 3773 1659 pri-

2198 1684 2409 1724 scorum
2450 1671 2760 1722 imitatione.
2792 1687 2808 1719 ι
2842 1668 3150 1736 1·1ιι]ιιδιιιι›ι]ἰ
3178 1667 3340 1720 cellas
3364 1665 3558 1736 habent
3584 1673 3772 1717 nostra

2203 1751 2360 1795 :etate
2390 1739 2796 1793 Cartliusienses
2826 1735 3097 1802 monachi,
3145 1739 3336 1804 quibus
3364 1736 3442 1790 illi
3479 1735 3614 1787 forte
3663 1750 3771 1788 non

2203 1821 2306 1862 tam
2347 1812 2410 1861 ad
2442 1810 2812 1862 dormiendum
2853 1825 3008 1876 quam
3040 1811 3117 1867 ad
3147 1809 3426 1872 legendum
3456 1805 3771 1876 utebantur.

2204 1880 2334 1934 Vide
2378 1879 2610 1933 Menardi
2657 1889 2808 1932 notas
2858 1875 2920 1931 ad
2974 1880 3238 1932 Concord.
3296 1877 3482 1947 llegul.
3517 1889 3639 1947 cap.
3676 1875 3769 1937 55,

2205 1953 2231 2018 §
2263 1951 2313 2003 l.
2345 1950 2484 2004 Nihil
2514 1951 2634 2002 dico
2674 1951 2739 2002 de
2777 1949 2994 2018 Siuaitis
3036 1948 3330 2011 monachis,
3467 1946 3670 2018 quibus
3710 1947 3769 2000 S.

2201 2014 2350 2074 Nilus
2381 2020 2544 2090 (llist.
2573 2021 2726 2071 caulis
2754 2019 2858 2074 SS.
2893 2017 3011 2071 Pat.
3037 2021 3088 2070 in
3117 2018 3263 2081 Sina,
3297 2034 3344 2090 c.
3365 2017 3418 2090 5)
3449 2032 3460 2066 :
3493 2033 3512 2064 ι
3544 2014 3774 2090 Faciunt

2201 2086 2397 2144 autem"
2425 2091 2774 2142 habitationes
2826 2104 2948 2141 suas
2998 2106 3100 2140 non
3155 2090 3257 2142 sibi
3296 2086 3517 2139 invicem
3561 2087 3773 2152 propiu-

2204 2177 2336 2228 quas
2358 2201 2371 2222 ,
2403 2162 2492 2214 sed
2525 2163 2650 2212 satis
2681 2160 2860 2225 procul
2888 2159 3165 2221 distantes,
3198 2167 3253 2210 ιιι
3287 2157 3376 2226 qui
3408 2156 3603 2228 viginti
3623 2165 3680 2208 et
3706 2171 3773 2209 eo

2201 2225 2430 2300 amplius
2459 2231 2626 2282 stadia
2658 2231 2830 2281 absint
2878 2230 3010 2281 alius
3041 2231 3106 2300 ab
3156 2228 3260 2300 alio
3289 2225 3317 2279 τί
3341 2247 3357 2277 ι
3393 2225 3771 2300 ιιιιιιιιιιί-ρι-ιι-

2203 2296 2316 2369 piie
2355 2311 2505 2353 erant
2535 2300 2812 2369 eremilte.
2840 2299 2912 2352 De
2953 2299 3321 2351 Pacliomianis
3352 2310 3476 2369 vero
3506 2296 3647 2369 illud,
3677 2311 3770 2369 so:

2201 2366 2307 2422 iuni
2358 2372 2662 2423 decernitur
2711 2371 2760 2421 in
2795 2368 2993 2437 Regula
3039 2370 3104 2422 ab
3138 2369 3326 2432 angelo
3361 2366 3548 2419 tradita
3584 2366 3770 2433 (Apud

2202 2441 2338 2493 Ball.
2379 2439 2440 2494 l-t
2475 2440 2622 2507 Maii)
2649 2455 2664 2492 :
2700 2457 2717 2489 ι
2749 2439 2933 2493 Facies
2963 2450 3138 2490 autem
3180 2439 3416 2490 diversas
3443 2437 3694 2507 cellulas.
3720 2448 3773 2488 et

2202 2520 2379 2564 ternos
2413 2527 2505 2578 per
2533 2505 2688 2563 uuam
2718 2511 2957 2562 cellulam
2993 2509 3232 2562 habitare
3257 2507 3573 2561 constituas.
3609 2525 3627 2556 ι
3656 2505 3771 2558 Ca3-

2202 2591 2370 2634 terurn
2415 2581 2574 2634 variis
2619 2580 2967 2633 incommodis
3013 2594 3127 2646 quae
3161 2594 3222 2630 ex
3257 2578 3508 2630 cellarum
3551 2591 3772 2643 separa-

2202 2653 2347 2707 tione
2403 2652 2544 2703 nasci
2591 2659 2842 2718 pessum,
2897 2663 2959 2702 ac
3008 2648 3257 2714 periculis
3312 2647 3441 2700 satis
3482 2657 3772 2699 occurrunt

2199 2737 2317 2788 quae
2340 2737 2430 2774 eas
2463 2720 2766 2774 novissimis
2805 2721 3130 2787 temporibus
3163 2720 3476 2788 invexerunt
3516 2720 3772 2770 monasti-

2200 2787 2276 2845 cae
2307 2795 2770 2860 congregationes,
2799 2792 2864 2842 de
2891 2792 3083 2859 quibus
3116 2789 3236 2842 vide
3269 2787 3512 2842 llaefteii.
3544 2789 3642 2843 lib.
3675 2803 3769 2853 xu,

2200 2873 2350 2916 tract.
2378 2859 2431 2927 5,
2456 2862 2594 2929 disq.
2627 2863 2680 2923 5,
2713 2859 2745 2912 4
2767 2870 2819 2914 et
2842 2861 2890 2913 5.

2272 2933 2366 2986 Sin
2385 2926 2840 2984 uatem-multitudo
2859 2947 2956 2982 non
2981 2930 3120 2996 sinit,
3147 2928 3264 2982 deni
3284 2938 3368 2980 aut
3392 2926 3600 2998 uiceni.]
3628 2928 3768 2982 luem

2201 3003 2361 3057 habet
2393 3002 2588 3070 [tegula
2618 3003 2670 3056 S.
2707 3001 2917 3066 lSidOI'i,
2969 3015 3018 3052 ιε.
3048 3001 3143 3062 14,
3179 3011 3232 3053 et
3257 2999 3534 3052 Justiniani
3569 3001 3772 3054 novella

2199 3074 2250 3126 5.
2298 3073 2400 3126 Sed
2450 3075 2612 3124 multo
2659 3073 2834 3139 plures
2880 3072 2931 3124 iii
2979 3070 3393 3137 Gcinnicticansi
3443 3072 3770 3139 tuuiiaSIerio

2198 3145 2294 3196 sub
2326 3144 2381 3197 S.
2415 3138 2669 3196 Filiberto
2711 3141 2899 3194 abbate
2943 3140 3224 3209 capiebant
3269 3141 3580 3192 dormituria
3626 3138 3771 3208 (l'ita

2201 3214 2258 3268 S.
2289 3211 2445 3266 Filib.
2469 3229 2522 3265 η.
2548 3214 2599 3276 7,
2627 3227 2741 3264 nec.
2769 3227 2800 3263 it
2831 3211 3047 3279 Bened.)
3074 3229 3086 3262 :
3118 3211 3189 3263 ibi
3220 3211 3360 3275 enim
3391 3229 3408 3260 ι
3432 3212 3627 3276 doplex
3654 3225 3771 3264 ver-

2197 3300 2328 3352 gens
2355 3285 2417 3335 ad
2449 3292 2682 3334 austrum
2711 3282 3060 3336 ducentorum
3095 3280 3386 3352 nonaginta
3416 3285 3613 3352 pedum
3645 3283 3768 3332 lon-

2195 3351 2454 3423 gitudine,
2479 3353 2852 3423 quinquaginta
2879 3353 2932 3406 in
2966 3351 3260 3417 latitudine,
3287 3351 3556 3404 eminebat
3587 3355 3772 3406 domus

2197 3423 2502 3493 quiescendi
2533 3423 2775 3493 obtentu.
2801 3442 2823 3493 ι

2269 3495 2392 3546 Cum
2421 3491 2744 3562 senioribus.]
2789 3491 2855 3544 Id
2891 3501 2962 3546 est
3007 3492 3243 3562 decuriis,
3263 3490 3435 3555 inquit
3482 3491 3776 3546 llicliardus

2195 3566 2262 3617 de
2291 3567 2347 3618 S.
2376 3565 2572 3631 Angelo
2598 3581 2609 3615 :
2643 3563 2692 3616 id
2723 3561 2862 3632 quod
2892 3565 3174 3618 conlirmat
3200 3561 3448 3616 Nicolaus
3475 3563 3672 3616 Bravus
3703 3577 3769 3616 ex

2198 3635 2396 3698 Regula
2424 3639 2478 3687 ὃ.
2504 3635 2693 3687 lsidori
2723 3649 2772 3686 c.
2801 3635 2886 3687 ts.

2273 3707 2371 3770 Qui
2399 3721 2548 3773 super
2591 3719 2674 3756 eos
2713 3701 3095 3774 sollicitisint.]
3132 3703 3357 3773 Vigilias
3390 3703 3561 3774 noctis
3599 3712 3775 3757 custo-

2195 3775 2421 3838 dientes,
2463 3776 2537 3828 uti
2581 3785 2851 3841 esponunt
2899 3773 3235 3829 Hildemarus
3279 3773 3585 3828 Bernartius
3625 3775 3774 3828 Cass.

2195 3854 2245 3898 et
2291 3846 2576 3909 ltoherius;
2610 3848 2730 3911 quia
2777 3863 2794 3894 ι
2822 3858 2941 3898 cum
2988 3845 3118 3898 dicit
3161 3846 3374 3898 solliciti
3419 3846 3556 3905 sitit,
3605 3844 3776 3909 inquit

2199 3917 2561 3977 llildeniarus',
2612 3915 2852 3982 praecipit
2892 3915 3010 3968 illos
3054 3917 3274 3983 vigilare
3317 3917 3368 3969 iu
3413 3915 3772 3978 dormitorio;

2195 3987 2316 4054 quia
2349 4003 2503 4040 nemo
2537 3993 2707 4052 potest
2735 4000 2856 4040 esse
2887 3985 3143 4040 sollicitus
3185 3989 3235 4038 in
3283 3998 3464 4049 nocte,
3515 3986 3615 4038 nisi
3649 3986 3776 4053 vigi-

2198 4058 2410 4117 laverit;
2432 4058 2550 4124 quia
2576 4071 2671 4108 nos
2693 4070 2814 4108 cum
2834 4055 3048 4108 stilliciti
3074 4071 3194 4109 esse
3216 4056 3462 4122 volumus
3484 4070 3579 4122 pro
3600 4055 3776 4122 aliqua

2196 4142 2274 4187 re,
2318 4130 2618 4196 vigilamus.
2646 4144 2664 4176 ι
2699 4124 2792 4196 Cui
2843 4126 3078 4179 concinit
3123 4125 3452 4180 Justinianus
3482 4128 3775 4193 imperator

2196 4194 2412 4264 (Nurel.
2451 4197 2624 4264 155):
2672 4215 2688 4245 ι
2724 4194 2905 4262 Neque
2949 4199 3089 4248 enim
3135 4211 3350 4264 semper
3399 4211 3586 4249 omnes
3640 4197 3770 4248 dor-

2197 4268 2396 4334 miunt,
2431 4266 2522 4320 sed
2581 4265 2996 4320 manifestarium
3043 4273 3153 4331 est,
3195 4267 3335 4335 quod
3379 4266 3502 4320 dum
3550 4266 3600 4318 lii
3647 4266 3778 4319 dur-

2197 4339 2410 4390 mietido
2447 4338 2687 4403 occupati
2731 4345 2880 4398 sunt,
2915 4337 2992 4389 illi
3025 4337 3269 4405 vigilant,
3299 4348 3354 4391 et
3397 4351 3618 4403 prorsus
3661 4339 3778 4404 qui-

2197 4408 2316 4459 dam
2351 4408 2680 4460 dormientes
2722 4406 3030 4475 inspiciunt.
3064 4425 3082 4457 ι
3119 4408 3220 4460 Sed
3252 4407 3500 4461 Nicolaus
3549 4408 3615 4460 de
3654 4407 3779 4458 Fra-

2195 4487 2341 4530 ctura
2386 4475 2546 4546 (Vide
2589 4478 2626 4529 l.
2668 4490 2683 4528 t
2721 4481 2781 4528 de
2824 4480 2998 4546 Antiq.
3034 4493 3167 4529 mon.
3216 4478 3346 4541 Hit.,
3387 4493 3502 4546 cap.
3536 4477 3587 4541 1)
3618 4477 3776 4547 352

2196 4547 2334 4599 hanc
2362 4547 2771 4600 sollicitudinem
2813 4548 2861 4599 iii
2885 4562 2950 4600 eo
2979 4549 3283 4611 constituit,
3321 4566 3339 4599 ι
3371 4558 3426 4600 ιιι
3454 4562 3674 4614 surgant
3705 4553 3772 4601 de

2204 4627 2356 4671 nocte
2386 4618 2566 4671 videre
2597 4618 2640 4670 si
2669 4619 2872 4680 vestiti,
2906 4619 3063 4671 cincti
3095 4620 3319 4686 cingulis
3345 4627 3398 4671 et
3427 4618 3665 4683 funibus,
3695 4619 3777 4672 vel

531 4676 883 4750 atteniissiiiie
925 4691 1170 4757 precibus
1211 4676 1478 4739 insisterEt
1503 4676 1697 4757 divinis
1719 4682 2094 4757 auribus_oll'e-
2121 4676 2174 4736 D
2197 4689 2330 4741 alias
2351 4688 2668 4757 regulariter
2689 4676 2956 4740 dormi-ant
2983 4676 3239 4741 fratres?»

530 4768 715 4820 rendis
747 4766 798 4817 in
830 4752 957 4814 cella
993 4761 1086 4810 sibi
1123 4760 1416 4810 constituta.
1449 4775 1466 4806 ι
1499 4756 1755 4807 Similiter
1783 4756 1834 4804 in
1888 4752 2096 4806 Elisan-

529 4838 702 4905 gieusi
742 4851 770 4887 a
802 4848 859 4886 se
900 4841 1207 4905 constructo
1251 4829 1573 4905 monasterio
1609 4825 1900 4905 (.‘fllladalll.
1937 4835 2094 4905 nocte

525 4894 679 4975 iuxta
709 4919 908 4958 morem
956 4902 1131 4975 cilicio
1159 4901 1456 4975 obvolutus
1480 4899 1544 4975 in.
1572 4895 1701 4948 cella
1734 4910 1828 4972 sua
1869 4894 1994 4947 dum
2025 4899 2091 4948 ad

529 4964 935 5030 i'el'ot‘iilandum
968 4971 1132 5040 quieti
1164 4968 1401 5040 membra
1430 4966 1684 5040 dedisset,
1735 4964 2091 5040 iirexcessiini

533 5049 728 5100 mentis
755 5045 930 5096 subito
960 5035 1140 5110 raptus
1169 5059 1186 5091 ι
1224 5039 1433 5108 legitur.
1465 5038 1540 5110 De
1567 5035 1927 5110 discipulishS.
1953 5035 2093 5088 Mar-

529 5117 626 5168 tini
668 5114 960 5167 audiendus
981 5107 1062 5166 est
1082 5110 1264 5164 Gallus
1284 5107 1356 5162 fin
1385 5109 1594 5175 dialogo
1615 5107 1648 5161 5
1678 5107 1814 5172 apud
1835 5108 2100 5160 Severum

529 5186 820 5252 Sulpicium
862 5182 998 5252 (Lib.
1051 5198 1103 5235 iit
1152 5182 1212 5233 de
1267 5179 1378 5252 Vit.
1417 5179 1475 5233 S.
1529 5177 1714 5252 Mart.)
1742 5194 1753 5252 ξ
1779 5195 1802 5252 *ι
1833 5177 2091 5252 Contigua

527 5249 729 5310 ﬂumini
762 5249 1086 5306 habebamus
1119 5250 1437 5305 habitacula.
1467 5268 1484 5298 ι
1520 5249 1713 5302 clarius
1741 5249 1878 5300 idem
1907 5249 2089 5315 Sulpi-

526 5343 642 5380 cnis
687 5329 736 5378 in
771 5325 863 5377 lib.
890 5339 942 5376 ιε
974 5341 991 5372 ι
1037 5323 1184 5375 'l'unc
1226 5322 1311 5374 ille
1341 5320 1425 5389 (S.
1463 5320 1740 5382 Martinus)
1780 5319 2086 5371 convocatis

534 5398 806 5459 fratribus,
839 5397 1006 5447 refert
1031 5393 1189 5462 351
1216 5388 1616 5460 quiddiabolus
1645 5388 1949 5454 indicasset,
1983 5391 2092 5441 sol-

526 5469 804 5536 licitusque
830 5479 952 5520 esse
974 5475 1222 5536 praecepit
1247 5475 1335 5536 ρετ
1355 5463 1565 5512 cellulas
1583 5462 1910 5536 singulorum
1940 5462 2083 5536 quis-

525 5554 650 5590 nam
707 5529 805 5591 lioc
847 5529 1194 5588 casu'fuissct
1238 5529 1476 5585 allectus.
1514 5550 1529 5581 ι
1583 5531 1636 5584 In
1679 5529 1877 5599 Regula
1923 5531 2082 5583 etiam

525 5607 866 5662 Tarnatensis
915 5605 1221 5661 monasterii
1283 5608 1399 5669 lego
1449 5602 1600 5671 (Cap.
1649 5603 1740 5667 7):
1775 5619 1792 5650 ι
1823 5601 2080 5653 Co-llulani

524 5679 741 5732 alterius
778 5687 971 5746 praiter
1014 5677 1259 5730 abbatem
1307 5684 1360 5728 et
1406 5673 1767 5746 piteposituin,
1808 5674 1912 5724 nisi
1960 5672 2084 5722 dato

524 5752 696 5815 signo,
729 5745 811 5802 est
843 5747 1082 5801 illicitum
1128 5747 1379 5809 introire;
1411 5749 1532 5813 quia
1561 5745 1689 5811 ipsis
1714 5750 1913 5815 tantum
1955 5755 2084 5794 coti-

525 5813 728 5871 ceditur
759 5818 981 5871 fratrum
1025 5825 1228 5870 secreta
1281 5829 1625 5884 cognoscere,
1680 5824 1731 5866 et
1764 5813 1991 5884 qualiter
2028 5825 2088 5864 se

529 5889 887 5956 unusquisque
929 5896 1050 5953 agat
1075 5888 1280 5944 occulta
1327 5883 1444 5948 iusp
1480 5888 1656 5942 ctione
1696 5883 2023 5946 perquirere.
2058 5900 2077 5935 ι

2269 4755 2493 4810 Candela
2515 4759 2709 4826 jugiter
2738 4759 2790 4808 in
2820 4760 2995 4810 eadem
3024 4760 3149 4811 cella
3190 4759 3365 4810 ardeat
3396 4774 3552 4825 usque
3581 4755 3774 4826 manet]

2201 4825 2632 4898 Sitnilirprorsu’s,
2651 4828 2808 4881 modo
2837 4828 2891 4883 S.
2925 4828 3210 4898 Eugeinlus
3237 4838 3494 4882 statuerat
3524 4829 3653 4880 olim
3685 4825 3776 4897 (In

2200 4901 2307 4968 ejus
2351 4897 2449 4950 Vit.
2490 4914 2541 4950 ιι.
2573 4897 2689 4966 21),
2725 4917 2742 4948 ι
2775 4907 2831 4950 ιιι
2879 4899 3055 4952 lumen
3080 4898 3196 4964 Dei,
3243 4909 3376 4952 S-lClll
3424 4899 3478 4952 in
3521 4900 3778 4964 (φίλιοι-ιιι,

2198 4970 2509 5022 indeliciens
2541 4987 2558 5019 ι
2611 4970 2825 5022 arderet
2869 4969 2922 5020 in
2969 4970 3303 5022 dormitorio.
3351 4970 3408 5021 Et
3456 4968 3514 5022 S.
3549 4969 3779 5023 lsidorus

2201 5038 2352 5108 (Cap.
2383 5040 2468 5107 14)
2495 5057 2507 5090 :
2544 5057 2563 5091 ε
2585 5040 2698 5091 Lux
2734 5052 2890 5092 noete
2911 5040 3285 5093 dormientium
3313 5040 3487 5092 locum
3515 5040 3775 5100 illustret,

2203 5119 2258 5163 ιιι
2301 5112 2534 5179 depulsis
2571 5110 2823 5179 tenebris
2867 5110 3244 5179 testimonium
3274 5119 3450 5178 pateat
3493 5110 3776 5178 singularis

2201 5178 2411 5248 quietis.
2433 5200 2450 5232 ι
2482 5180 2545 5233 Et
2566 5178 2764 5249 Regula
2792 5178 3080 5246 Cujusdam
3110 5180 3176 5233 ad
3202 5178 3448 5248 Virgines
3481 5179 3628 5249 (Cap.
3659 5179 3776 5249 H):

2207 5269 2226 5301 ι
2257 5249 2308 5303 In
2338 5250 2516 5304 schola
2548 5265 2648 5318 qua
2693 5250 2959 5303 dormitur
2991 5265 3083 5318 per
3119 5259 3282 5303 totam
3319 5259 3527 5303 noctem
3557 5251 3772 5304 lucerna

2199 5323 2406 5442 tirdeegt.
2445 5339 2464 5372 ι
2521 5319 2663 5373 Idem
2718 5322 2878 5374 etiam
2937 5322 3235 5388 praescribit
3289 5320 3491 5390 l-legnla
3542 5323 3776 5390 Magistri

2199 5406 2249 5442 c.
2356 5429 2372 5442 .

2199 5406 2249 5445 c.
2281 5397 2372 5443 29.

2261 5461 2509 5514 Candela:
2538 5471 2712 5513 autern
2747 5460 2966 5514 nomine
2999 5461 3082 5515 hic
3140 5460 3454 5530 intelligitur
3484 5478 3502 5511 ι
3532 5462 3615 5514 vel
3648 5460 3776 5514 lam-

2193 5546 2287 5598 pas
2307 5547 2426 5584 cum
2451 5533 2572 5584 oleo
2594 5545 2837 5591 accensa,
2864 5531 2957 5602 vel
2980 5545 3168 5586 cerens
3191 5546 3311 5585 cum
3334 5546 3457 5586 cera
3479 5542 3534 5586 et
3558 5532 3770 5602 lychno,

2191 5603 2273 5654 vel
2306 5603 2466 5654 etiam
2497 5617 2681 5668 sepum
2729 5602 2781 5652 iii
2821 5601 3050 5668 quodam
3082 5617 3205 5656 vase
3242 5611 3514 5670 aptatum,
3551 5601 3587 5652 ι
3611 5604 3778 5670 inquit

2192 5672 2495 5796 gemardus
2541 5671 2916 5736 Cassinensis;
2968 5673 3053 5726 cui
3109 5674 3348 5728 concinit
3406 5672 3657 5728 Nicotaus
3705 5673 3773 5727 dc

2238 5752 2470 5796 ractura.

2221 5742 2470 5799 “tactura.

2263 5812 2430 5867 Porro
2482 5814 2605 5868 licet
2653 5814 2808 5868 unius
2855 5814 3116 5869 duntaxat
3157 5813 3395 5869 candela:
3446 5815 3772 5869 mentionem

2191 5884 2365 5944 facere
2388 5885 2627 5940 videatur
2653 5885 2713 5941 S.
2742 5887 3078 5954 Benedictus,
3108 5884 3227 5942 dua:
3254 5897 3431 5944 tamen
3454 5889 3537 5967 vel
3569 5885 3772 5957 plurc~.
