4074 6356
347 383 444 441 497

1328 384 1601 442 REGULA
1641 381 2126 441 COMMENTATA.
2167 383 2320 437 CAP.
2363 382 2522 437 XXII.

3437 431 3448 437 .,
3487 386 3590 442 498

345 500 434 554 tibi
464 514 568 554 non
607 498 797 554 sufficit
840 515 939 554 una
973 478 1064 554 toti
1098 500 1407 554 illustraudo
1436 501 1770 565 dormitorio,
1815 500 1906 554 de-
1937 505 1988 562 Α
2016 497 2068 550 in
2099 497 2411 549 dormitorio
2439 495 2598 549 debet
2628 493 2920 549 accendere
2953 494 3229 549 luminaria
3257 497 3582 565 supradicta,

343 572 467 626 heat
498 574 746 637 accendi,
773 580 824 624 ut
852 576 986 624 clare
1013 574 1194 641 fratres
1216 573 1266 623 in
1298 569 1435 624 lectis
1462 574 1675 637 singulis
1701 573 1909 624 videmi-

343 651 447 705 tur,
489 643 656 708 inquit
706 643 1002 697 lteruardus
1045 644 1253 697 tiassin.
1295 644 1404 695 lmo
1446 643 1604 695 tradit
1653 643 1908 696 ltoherius

341 712 396 765 itt
425 711 727 766 Cassinensi
767 713 1110 776 monasterio,
1145 714 1228 765 ubi
1261 723 1471 766 centum
1505 714 1747 765 monachi
1775 715 1911 766 resi-

341 781 471 836 dere
497 792 919 845 consueverant,
961 794 1161 852 septem
1197 783 1467 850 lampades
1511 792 1618 836 tota
1658 792 1812 836 nocte
1857 786 1907 836 in

342 853 659 905 dormitorio
697 855 884 906 ardere
930 854 1301 916 consuevisse;
1344 854 1482 920 quod
1518 857 1674 906 etiam
1719 854 1909 907 asserit

341 922 588 974 Nicolaus
614 923 680 976 de
709 923 958 977 Fraclura
989 942 1000 975 :
1039 938 1212 990 neque
1249 924 1298 976 id
1346 927 1396 976 in
1440 924 1752 975 dormitorio
1795 935 1910 976 tan-

343 1002 483 1055 tum,
512 992 604 1045 sed
643 1003 697 1046 et
744 998 791 1046 iit
837 995 990 1061 cella,
1032 1005 1087 1047 ut
1117 1004 1335 1057 vocant,
1383 996 1810 1055 necessariarum,
1841 994 1906 1047 ad

339 1077 494 1130 quam
530 1062 720 1117 fratres
750 1066 950 1117 ventris
980 1064 1232 1130 purgandi
1274 1065 1436 1131 gratia
1469 1073 1723 1131 pergunt;
1760 1074 1813 1116 et
1856 1067 1905 1117 in

339 1134 585 1185 omnibus
631 1135 848 1186 omnino
898 1135 1025 1187 locis
1073 1138 1121 1188 in
1165 1136 1354 1201 quibus
1403 1136 1593 1186 fratres
1636 1135 1701 1186 de
1749 1144 1906 1188 nocte

243 1211 260 1224 ‘
340 1203 566 1256 transire
595 1218 814 1258 necesse
855 1215 963 1266 est,
997 1215 1055 1257 ut
1101 1215 1206 1257 tam
1235 1206 1473 1271 corporis
1516 1220 1670 1273 quam
1714 1205 1905 1258 animm

337 1273 652 1327 offendicula
682 1277 958 1328 vitentur:
990 1274 1040 1328 id
1073 1275 1211 1341 quod
1245 1277 1294 1327 in
1344 1275 1523 1326 multis
1562 1275 1745 1327 Gallia:
1789 1290 1905 1326 mo-

339 1345 587 1397 nasteriis
623 1344 960 1399 observatum
1001 1346 1198 1399 vidisse
1235 1360 1292 1398 se
1335 1353 1559 1398 testatur
1598 1344 1854 1397 Boherius
1888 1363 1898 1396 :

340 1430 362 1464 ι
392 1412 520 1467 Nam
561 1415 612 1467 in
657 1416 908 1479 claustro,
944 1416 1140 1482 inquit,
1185 1416 1236 1467 in
1284 1417 1522 1482 ingressu
1575 1414 1901 1476 dormitorii,

336 1493 390 1536 et
415 1484 633 1537 oratorii
662 1495 781 1552 post
801 1485 1202 1552 complctnrium
1222 1526 1235 1547 ,
1258 1495 1312 1538 et
1338 1488 1390 1537 in
1416 1486 1580 1551 prima
1607 1486 1902 1552 pulsazione

337 1562 712 1608 nocturnarum
739 1556 1032 1624 vigiliarum
1051 1565 1209 1608 certa:
1230 1557 1590 1608 accenduntur
1606 1555 1858 1624 candelze.
1877 1573 1894 1605 ι

335 1625 474 1677 Sane
519 1627 569 1677 in
615 1623 892 1678 l’arisieusi
935 1627 989 1679 S.
1017 1625 1268 1680 Germani
1314 1625 1640 1678 monasterio
1683 1623 1896 1691 (Jacob.

334 1691 480 1748 Brol.
525 1696 578 1747 in
605 1695 730 1748 add.
755 1697 822 1748 ad
852 1712 947 1748 ms.
975 1696 1095 1749 hist.
1129 1696 1188 1749 S.
1222 1693 1394 1747 Germ.
1420 1711 1452 1746 a
1483 1694 1676 1762 Pratis)
1713 1711 1732 1744 ι
1763 1698 1900 1747 anti-

334 1764 511 1835 quitus
552 1775 706 1818 erant
749 1766 984 1835 quinque
1034 1764 1302 1832 lampades
1348 1767 1402 1818 in
1449 1763 1788 1825 dormitorio,
1842 1775 1900 1818 ut

334 1834 580 1888 omnibus
607 1836 854 1888 fratribus
881 1834 1030 1889 cellis
1057 1835 1358 1890 carentibus
1386 1835 1676 1898 servirent,
1710 1843 1900 1902 praeter

335 1903 469 1973 alias
493 1917 718 1973 quatuor
758 1906 1027 1972 lampades
1067 1908 1117 1958 in
1159 1906 1382 1958 diversis
1413 1904 1540 1958 locis
1573 1906 1896 1973 dispositas:

336 1972 523 2027 harum
551 1991 653 2030 una
680 1985 794 2029 erat
823 1981 875 2028 in
894 1977 1025 2029 cella
1057 1977 1231 2043 magni
1263 1975 1476 2043 prioris,
1499 1972 1666 2029 altera
1691 1975 1741 2028 in
1765 1977 1898 2028 cella

335 2044 650 2112 subprioris,
687 2047 838 2099 tertia
868 2047 921 2098 in
945 2046 1351 2106 valetudinario,
1376 2055 1428 2098 et
1448 2059 1632 2114 quarta
1661 2047 1710 2098 in
1735 2047 1902 2098 collo-

336 2114 563 2186 cutorio,
596 2135 613 2166 ι
648 2117 700 2170 id
727 2116 867 2186 quod
898 2131 1038 2169 anno
1066 2117 1203 2186 1577
1230 2116 1564 2168 confirmavit
1592 2117 1736 2168 curia
1773 2116 1902 2169 Par-

335 2183 552 2238 lamenti
583 2183 921 2240 Parisiensis.
953 2187 1005 2240 In
1031 2185 1413 2254 Croylandensi
1443 2187 1602 2239 etiam
1629 2199 1902 2239 monaste-

334 2255 416 2325 rio
453 2271 613 2308 unum
655 2257 706 2308 in
751 2257 1001 2324 capitulo,
1044 2257 1141 2309 tria
1184 2257 1235 2308 in
1285 2257 1540 2319 claustro,
1571 2266 1801 2325 quatuor
1843 2257 1899 2310 in

335 2322 648 2394 dormitorio
684 2322 834 2380 erant
880 2322 1157 2379 luminaria
1208 2341 1272 2378 ex
1306 2325 1486 2394 lngulli
1529 2322 1730 2379 statuto
1775 2343 1898 2380 mox

335 2393 568 2449 citando.
599 2395 673 2448 Ea
721 2397 878 2450 etiam
921 2396 1018 2450 fuit
1059 2397 1262 2449 ordinis
1303 2395 1632 2450 Benedictini
1674 2411 1901 2450 consue-

339 2464 494 2530 tudo,
537 2476 592 2518 ut
638 2469 818 2534 pueri,
865 2466 1078 2529 novitii,
1124 2466 1317 2533 aliique
1359 2466 1600 2534 juniores
1652 2468 1897 2521 monachi

336 2545 493 2607 noctu
519 2537 633 2590 sine
660 2538 900 2590 accensis
930 2536 1177 2600 lucernis,
1211 2544 1266 2588 et
1309 2535 1588 2607 comitibus
1632 2539 1899 2607 l‘ltagiSlriS

334 2603 581 2659 incedere
637 2621 741 2659 non
803 2615 1260 2675 permitterentur,
1312 2603 1756 2674 quemadmodum
1813 2607 1901 2663 hic

335 2675 573 2729 scribunt
614 2675 968 2745 Hildemarus,
999 2678 1299 2730 Bernardus
1336 2677 1671 2731 Cassineusis
1700 2687 1754 2732 et
1800 2678 1902 2731 Bo-

337 2745 540 2811 herius,
575 2755 820 2816 patetque
853 2763 918 2801 ex
947 2747 1171 2802 diversis
1202 2747 1644 2801 monasteriorum
1672 2763 1901 2803 consue-

335 2815 628 2869 tudinariis.

409 2884 574 2958 Porro
617 2901 682 2940 ex
729 2887 927 2958 Regula
977 2887 1228 2941 ()rientali
1277 2887 1452 2958 c.28,
1495 2896 1547 2940 et
1584 2902 1646 2941 ex
1697 2887 1900 2958 Regula

339 2954 571 3022 Magistri
607 2971 724 3024 cap.
753 2954 842 3020 29,
873 2959 939 3010 ad
981 2957 1424 3011 hebdomadarios
1470 2954 1900 3026 pertinebat'ac-

339 3027 913 3081 ceiulere’caudelam.
979 3028 1428 3081 Hebdomadarios
1486 3044 1611 3082 vero
1661 3029 1900 3097 intelligo

339 3096 624 3165 coquinae:
670 3101 808 3152 unde
850 3107 902 3151 et
948 3097 1223 3152 Udalricus
1265 3112 1427 3165 agens
1462 3097 1528 3151 de
1576 3099 1781 3165 pueris,
1827 3096 1901 3152 ait

339 3163 475 3232 (Lib.
507 3180 594 3231 lu,
637 3185 747 3234 cap.
781 3168 876 3236 8):
925 3187 940 3217 ι
970 3169 1189 3234 Quando
1227 3167 1278 3220 in
1303 3163 1545 3233 veoquina
1579 3163 1896 3237 Vobsequun-

2017 569 2085 620 ita
2129 569 2266 635 quod
2315 569 2587 620 surcularis
2634 575 2874 632 tempore
2925 579 3186 620 nocturno
3233 582 3336 620 non
3390 568 3584 622 habeat

2013 641 2347 691 occasiOnem
2381 638 2751 690 dormitorium
2802 638 3132 700 introeundi;
3167 644 3221 691 et
3265 641 3341 689 sic
3386 639 3586 693 debent

2012 710 2200 760 ardere
2244 723 2412 774 usque
2442 709 2617 760 clarus
2646 707 2762 760 dies
2793 707 3082 762 illucescit.
3111 707 3260 774 Quod
3304 707 3348 760 si
3378 709 3444 761 de
3491 724 3587 763 ue-

2011 779 2262 845 gligentia
2289 778 2528 831 sacristzn
2576 777 2748 846 aliqua
2800 779 3061 830 dictorum
3111 777 3448 831 luminarium
3489 780 3586 831 de-

2012 847 2235 902 fecerint
2259 850 2472 900 statutis
2503 848 2828 912 temporiluts
2868 847 3178 913 inaccensa,
3211 848 3324 915 ipse
3356 849 3580 904 sacrista

2012 920 2082 970 sit
2112 920 2162 970 in
2194 917 2427 970 crastino
2456 918 2506 970 in
2537 917 2818 970 refectorio
2846 919 2908 970 ad
2941 933 3126 982 pauent
3155 927 3208 970 et
3235 934 3426 985 aquam
3456 918 3582 972 abs-

2010 1003 2113 1054 que
2157 988 2544 1041 misericordia.
2600 988 2749 1052 Quod
2792 989 2836 1040 si
2878 989 3262 1056 parvipendens
3297 991 3431 1042 hanc
3463 989 3582 1056 jus-

2011 1059 2271 1112 tissimam
2305 1070 2537 1110 nostram
2577 1058 2965 1111 ordinationem
2994 1060 3250 1112 defecerit
3281 1063 3330 1110 in
3379 1060 3581 1112 illumi-

2011 1130 2256 1193 natioue,
2307 1128 2391 1182 vel
2450 1129 2846 1182 continuatione
2885 1130 2950 1181 de
3004 1130 3179 1198 aliquo
3239 1128 3576 1182 luminarium

2010 1200 2414 1264 praedictorum,
2443 1198 2684 1250 eomedat
2715 1199 2765 1251 in
2807 1199 3088 1251 relectorio
3127 1215 3220 1267 per
3257 1200 3578 1267 qiiiudenam

2008 1271 2265 1337 integram
2295 1271 2460 1322 semis
2490 1267 2634 1320 feriis
2677 1267 2727 1320 in
2761 1268 2960 1322 eisdem
2991 1270 3305 1336 septimanis
3357 1285 3492 1336 pane
3521 1281 3576 1324 et

2007 1353 2139 1404 aqua
2194 1348 2393 1390 tantum
2444 1349 2747 1392 contentus.
2790 1339 2941 1403 Quod
2990 1341 3032 1391 si
3088 1343 3244 1393 tertio
3291 1342 3578 1408 centigerit

2005 1408 2194 1476 aliquis
2225 1408 2460 1461 defectus
2502 1409 2836 1461 luminarium
2871 1410 3271 1474 praedictorum,
3304 1412 3369 1462 ab
3397 1410 3572 1463 officio

2004 1490 2336 1548 amoveatur,
2364 1489 2417 1532 et
2448 1493 2540 1546 per
2585 1479 2850 1532 biennium
2893 1493 3123 1548 sequens
3165 1491 3376 1533 maneat
3421 1481 3579 1534 inha-

2008 1546 2129 1601 bilis
2159 1550 2223 1600 ad
2256 1564 2413 1602 onme
2460 1549 2694 1601 officium
2743 1546 3162 1616 exsequendum.
3213 1551 3363 1614 Quod
3413 1553 3454 1602 si
3506 1553 3575 1605 de

2005 1619 2318 1670 famulorum
2371 1620 2690 1688 negligentia
2734 1619 2783 1671 id
2838 1621 3150 1682 accidisset,
3200 1634 3295 1687 pro
3340 1620 3578 1686 qualibet

2003 1702 2118 1762 vice
2141 1689 2342 1762 debent
2367 1692 2616 1762 amittere
2643 1690 2887 1762 corrodia
2915 1705 3008 1743 sua
3041 1705 3135 1762 per
3165 1689 3573 1745 hebdomadam.

2003 1759 2153 1823 Quod
2195 1761 2238 1812 si
2269 1759 2350 1812 bis
2379 1761 2460 1812 vel
2495 1772 2576 1813 ter
2607 1759 2888 1822 aeciderii,
2924 1760 3159 1813 seveiior
3189 1763 3412 1814 accedat
3451 1777 3577 1814 cor—

2005 1832 2192 1895 reptio,
2225 1845 2319 1882 seu
2349 1829 2649 1896 duplicetur
2693 1831 3001 1897 poenitentia
3030 1838 3152 1883 ante
3180 1831 3346 1886 dicta.
3385 1850 3402 1882 ι
3439 1831 3577 1884 l-lae-
3617 1829 3622 1846 ί

2007 1909 2157 1951 tenus
2190 1899 2442 1967 lngull'as,
2478 1902 2628 1966 cujus
2669 1901 2929 1967 integrum
2979 1910 3230 1953 statutum
3258 1901 3462 1955 referre
3506 1903 3576 1955 li-

2003 1968 2150 2028 buit.
2184 1981 2239 2021 ut
2271 1970 2392 2022 inde
2424 1979 2625 2038 pateret
2655 1970 2902 2024 omnibus
2926 1973 3108 2039 quanti
3142 1972 3372 2038 majores
3403 1973 3576 2027 nostri

2002 2053 2088 2092 res
2117 2039 2198 2091 vel
2227 2040 2471 2091 minimas
2499 2041 2747 2093 facerent.

2072 2109 2278 2162 Ardere
2306 2119 2480 2162 autem
2510 2110 2727 2163 candela
2778 2109 2935 2164 debet
2963 2126 3128 2179 usque
3171 2125 3347 2180 mane,
3393 2112 3446 2165 id
3486 2121 3572 2167 est

2001 2194 2258 2247 quousque
2287 2182 2349 2232 de
2380 2180 2460 2233 die
2488 2180 2642 2250 rideri
2665 2181 2824 2232 valeat
2856 2190 2959 2232 tota
2990 2183 3186 2244 domus,
3221 2195 3276 2236 ut
3302 2194 3576 2250 exponunt

2004 2249 2303 2302 Bernartius
2331 2250 2479 2302 Cass.
2503 2261 2556 2303 et
2583 2249 2831 2304 Nicolaus
2867 2251 2933 2303 de
2979 2250 3251 2304 Fractura.
3299 2253 3361 2305 Et
3393 2264 3571 2308 tamen

2002 2318 2252 2387 Magister
2281 2324 2330 2372 in
2363 2319 2561 2387 Regula
2594 2321 2804 2383 statuit,
2853 2338 2870 2370 ι
2903 2329 2958 2372 ιιι
2987 2331 3267 2388 postquam
3295 2337 3353 2376 se
3383 2340 3574 2378 omnes

2004 2391 2516 2462 percollocaverint,
2553 2389 2732 2462 7354
2780 2405 2809 2442 a
2861 2391 3183 2456 supradictis~
3241 2401 3474 2460 tutetur,
3523 2395 3570 2448 si

2001 2457 2138 2511 forte
2188 2461 2472 2527 indigentia
2516 2457 2614 2513 olei
2635 2457 2722 2512 ἰιῖ
2763 2462 3086 2514 ιιιοιιτιςιειίο
3125 2464 3401 2515 sentiatur.
3434 2457 3469 2513 ι’
3501 2467 3572 2520 At

2008 2529 2162 2596 longe
2188 2531 2340 2582 aliter
2371 2531 2535 2583 sensit
2570 2532 2754 2584 Petrus
2786 2530 3134 2597 Venerabilis,
3166 2546 3285 2585 eum
3327 2534 3569 2588 decrevit

2003 2598 2362 2672 (Statuam):
2389 2618 2404 2649 ι
2427 2600 2499 2672 Ne
2521 2604 2638 2672 quis
2661 2602 2878 2654 fratrum
2904 2610 3229 2666 nostrorum,
3259 2603 3308 2654 in
3336 2606 3568 2672 propriis

2002 2669 2188 2739 s.dtem
2222 2671 2350 2723 locis
2394 2671 2510 2722 sine
2558 2671 2756 2725 lumine
2800 2671 3044 2724 noctibus
3082 2669 3470 2739 dormiatﬁQui
3517 2677 3565 2728 si

2002 2738 2136 2792 adeo
2177 2755 2374 2808 pauper
2410 2741 2564 2793 fuerit
2595 2751 2652 2793 ut
2681 2742 2944 2810 propriam
2982 2744 3248 2796 lucernam
3282 2743 3330 2796 iu
3365 2738 3567 2799 dormi-

2003 2818 2138 2860 torio
2165 2824 2260 2862 suo
2289 2811 2567 2878 providere
2596 2826 2700 2864 non
2727 2811 2920 2878 possit,
2953 2812 3092 2864 illam
3116 2829 3233 2879 quae
3261 2816 3310 2866 in
3341 2817 3566 2870 ecclesia

2004 2879 2156 2931 tuerit
2186 2882 2436 2948 accipiat,
2462 2890 2514 2932 et
2542 2881 2592 2932 iu
2622 2881 2933 2934 dormitorio
2963 2883 3266 2936 transferat.
3291 2901 3309 2934 ι

2075 2949 2248 3022 Hujus
2273 2949 2611 3022 institutionis
2639 2965 2823 3003 causas
2855 2960 2963 3004 tres
2988 2952 3140 3005 alt'ert
3169 2953 3466 3022 liichardus
3495 2954 3563 3009 de

2001 3016 2058 3070 S.
2089 3020 2312 3085 Angelo.
2357 3020 2551 3082 l’rinto,
2592 3039 2609 3070 ι
2645 3031 2700 3073 ιιι
2734 3022 2967 3073 decanos
2997 3021 3206 3089 quando
3236 3016 3439 3076 accedit
3486 3025 3566 3077 vi-

2003 3103 2160 3140 surus
2187 3099 2360 3162 utrum
2385 3091 2627 3143 monachi
2660 3091 2880 3162 honeste
2904 3091 3172 3162 dormiant
3194 3091 3306 3145 sive
3325 3106 3560 3162 jaceant,

2006 3167 2062 3208 ut
2092 3160 2254 3212 moris
2280 3169 2359 3212 est
2379 3199 2391 3218 .
2427 3168 2612 3226 aperte
2636 3162 2811 3213 valeat
2841 3161 2939 3214 hoc
2972 3161 3254 3227 inSpicere.
3289 3160 3556 3225 secundo.

338 3229 442 3297 tur,
476 3229 710 3305 magistri
747 3229 931 3291 eorum
961 3229 1137 3292 solent
1185 3229 1481 3304 providere,
1513 3247 1566 3289 ut
1595 3229 1754 3305 Oppoi
1771 3249 1895 3293 tune
1923 3235 1969 3298 C
2002 3241 2054 3280 υῑ
2087 3232 2329 3305 ιηοίιὲβυί
2349 3230 2528 3305 ,Ιίὺονθ
2559 3229 2815 3305 “eadem
2840 3231 2904 3282 ad
2935 3233 3182 3305 '"N'Pib'ila
3213 3235 3414 3305 Ve'lUiS
3439 3250 3562 3287 Cll"!

335 3307 622 3358 accendant
651 3309 926 3360 luminaria
965 3308 1293 3372 dormitorii,
1337 3317 1388 3360 et
1431 3309 1888 3373 necesstiriaritn‘i,

335 3383 387 3427 et
412 3375 476 3426 ad
509 3386 808 3429 nocturnos.
823 3395 841 3427 ι
1201 3418 1205 3423 .

263 3506 270 3512 ,
339 3514 346 3515 ί
405 3445 564 3513 353
581 3446 912 3500 Accendeudi
939 3449 1117 3500 horam
1143 3447 1375 3515 assignat
1395 3446 1640 3514 Magister
1665 3447 1746 3500 his
1768 3463 1890 3503 ver-

337 3514 419 3566 bis
447 3515 596 3581 ιϐιιρ.
624 3515 712 3583 29)
740 3532 752 3567 :
791 3534 808 3565 ι
837 3519 889 3568 In
909 3532 1013 3583 quo
1043 3517 1176 3570 atrio
1208 3514 1434 3586 pendeat
1454 3519 1772 3576 cicendelus.
1799 3519 1889 3586 qui

337 3586 570 3651 quotidie
593 3603 620 3638 ει
653 3586 928 3639 cellerario
955 3591 1138 3650 factus,
1166 3589 1231 3641 ab
1261 3587 1685 3640 hebdomadariis
1713 3589 1775 3641 ad
1804 3603 1890 3642 se-

334 3669 445 3706 ram
469 3664 589 3707 ante
613 3656 986 3723 completorius
1017 3660 1346 3720 incendatur,
1381 3668 1437 3709 tit
1458 3657 1667 3710 videant
1689 3659 1886 3712 diversi

334 3725 600 3791 q-iomodo
649 3741 708 3778 se
755 3729 1033 3780 collucent.
1066 3747 1082 3776 ι
1113 3727 1446 3780 llildemarus
1498 3741 1648 3790 vero,
1708 3729 1885 3782 habita

335 3802 628 3861 temporum
654 3795 878 3862 ratione,
908 3808 1090 3851 aestate
1114 3800 1322 3863 quidem
1356 3812 1456 3865 qua
1511 3799 1739 3861 majores
1766 3809 1888 3853 sunt

334 3865 464 3931 dies,
499 3875 616 3933 post
654 3865 966 3934 capitulum,
999 3869 1047 3919 id
1079 3879 1160 3920 est
1206 3876 1323 3935 post
1361 3867 1660 3920 collationis
1704 3871 1887 3922 lectio-

336 3947 482 3997 nem;
530 3936 702 3989 hieme
748 3946 951 4003 autem,
995 3938 1202 4004 quando
1253 3937 1534 4003 incipiente
1577 3937 1685 4005 jam
1730 3950 1888 3994 nocte

335 4005 622 4069 completur
651 4008 965 4075 capitulum,
997 4009 1120 4059 dum
1154 4007 1345 4059 ibidem
1370 4008 1583 4071 sedent,
1619 4008 1884 4062 lucernam

336 4075 440 4144 volt
489 4076 725 4128 accendi.
772 4076 1094 4144 Smaragdus
1140 4078 1373 4143 quotidie
1420 4087 1543 4129 ante
1597 4079 1889 4144 cenipleto-

333 4142 497 4208 rium,
542 4147 841 4198 Bernardus
881 4142 1213 4200 Cassinensis
1255 4147 1464 4211 quando
1511 4142 1734 4214 prepter
1756 4149 1886 4201 solis

333 4227 574 4284 occasum
615 4217 985 4268 dormitorium
1032 4216 1215 4281 incipit
1258 4216 1553 4269 obscuiari.
1595 4218 1695 4268 Sed
1737 4217 1886 4284 juvat

334 4281 418 4336 hic
455 4285 634 4351 lngidli
667 4286 870 4339 abbatis
899 4286 1307 4354 Croylandensis
1336 4285 1607 4339 decretum
1658 4281 1792 4340 hanc
1831 4287 1882 4340 in

332 4364 440 4405 rem
475 4356 710 4409 referre:
750 4373 766 4405 ι
801 4358 982 4408 tlieme
1011 4357 1294 4408 accedente
1323 4370 1352 4408 a
1395 4359 1528 4408 festo
1565 4354 1622 4410 S.
1657 4355 1875 4410 Bartho.

333 4423 502 4476 Ionian
540 4425 604 4477 ad
649 4424 838 4478 festum
869 4426 923 4479 S.
956 4426 1224 4478 Michaelis
1264 4427 1438 4478 statim
1473 4435 1589 4491 post
1631 4427 1885 4479 terminas-

333 4500 436 4563 tain
460 4508 769 4563 campanam
796 4497 1090 4548 collationis
1119 4497 1296 4547 tantuli
1325 4495 1564 4549 ecclesia:
1594 4497 1880 4550 accendant

333 4561 429 4632 tria
462 4561 734 4620 luminaria
767 4567 1098 4628 in,c|austro,
1127 4575 1179 4618 et
1209 4575 1433 4632 quatuor
1456 4568 1508 4617 in
1540 4567 1879 4620 dormitorio:

332 4630 576 4689 videlicet
603 4637 710 4690 duo
747 4637 798 4690 in
829 4636 1160 4697 dormitorio,
1189 4630 1239 4686 et
1277 4636 1376 4687 alia
1407 4635 1512 4688 duo
1548 4637 1601 4688 iu
1641 4651 1889 4690 necessa-

334 4700 528 4756 riarum
567 4705 746 4759 domo.
788 4707 893 4760 Sed
937 4706 1194 4758 luminare
1235 4709 1286 4757 in
1333 4706 1563 4773 capitulo
1606 4717 1886 4774 antequam

333 4783 582 4840 campana
612 4779 906 4830 collationis
945 4776 1162 4843 incipiat
1193 4778 1416 4843 pulsari,
1450 4774 1610 4828 debet
1637 4777 1884 4842 accendi,

333 4846 673 4914 etgcoiitinuo
701 4849 889 4901 ardere
927 4860 1196 4914 usquequo
1240 4846 1512 4898 matutinis
1560 4845 1720 4899 [initis
1763 4848 1889 4899 dor-

333 4911 601 4966 mitorium
631 4917 966 4971 ascenderint
997 4911 1241 4968 monachi
1272 4915 1518 4970 universi.
1553 4914 1734 4969 Hieme
1762 4931 1889 4969 vero

336 4985 614 5055 recedente
653 5003 683 5039 a
717 4992 847 5041 testo
893 4987 1276 5040 Puriticationis
1324 4985 1384 5040 Β.
1417 4985 1595 5039 Mariae
1627 5001 1793 5055 usque
1818 4988 1884 5039 ad

337 5052 526 5106 festum
557 5057 616 5110 :5.
645 5057 892 5111 Guthlaci
921 5057 1060 5110 idem
1091 5057 1276 5110 modus
1324 5052 1722 5108 illuminationis
1770 5057 1883 5109 tini-

337 5137 610 5179 versorum
643 5127 979 5180 luminarium
1020 5127 1389 5191 prmdictorum
1428 5129 1479 5179 in
1509 5128 1754 5178 omnibus
1791 5128 1885 5179 ob-

337 5205 590 5250 servetur.
623 5199 666 5250 A
699 5203 830 5251 festo
859 5212 984 5250 vero
1013 5200 1071 5249 ὃ.
1100 5196 1368 5249 Michaelis
1399 5211 1566 5264 usque
1596 5196 1659 5248 ad
1694 5195 1885 5250 festum

339 5265 720 5321 l'uriticationis
746 5270 1099 5323 accendantur
1118 5273 1292 5320 omnia
1323 5267 1422 5319 ista
1452 5267 1724 5319 luminaria
1749 5283 1888 5336 pra:-

337 5339 474 5388 dicta
503 5350 785 5406 antequam
833 5338 1076 5391 monachi
1114 5338 1178 5389 ad
1221 5339 1513 5405 regularem
1566 5337 1883 5404 putationem

299 5439 311 5448 -
339 5407 674 5462 rel'ecwrium
723 5411 1112 5478 ingrediantur;
1163 5412 1335 5478 etisic
1383 5417 1630 5462 maneant
1675 5408 1884 5462 accensi

339 5478 484 5530 omni
529 5477 932 5548 temporeianni
981 5493 1147 5544 usque
1189 5477 1253 5529 ad
1291 5491 1469 5548 ortum
1515 5479 1660 5539 solis,
1695 5487 1888 5546 printer

339 5547 653 5617 lampadem,
677 5551 992 5620 pendentem
1027 5549 1078 5600 in
1107 5547 1360 5620 capitulo,
1388 5550 1477 5614 qui
1506 5548 1664 5602 debet
1691 5549 1890 5602 exstin-

338 5623 424 5687 gui
485 5633 756 5690 postquam
807 5627 1097 5674 conventus
1145 5619 1509 5690 dormitorium
1562 5620 1888 5686 ascenderit,

343 5686 684 5747 matutinis—in
713 5692 936 5747 ecclesia
965 5686 1362 5744 consummatis.
1393 5687 1434 5739 Α
1463 5687 1593 5740 festo
1617 5703 1807 5756 quippe
1833 5690 1890 5743 S.

343 5765 582 5822 Guthlaci
615 5779 780 5831 usque
807 5763 870 5816 ad
905 5762 1093 5817 festqu
1123 5759 1178 5814 S.
1209 5759 1579 5831 Bartholomzei
1612 5774 1702 5826 per
1734 5767 1892 5831 totam

299 5854 312 5870 '
345 5846 582 5896 xstatem
608 5838 659 5890 in
691 5830 804 5902 ipso
824 5835 952 5889 solis
978 5844 1170 5888 occasu
1189 5830 1427 5889 sacrista.
1453 5845 1548 5885 seu
1573 5830 1896 5884 subsacrista

1911 4596 1966 4658 Ι)

2001 3309 2175 3366 egent.
2218 3300 2420 3372 Tertio,
2454 3310 2526 3372 Aut
2568 3301 3005 3372 ostendatursub
3043 3303 3144 3372 isto
3174 3312 3298 3372 typo
3342 3304 3560 3358 luminis

1997 3371 2303 3442 temporalis
2337 3371 2421 3422 illa
2453 3369 2538 3422 ius"
2567 3373 2641 3442 de
2662 3385 2762 3442 qua
2793 3369 2983 3438 legitur
3013 3373 3062 3424 in
3091 3369 3309 3427 Joannis
3336 3389 3455 3442 cap.
3494 3390 3508 3428 ι
3545 3391 3560 3427 :

1996 3435 2124 3489 Erat
2153 3440 2245 3492 tua:
2272 3456 2408 3502 veru,
2435 3455 2550 3508 qua:
2582 3435 2834 3492 illuminat
2849 3435 3062 3494 'omuem
3091 3445 3340 3497 hominem
3371 3435 3558 3498 tentem

1993 3519 2090 3560 lem
2112 3509 2162 3560 in
2187 3510 2319 3562 hum:
2349 3510 2612 3562 mundum.
2640 3531 2658 3562 ι

2071 3577 2248 3633 Vestiii
2297 3579 2594 3650 dormiant.j
2631 3581 2861 3636 Vestitos
2898 3582 3024 3635 olim
3069 3583 3348 3638 .lorniiisse
3379 3598 3559 3639 mona-

1991 3646 2121 3724 chos
2168 3646 2742 3724 constat_non_solum
2774 3657 2854 3724 ex
2913 3651 3108 3724 licgula
3152 3653 3211 3707 S.
3246 3655 3555 3724 Benedicti.

1990 3721 2084 3771 sed
2111 3721 2270 3791 etiam
2299 3736 2364 3774 ex
2394 3720 2590 3790 Regula
2619 3722 2674 3777 S.
2704 3720 3091 3777 Pachoniio’ab
3118 3726 3306 3791 angelo
3325 3720 3551 3787 tradita,

1991 3803 2059 3862 es
2106 3790 2303 3862 itegula
2347 3791 2581 3859 Magistri
2625 3793 2764 3862 cf),
2797 3808 2862 3862 ex,
2913 3793 3110 3862 Itegula
3155 3790 3440 3861 cujusdam
3486 3796 3552 3848 ad

1991 3858 2222 3932 virgines
2244 3875 2363 3930 cap.
2394 3858 2489 3925 M,
2518 3876 2584 3914 ex
2622 3861 2820 3929 Regula
2849 3858 3066 3932 solitar.
3096 3877 3214 3932 cap.
3233 3858 3330 3917 '50.
3365 3867 3420 3920 S.
3454 3864 3555 3920 Be-

1991 3929 2474 4002 nediciiustatutum
2514 3942 2833 3985 renovarunt
2873 3929 3256 4002 Gregoriiis’lx
3289 3946 3341 3988 et
3387 3938 3555 3989 liene-

1989 3997 2278 4072 dictulel
2309 4001 2360 4054 iu
2389 4003 2498 4053 suis
2529 3997 3009 4056 constitutionibus
3031 4018 3126 4072 pro
3155 4006 3429 4058 menachis
3457 4007 3551 4059 lte-

1990 4069 2287 4124 nedictinis.

2060 4139 2165 4194 Sed
2191 4150 2394 4206 quaeret
2420 4139 2662 4195 fortassis
2685 4140 2874 4207 aliquis
2901 4141 3095 4209 quibus
3121 4141 3287 4195 induti
3319 4144 3555 4198 vestibus

1988 4207 2315 4262 dormirent?
2345 4213 2457 4263 Non
2485 4225 2584 4262 una
2627 4211 2724 4262 fuit
2749 4207 2986 4263 omnium
3020 4211 3118 4263 hac
3165 4227 3216 4264 tit
3247 4224 3304 4264 re
3331 4227 3552 4267 consue-
3613 4215 3622 4223 '

1988 4281 2144 4344 tudo;
2190 4296 2311 4333 nam
2340 4282 2390 4333 in
2422 4283 2639 4348 prml'ata
2682 4281 2877 4346 Itegula
2909 4284 2963 4335 S.
2995 4280 3262 4334 I'achomii
3305 4283 3549 4336 dcci-rm-
3591 4282 3602 4296 ‘

1987 4358 2096 4415 tur,
2130 4357 2188 4402 ut
2219 4368 2236 4400 (
2265 4350 2547 4403 induantur
2589 4351 2830 4403 noctibus
2874 4352 3132 4404 lehitoues
3172 4353 3368 4416 liueos,
3415 4369 3554 4417 pra:-

1986 4419 2145 4474 cincti
2177 4421 2406 4484 lumbos,
2443 4420 2780 4488 habeantque
2815 4420 3010 4486 singuli
3053 4422 3332 4481 meloicin.
3380 4424 3426 4474 id
3472 4435 3556 4479 est

1987 4495 2255 4557 caprinam
2298 4495 2485 4558 pellem
2529 4489 2823 4562 confectam
2854 4492 3060 4555 albam,
3095 4492 3209 4545 sine
3247 4508 3345 4559 qua
3380 4509 3553 4562 neque

1988 4563 2297 4624 comedant,
2333 4576 2503 4629 neque
2550 4561 2837 4614 dormiant.
2873 4580 2890 4610 ι
2927 4563 2981 4614 S.
3029 4563 3284 4615 l’ateinus
3327 4568 3552 4630 primum

1992 4633 2312 4698 monachus,
2361 4644 2540 4700 postea
2589 4632 2896 4699 episcOpus.
2943 4649 2961 4681 ι
2994 4643 3140 4685 veste
3189 4637 3556 4694 tantummodo

1993 4718 2091 4769 qua
2126 4705 2176 4754 in
2206 4703 2293 4754 die
2323 4716 2446 4754 usus
2477 4711 2591 4763 est.
2622 4717 2683 4753 ea
2714 4716 2807 4767 per
2835 4709 3041 4754 noctem
3071 4711 3350 4756 contentus
3380 4716 3494 4760 est.
3529 4725 3549 4756 ι

1994 4783 2050 4823 ιιι
2087 4771 2270 4824 scribit
2314 4772 2629 4840 Fortunatus
2665 4772 2944 4838 episcopus
2991 4787 3041 4824 in
3086 4771 3204 4840 ejus
3249 4773 3384 4834 Vita,
3413 4790 3464 4825 ιι.
3496 4775 3551 4829 9,

1993 4841 2248 4894 Similiter
2274 4840 2330 4893 S.
2363 4839 2668 4908 Fulgentius
2693 4843 2742 4892 iii
2774 4843 3080 4908 episeopatu
3116 4839 3270 4895 vitam
3305 4845 3550 4896 monachi

1992 4912 2247 4973 retinens,
2286 4928 2304 4960 ι
2333 4925 2434 4964 nec
2462 4913 2706 4979 deposito
2732 4912 2918 4981 saltem
2947 4912 3158 4980 cingulo
3184 4927 3427 4965 SOIIlulllll
3461 4927 3552 4981 pe-

1994 4982 2226 5042 tivit;....
2257 4990 2312 5035 et
2349 4982 2399 5032 in
2430 4995 2530 5050 qua
2562 4982 2733 5033 tunica
2766 4979 3089 5048 dormiebat,
3120 4983 3170 5034 in
3211 4983 3318 5050 ipsa
3349 4979 3554 5036 sacrifi-

1991 5053 2176 5116 cabat;
2204 5063 2256 5104 et
2287 5054 2336 5103 in
2379 5063 2616 5119 tempore
2657 5050 2900 5104 sacrificii
2935 5053 3181 5111 mutanda
3213 5067 3330 5106 esse
3376 5056 3552 5120 potius

1989 5123 2149 5174 corda
2189 5137 2344 5190 quam
2373 5131 2684 5174 vestimenta
2714 5121 2941 5173 dicebat.
2976 5138 2992 5168 ι
3030 5123 3086 5174 ὃ.
3124 5121 3439 5177 Benedictus
3472 5142 3552 5177 nt-

1991 5193 2063 5245 hil
2097 5191 2194 5244 hoc
2238 5193 2467 5259 capitulo
2511 5191 2728 5254 definit;
2760 5191 2851 5243 sed
2884 5206 2946 5244 es
2989 5204 3107 5258 cap.
3139 5193 3206 5246 iiii
3246 5197 3430 5246 saltem
3465 5205 3550 5245 tu-

1990 5265 2106 5315 nica
2135 5273 2184 5314 et
2217 5263 2418 5315 cuculla
2461 5262 2672 5314 indutos
2712 5263 2985 5329 quiescere
3026 5263 3220 5316 debere
3263 5264 3550 5316 monachos
3630 5263 3632 5266 ’

1991 5333 2357 5386 lieuedictiuos
2403 5331 2699 5400 colligimus
2749 5349 2761 5383 :

1990 5402 2160 5456 nacho
2216 5405 2344 5455 duas
2385 5403 2580 5455 tunicas
2605 5415 2651 5454 et
2692 5404 2820 5455 duas
2863 5403 3090 5454 cucullus
3121 5405 3299 5467 habere
3347 5414 3550 5466 pmpter

1995 5484 2162 5527 noctes
2192 5486 2239 5527 et
2283 5485 2486 5542 promer
2529 5476 2693 5526 lavare
2736 5475 2872 5541 ipsas
2915 5489 3014 5526 res.
3058 5473 3308 5536 Quamvis
3346 5473 3549 5526 Turre-

1995 5554 2226 5598 cremata
2267 5546 2412 5597 illum
2454 5545 2503 5596 iu
2555 5547 2724 5598 locum
2765 5546 2840 5596 sic
2888 5542 3119 5595 scribat:
3160 5560 3174 5591 ι
3208 5543 3351 5595 Licet
3398 5544 3549 5598 nobis

1999 5622 2164 5681 prima
2195 5616 2328 5668 facie
2358 5626 2422 5667 ita
2449 5614 2715 5677 videatur,
2747 5613 3087 5666 nihilominus
3114 5613 3231 5678 quia
3260 5614 3358 5664 hoc.
3383 5629 3549 5681 grave

1996 5699 2078 5739 est
2106 5702 2156 5737 ei
2188 5690 2396 5747 durtun,
2428 5700 2654 5754 antiqua:
2693 5683 3057 5754 consuetudini
3102 5683 3323 5754 ordinis,
3349 5701 3463 5748 ιιιιιιι
3492 5695 3546 5737 ιιι

1999 5759 2259 5824 interpres
2289 5758 2416 5825 legis
2447 5752 2681 5809 habcnila
2721 5763 2832 5814 est,
2868 5752 3110 5805 standum
3158 5753 3207 5825 in
3260 5755 3356 5825 hac
3383 5769 3548 5825 pare

1998 5822 2396 5883 consulimus-fa
2437 5825 2623 5879 Verum
2673 5835 3024 5892 praeterquam
3073 5822 3213 5892 quod
3257 5823 3396 5878 istud
3440 5840 3546 5877 non

2822 5331 3066 5386 sufﬁcere
3109 5337 3247 5384 enim
3305 5335 3378 5385 ait
3433 5348 3548 5385 ino-
3636 5332 3639 5338 ’
