4074 6356
296 299 399 353 503

1306 301 1582 358 REGULA
1616 300 2104 358 COMMENTATA.
2147 301 2296 357 CAP.
2332 303 2521 380 Χξιν.
3442 309 3544 362 506

1513 513 1906 621 CAPUT
1961 518 2308 601 XXIV.

1127 655 1348 730 Qualis
1379 654 1584 717 debeat
1615 673 1738 714 esse
1767 654 1985 716 modus
2020 658 2702 719 excommunicationi}.

363 782 668 838 Secundum
700 781 914 835 modum
943 781 1114 850 culpae
1144 781 1720 836 excommunicationis
1782 781 1868 836 vel
1897 786 1942 844 Α
1973 781 2248 852 tiphonam
2278 797 2382 837 non
2424 783 2664 852 imponat
2701 799 2873 854 neque
2919 786 3199 843 lectionem
3238 799 3284 854 ο,
3328 789 3548 855 recitet,

293 876 586 944 disciplina:
632 889 879 929 mensura
927 873 1086 928 debet
1133 873 1348 927 extendi
1401 890 1414 926 :
1463 874 1550 942 qui
1593 874 1866 944 culparum

295 970 485 1022 modos
542 969 593 1021 in
623 968 830 1022 abbatis
862 967 1087 1036 pendeat
1110 965 1314 1034 judicio
1348 975 1394 1018 τι.
1440 964 1495 1020 Si
1526 967 1647 1034 quis
1693 977 1868 1020 tamen

294 1062 458 1115 frater
483 1062 534 1114 in
566 1060 852 1115 levioribus
883 1059 1054 1128 culpis
1083 1057 1382 1123 invenitur,
1409 1071 1438 1109 a
1463 1071 1663 1111 mensae
1702 1057 1872 1126 parti-

294 1153 559 1220 cipatione
590 1153 848 1220 privetur.
875 1150 1070 1204 Privati
1092 1148 1120 1187 ι’
1143 1156 1321 1203 autem
1360 1163 1390 1201 a
1420 1162 1620 1202 mensae
1648 1163 1872 1203 consor-

295 1247 392 1308 tio,
419 1247 516 1300 ista
543 1248 648 1300 erit
677 1245 812 1300 ratio
839 1260 854 1298 :
889 1252 945 1298 ut
973 1243 1025 1297 in
1055 1243 1292 1306 oratorio
1323 1241 1616 1310 psalmum,
1649 1251 1740 1295 aut
1770 1257 1868 1294 an-

370 1367 394 1394 κ
417 1358 580 1430 Cone.
609 1357 792 1428 Comp.
809 1401 823 1425 ,
841 1359 1021 1428 pendet
1034 1357 1256 1430 judicio.
1281 1355 1465 1411 Sabitt.
1490 1355 1721 1422 Conch.,
1743 1373 1867 1427 pen-

295 1429 414 1483 deat
439 1429 667 1483 arbitrio.
776 1488 781 1492 _

371 1498 396 1536 δ
426 1500 612 1566 Narin,
646 1500 874 1568 privato;
904 1500 998 1566 al.,
1032 1499 1282 1568 privatis;
1311 1498 1404 1559 al.,
1439 1499 1688 1564 privatus.

371 1579 393 1606 ο
419 1569 602 1636 Narb.,
652 1572 880 1640 imponat
923 1586 1082 1640 neque
1101 1571 1482 1641 responsorinm
1520 1569 1683 1632 dicat,
1713 1583 1870 1637 neque

297 1640 581 1694 lectionem.

367 1708 394 1747 ά
423 1712 534 1776 AL,
559 1711 674 1767 sibi.

1980 890 2150 944 uSquc
2178 873 2242 928 ad
2274 874 2718 930 satisfactionem.
2756 876 3116 933 Refectionem
3149 889 3323 936 autem
3353 881 3456 935 cibi
3498 881 3549 950 ά,

1979 976 2104 1037 post
2158 968 2382 1020 fratrum
2411 966 2753 1022 refectionem
2784 977 2806 1006 ε
2837 970 2985 1025 solus
3007 972 3232 1040 accipiat
3273 970 3316 1025 τ.
3365 973 3432 1027 Ut
3474 974 3548 1039 si,

1977 1057 2126 1112 verbi
2154 1058 2347 1128 gratia,
2378 1056 2570 1111 fratres
2598 1059 2845 1113 reficiunt
2876 1070 2898 1106 ε
2929 1070 3076 1115 sexta
3105 1062 3256 1128 hora,
3277 1063 3363 1118 ille
3389 1064 3553 1119 frati-r

1977 1165 2148 1216 nona;
2180 1151 2223 1204 si
2254 1149 2446 1204 fratres
2468 1164 2635 1216 nona,
2671 1151 2758 1205 ille
2778 1166 2998 1222 vespera
3025 1151 3073 1222 ιι,
3101 1169 3270 1224 usque
3299 1156 3421 1210 dum
3465 1169 3550 1209 sa-

1979 1241 2284 1297 tisfactione
2312 1255 2546 1312 congrua
2575 1240 2786 1296 veniam
2815 1255 3190 1313 consequatur.

2050 1364 2073 1425 ἦ
2104 1353 2243 1418 llild.
2275 1355 2426 1408 deest
2457 1363 2569 1423 post
2598 1355 2814 1425 fratrum
2839 1358 3182 1425 refvctionem.

2056 1423 2075 1462 ί
2104 1426 2244 1478 llild.
2291 1425 2479 1490 Couc.,
2511 1423 2651 1479 soliis
2699 1423 2968 1494 percipiat.
3004 1429 3139 1482 Editi
3170 1426 3370 1484 addunt
3414 1447 3554 1486 men-

1977 1512 2096 1572 sura
2118 1495 2342 1572 vet/tera
2371 1512 2470 1564 qua
2496 1496 2983 1572 prtevideritabbas
3013 1499 3058 1550 ei
3085 1509 3395 1569 competere;
3435 1516 3554 1572 quae

1977 1568 2146 1620 verba
2173 1566 2543 1619 desiderantur
2570 1568 2622 1619 in
2656 1567 2902 1621 omnibus
2927 1581 3054 1621 mss.

2054 1645 2078 1682 ε
2104 1637 2289 1691 ϐοιιοι.
2315 1636 2463 1688 deest
2494 1638 2749 1703 reﬁciunt.

2056 1704 2082 1743 ¹³
2108 1712 2306 1775 Uxon.,
2332 1709 2636 1775 vespertina.

1605 1889 2250 1955 COMMENTARIUS.

373 1993 663 2048 Secundum
731 1994 936 2048 modum
965 1996 1146 2066 culpa:
1192 1995 1727 2066 excommunicationis
1762 1993 1873 2066 Ave!
1903 1994 1948 2053 B
1979 1991 2227 2066 dehiscit,
2263 1991 2604 2066 dissolvitur;
2637 1996 2679 2049 si
2729 1996 2877 2050 radix
2911 2013 3096 2066 parum
3127 1999 3405 2066 scinditur,
3441 2001 3558 2055 inu-

299 2066 586 2134 disciptina:
618 2081 851 2119 mensura
891 2064 1030 2119 debet
1056 2064 1304 2134 extendit]
1346 2067 1417 2119 De
1437 2063 1872 2119 excommunica-

300 2136 446 2189 lione
473 2137 620 2204 quasi
645 2135 695 2188 in
721 2150 915 2203 genere
945 2137 1077 2189 dixit
1104 2136 1364 2203 superiori
1380 2140 1566 2203 'capite
1595 2135 1651 2189 S.
1686 2135 1743 2188 P.
1771 2136 1872 2188 Be-

299 2205 567 2270 nedicms,
589 2207 657 2259 de
685 2206 870 2259 eadem
896 2206 1035 2259 velut
1073 2205 1122 2258 in
1152 2208 1329 2274 specie
1379 2209 1480 2258 ism
1506 2215 1561 2260 et
1590 2208 1867 2272 sententi,

301 2277 357 2330 in
387 2277 578 2344 quibus
629 2276 735 2345 agit
762 2276 828 2328 de
860 2276 1150 2330 levioribus
1193 2285 1241 2330 et
1289 2276 1620 2345 gravioribus
1668 2277 1866 2342 culpis;

302 2361 477 2414 neque
518 2348 658 2400 enim
707 2361 864 2399 unam
921 2348 1268 2411 eamdemque
1316 2347 1551 2399 omnium
1594 2349 1867 2412 culparum

304 2431 520 2486 ptenam
548 2421 661 2470 vult
689 2431 828 2479 esse,
861 2418 932 2469 uti
963 2416 1360 2470 contendebant
1383 2417 1510 2469 olim
1545 2417 1745 2478 Stoici,
1779 2417 1869 2483 qui

302 2502 420 2542 cum
440 2487 613 2540 omnia
645 2488 916 2540 hominum
939 2498 1151 2556 peccata
1173 2502 1289 2540 esse
1306 2489 1526 2555 aequalia
1545 2497 1866 2554 assert-rent,

302 2559 489 2626 aequali
518 2559 676 2611 etiam
709 2556 936 2609 vindicta
969 2556 1257 2611 censebant
1280 2573 1400 2611 esse
1432 2557 1865 2626 perstringenda;

303 2643 527 2691 quorum
553 2643 788 2681 errorem
813 2641 842 2678 a
865 2627 1143 2681 .Ioviniano
1167 2629 1416 2680 haeretica
1446 2636 1624 2694 postea
1647 2627 1870 2680 suscita-

303 2710 414 2751 tum
442 2699 794 2753 cOnfoderunt
822 2696 878 2750 S.
916 2699 1327 2766 Hieronymus].
1367 2713 1401 2752 ιι
1424 2698 1676 2752 adversus
1723 2699 1868 2753 .lovi-

303 2782 516 2822 nanum
543 2810 555 2830 ,
585 2782 637 2822 et
664 2769 722 2822 ὃ.
755 2770 1078 2835 Augustinus
1105 2770 1260 2836 epist.
1291 2768 1410 2832 167;
1449 2785 1670 2837 quorum
1708 2770 1869 2824 etiam

303 2840 598 2893 doctrinam
622 2851 837 2891 secutus
854 2841 909 2892 δ.
936 2839 1249 2893 Benedictus
1271 2840 1429 2909 363
1447 2841 1518 2892 ait
1541 2857 1553 2890 :
1576 2839 1868 2893 Secundum

301 2911 509 2962 modum
547 2910 739 2979 culpae,
771 2909 822 2962 id
851 2921 932 2963 est
956 2909 1104 2977 juxta
1132 2912 1478 2977 quantitatem
1511 2921 1600 2961 aut
1643 2912 1870 2977 qualita-

305 2991 409 3035 tetn
435 2981 634 3049 culpm;
665 2995 694 3032 a
717 2980 909 3048 quibus
938 2995 1108 3046 ρωιιω
1134 2981 1346 3033 modum
1375 2979 1721 3048 repetendum
1753 2995 1872 3035 esse

303 3052 498 3105 docent
527 3051 882 3111 Hddemartis,
919 3050 1222 3103 Bernardus
1242 3049 1593 3112 Cassinensis,
1625 3049 1872 3103 Nicolaus

302 3122 370 3174 de
415 3123 696 3188 Fractura,
734 3121 1028 3174 Ricbardus
1055 3123 1120 3173 de
1146 3123 1200 3173 S.
1237 3120 1470 3186 Angela,
1506 3131 1559 3173 et
1589 3120 1868 3174 Bolterius.

305 3192 856 3245 Excommunicationis
887 3193 964 3244 vel
995 3190 1279 3258 disciplinae
1311 3191 1452 3244 debet
1500 3192 1698 3244 extendi
1726 3209 1870 3244 men-

302 3261 444 3316 sura.
470 3263 521 3316 ld
571 3274 652 3316 est
693 3263 957 3329 quantitas
986 3263 1068 3315 vel
1107 3263 1330 3328 qualitas
1361 3276 1559 3326 ptente;
1594 3272 1649 3314 ut
1691 3263 1868 3314 tandiu

301 3341 516 3386 maneat
560 3334 1087 3396 excommunicatus,
1143 3332 1374 3395 qnaudin
1419 3331 1670 3400 deliquit,
1711 3333 1870 3400 idque

301 3402 491 3469 majori
515 3405 598 3455 vel
625 3402 812 3455 minori
839 3404 1388 3456 excommunicatione
1430 3418 1523 3467 pro
1547 3402 1719 3454 delicti
1743 3417 1871 3471 gra-

303 3473 488 3526 vitate.
521 3473 583 3526 Et
621 3472 756 3526 bene
801 3473 858 3526 S.
893 3472 1050 3525 Pater
1095 3473 1168 3524 ait
1220 3472 1756 3525 excommunicationis
1797 3474 1874 3526 vel

301 3544 624 3610 disciplinae,
673 3548 804 3610 quas
835 3543 956 3596 licet
979 3543 1114 3594 idem
1146 3557 1264 3596 esse
1290 3552 1493 3595 asserat
1553 3541 1870 3608 Bichardus,

299 3613 370 3667 ab
399 3612 947 3667 excommunicatione
973 3621 1145 3665 tamen
1178 3612 1512 3679 disciplinam
1544 3612 1875 3680 distinguunt

301 3683 660 3750 Hildemarus,
689 3683 986 3737 Bernartius
1014 3681 1163 3736 Cass.
1189 3692 1242 3736 et
1272 3683 1533 3736 Boherius
1565 3700 1577 3734 :
1609 3697 1727 3735 nam
1759 3685 1872 3738 dis-

299 3753 509 3823 ciplina:
540 3758 750 3808 namine
778 3755 976 3823 virgam
1028 3753 1276 3822 intelligit
1321 3752 1683 3816 Hildemarus;
1734 3754 1874 3823 jeju-

299 3828 446 3879 nium
471 3837 521 3878 et
560 3825 757 3894 virgam
786 3825 943 3879 simul
965 3823 1267 3877 Bernartius
1297 3833 1349 3877 et
1381 3824 1660 3894 Boherius.

375 3895 474 3961 Qui
521 3893 783 3963 culparum
815 3896 1009 3969 modus
1039 3894 1316 3969 iugabbatis
1357 3893 1570 3969 pendeat
1609 3896 1874 3969 judicio.]

297 3968 430 4032 Qua:
460 3969 615 4020 verba
655 3981 758 4019 non
791 3966 867 4018 sic
896 3964 1154 4033 capienda
1201 3974 1344 4029 sunt,
1375 3966 1526 4034 quasi
1574 3964 1636 4020 ex
1669 3964 1874 4022 abbatis

337 4039 555 4093 enderet
578 4035 800 4106 judicio,
833 4044 888 4088 ut
914 4036 1064 4102 culpa
1098 4035 1224 4106 levis
1255 4036 1324 4087 sit
1351 4036 1549 4105 gravis,
1581 4049 1662 4089 aut
1696 4039 1874 4106 gravis

323 4109 468 4172 evis;
504 4105 635 4161 tales
683 4117 806 4160 sunt
835 4106 973 4159 enim
1005 4120 1070 4158 eo
1117 4105 1233 4170 ipso
1260 4121 1366 4174 quo
1406 4105 1716 4160 commissuf
1751 4117 1877 4161 sunt

301 4178 718 4248 independenter
747 4175 978 4248 ahqejus
1021 4175 1271 4244 judicio:
1306 4176 1398 4230 sed
1451 4177 1588 4244 quod
1637 4177 1754 4245 ejus
1803 4177 1875 4232 sit

298 4246 595 4318 prudentiae
644 4259 698 4302 et
733 4247 916 4318 judicii
939 4246 1255 4318 discernere
1281 4254 1334 4300 et
1362 4249 1625 4318 aestimare
1655 4264 1721 4299 an
1753 4250 1872 4302 talis

298 4317 476 4387 Culpa,
510 4320 598 4372 tali
645 4317 740 4371 aut
766 4319 852 4372 tali
901 4317 1297 4372 circumstantia
1343 4317 1548 4379 affecta,
1595 4318 1770 4387 gravis
1802 4321 1873 4372 sit

297 4400 391 4445 aut
437 4390 587 4444 levis.
621 4389 748 4442 Item
797 4403 902 4442 non
948 4390 1024 4441 sic
1070 4388 1327 4456 capienda
1373 4389 1518 4456 quasi
1553 4403 1615 4440 ex
1666 4389 1873 4443 abbatis

300 4462 557 4528 penderet
603 4460 874 4513 voluntate
904 4473 998 4527 pro
1037 4475 1136 4513 suo
1187 4459 1335 4511 libito
1363 4460 1531 4527 culpis
1565 4474 1747 4525 [ltPflilS
1790 4460 1874 4512 iu-

301 4531 550 4602 jungere;
596 4530 690 4584 sed
735 4530 872 4597 quod
903 4530 1018 4596 ejus
1068 4531 1138 4602 sit
1182 4542 1470 4602 agnoscere
1497 4539 1550 4581 et
1577 4529 1872 4602 dijudicare

300 4600 472 4670 qualis
501 4603 570 4656 sit
598 4604 774 4669 culpa,
809 4604 985 4668 gravis
1014 4616 1078 4653 an
1115 4600 1277 4664 levis;
1312 4613 1410 4666 qua
1441 4600 1607 4652 semel
1639 4608 1868 4668 cognita,

299 4672 554 4726 indiciam
585 4686 612 4725 a
644 4672 703 4726 S.
739 4671 1024 4727 Benedicto
1055 4670 1247 4724 inferat
1278 4681 1507 4738 pinnam,
1554 4685 1656 4722 non
1687 4672 1865 4725 aliam.

300 4745 474 4812 Atque
503 4745 572 4796 ita
603 4745 659 4795 S.
714 4742 774 4798 Ρ.
817 4743 1158 4797 Benedictum
1211 4740 1476 4812 explicare
1524 4741 1729 4792 videtur
1762 4742 1872 4795 l’lil-
1900 4749 1953 4809 1)

300 4811 568 4867 demarus.
602 4813 768 4868 Porro
793 4817 891 4867 huc
914 4813 1099 4867 referri
1133 4822 1308 4876 posset
1339 4811 1476 4878 quod
1507 4813 1688 4863 statuit
1709 4813 1869 4866 etiam

299 4886 355 4937 S.
389 4883 612 4938 Basilius
649 4885 838 4954 (Serm.
875 4883 897 4935 l
932 4885 994 4938 de
1023 4883 1193 4954 lustit.
1223 4882 1385 4949 mon.)
1419 4899 1428 4931 :
1470 4899 1487 4930 ι
1516 4881 1669 4954 illius
1699 4883 1785 4954 qui
1819 4884 1870 4937 in

298 4955 476 5019 aliqua
504 4951 698 5009 delicto
719 4954 1082 5021 deprehensus
1110 4953 1268 5006 fuerit
1300 4966 1452 5020 paena
1483 4952 1552 5004 sit
1581 4951 1870 5007 secundum

299 5025 516 5079 modum
547 5025 746 5094 peccati
779 5043 792 5076 :
825 5027 1025 5079 scilicet
1057 5032 1111 5077 ut
1139 5024 1219 5079 vel
1255 5039 1359 5076 non
1388 5024 1722 5094 permittatur
1751 5039 1870 5094 eum

299 5096 420 5149 aliis
447 5093 705 5150 interesse
727 5094 790 5148 ad
822 5095 1187 5162 psalmodiam,
1212 5094 1293 5148 vel
1325 5108 1427 5146 non
1459 5093 1778 5160 suscipiatur
1804 5093 1872 5148 ad

298 5172 728 5220 communionem
772 5166 1047 5226 orationis,
1083 5163 1164 5216 vel
1213 5165 1502 5232 repellatur
1530 5179 1559 5215 a
1591 5165 1873 5232 participa-

300 5239 444 5291 tione
475 5249 700 5298 menszn;
723 5250 823 5304 qua
856 5237 904 5288 in
935 5251 990 5288 re
1017 5235 1104 5302 qui
1136 5235 1236 5287 erit
1265 5235 1559 5287 communis
1583 5234 1877 5303 disciplina:

300 5310 602 5361 moderator
633 5308 842 5375 pinnam
872 5306 1034 5359 etiam
1064 5306 1454 5375 commetietur.
1498 5324 1516 5355 ι

304 5389 306 5391 ’
372 5377 433 5432 Si
461 5379 573 5446 quis
603 5374 766 5430 tamen
797 5377 952 5444 frater
979 5376 1031 5427 in
1057 5377 1326 5446 levioribus
1346 5374 1815 5446 culpisinreuitnr,
1847 5392 1878 5428 a

298 5443 485 5502 "tenue
522 5443 909 5517 participatione
956 5443 1220 5517 priret_ur.]
1249 5446 1304 5498 S.
1341 5445 1658 5499 Benedictus
1707 5461 1773 5499 ne
1804 5446 1879 5501 Ie-

299 5515 547 5574 vissimas
593 5519 774 5584 culpas
805 5517 996 5570 inultas
1041 5515 1291 5584 reliquit,
1326 5529 1394 5568 ne
1440 5517 1578 5568 forte
1622 5517 1876 5586 neglecta:

301 5594 512 5644 tandem
543 5604 731 5657 graves
763 5589 1334 5657 evaderent;_noverat
1374 5586 1516 5657 enim
1544 5585 1683 5657 quod
1703 5585 1784 5640 ait
1813 5588 1869 5642 S.

299 5654 709 5729 Chrysogonum
731 5658 926 5725 (δα-ιιι.
959 5656 990 5709 8
1138 5655 1280 5725 Cor.)
1303 5673 1313 5706 :
1340 5673 1360 5729 ι
1384 5654 1574 5708 l’arum
1596 5656 1870 5722 deficiens,

301 5725 522 5784 multum
556 5732 606 5783 in
637 5745 918 5800 progressu
949 5726 1190 5800 deﬁciet;
1221 5725 1433 5800 etenim
1458 5729 1500 5800 si
1533 5740 1724 5793 corpus
1765 5730 1876 5795 glu-

299 5804 389 5857 dio
417 5805 606 5856 vulnus
635 5796 846 5870 accipit,
880 5796 1266 5869 corrumpitur;
1299 5797 1584 5852 utdilicium
1615 5801 1655 5848 si
1687 5811 1873 5868 parum

1978 2063 2086 2114 tilis
2116 2072 2227 2123 est;
2265 2078 2431 2141 quare
2453 2063 2571 2141 hoc
2588 2080 2770 2130 parum
2800 2063 3013 2141 non'est
3045 2085 3248 2137 parum,
3277 2071 3367 2125 sed
3391 2063 3556 2141 prope

1975 2141 2142 2206 totum
2189 2143 2291 2186 cst.
2323 2133 2454 2186 Cttm
2505 2134 2664 2203 igitur
2709 2153 2891 2204 parum
2925 2133 3306 2206 deliqtterim'us
3336 2133 3415 2195 vel
3448 2133 3558 2195 tor-

1975 2203 2288 2278 puerimus,
2325 2218 2392 2257 ne
2433 2203 2748 2272 spernamns
2779 2207 2906 2278 illud
2953 2203 3135 2275 parum
3163 2250 3177 2273 ,
3221 2213 3470 2278 quoniam
3504 2213 3555 2266 id

1972 2272 2551 2353 gittodoneglectumest
2582 2291 2827 2353 magnum
2861 2277 2919 2330 fit
2943 2272 3355 2353 {vestimentum
3387 2282 3557 2348 frangi

1974 2343 2236 2410 incipiens
2262 2353 2313 2396 et
2349 2343 2914 2412 neglectumftandem
2955 2349 3245 2413 scinditur;
3277 2363 3328 2404 et
3360 2343 3555 2406 tectuin

1973 2428 2094 2490 eum
2132 2428 2313 2480 paucae
2359 2417 2555 2490 regulae
2584 2419 2924 2477 ceciderunt,
2957 2420 3250 2490 neglectum
3299 2423 3558 2490 integram

1972 2481 2190 2536 domum
2240 2481 2548 2551 pessutndat
2581 2503 2594 2537 :
2630 2490 2743 2541 haec
2793 2490 2950 2556 igitur
2989 2481 3391 2544 considerantes
3410 2481 3558 2544 ἶιιιη-

1973 2569 2130 2620 quam
2163 2568 2319 2628 parva
2343 2571 2680 2628 spernamus,
2710 2574 2776 2612 nc
2803 2559 2853 2611 in
2877 2572 3064 2628 magna
3091 2559 3409 2614 dilahamttr.
3439 2580 3456 2612 ι
3490 2561 3558 2616 Ut

1972 2633 2149 2698 autem
2182 2626 2239 2698 S.
2273 2625 2545 2680 Benedicti
2577 2639 2807 2682 mentem
2853 2625 3060 2695 plenius
3088 2632 3432 2698 attingamus,
3476 2633 3558 2685 iu-

1972 2696 2290 2764 qnirendum
2315 2708 2398 2752 est
2423 2713 2666 2767 quaenam
2689 2700 2833 2756 leves
2856 2699 3025 2769 culpae
3055 2696 3264 2758 censeri
3292 2702 3554 2766 debeam;

1974 2781 2094 2818 nam
2127 2769 2401 2842 graviores
2430 2773 2670 2839 sequenti
2703 2773 2934 2842 capitulo
2965 2770 3423 2842 investigabimus.
3456 2773 3557 2829 Ita-

1973 2851 2076 2955 que
2104 2855 2120 2884 ι
2153 2838 2368 2890 levioris
2393 2838 2558 2906 culpa:
2586 2856 2710 2894 reus
2739 2838 2841 2906 est,
2871 2843 3039 2908 inquit
3061 2843 3116 2897 S.
3147 2838 3378 2898 Isidorus
3402 2843 3552 2914 (Cap.

2010 2905 2083 2955 6).
2116 2907 2202 2955 nui
2227 2908 2432 2955 otiosus
2455 2924 2574 2955 esse.
2602 2912 2866 2955 dilexerit-
2898 2913 2984 2955 nni
3015 2913 3078 2955 ml
3103 2912 3333 2955 nftininm
3383 2916 3465 2955 νμΙ
3491 2916 3552 2955 ml

2010 2905 2083 2980 6)Ρ
2116 2907 2202 2980 qui
2227 2905 2574 2980 otiosuse’sse
2602 2905 2866 2973 dilexerit,
2898 2905 2984 2980 qui
3014 2913 3079 2964 ad
3103 2912 3355 2973 ofticium.
3383 2905 3465 2967 vel
3489 2905 3556 2970 ad

1976 2977 2337 3051 collationem,
2373 2979 2455 3051 vel
2488 2983 2550 3032 ad
2600 2996 2832 3034 mensam
2867 2977 3067 3035 tardius
3112 2985 3472 3051 venerit;'qui
3503 2985 3554 3038 itt

1974 3045 2139 3121 choro
2190 3049 2333 3121 horis
2383 3050 2558 3104 riserit
2608 3051 2865 3106 fabulis-ve
2895 3052 3195 3115 vacaverit;
3241 3045 3343 3121 qui
3371 3045 3556 3108 relicto

1974 3115 2152 3192 ofticio
2183 3119 2263 3171 vel
2291 3115 2472 3192 opere,
2505 3129 2651 3174 extra
2684 3122 3019 3176 necessitatis
3045 3121 3208 3192 36h
3234 3115 3447 3176 causam
3479 3126 3556 3177 fo-

1974 3201 2061 3260 ras
2089 3187 2535 3260 disce-scribam
2567 3202 2833 3260 torporem
2875 3202 2967 3246 aut
2993 3187 3238 3245 somnum
3271 3195 3550 3260 amaverit,

1975 3258 2061 3331 qui
2089 3258 2588 3331 smpins'juraverit,
2623 3258 2710 3330 qui
2747 3263 3089 3331 multiloquus
3117 3262 3299 3328 fuerit,
3342 3265 3427 3327 qui
3457 3258 3556 3318 mi;

1979 3329 2258 3401 nistcrium
2290 3330 2571 3395 cujuslibet
2616 3333 2796 3401 operis
2839 3329 3131 3401 injunctum
3159 3333 3258 3386 sibi
3306 3333 3422 3388 sine
3461 3335 3555 3388 be-

1979 3395 2078 3477 ned
2091 3399 2281 3477 trtioue
2299 3406 2611 3477 susceperit,
2633 3395 2933 3477 a'cgperact'o
2951 3418 3111 3470 opere
3128 3402 3550 3477 benedictionem

1979 3469 2212 3544 minime
2231 3473 2595 3544 postulaverit,
2630 3475 2716 3541 qui
2749 3469 3038 3542 injunctutn
3068 3487 3201 3538 opus
3227 3475 3556 3544 negligenter

1980 3549 2031 3590 et
2055 3540 2280 3614 tardius
2325 3543 2638 3614 expleverit,
2668 3544 2758 3612 qui
2786 3540 2910 3596 casu
2942 3559 3034 3596 vas
3071 3545 3281 3612 aliquod
3300 3540 3549 3614 irriget-it,

1979 3609 2066 3673 qui
2094 3608 2345 3685 damnum
2367 3613 2440 3665 rei
2473 3629 2648 3685 paer
2673 3608 2928 3681 intulei-it,
2953 3615 3040 3682 qui
3071 3608 3253 3668 codice
3285 3608 3556 3685 negligch

1981 3687 2064 3752 ter
2090 3695 2213 3732 usus
2243 3680 2420 3743 fuerit,
2450 3684 2539 3752 qui
2571 3684 2766 3737 alicubi
2795 3686 2858 3737 ad
2892 3680 3222 3738 momentum
3253 3680 3554 3752 seces-crit,

1979 3749 2065 3816 qui
2098 3751 2307 3806 occulte
2353 3749 2559 3807 litteras
2599 3756 2665 3807 ab
2707 3755 2882 3823 aliquo
2926 3756 3009 3808 vel
3040 3755 3317 3823 quodlibet
3366 3749 3555 3812 munus

1978 3823 2262 3895 acceperit,
2299 3823 2379 3877 vel
2423 3826 2702 3892 epistolam
2735 3826 3030 3894 suscipiens
3058 3828 3418 3891 occultaverit,
3445 3829 3553 3895 -qui

1978 3889 2094 3942 sine
2141 3893 2362 3964 ab’batis
2397 3889 2662 3947 consensu
2714 3889 3082 3964 rescripserit,
3139 3898 3220 3949 vel
3270 3889 3557 3964 quemlibet

1979 3972 2254 4034 parentum
2287 3963 2370 4016 vel
2402 3965 2735 4017 saecularium
2770 3963 2894 4019 sine
2923 3965 3074 4034 jussu
3103 3963 3326 4020 senioris-
3353 3979 3443 4020 aut
3473 3970 3556 4021 vi-

1979 4029 2135 4103 derit,
2166 4042 2256 4084 aut
2284 4047 2403 4086 cum
2435 4049 2498 4088 eo
2525 4036 2730 4087 locutus
2762 4037 2861 4097 sit;
2895 4029 2980 4103 q'ui
3012 4037 3206 4089 seniori
3241 4037 3556 4093 inobeiliens

1982 4097 2159 4173 fuerit,
2190 4103 2280 4169 qui
2302 4107 2688 4158 contumaciter
2715 4097 2923 4158 seniori
2941 4107 3294 4173 reSponderit,
3321 4109 3406 4172 qui
3431 4123 3555 4169 erga

1980 4171 2244 4243 seniorum
2274 4173 2502 4241 linguam
2555 4191 2658 4227 non
2706 4171 3056 4243 repressi-rit,
3107 4176 3194 4242 qui
3226 4171 3450 4230 lascivus
3500 4178 3555 4232 in

1980 4237 2156 4310 lingua
2190 4237 2373 4317 tuerit,
2400 4244 2489 4317 qui
2519 4237 2800 4300 inhoneste
2832 4237 3134 4309 incesserit,
3159 4248 3246 4313 qui
3275 4248 3554 4317 joc:iverit,

1978 4317 2064 4388 qui
2099 4314 2240 4388 satis
2282 4314 2497 4388 riserit,
2547 4318 2631 4383 qui
2681 4321 3310 4388 cutucxconimunicato
3350 4314 3557 4374 locutus

1976 4380 2134 4434 fuerit
2157 4422 2172 4448 ,
2205 4383 2435 4437 oraverit
2463 4429 2475 4453 ,
2526 4380 2618 4439 aut
2646 4386 2932 4440 comederit
2960 4403 2973 4449 ;
3005 4391 3090 4454 qui
3133 4388 3430 4441 illusionem
3464 4405 3559 4442 noo

1976 4465 2217 4526 ctutnam
2253 4456 2389 4508 Patri
2429 4472 2533 4509 non
2582 4457 2910 4524 patefecerit.
2947 4459 3067 4509 llaec
3097 4457 3255 4526 igitur
3285 4468 3337 4512 et
3362 4460 3558 4514 similia

1978 4525 2221 4579 triduana
2269 4530 2817 4582 excommunicatione
2854 4525 3182 4581 emendanda
3229 4539 3368 4584 sunt.
3409 4547 3427 4580 ι
3467 4531 3558 4585 His

1974 4594 2090 4717 ﬁre
2120 4595 2314 4650 similia
2345 4606 2470 4650 sunt
2498 4613 2558 4652 ea
2589 4614 2707 4668 quae
2738 4599 2899 4652 rcl'crl
2929 4595 3214 4653 Cassianus
3247 4601 3280 4653 Ι.
3319 4615 3370 4654 tv
3390 4641 3404 4662 ,
3424 4616 3554 4677 cap.

2052 4737 2389 4792 Hildcmarus
2419 4753 2544 4791 vero
2596 4748 2650 4793 et
2701 4737 3002 4794 Bernardus
3053 4740 3260 4794 Cassio.
3315 4741 3453 4795 inter
3485 4741 3554 4796 le~

1980 4807 2158 4860 viores
2208 4808 2730 4876 culpasspiritualia
2786 4820 2996 4876 peccata
3048 4821 3363 4874 recensent;
3419 4813 3560 4866 inter

1980 4878 2252 4953 graviores
2281 4880 2887 4953 carnaliaa‘Spiritualia
2912 4891 3089 4953 autem
3122 4892 3333 4949 peccata
3369 4893 3558 4938 vocant

1980 4962 2042 5001 ea
2077 4951 2202 5016 'qure
2232 4951 2493 5018 superiori
2540 4950 2715 5017 capite
2756 4951 2934 5004 retulit
2963 4950 3018 5004 S.
3049 4953 3362 5006 Benedictus
3387 4997 3401 5019 ,
3431 4969 3558 5006 cou-

1982 5021 2263 5073 tumaciam
2291 5063 2307 5086 ,
2374 5021 2785 5075 inobedientiam
2813 5063 2827 5087 ,
2904 5024 3251 5089 superbiam,
3320 5039 3552 5077 murmu-

1980 5092 2156 5160 rium,
2200 5101 2340 5155 ctc.;
2372 5091 2624 5156 carnalia,
2659 5091 3082 5157 l‘ornicalionct'u,
3115 5095 3430 5149 adulterium
3457 5134 3472 5160 ,
3502 5105 3557 5150 et

1983 5157 2064 5213 his
2092 5162 2304 5214 similia.

2055 5230 2282 5286 Boherio
2306 5232 2540 5286 leviores
2566 5233 2737 5301 culpae
2759 5243 2884 5288 sunt
2907 5241 3120 5302 peccata
3147 5234 3370 5290 venialia
3389 5249 3403 5296 ;
3425 5233 3557 5286 Tur-

1981 5313 2326 5375 recrematte,
2359 5322 2384 5375 _t
2425 5305 2874 5372 transgressiones
2920 5307 3116 5375 regulae
3159 5315 3249 5359 aut
3295 5304 3558 5375 constitu-

1981 5373 2374 5442 tionumquoad
2399 5389 2459 5428 ea
2489 5389 2608 5440 qua:
2637 5391 2742 5428 non
2759 5387 2882 5430 sunt
2909 5373 3232 5430 de'csscntia
3261 5374 3551 5441 religionis,

1981 5458 2078 5498 nec
2104 5443 2169 5496 ad
2198 5455 2347 5497 actus
2393 5444 2690 5512 pertineant
2718 5446 2989 5513 virtutum,
3019 5447 3110 5499 sed
3143 5461 3259 5514 quzc
3288 5445 3350 5497 ad
3388 5459 3556 5498 eiure-

1980 5517 2187 5568 manias
2215 5515 2535 5584 pertineant,
2565 5525 2619 5567 ut
2647 5526 2727 5570 est
2756 5518 2941 5570 fraetio
2957 5517 3172 5580 silentii,
3208 5515 3356 5569 tarde
3373 5516 3554 5568 venire

1981 5586 2032 5639 in
2076 5587 2298 5639 chorum
2342 5595 2396 5640 et
2437 5587 2799 5650 refectorium,
2848 5599 2899 5640 et
2938 5587 3166 5648 similia;
3198 5595 3290 5638 aut
3334 5600 3451 5636 sunt
3487 5586 3555 5642 de

1984 5671 2204 5710 numero
2221 5671 2404 5710 eorum
2433 5671 2549 5725 qua:
2566 5658 2630 5709 de
2659 5673 2766 5710 suo.
2781 5671 2974 5725 genere
3002 5671 3122 5709 sunt
3156 5656 3287 5708 levia
3313 5666 3554 5723 peccata,

1982 5729 2120 5780 sicut
2147 5737 2229 5782 est
2272 5731 2489 5782 verbum
2520 5728 2785 5791 Otiosum,
2823 5727 3176 5793 vaniloquium
3202 5769 3216 5792 ,
3270 5727 3407 5778 risus
3458 5731 3557 5780 itit-

1983 5801 2310 5867 moderatus,
2343 5808 2395 5853 ct
2425 5798 2633 5851 similia.
2669 5816 2686 5848 ›
2718 5796 2873 5851 Certe
2901 5797 2967 5851 de
2996 5798 3052 5852 ὃ.
3086 5795 3370 5850 Benedicto
3390 5797 3554 5852 Attia-
