  <div class='ocr_page' id='page_1' title='image "/cluster/home/n/w/nwhite01/storage/ocr_20150623/66/hvd.32044015469323/263.png"; bbox 0 0 4074 6356; ppageno 0'>
   <div class='ocr_carea' id='block_1_1' title="bbox 548 287 698 344">
    <p class='ocr_par' dir='ltr' id='par_1_1' title="bbox 548 287 698 344">
     <span class='ocr_line' id='line_1_1' title="bbox 548 287 698 344; baseline 0.007 -1"><span class='ocrx_word' id='word_1_1' title='bbox 548 304 551 313; x_wconf 93' lang='grc'>·</span> <span class='ocrx_word' id='word_1_2' title='bbox 603 287 698 344; x_wconf 71' lang='grc' dir='ltr'>δη</span> 
     </span>
    </p>
   </div>
   <div class='ocr_carea' id='block_1_2' title="bbox 604 384 2246 467">
    <p class='ocr_par' dir='ltr' id='par_1_2' title="bbox 604 384 2246 467">
     <span class='ocr_line' id='line_1_2' title="bbox 604 384 2246 467; baseline -0.008 -10"><span class='ocrx_word' id='word_1_3' title='bbox 604 409 749 457; x_wconf 82' lang='lat' dir='ltr'><strong>sunt.</strong></span> <span class='ocrx_word' id='word_1_4' title='bbox 774 419 791 452; x_wconf 82' lang='grc' dir='ltr'><strong>ι</strong></span> <span class='ocrx_word' id='word_1_5' title='bbox 826 400 889 455; x_wconf 85' lang='lat' dir='ltr'><strong>Et</strong></span> <span class='ocrx_word' id='word_1_6' title='bbox 911 388 1100 457; x_wconf 81' lang='lat' dir='ltr'><strong>iterum</strong></span> <span class='ocrx_word' id='word_1_7' title='bbox 1128 419 1139 453; x_wconf 88' lang='lat'><strong>:</strong></span> <span class='ocrx_word' id='word_1_8' title='bbox 1174 418 1193 452; x_wconf 82' lang='grc' dir='ltr'><strong>ι</strong></span> <span class='ocrx_word' id='word_1_9' title='bbox 1223 384 1505 456; x_wconf 80' lang='lat' dir='ltr'><strong>Sciendum</strong></span> <span class='ocrx_word' id='word_1_10' title='bbox 1531 404 1614 453; x_wconf 89' lang='lat' dir='ltr'><strong>est</strong></span> <span class='ocrx_word' id='word_1_11' title='bbox 1640 393 1759 467; x_wconf 84' lang='lat' dir='ltr'><strong>quia</strong></span> <span class='ocrx_word' id='word_1_12' title='bbox 1791 394 1929 449; x_wconf 88' lang='lat' dir='ltr'><strong>istud</strong></span> <span class='ocrx_word' id='word_1_13' title='bbox 1962 393 2167 467; x_wconf 85' lang='lat' dir='ltr'><strong>capitu-</strong></span> <span class='ocrx_word' id='word_1_14' title='bbox 2193 392 2246 453; x_wconf 86' lang='grc' dir='ltr'><strong>Λ</strong></span> 
     </span>
    </p>
   </div>
   <div class='ocr_carea' id='block_1_3' title="bbox 604 466 2166 528">
    <p class='ocr_par' dir='ltr' id='par_1_3' title="bbox 604 466 2166 528">
     <span class='ocr_line' id='line_1_3' title="bbox 604 466 2166 528; baseline -0.006 -3"><span class='ocrx_word' id='word_1_15' title='bbox 604 472 713 525; x_wconf 86' lang='grc' dir='ltr'>Ιιιιιι</span> <span class='ocrx_word' id='word_1_16' title='bbox 744 471 811 525; x_wconf 92' lang='lat' dir='ltr'><strong>de</strong></span> <span class='ocrx_word' id='word_1_17' title='bbox 858 472 1112 527; x_wconf 89' lang='lat' dir='ltr'><strong>canonica</strong></span> <span class='ocrx_word' id='word_1_18' title='bbox 1137 471 1449 525; x_wconf 89' lang='lat' dir='ltr'><strong>auctoritate</strong></span> <span class='ocrx_word' id='word_1_19' title='bbox 1504 466 1727 522; x_wconf 86' lang='lat' dir='ltr'><strong>tractum</strong></span> <span class='ocrx_word' id='word_1_20' title='bbox 1774 476 1883 528; x_wconf 84' lang='lat' dir='ltr'><strong>est;</strong></span> <span class='ocrx_word' id='word_1_21' title='bbox 1939 480 2057 518; x_wconf 87' lang='lat' dir='ltr'><strong>nam</strong></span> <span class='ocrx_word' id='word_1_22' title='bbox 2116 466 2166 516; x_wconf 91' lang='lat' dir='ltr'><strong>in</strong></span> 
     </span>
    </p>
   </div>
   <div class='ocr_carea' id='block_1_4' title="bbox 595 534 2177 609">
    <p class='ocr_par' dir='ltr' id='par_1_4' title="bbox 595 534 2177 609">
     <span class='ocr_line' id='line_1_4' title="bbox 595 534 2177 609; baseline -0.006 -16"><span class='ocrx_word' id='word_1_23' title='bbox 595 539 784 609; x_wconf 45' lang='lat' dir='ltr'><strong>,Yeteri</strong></span> <span class='ocrx_word' id='word_1_24' title='bbox 811 540 1156 597; x_wconf 84' lang='lat' dir='ltr'><strong>Testamento</strong></span> <span class='ocrx_word' id='word_1_25' title='bbox 1180 543 1248 594; x_wconf 83' lang='lat' dir='ltr'><strong>ita</strong></span> <span class='ocrx_word' id='word_1_26' title='bbox 1278 538 1603 609; x_wconf 67' lang='lat' dir='ltr'><strong>praecipitur,</strong></span> <span class='ocrx_word' id='word_1_27' title='bbox 1633 547 1691 592; x_wconf 92' lang='lat' dir='ltr'><strong>ut</strong></span> <span class='ocrx_word' id='word_1_28' title='bbox 1718 536 2035 609; x_wconf 88' lang='lat' dir='ltr'><strong>sileprosns</strong></span> <span class='ocrx_word' id='word_1_29' title='bbox 2066 534 2177 588; x_wconf 87' lang='lat' dir='ltr'><strong>fue-</strong></span> 
     </span>
    </p>
   </div>
   <div class='ocr_carea' id='block_1_5' title="bbox 606 608 2177 676">
    <p class='ocr_par' dir='ltr' id='par_1_5' title="bbox 606 608 2177 676">
     <span class='ocr_line' id='line_1_5' title="bbox 606 608 2177 676; baseline -0.004 -12"><span class='ocrx_word' id='word_1_30' title='bbox 606 612 697 676; x_wconf 93' lang='lat' dir='ltr'><strong>rit,</strong></span> <span class='ocrx_word' id='word_1_31' title='bbox 729 621 939 665; x_wconf 88' lang='lat' dir='ltr'><strong>maneat</strong></span> <span class='ocrx_word' id='word_1_32' title='bbox 959 621 1108 666; x_wconf 76' lang='lat' dir='ltr'><strong>extra</strong></span> <span class='ocrx_word' id='word_1_33' title='bbox 1127 608 1333 673; x_wconf 83' lang='lat' dir='ltr'><strong>castra;</strong></span> <span class='ocrx_word' id='word_1_34' title='bbox 1367 610 1410 662; x_wconf 92' lang='lat' dir='ltr'><strong>si</strong></span> <span class='ocrx_word' id='word_1_35' title='bbox 1436 620 1612 663; x_wconf 91' lang='lat' dir='ltr'><strong>autem</strong></span> <span class='ocrx_word' id='word_1_36' title='bbox 1634 624 1739 661; x_wconf 88' lang='lat' dir='ltr'><strong>non</strong></span> <span class='ocrx_word' id='word_1_37' title='bbox 1763 608 1941 672; x_wconf 90' lang='lat' dir='ltr'><strong>fuerit,</strong></span> <span class='ocrx_word' id='word_1_38' title='bbox 1964 614 2177 676; x_wconf 78' lang='lat' dir='ltr'><strong>maneat</strong></span> 
     </span>
    </p>
   </div>
   <div class='ocr_carea' id='block_1_6' title="bbox 607 674 2177 756">
    <p class='ocr_par' dir='ltr' id='par_1_6' title="bbox 607 674 2177 756">
     <span class='ocr_line' id='line_1_6' title="bbox 607 674 2177 756; baseline -0.004 -22"><span class='ocrx_word' id='word_1_39' title='bbox 607 681 662 735; x_wconf 90' lang='lat' dir='ltr'><strong>in</strong></span> <span class='ocrx_word' id='word_1_40' title='bbox 684 674 904 756; x_wconf 18' lang='lat' dir='ltr'><strong>Vcast_ris._</strong></span> <span class='ocrx_word' id='word_1_41' title='bbox 938 681 1026 756; x_wconf 81' lang='lat' dir='ltr'><strong>Illa</strong></span> <span class='ocrx_word' id='word_1_42' title='bbox 1053 680 1829 756; x_wconf 18' lang='lat' dir='ltr'><strong>lepra‘signiﬁcai_illa__peccata</strong></span> <span class='ocrx_word' id='word_1_43' title='bbox 1862 674 2177 756; x_wconf 74' lang='lat' dir='ltr'><strong>proquibus</strong></span> 
     </span>
    </p>
   </div>
   <div class='ocr_carea' id='block_1_7' title="bbox 610 748 2180 815">
    <p class='ocr_par' dir='ltr' id='par_1_7' title="bbox 610 748 2180 815">
     <span class='ocr_line' id='line_1_7' title="bbox 610 748 2180 815; baseline -0.004 -10"><span class='ocrx_word' id='word_1_44' title='bbox 610 760 759 805; x_wconf 79' lang='lat' dir='ltr'><strong>extra</strong></span> <span class='ocrx_word' id='word_1_45' title='bbox 784 750 1074 807; x_wconf 85' lang='lat' dir='ltr'><strong>Ecclesiam</strong></span> <span class='ocrx_word' id='word_1_46' title='bbox 1106 752 1217 806; x_wconf 89' lang='lat' dir='ltr'><strong>ﬁeri</strong></span> <span class='ocrx_word' id='word_1_47' title='bbox 1245 752 1421 805; x_wconf 87' lang='lat' dir='ltr'><strong>debet.</strong></span> <span class='ocrx_word' id='word_1_48' title='bbox 1451 750 1710 804; x_wconf 85' lang='lat' dir='ltr'><strong>Similiter</strong></span> <span class='ocrx_word' id='word_1_49' title='bbox 1737 758 1789 801; x_wconf 91' lang='lat' dir='ltr'><strong>et</strong></span> <span class='ocrx_word' id='word_1_50' title='bbox 1817 748 2038 815; x_wconf 83' lang='lat' dir='ltr'><strong>pollutio</strong></span> <span class='ocrx_word' id='word_1_51' title='bbox 2066 761 2180 799; x_wconf 87' lang='lat' dir='ltr'><strong>ma-</strong></span> 
     </span>
    </p>
   </div>
   <div class='ocr_carea' id='block_1_8' title="bbox 610 818 2180 890">
    <p class='ocr_par' dir='ltr' id='par_1_8' title="bbox 610 818 2180 890">
     <span class='ocr_line' id='line_1_8' title="bbox 610 818 2180 890; baseline -0.004 -16"><span class='ocrx_word' id='word_1_52' title='bbox 610 820 783 888; x_wconf 84' lang='lat' dir='ltr'><strong>iorum</strong></span> <span class='ocrx_word' id='word_1_53' title='bbox 831 832 1166 890; x_wconf 81' lang='lat' dir='ltr'><strong>peccatorum</strong></span> <span class='ocrx_word' id='word_1_54' title='bbox 1202 831 1347 877; x_wconf 89' lang='lat' dir='ltr'><strong>tenet</strong></span> <span class='ocrx_word' id='word_1_55' title='bbox 1395 820 1618 889; x_wconf 83' lang='lat' dir='ltr'><strong>ﬁguram</strong></span> <span class='ocrx_word' id='word_1_56' title='bbox 1664 818 1797 890; x_wconf 73' lang='lat' dir='ltr'><strong>sicut</strong></span> <span class='ocrx_word' id='word_1_57' title='bbox 1850 818 2180 890; x_wconf 40' lang='lat' dir='ltr'><strong>lepra;‘p_er</strong></span> 
     </span>
    </p>
   </div>
   <div class='ocr_carea' id='block_1_9' title="bbox 611 885 2177 959">
    <p class='ocr_par' dir='ltr' id='par_1_9' title="bbox 611 885 2177 959">
     <span class='ocr_line' id='line_1_9' title="bbox 611 885 2177 959; baseline -0.005 -13"><span class='ocrx_word' id='word_1_58' title='bbox 611 885 785 946; x_wconf 83' lang='lat' dir='ltr'><strong>castra</strong></span> <span class='ocrx_word' id='word_1_59' title='bbox 828 885 1001 947; x_wconf 82' lang='lat' dir='ltr'><strong>autem</strong></span> <span class='ocrx_word' id='word_1_60' title='bbox 1048 892 1359 959; x_wconf 79' lang='lat' dir='ltr'><strong>intelligitur</strong></span> <span class='ocrx_word' id='word_1_61' title='bbox 1391 885 1647 946; x_wconf 72' lang='lat' dir='ltr'><strong>Ecclesia.</strong></span> <span class='ocrx_word' id='word_1_62' title='bbox 1669 908 1687 941; x_wconf 83' lang='grc' dir='ltr'><strong>ι</strong></span> <span class='ocrx_word' id='word_1_63' title='bbox 1716 888 1804 959; x_wconf 84' lang='grc' dir='ltr'>Ει</span> <span class='ocrx_word' id='word_1_64' title='bbox 1824 888 1888 959; x_wconf 85' lang='lat' dir='ltr'><strong>ad</strong></span> <span class='ocrx_word' id='word_1_65' title='bbox 1914 902 2032 956; x_wconf 86' lang='lat' dir='ltr'><strong>cap.</strong></span> <span class='ocrx_word' id='word_1_66' title='bbox 2058 885 2125 939; x_wconf 70' lang='lat'><strong>27</strong></span> <span class='ocrx_word' id='word_1_67' title='bbox 2163 900 2177 938; x_wconf 89' lang='lat'><strong>:</strong></span> 
     </span>
    </p>
   </div>
   <div class='ocr_carea' id='block_1_10' title="bbox 619 958 2185 1030">
    <p class='ocr_par' dir='ltr' id='par_1_10' title="bbox 619 958 2185 1030">
     <span class='ocr_line' id='line_1_10' title="bbox 619 958 2185 1030; baseline -0.003 -17"><span class='ocrx_word' id='word_1_68' title='bbox 619 979 638 1012; x_wconf 81' lang='grc' dir='ltr'><strong>ι</strong></span> <span class='ocrx_word' id='word_1_69' title='bbox 659 961 903 1030; x_wconf 78' lang='lat' dir='ltr'><strong>Magnum</strong></span> <span class='ocrx_word' id='word_1_70' title='bbox 953 963 1185 1016; x_wconf 91' lang='lat' dir='ltr'><strong>studium</strong></span> <span class='ocrx_word' id='word_1_71' title='bbox 1207 958 1368 1017; x_wconf 84' lang='lat' dir='ltr'><strong>debet</strong></span> <span class='ocrx_word' id='word_1_72' title='bbox 1393 976 1512 1015; x_wconf 89' lang='lat' dir='ltr'><strong>esse</strong></span> <span class='ocrx_word' id='word_1_73' title='bbox 1547 958 1726 1014; x_wconf 79' lang='lat' dir='ltr'><strong>abbati</strong></span> <span class='ocrx_word' id='word_1_74' title='bbox 1751 959 1817 1013; x_wconf 92' lang='lat' dir='ltr'><strong>de</strong></span> <span class='ocrx_word' id='word_1_75' title='bbox 1846 958 1937 1012; x_wconf 92' lang='lat' dir='ltr'><strong>illo</strong></span> <span class='ocrx_word' id='word_1_76' title='bbox 1966 970 2185 1030; x_wconf 78' lang='lat' dir='ltr'><strong>excom-</strong></span> 
     </span>
    </p>
   </div>
   <div class='ocr_carea' id='block_1_11' title="bbox 613 1027 2183 1101">
    <p class='ocr_par' dir='ltr' id='par_1_11' title="bbox 613 1027 2183 1101">
     <span class='ocr_line' id='line_1_11' title="bbox 613 1027 2183 1101; baseline -0.003 -17"><span class='ocrx_word' id='word_1_77' title='bbox 613 1027 903 1096; x_wconf 83' lang='lat' dir='ltr'><strong>municato,</strong></span> <span class='ocrx_word' id='word_1_78' title='bbox 936 1032 1299 1101; x_wconf 81' lang='lat' dir='ltr'><strong>necontingat</strong></span> <span class='ocrx_word' id='word_1_79' title='bbox 1326 1044 1449 1087; x_wconf 89' lang='lat' dir='ltr'><strong>ante</strong></span> <span class='ocrx_word' id='word_1_80' title='bbox 1497 1032 1652 1095; x_wconf 91' lang='lat' dir='ltr'><strong>mori,</strong></span> <span class='ocrx_word' id='word_1_81' title='bbox 1680 1045 1838 1099; x_wconf 89' lang='lat' dir='ltr'><strong>quam</strong></span> <span class='ocrx_word' id='word_1_82' title='bbox 1867 1027 2183 1083; x_wconf 84' lang='lat' dir='ltr'><strong>reconcilie-</strong></span> 
     </span>
    </p>
   </div>
   <div class='ocr_carea' id='block_1_12' title="bbox 614 1101 2176 1171">
    <p class='ocr_par' dir='ltr' id='par_1_12' title="bbox 614 1101 2176 1171">
     <span class='ocr_line' id='line_1_12' title="bbox 614 1101 2176 1171; baseline -0.004 -16"><span class='ocrx_word' id='word_1_83' title='bbox 614 1110 738 1171; x_wconf 81' lang='lat' dir='ltr'><strong>tur;</strong></span> <span class='ocrx_word' id='word_1_84' title='bbox 768 1102 885 1170; x_wconf 87' lang='lat' dir='ltr'><strong>quia</strong></span> <span class='ocrx_word' id='word_1_85' title='bbox 915 1103 959 1156; x_wconf 90' lang='lat' dir='ltr'><strong>si</strong></span> <span class='ocrx_word' id='word_1_86' title='bbox 985 1111 1127 1168; x_wconf 90' lang='lat' dir='ltr'><strong>ante,</strong></span> <span class='ocrx_word' id='word_1_87' title='bbox 1153 1103 1293 1171; x_wconf 91' lang='lat' dir='ltr'><strong>quod</strong></span> <span class='ocrx_word' id='word_1_88' title='bbox 1321 1104 1480 1168; x_wconf 86' lang='lat' dir='ltr'><strong>absit,</strong></span> <span class='ocrx_word' id='word_1_89' title='bbox 1513 1112 1752 1154; x_wconf 90' lang='lat' dir='ltr'><strong>mortuus</strong></span> <span class='ocrx_word' id='word_1_90' title='bbox 1775 1101 2176 1171; x_wconf 51' lang='lat' dir='ltr'><strong>fuerit,secun;</strong></span> 
     </span>
    </p>
   </div>
   <div class='ocr_carea' id='block_1_13' title="bbox 615 1168 2185 1239">
    <p class='ocr_par' dir='ltr' id='par_1_13' title="bbox 615 1168 2185 1239">
     <span class='ocr_line' id='line_1_13' title="bbox 615 1168 2185 1239; baseline -0.003 -15"><span class='ocrx_word' id='word_1_91' title='bbox 615 1168 742 1224; x_wconf 90' lang='lat' dir='ltr'><strong>dum</strong></span> <span class='ocrx_word' id='word_1_92' title='bbox 770 1168 1079 1227; x_wconf 76' lang='lat' dir='ltr'><strong>canonicam</strong></span> <span class='ocrx_word' id='word_1_93' title='bbox 1127 1168 1499 1227; x_wconf 78' lang='lat' dir='ltr'><strong>auctoritatem</strong></span> <span class='ocrx_word' id='word_1_94' title='bbox 1528 1185 1624 1239; x_wconf 91' lang='lat' dir='ltr'><strong>pro</strong></span> <span class='ocrx_word' id='word_1_95' title='bbox 1649 1186 1714 1225; x_wconf 91' lang='lat' dir='ltr'><strong>eo</strong></span> <span class='ocrx_word' id='word_1_96' title='bbox 1744 1168 2062 1224; x_wconf 87' lang='lat' dir='ltr'><strong>sacriﬁcium</strong></span> <span class='ocrx_word' id='word_1_97' title='bbox 2102 1168 2185 1221; x_wconf 81' lang='lat' dir='ltr'><strong>of-</strong></span> 
     </span>
    </p>
   </div>
   <div class='ocr_carea' id='block_1_14' title="bbox 616 1241 2186 1309">
    <p class='ocr_par' dir='ltr' id='par_1_14' title="bbox 616 1241 2186 1309">
     <span class='ocr_line' id='line_1_14' title="bbox 616 1241 2186 1309; baseline -0.002 -15"><span class='ocrx_word' id='word_1_98' title='bbox 616 1241 740 1295; x_wconf 90' lang='lat' dir='ltr'><strong>ferri</strong></span> <span class='ocrx_word' id='word_1_99' title='bbox 768 1257 873 1297; x_wconf 93' lang='lat' dir='ltr'><strong>non</strong></span> <span class='ocrx_word' id='word_1_100' title='bbox 898 1242 1074 1309; x_wconf 90' lang='lat' dir='ltr'><strong>debet,</strong></span> <span class='ocrx_word' id='word_1_101' title='bbox 1108 1253 1213 1298; x_wconf 88' lang='lat' dir='ltr'><strong>etc.</strong></span> <span class='ocrx_word' id='word_1_102' title='bbox 1239 1260 1259 1293; x_wconf 78' lang='grc' dir='ltr'><strong>ι</strong></span> <span class='ocrx_word' id='word_1_103' title='bbox 1291 1243 1441 1309; x_wconf 82' lang='lat' dir='ltr'><strong>Quod</strong></span> <span class='ocrx_word' id='word_1_104' title='bbox 1463 1241 1764 1297; x_wconf 89' lang='lat' dir='ltr'><strong>confirmari</strong></span> <span class='ocrx_word' id='word_1_105' title='bbox 1797 1250 1976 1308; x_wconf 84' lang='lat' dir='ltr'><strong>posset</strong></span> <span class='ocrx_word' id='word_1_106' title='bbox 2001 1251 2186 1292; x_wconf 79' lang='lat' dir='ltr'><strong>exem-</strong></span> 
     </span>
    </p>
   </div>
   <div class='ocr_carea' id='block_1_15' title="bbox 616 1309 2186 1393">
    <p class='ocr_par' dir='ltr' id='par_1_15' title="bbox 616 1309 2186 1393">
     <span class='ocr_line' id='line_1_15' title="bbox 616 1309 2186 1393; baseline -0.002 -28"><span class='ocrx_word' id='word_1_107' title='bbox 616 1309 704 1378; x_wconf 84' lang='lat' dir='ltr'><strong>plo</strong></span> <span class='ocrx_word' id='word_1_108' title='bbox 733 1312 1215 1393; x_wconf 73' lang='lat' dir='ltr'><strong>sanctimonialium</strong></span> <span class='ocrx_word' id='word_1_109' title='bbox 1236 1328 1367 1384; x_wconf 90' lang='lat' dir='ltr'><strong>quas</strong></span> <span class='ocrx_word' id='word_1_110' title='bbox 1409 1313 1467 1368; x_wconf 91' lang='lat' dir='ltr'><strong>S.</strong></span> <span class='ocrx_word' id='word_1_111' title='bbox 1506 1311 1566 1366; x_wconf 88' lang='lat' dir='ltr'><strong>P.</strong></span> <span class='ocrx_word' id='word_1_112' title='bbox 1600 1310 1921 1366; x_wconf 86' lang='lat' dir='ltr'><strong>Benedictus</strong></span> <span class='ocrx_word' id='word_1_113' title='bbox 1968 1323 2186 1364; x_wconf 86' lang='lat' dir='ltr'><strong>excom-</strong></span> 
     </span>
    </p>
   </div>
   <div class='ocr_carea' id='block_1_16' title="bbox 615 1384 928 1439">
    <p class='ocr_par' dir='ltr' id='par_1_16' title="bbox 615 1384 928 1439">
     <span class='ocr_line' id='line_1_16' title="bbox 615 1384 928 1439; baseline 0.013 -4"><span class='ocrx_word' id='word_1_114' title='bbox 615 1384 928 1439; x_wconf 89' lang='lat' dir='ltr'><strong>municavit.</strong></span> 
     </span>
    </p>
   </div>
   <div class='ocr_carea' id='block_1_17' title="bbox 689 1447 2181 1521">
    <p class='ocr_par' dir='ltr' id='par_1_17' title="bbox 689 1447 2181 1521">
     <span class='ocr_line' id='line_1_17' title="bbox 689 1447 2181 1521; baseline -0.003 -14"><span class='ocrx_word' id='word_1_115' title='bbox 689 1453 921 1507; x_wconf 88' lang='lat' dir='ltr'><strong>Econtra</strong></span> <span class='ocrx_word' id='word_1_116' title='bbox 942 1461 1118 1508; x_wconf 87' lang='lat' dir='ltr'><strong>tamen</strong></span> <span class='ocrx_word' id='word_1_117' title='bbox 1142 1454 1200 1510; x_wconf 92' lang='lat' dir='ltr'><strong>S.</strong></span> <span class='ocrx_word' id='word_1_118' title='bbox 1228 1452 1585 1521; x_wconf 84' lang='lat' dir='ltr'><strong>Hildegardis,</strong></span> <span class='ocrx_word' id='word_1_119' title='bbox 1617 1449 1978 1507; x_wconf 89' lang='lat' dir='ltr'><strong>Columbanus</strong></span> <span class='ocrx_word' id='word_1_120' title='bbox 2000 1447 2181 1505; x_wconf 81' lang='lat' dir='ltr'><strong>Uranx</strong></span> 
     </span>
    </p>
   </div>
   <div class='ocr_carea' id='block_1_18' title="bbox 619 1522 2186 1589">
    <p class='ocr_par' dir='ltr' id='par_1_18' title="bbox 619 1522 2186 1589">
     <span class='ocr_line' id='line_1_18' title="bbox 619 1522 2186 1589; baseline -0.003 -11"><span class='ocrx_word' id='word_1_121' title='bbox 619 1522 676 1578; x_wconf 86' lang='lat' dir='ltr'><strong>in</strong></span> <span class='ocrx_word' id='word_1_122' title='bbox 705 1537 807 1577; x_wconf 88' lang='lat' dir='ltr'><strong>ms.</strong></span> <span class='ocrx_word' id='word_1_123' title='bbox 835 1539 1058 1589; x_wconf 91' lang='lat' dir='ltr'><strong>comm.,</strong></span> <span class='ocrx_word' id='word_1_124' title='bbox 1091 1526 1340 1580; x_wconf 86' lang='lat' dir='ltr'><strong>Silvanus</strong></span> <span class='ocrx_word' id='word_1_125' title='bbox 1364 1524 1520 1577; x_wconf 77' lang='lat' dir='ltr'><strong>Bazzi</strong></span> <span class='ocrx_word' id='word_1_126' title='bbox 1547 1522 1969 1578; x_wconf 89' lang='lat' dir='ltr'><strong>Camaldulensis</strong></span> <span class='ocrx_word' id='word_1_127' title='bbox 2002 1535 2186 1573; x_wconf 85' lang='lat' dir='ltr'><strong>mona-</strong></span> 
     </span>
    </p>
   </div>
   <div class='ocr_carea' id='block_1_19' title="bbox 618 1590 2185 1659">
    <p class='ocr_par' dir='ltr' id='par_1_19' title="bbox 618 1590 2185 1659">
     <span class='ocr_line' id='line_1_19' title="bbox 618 1590 2185 1659; baseline -0.005 -9"><span class='ocrx_word' id='word_1_128' title='bbox 618 1592 773 1659; x_wconf 84' lang='lat' dir='ltr'><strong>chus,</strong></span> <span class='ocrx_word' id='word_1_129' title='bbox 803 1593 1043 1649; x_wconf 79' lang='lat' dir='ltr'><strong>Julianus</strong></span> <span class='ocrx_word' id='word_1_130' title='bbox 1068 1594 1302 1649; x_wconf 80' lang='lat' dir='ltr'><strong>Parisius</strong></span> <span class='ocrx_word' id='word_1_131' title='bbox 1324 1596 1375 1648; x_wconf 91' lang='lat' dir='ltr'><strong>in</strong></span> <span class='ocrx_word' id='word_1_132' title='bbox 1403 1595 1540 1648; x_wconf 87' lang='lat' dir='ltr'><strong>libro</strong></span> <span class='ocrx_word' id='word_1_133' title='bbox 1559 1594 1626 1648; x_wconf 89' lang='lat' dir='ltr'><strong>de</strong></span> <span class='ocrx_word' id='word_1_134' title='bbox 1649 1593 1823 1648; x_wconf 88' lang='lat' dir='ltr'><strong>Prima</strong></span> <span class='ocrx_word' id='word_1_135' title='bbox 1850 1590 2059 1644; x_wconf 78' lang='lat' dir='ltr'><strong>vivendi</strong></span> <span class='ocrx_word' id='word_1_136' title='bbox 2082 1590 2185 1643; x_wconf 80' lang='lat' dir='ltr'><strong>Ba-</strong></span> 
     </span>
    </p>
   </div>
   <div class='ocr_carea' id='block_1_20' title="bbox 619 1660 2178 1733">
    <p class='ocr_par' dir='ltr' id='par_1_20' title="bbox 619 1660 2178 1733">
     <span class='ocr_line' id='line_1_20' title="bbox 619 1660 2178 1733; baseline -0.003 -15"><span class='ocrx_word' id='word_1_137' title='bbox 619 1664 765 1733; x_wconf 83' lang='lat' dir='ltr'><strong>tione</strong></span> <span class='ocrx_word' id='word_1_138' title='bbox 780 1663 1003 1719; x_wconf 89' lang='lat' dir='ltr'><strong>Cisterc.</strong></span> <span class='ocrx_word' id='word_1_139' title='bbox 1020 1674 1157 1733; x_wconf 88' lang='lat' dir='ltr'><strong>part.</strong></span> <span class='ocrx_word' id='word_1_140' title='bbox 1186 1679 1247 1730; x_wconf 88' lang='lat' dir='ltr'><strong>tt,</strong></span> <span class='ocrx_word' id='word_1_141' title='bbox 1271 1680 1322 1719; x_wconf 92' lang='lat' dir='ltr'><strong>c.</strong></span> <span class='ocrx_word' id='word_1_142' title='bbox 1351 1663 1406 1729; x_wconf 82' lang='lat'><strong>6,</strong></span> <span class='ocrx_word' id='word_1_143' title='bbox 1431 1673 1564 1720; x_wconf 87' lang='lat' dir='ltr'><strong>sect.</strong></span> <span class='ocrx_word' id='word_1_144' title='bbox 1597 1663 1659 1730; x_wconf 72' lang='grc' dir='ltr'><strong>ις</strong></span> <span class='ocrx_word' id='word_1_145' title='bbox 1690 1663 1940 1718; x_wconf 88' lang='lat' dir='ltr'><strong>Nicolaus</strong></span> <span class='ocrx_word' id='word_1_146' title='bbox 1958 1660 2178 1733; x_wconf 83' lang='lat' dir='ltr'><strong>Bravus,</strong></span> 
     </span>
    </p>
   </div>
   <div class='ocr_carea' id='block_1_21' title="bbox 619 1731 2175 1795">
    <p class='ocr_par' dir='ltr' id='par_1_21' title="bbox 619 1731 2175 1795">
     <span class='ocr_line' id='line_1_21' title="bbox 619 1731 2175 1795; baseline -0.004 -6"><span class='ocrx_word' id='word_1_147' title='bbox 619 1731 853 1789; x_wconf 82' lang='lat' dir='ltr'><strong>Joannes</strong></span> <span class='ocrx_word' id='word_1_148' title='bbox 901 1731 1043 1789; x_wconf 82' lang='lat' dir='ltr'><strong>Bona</strong></span> <span class='ocrx_word' id='word_1_149' title='bbox 1078 1734 1360 1790; x_wconf 84' lang='lat' dir='ltr'><strong>cardinalis</strong></span> <span class='ocrx_word' id='word_1_150' title='bbox 1389 1733 1457 1789; x_wconf 91' lang='lat' dir='ltr'><strong>de</strong></span> <span class='ocrx_word' id='word_1_151' title='bbox 1510 1734 1697 1788; x_wconf 82' lang='lat' dir='ltr'><strong>Divina</strong></span> <span class='ocrx_word' id='word_1_152' title='bbox 1731 1732 1996 1788; x_wconf 82' lang='lat' dir='ltr'><strong>Psalmod.</strong></span> <span class='ocrx_word' id='word_1_153' title='bbox 2046 1745 2094 1783; x_wconf 87' lang='lat' dir='ltr'><strong>c.</strong></span> <span class='ocrx_word' id='word_1_154' title='bbox 2124 1732 2175 1795; x_wconf 74' lang='lat'><strong>3,</strong></span> 
     </span>
    </p>
   </div>
   <div class='ocr_carea' id='block_1_22' title="bbox 622 1802 2178 1875">
    <p class='ocr_par' dir='ltr' id='par_1_22' title="bbox 622 1802 2178 1875">
     <span class='ocr_line' id='line_1_22' title="bbox 622 1802 2178 1875; baseline -0.001 -18"><span class='ocrx_word' id='word_1_155' title='bbox 622 1803 819 1875; x_wconf 47' lang='grc' dir='ltr'><strong>μαι.</strong></span> <span class='ocrx_word' id='word_1_156' title='bbox 850 1806 903 1871; x_wconf 81' lang='lat' dir='ltr'><strong>l,</strong></span> <span class='ocrx_word' id='word_1_157' title='bbox 937 1814 1158 1860; x_wconf 90' lang='lat' dir='ltr'><strong>censent</strong></span> <span class='ocrx_word' id='word_1_158' title='bbox 1181 1805 1343 1875; x_wconf 81' lang='lat' dir='ltr'><strong>37o</strong></span> <span class='ocrx_word' id='word_1_159' title='bbox 1365 1804 1423 1859; x_wconf 91' lang='lat' dir='ltr'><strong>S.</strong></span> <span class='ocrx_word' id='word_1_160' title='bbox 1451 1803 1792 1859; x_wconf 88' lang='lat' dir='ltr'><strong>Benedictum</strong></span> <span class='ocrx_word' id='word_1_161' title='bbox 1830 1818 1934 1856; x_wconf 92' lang='lat' dir='ltr'><strong>non</strong></span> <span class='ocrx_word' id='word_1_162' title='bbox 1975 1802 2043 1856; x_wconf 92' lang='lat' dir='ltr'><strong>de</strong></span> <span class='ocrx_word' id='word_1_163' title='bbox 2076 1816 2178 1875; x_wconf 86' lang='lat' dir='ltr'><strong>_ec-</strong></span> 
     </span>
    </p>
   </div>
   <div class='ocr_carea' id='block_1_23' title="bbox 623 1872 2185 1942">
    <p class='ocr_par' dir='ltr' id='par_1_23' title="bbox 623 1872 2185 1942">
     <span class='ocr_line' id='line_1_23' title="bbox 623 1872 2185 1942; baseline -0.002 -14"><span class='ocrx_word' id='word_1_164' title='bbox 623 1872 946 1940; x_wconf 85' lang='lat' dir='ltr'><strong>clesiastica,</strong></span> <span class='ocrx_word' id='word_1_165' title='bbox 999 1876 1092 1929; x_wconf 89' lang='lat' dir='ltr'><strong>sed</strong></span> <span class='ocrx_word' id='word_1_166' title='bbox 1119 1872 1458 1942; x_wconf 53' lang='lat' dir='ltr'><strong>de&#39;r&#39;egulari</strong></span> <span class='ocrx_word' id='word_1_167' title='bbox 1508 1885 1706 1929; x_wconf 90' lang='lat' dir='ltr'><strong>tantum</strong></span> <span class='ocrx_word' id='word_1_168' title='bbox 1752 1872 2185 1928; x_wconf 82' lang='lat' dir='ltr'><strong>excommunica-</strong></span> 
     </span>
    </p>
   </div>
   <div class='ocr_carea' id='block_1_24' title="bbox 624 1943 2180 2013">
    <p class='ocr_par' dir='ltr' id='par_1_24' title="bbox 624 1943 2180 2013">
     <span class='ocr_line' id='line_1_24' title="bbox 624 1943 2180 2013; baseline -0.001 -16"><span class='ocrx_word' id='word_1_169' title='bbox 624 1943 771 2000; x_wconf 85' lang='lat' dir='ltr'><strong>tione</strong></span> <span class='ocrx_word' id='word_1_170' title='bbox 793 1944 1023 1999; x_wconf 88' lang='lat' dir='ltr'><strong>locutum</strong></span> <span class='ocrx_word' id='word_1_171' title='bbox 1057 1946 1238 2011; x_wconf 82' lang='lat' dir='ltr'><strong>fuisse,</strong></span> <span class='ocrx_word' id='word_1_172' title='bbox 1270 1946 1351 1999; x_wconf 84' lang='lat' dir='ltr'><strong>his</strong></span> <span class='ocrx_word' id='word_1_173' title='bbox 1376 1946 1640 2013; x_wconf 67' lang='lat' dir='ltr'><strong>praecipue</strong></span> <span class='ocrx_word' id='word_1_174' title='bbox 1666 1945 1773 1999; x_wconf 79' lang='lat' dir='ltr'><strong>nixi</strong></span> <span class='ocrx_word' id='word_1_175' title='bbox 1800 1943 2180 1997; x_wconf 80' lang='lat' dir='ltr'><strong>fundamentis.</strong></span> 
     </span>
    </p>
   </div>
   <div class='ocr_carea' id='block_1_25' title="bbox 696 2013 2182 2083">
    <p class='ocr_par' dir='ltr' id='par_1_25' title="bbox 696 2013 2182 2083">
     <span class='ocr_line' id='line_1_25' title="bbox 696 2013 2182 2083; baseline -0.001 -16"><span class='ocrx_word' id='word_1_176' title='bbox 696 2013 892 2070; x_wconf 87' lang='lat' dir='ltr'><strong>Primo.</strong></span> <span class='ocrx_word' id='word_1_177' title='bbox 925 2016 982 2071; x_wconf 93' lang='lat' dir='ltr'><strong>S.</strong></span> <span class='ocrx_word' id='word_1_178' title='bbox 1014 2016 1347 2078; x_wconf 89' lang='lat' dir='ltr'><strong>Benedictus,</strong></span> <span class='ocrx_word' id='word_1_179' title='bbox 1368 2018 1483 2070; x_wconf 87' lang='lat' dir='ltr'><strong>licet</strong></span> <span class='ocrx_word' id='word_1_180' title='bbox 1510 2030 1613 2069; x_wconf 91' lang='lat' dir='ltr'><strong>non</strong></span> <span class='ocrx_word' id='word_1_181' title='bbox 1648 2016 1941 2083; x_wconf 77' lang='lat' dir='ltr'><strong>presbyter,</strong></span> <span class='ocrx_word' id='word_1_182' title='bbox 1973 2028 2182 2068; x_wconf 83' lang='lat' dir='ltr'><strong>excom-</strong></span> 
     </span>
    </p>
   </div>
   <div class='ocr_carea' id='block_1_26' title="bbox 624 2084 2190 2156">
    <p class='ocr_par' dir='ltr' id='par_1_26' title="bbox 624 2084 2190 2156">
     <span class='ocr_line' id='line_1_26' title="bbox 624 2084 2190 2156; baseline -0.003 -17"><span class='ocrx_word' id='word_1_183' title='bbox 624 2084 925 2156; x_wconf 85' lang='lat' dir='ltr'><strong>municasse</strong></span> <span class='ocrx_word' id='word_1_184' title='bbox 954 2089 1139 2155; x_wconf 68' lang='lat' dir='ltr'><strong>legitur</strong></span> <span class='ocrx_word' id='word_1_185' title='bbox 1170 2088 1221 2140; x_wconf 93' lang='lat' dir='ltr'><strong>in</strong></span> <span class='ocrx_word' id='word_1_186' title='bbox 1254 2087 1345 2140; x_wconf 86' lang='lat' dir='ltr'><strong>lib.</strong></span> <span class='ocrx_word' id='word_1_187' title='bbox 1370 2103 1403 2141; x_wconf 90' lang='grc' dir='ltr'><strong>ιι</strong></span> <span class='ocrx_word' id='word_1_188' title='bbox 1433 2087 1696 2156; x_wconf 85' lang='lat' dir='ltr'><strong>Dialogor.</strong></span> <span class='ocrx_word' id='word_1_189' title='bbox 1731 2086 1787 2142; x_wconf 91' lang='grc'><strong>8.</strong></span> <span class='ocrx_word' id='word_1_190' title='bbox 1814 2086 2053 2152; x_wconf 80' lang='lat' dir='ltr'><strong>Gregorii</strong></span> <span class='ocrx_word' id='word_1_191' title='bbox 2097 2098 2190 2151; x_wconf 89' lang='lat' dir='ltr'><strong>pa-</strong></span> 
     </span>
    </p>
   </div>
   <div class='ocr_carea' id='block_1_27' title="bbox 624 2155 2187 2226">
    <p class='ocr_par' dir='ltr' id='par_1_27' title="bbox 624 2155 2187 2226">
     <span class='ocr_line' id='line_1_27' title="bbox 624 2155 2187 2226; baseline -0.001 -18"><span class='ocrx_word' id='word_1_192' title='bbox 624 2170 727 2224; x_wconf 77' lang='lat' dir='ltr'><strong>pte.</strong></span> <span class='ocrx_word' id='word_1_193' title='bbox 758 2156 861 2210; x_wconf 85' lang='lat' dir='ltr'><strong>Sed</strong></span> <span class='ocrx_word' id='word_1_194' title='bbox 889 2155 988 2209; x_wconf 91' lang='lat' dir='ltr'><strong>hoc</strong></span> <span class='ocrx_word' id='word_1_195' title='bbox 1021 2170 1123 2210; x_wconf 91' lang='lat' dir='ltr'><strong>non</strong></span> <span class='ocrx_word' id='word_1_196' title='bbox 1171 2168 1353 2226; x_wconf 85' lang='lat' dir='ltr'><strong>urget,</strong></span> <span class='ocrx_word' id='word_1_197' title='bbox 1402 2174 1520 2210; x_wconf 90' lang='lat' dir='ltr'><strong>cum</strong></span> <span class='ocrx_word' id='word_1_198' title='bbox 1577 2155 1802 2226; x_wconf 75' lang='lat' dir='ltr'><strong>Simplex</strong></span> <span class='ocrx_word' id='word_1_199' title='bbox 1836 2156 2000 2209; x_wconf 87' lang='lat' dir='ltr'><strong>abbas</strong></span> <span class='ocrx_word' id='word_1_200' title='bbox 2027 2156 2187 2226; x_wconf 85' lang='lat' dir='ltr'><strong>etiam</strong></span> 
     </span>
    </p>
   </div>
   <div class='ocr_carea' id='block_1_28' title="bbox 625 2224 2190 2297">
    <p class='ocr_par' dir='ltr' id='par_1_28' title="bbox 625 2224 2190 2297">
     <span class='ocr_line' id='line_1_28' title="bbox 625 2224 2190 2297; baseline -0.002 -18"><span class='ocrx_word' id='word_1_201' title='bbox 625 2241 732 2280; x_wconf 91' lang='lat' dir='ltr'><strong>non</strong></span> <span class='ocrx_word' id='word_1_202' title='bbox 764 2225 1038 2297; x_wconf 87' lang='lat' dir='ltr'><strong>presbyter</strong></span> <span class='ocrx_word' id='word_1_203' title='bbox 1064 2242 1164 2297; x_wconf 83' lang='lat' dir='ltr'><strong>nec</strong></span> <span class='ocrx_word' id='word_1_204' title='bbox 1188 2224 1498 2282; x_wconf 66' lang='lat' dir='ltr'><strong>benedictus</strong></span> <span class='ocrx_word' id='word_1_205' title='bbox 1517 2268 1531 2289; x_wconf 91' lang='lat'><strong>,</strong></span> <span class='ocrx_word' id='word_1_206' title='bbox 1565 2224 1724 2280; x_wconf 86' lang='lat' dir='ltr'><strong>modo</strong></span> <span class='ocrx_word' id='word_1_207' title='bbox 1745 2227 1814 2280; x_wconf 88' lang='lat' dir='ltr'><strong>sit</strong></span> <span class='ocrx_word' id='word_1_208' title='bbox 1846 2226 2081 2297; x_wconf 59' lang='lat' dir='ltr'><strong>legitime</strong></span> <span class='ocrx_word' id='word_1_209' title='bbox 2109 2224 2190 2297; x_wconf 87' lang='lat' dir='ltr'><strong>in-_-</strong></span> 
     </span>
    </p>
   </div>
   <div class='ocr_carea' id='block_1_29' title="bbox 624 2293 2185 2365">
    <p class='ocr_par' dir='ltr' id='par_1_29' title="bbox 624 2293 2185 2365">
     <span class='ocr_line' id='line_1_29' title="bbox 624 2293 2185 2365; baseline -0.002 -15"><span class='ocrx_word' id='word_1_210' title='bbox 624 2297 839 2350; x_wconf 83' lang='lat' dir='ltr'><strong>Stitutus</strong></span> <span class='ocrx_word' id='word_1_211' title='bbox 864 2293 1308 2363; x_wconf 49' lang='lat' dir='ltr'><strong>et&#39;conﬁrmatus,</strong></span> <span class='ocrx_word' id='word_1_212' title='bbox 1343 2299 1510 2365; x_wconf 66' lang='lat' dir='ltr'><strong>possit</strong></span> <span class='ocrx_word' id='word_1_213' title='bbox 1533 2297 2019 2352; x_wconf 77' lang='lat' dir='ltr'><strong>excommunicare.</strong></span> <span class='ocrx_word' id='word_1_214' title='bbox 2048 2293 2185 2360; x_wconf 88' lang='lat' dir='ltr'><strong>Quid</strong></span> 
     </span>
    </p>
   </div>
   <div class='ocr_carea' id='block_1_30' title="bbox 622 2366 2189 2436">
    <p class='ocr_par' dir='ltr' id='par_1_30' title="bbox 622 2366 2189 2436">
     <span class='ocr_line' id='line_1_30' title="bbox 622 2366 2189 2436; baseline -0.003 -16"><span class='ocrx_word' id='word_1_215' title='bbox 622 2367 765 2435; x_wconf 85' lang='lat' dir='ltr'><strong>quod</strong></span> <span class='ocrx_word' id='word_1_216' title='bbox 802 2368 1026 2436; x_wconf 77' lang='lat' dir='ltr'><strong>simplex</strong></span> <span class='ocrx_word' id='word_1_217' title='bbox 1070 2368 1361 2421; x_wconf 88' lang='lat' dir='ltr'><strong>monachus</strong></span> <span class='ocrx_word' id='word_1_218' title='bbox 1388 2368 1747 2421; x_wconf 83' lang='lat' dir='ltr'><strong>Theodosium</strong></span> <span class='ocrx_word' id='word_1_219' title='bbox 1780 2366 2055 2436; x_wconf 84' lang='lat' dir='ltr'><strong>.lnniorem</strong></span> <span class='ocrx_word' id='word_1_220' title='bbox 2086 2366 2189 2419; x_wconf 86' lang='lat' dir='ltr'><strong>im-</strong></span> 
     </span>
    </p>
   </div>
   <div class='ocr_carea' id='block_1_31' title="bbox 626 2434 2187 2507">
    <p class='ocr_par' dir='ltr' id='par_1_31' title="bbox 626 2434 2187 2507">
     <span class='ocr_line' id='line_1_31' title="bbox 626 2434 2187 2507; baseline -0.003 -17"><span class='ocrx_word' id='word_1_221' title='bbox 626 2434 926 2507; x_wconf 78' lang='lat' dir='ltr'><strong>peratorem</strong></span> <span class='ocrx_word' id='word_1_222' title='bbox 953 2440 1448 2490; x_wconf 76' lang='lat' dir='ltr'><strong>excommunicasse</strong></span> <span class='ocrx_word' id='word_1_223' title='bbox 1486 2438 1675 2507; x_wconf 84' lang='lat' dir='ltr'><strong>legitur</strong></span> <span class='ocrx_word' id='word_1_224' title='bbox 1706 2436 1963 2501; x_wconf 74' lang='lat' dir='ltr'><strong>(Cassiod.</strong></span> <span class='ocrx_word' id='word_1_225' title='bbox 1991 2434 2187 2507; x_wconf 84' lang='lat' dir='ltr'><strong>llistor.</strong></span> 
     </span>
    </p>
   </div>
   <div class='ocr_carea' id='block_1_32' title="bbox 624 2505 2189 2577">
    <p class='ocr_par' dir='ltr' id='par_1_32' title="bbox 624 2505 2189 2577">
     <span class='ocr_line' id='line_1_32' title="bbox 624 2505 2189 2577; baseline -0.001 -19"><span class='ocrx_word' id='word_1_226' title='bbox 624 2505 797 2559; x_wconf 77' lang='lat' dir='ltr'><strong>cccles.</strong></span> <span class='ocrx_word' id='word_1_227' title='bbox 830 2506 1057 2568; x_wconf 79' lang='lat' dir='ltr'><strong>Tripart.</strong></span> <span class='ocrx_word' id='word_1_228' title='bbox 1089 2508 1127 2559; x_wconf 82' lang='grc' dir='ltr'>Ι.</span> <span class='ocrx_word' id='word_1_229' title='bbox 1164 2524 1191 2559; x_wconf 81' lang='lat' dir='ltr'><strong>x</strong></span> <span class='ocrx_word' id='word_1_230' title='bbox 1215 2545 1229 2570; x_wconf 90' lang='lat'><strong>,</strong></span> <span class='ocrx_word' id='word_1_231' title='bbox 1262 2524 1305 2560; x_wconf 77' lang='grc' dir='ltr'>ε.</span> <span class='ocrx_word' id='word_1_232' title='bbox 1330 2507 1459 2573; x_wconf 65' lang='lat'><strong>27)?</strong></span> <span class='ocrx_word' id='word_1_233' title='bbox 1492 2505 1649 2577; x_wconf 71' lang='lat' dir='ltr'><strong>cujus</strong></span> <span class='ocrx_word' id='word_1_234' title='bbox 1674 2506 2189 2577; x_wconf 77' lang='lat' dir='ltr'><strong>exconttutmicatio-</strong></span> 
     </span>
    </p>
   </div>
   <div class='ocr_carea' id='block_1_33' title="bbox 625 2576 2191 2646">
    <p class='ocr_par' dir='ltr' id='par_1_33' title="bbox 625 2576 2191 2646">
     <span class='ocr_line' id='line_1_33' title="bbox 625 2576 2191 2646; baseline 0.001 -18"><span class='ocrx_word' id='word_1_235' title='bbox 625 2590 747 2630; x_wconf 88' lang='lat' dir='ltr'><strong>nem</strong></span> <span class='ocrx_word' id='word_1_236' title='bbox 776 2588 923 2630; x_wconf 86' lang='lat' dir='ltr'><strong>certe</strong></span> <span class='ocrx_word' id='word_1_237' title='bbox 951 2593 1054 2629; x_wconf 90' lang='lat' dir='ltr'><strong>non</strong></span> <span class='ocrx_word' id='word_1_238' title='bbox 1085 2579 1412 2646; x_wconf 89' lang='lat' dir='ltr'><strong>contempsit</strong></span> <span class='ocrx_word' id='word_1_239' title='bbox 1446 2580 1734 2644; x_wconf 82' lang='lat' dir='ltr'><strong>imperator</strong></span> <span class='ocrx_word' id='word_1_240' title='bbox 1758 2623 1772 2644; x_wconf 84' lang='lat'><strong>,</strong></span> <span class='ocrx_word' id='word_1_241' title='bbox 1794 2616 1798 2623; x_wconf 85' lang='lat'><strong>.</strong></span> <span class='ocrx_word' id='word_1_242' title='bbox 1818 2576 1939 2629; x_wconf 85' lang='lat' dir='ltr'><strong>licet</strong></span> <span class='ocrx_word' id='word_1_243' title='bbox 1969 2578 2191 2630; x_wconf 88' lang='lat' dir='ltr'><strong>omnino</strong></span> 
     </span>
    </p>
   </div>
   <div class='ocr_carea' id='block_1_34' title="bbox 626 2647 2190 2771">
    <p class='ocr_par' dir='ltr' id='par_1_34' title="bbox 626 2647 2190 2771">
     <span class='ocr_line' id='line_1_34' title="bbox 626 2647 2190 2771; baseline 0.001 -74"><span class='ocrx_word' id='word_1_244' title='bbox 626 2660 742 2771; x_wconf 58' lang='lat' dir='ltr'><strong>iath</strong></span> <span class='ocrx_word' id='word_1_245' title='bbox 777 2647 1064 2769; x_wconf 44' lang='lat' dir='ltr'><strong>‘itnprobet</strong></span> <span class='ocrx_word' id='word_1_246' title='bbox 1113 2648 1171 2705; x_wconf 99' lang='grc'><strong>8.</strong></span> <span class='ocrx_word' id='word_1_247' title='bbox 1220 2649 1333 2702; x_wconf 89' lang='lat' dir='ltr'><strong>Odo</strong></span> <span class='ocrx_word' id='word_1_248' title='bbox 1383 2649 1545 2701; x_wconf 87' lang='lat' dir='ltr'><strong>abbas</strong></span> <span class='ocrx_word' id='word_1_249' title='bbox 1605 2648 1970 2701; x_wconf 80' lang='lat' dir='ltr'><strong>Cltmiaccnsis</strong></span> <span class='ocrx_word' id='word_1_250' title='bbox 2023 2647 2113 2699; x_wconf 86' lang='lat' dir='ltr'><strong>lib.</strong></span> <span class='ocrx_word' id='word_1_251' title='bbox 2174 2661 2190 2699; x_wconf 93' lang='grc' dir='ltr'><strong>ι</strong></span> 
     </span>
     <span class='ocr_line' id='line_1_35' title="bbox 669 2729 814 2771; baseline 0.021 -3"><span class='ocrx_word' id='word_1_252' title='bbox 669 2729 700 2768; x_wconf 91' lang='lat' dir='ltr'><strong>o</strong></span> <span class='ocrx_word' id='word_1_253' title='bbox 742 2730 770 2769; x_wconf 90' lang='lat' dir='ltr'><strong>a</strong></span> <span class='ocrx_word' id='word_1_254' title='bbox 800 2754 814 2771; x_wconf 94' lang='lat'><strong>.</strong></span> 
     </span>
    </p>
   </div>
   <div class='ocr_carea' id='block_1_35' title="bbox 624 2716 814 2771">
    <p class='ocr_par' dir='ltr' id='par_1_35' title="bbox 624 2716 814 2771">
     <span class='ocr_line' id='line_1_36' title="bbox 624 2716 814 2771; baseline 0.016 -3"><span class='ocrx_word' id='word_1_255' title='bbox 624 2716 814 2771; x_wconf 77' lang='lat' dir='ltr'><strong>Collat.</strong></span> 
     </span>
    </p>
   </div>
   <div class='ocr_carea' id='block_1_36' title="bbox 699 2787 2191 2859">
    <p class='ocr_par' dir='ltr' id='par_1_36' title="bbox 699 2787 2191 2859">
     <span class='ocr_line' id='line_1_37' title="bbox 699 2787 2191 2859; baseline 0.001 -19"><span class='ocrx_word' id='word_1_256' title='bbox 699 2788 967 2859; x_wconf 71' lang='lat' dir='ltr'><strong>Secundo.</strong></span> <span class='ocrx_word' id='word_1_257' title='bbox 1020 2789 1218 2859; x_wconf 82' lang='lat' dir='ltr'><strong>Regula</strong></span> <span class='ocrx_word' id='word_1_258' title='bbox 1270 2790 1326 2843; x_wconf 88' lang='lat' dir='ltr'><strong>S.</strong></span> <span class='ocrx_word' id='word_1_259' title='bbox 1368 2789 1636 2843; x_wconf 84' lang='lat' dir='ltr'><strong>Benedicti</strong></span> <span class='ocrx_word' id='word_1_260' title='bbox 1664 2805 1767 2842; x_wconf 90' lang='lat' dir='ltr'><strong>non</strong></span> <span class='ocrx_word' id='word_1_261' title='bbox 1793 2789 1889 2841; x_wconf 89' lang='lat' dir='ltr'><strong>fuit</strong></span> <span class='ocrx_word' id='word_1_262' title='bbox 1944 2787 2011 2841; x_wconf 88' lang='lat' dir='ltr'><strong>ab</strong></span> <span class='ocrx_word' id='word_1_263' title='bbox 2043 2787 2191 2841; x_wconf 87' lang='lat' dir='ltr'><strong>initio</strong></span> 
     </span>
    </p>
   </div>
   <div class='ocr_carea' id='block_1_37' title="bbox 626 2858 2193 2928">
    <p class='ocr_par' dir='ltr' id='par_1_37' title="bbox 626 2858 2193 2928">
     <span class='ocr_line' id='line_1_38' title="bbox 626 2858 2193 2928; baseline 0.001 -18"><span class='ocrx_word' id='word_1_264' title='bbox 626 2858 912 2925; x_wconf 84' lang='lat' dir='ltr'><strong>approbata</strong></span> <span class='ocrx_word' id='word_1_265' title='bbox 943 2862 1009 2914; x_wconf 89' lang='lat' dir='ltr'><strong>ab</strong></span> <span class='ocrx_word' id='word_1_266' title='bbox 1042 2858 1296 2921; x_wconf 79' lang='lat' dir='ltr'><strong>Ecclesia.</strong></span> <span class='ocrx_word' id='word_1_267' title='bbox 1338 2859 1490 2928; x_wconf 79' lang='lat' dir='ltr'><strong>cujus</strong></span> <span class='ocrx_word' id='word_1_268' title='bbox 1528 2868 1611 2914; x_wconf 87' lang='lat' dir='ltr'><strong>est</strong></span> <span class='ocrx_word' id='word_1_269' title='bbox 1652 2859 1949 2928; x_wconf 89' lang='lat' dir='ltr'><strong>lmjusmudi</strong></span> <span class='ocrx_word' id='word_1_270' title='bbox 1976 2874 2193 2912; x_wconf 70' lang='lat' dir='ltr'><strong>excom-</strong></span> 
     </span>
    </p>
   </div>
   <div class='ocr_carea' id='block_1_38' title="bbox 625 2929 2191 2998">
    <p class='ocr_par' dir='ltr' id='par_1_38' title="bbox 625 2929 2191 2998">
     <span class='ocr_line' id='line_1_39' title="bbox 625 2929 2191 2998; baseline 0.001 -20"><span class='ocrx_word' id='word_1_271' title='bbox 625 2929 927 2998; x_wconf 82' lang='lat' dir='ltr'><strong>municandi</strong></span> <span class='ocrx_word' id='word_1_272' title='bbox 962 2933 1246 2998; x_wconf 65' lang='lat' dir='ltr'><strong>potentiam</strong></span> <span class='ocrx_word' id='word_1_273' title='bbox 1274 2932 1419 2984; x_wconf 87' lang='lat' dir='ltr'><strong>dare.</strong></span> <span class='ocrx_word' id='word_1_274' title='bbox 1473 2930 1607 2985; x_wconf 81' lang='lat' dir='ltr'><strong>Huic</strong></span> <span class='ocrx_word' id='word_1_275' title='bbox 1633 2941 1945 2998; x_wconf 88' lang='lat' dir='ltr'><strong>argumento</strong></span> <span class='ocrx_word' id='word_1_276' title='bbox 1970 2944 2191 2993; x_wconf 90' lang='lat' dir='ltr'><strong>respon-</strong></span> 
     </span>
    </p>
   </div>
   <div class='ocr_carea' id='block_1_39' title="bbox 625 2995 2189 3074">
    <p class='ocr_par' dir='ltr' id='par_1_39' title="bbox 625 2995 2189 3074">
     <span class='ocr_line' id='line_1_40' title="bbox 625 2995 2189 3074; baseline 0.001 -24"><span class='ocrx_word' id='word_1_277' title='bbox 625 2995 719 3074; x_wconf 78' lang='lat' dir='ltr'><strong>det</strong></span> <span class='ocrx_word' id='word_1_278' title='bbox 746 2995 1029 3074; x_wconf 50' lang='lat' dir='ltr'><strong>H_ael’ten&#39;us</strong></span> <span class='ocrx_word' id='word_1_279' title='bbox 1067 3005 1225 3074; x_wconf 72' lang='lat' dir='ltr'><strong>tacite</strong></span> <span class='ocrx_word' id='word_1_280' title='bbox 1254 3001 1636 3074; x_wconf 26' lang='lat' dir='ltr'><strong>approbatamA.</strong></span> <span class='ocrx_word' id='word_1_281' title='bbox 1648 2995 1811 3074; x_wconf 82' lang='lat' dir='ltr'><strong>fuisse</strong></span> <span class='ocrx_word' id='word_1_282' title='bbox 1861 3003 1927 3053; x_wconf 86' lang='lat' dir='ltr'><strong>ab</strong></span> <span class='ocrx_word' id='word_1_283' title='bbox 1956 2998 2189 3053; x_wconf 72' lang='lat' dir='ltr'><strong>Esclesia</strong></span> 
     </span>
    </p>
   </div>
   <div class='ocr_carea' id='block_1_40' title="bbox 628 3067 2187 3139">
    <p class='ocr_par' dir='ltr' id='par_1_40' title="bbox 628 3067 2187 3139">
     <span class='ocr_line' id='line_1_41' title="bbox 628 3067 2187 3139; baseline 0.001 -18"><span class='ocrx_word' id='word_1_284' title='bbox 628 3067 883 3137; x_wconf 76' lang='lat' dir='ltr'><strong>Regulam</strong></span> <span class='ocrx_word' id='word_1_285' title='bbox 900 3070 961 3126; x_wconf 93' lang='lat' dir='ltr'><strong>S.</strong></span> <span class='ocrx_word' id='word_1_286' title='bbox 989 3067 1405 3136; x_wconf 49' lang='lat' dir='ltr'><strong>Ben‘edicti,&#39;nec</strong></span> <span class='ocrx_word' id='word_1_287' title='bbox 1426 3087 1559 3139; x_wconf 87' lang='lat' dir='ltr'><strong>opus</strong></span> <span class='ocrx_word' id='word_1_288' title='bbox 1588 3070 1750 3124; x_wconf 83' lang='lat' dir='ltr'><strong>fuisse</strong></span> <span class='ocrx_word' id='word_1_289' title='bbox 1784 3084 1906 3124; x_wconf 91' lang='lat' dir='ltr'><strong>tunc</strong></span> <span class='ocrx_word' id='word_1_290' title='bbox 1931 3084 2187 3138; x_wconf 62' lang='lat' dir='ltr'><strong>expresso</strong></span> 
     </span>
    </p>
   </div>
   <div class='ocr_carea' id='block_1_41' title="bbox 1944 275 2501 336">
    <p class='ocr_par' dir='ltr' id='par_1_41' title="bbox 1944 275 2501 336">
     <span class='ocr_line' id='line_1_42' title="bbox 1944 275 2501 336; baseline -0.005 -1"><span class='ocrx_word' id='word_1_291' title='bbox 1944 280 1999 336; x_wconf 74' lang='grc' dir='ltr'>Β.</span> <span class='ocrx_word' id='word_1_292' title='bbox 2040 280 2100 334; x_wconf 82' lang='grc' dir='ltr'>Ρ.</span> <span class='ocrx_word' id='word_1_293' title='bbox 2147 275 2501 334; x_wconf 82' lang='lat' dir='ltr'><strong>BENEDICTI</strong></span> 
     </span>
    </p>
   </div>
   <div class='ocr_carea' id='block_1_42' title="bbox 3790 272 3903 329">
    <p class='ocr_par' dir='ltr' id='par_1_42' title="bbox 3790 272 3903 329">
     <span class='ocr_line' id='line_1_43' title="bbox 3790 272 3903 329; baseline 0.018 -3"><span class='ocrx_word' id='word_1_294' title='bbox 3790 272 3903 329; x_wconf 74' lang='grc'><strong>512</strong></span> 
     </span>
    </p>
   </div>
   <div class='ocr_carea' id='block_1_43' title="bbox 2270 387 3895 515">
    <p class='ocr_par' dir='ltr' id='par_1_43' title="bbox 2270 387 3895 515">
     <span class='ocr_line' id='line_1_44' title="bbox 2270 387 3895 515; baseline -0.002 -68"><span class='ocrx_word' id='word_1_295' title='bbox 2270 393 2447 515; x_wconf 51' lang='lat' dir='ltr'><strong>egisse</strong></span> <span class='ocrx_word' id='word_1_296' title='bbox 2479 400 2737 446; x_wconf 84' lang='lat' dir='ltr'><strong>memorat</strong></span> <span class='ocrx_word' id='word_1_297' title='bbox 2777 389 3219 473; x_wconf 32' lang='lat' dir='ltr'><strong>Siliieronymus</strong></span> <span class='ocrx_word' id='word_1_298' title='bbox 3260 387 3345 443; x_wconf 84' lang='lat' dir='ltr'><strong>his</strong></span> <span class='ocrx_word' id='word_1_299' title='bbox 3365 388 3550 445; x_wconf 80' lang='lat' dir='ltr'><strong>verbis</strong></span> <span class='ocrx_word' id='word_1_300' title='bbox 3575 389 3895 460; x_wconf 63' lang='lat' dir='ltr'><strong>(epitaph.</strong></span> 
     </span>
     <span class='ocr_line' id='line_1_45' title="bbox 2338 460 3895 515; baseline 0.001 -1"><span class='ocrx_word' id='word_1_301' title='bbox 2338 462 2522 515; x_wconf 65' lang='lat' dir='ltr'><strong>aulis):</strong></span> <span class='ocrx_word' id='word_1_302' title='bbox 2562 463 2769 515; x_wconf 67' lang='lat' dir='ltr'><strong>«Onam</strong></span> <span class='ocrx_word' id='word_1_303' title='bbox 2812 464 3139 515; x_wconf 80' lang='lat' dir='ltr'><strong>hnanosam.</strong></span> <span class='ocrx_word' id='word_1_304' title='bbox 3193 460 3458 515; x_wconf 82' lang='lat' dir='ltr'><strong>aarrulam</strong></span> <span class='ocrx_word' id='word_1_305' title='bbox 3487 504 3503 515; x_wconf 94' lang='lat'><strong>.</strong></span> <span class='ocrx_word' id='word_1_306' title='bbox 3554 475 3895 515; x_wconf 64' lang='lat' dir='ltr'><strong>amcam.</strong></span> 
     </span>
    </p>
   </div>
   <div class='ocr_carea' id='block_1_44' title="bbox 2338 475 3734 516">
    <p class='ocr_par' dir='ltr' id='par_1_44' title="bbox 2338 475 3734 516">
     <span class='ocr_line' id='line_1_46' title="bbox 2338 475 3734 516; baseline 0.001 -2"><span class='ocrx_word' id='word_1_307' title='bbox 2338 475 2522 516; x_wconf 70' lang='lat' dir='ltr'><strong>(tunc):</strong></span> <span class='ocrx_word' id='word_1_308' title='bbox 2562 475 2769 516; x_wconf 80' lang='lat' dir='ltr'><strong>tunam</strong></span> <span class='ocrx_word' id='word_1_309' title='bbox 2812 475 3139 516; x_wconf 79' lang='lat' dir='ltr'><strong>ltnttttosam.</strong></span> <span class='ocrx_word' id='word_1_310' title='bbox 3193 475 3458 516; x_wconf 68' lang='lat' dir='ltr'><strong>garrulam</strong></span> <span class='ocrx_word' id='word_1_311' title='bbox 3487 504 3503 516; x_wconf 94' lang='lat'><strong>.</strong></span> <span class='ocrx_word' id='word_1_312' title='bbox 3554 475 3734 516; x_wconf 78' lang='lat' dir='ltr'><strong>proca</strong></span> 
     </span>
    </p>
   </div>
   <div class='ocr_carea' id='block_1_45' title="bbox 2284 462 3897 601">
    <p class='ocr_par' dir='ltr' id='par_1_45' title="bbox 2284 462 3897 601">
     <span class='ocr_line' id='line_1_47' title="bbox 2288 462 3897 532; baseline 0.001 -17"><span class='ocrx_word' id='word_1_313' title='bbox 2288 462 2522 529; x_wconf 57' lang='lat' dir='ltr'><strong>Paulle):</strong></span> <span class='ocrx_word' id='word_1_314' title='bbox 2562 463 2769 528; x_wconf 68' lang='lat' dir='ltr'><strong>«Quam</strong></span> <span class='ocrx_word' id='word_1_315' title='bbox 2812 463 3139 532; x_wconf 87' lang='lat' dir='ltr'><strong>linguosam,</strong></span> <span class='ocrx_word' id='word_1_316' title='bbox 3193 462 3458 530; x_wconf 78' lang='lat' dir='ltr'><strong>garrulam</strong></span> <span class='ocrx_word' id='word_1_317' title='bbox 3487 504 3503 527; x_wconf 91' lang='lat'><strong>,</strong></span> <span class='ocrx_word' id='word_1_318' title='bbox 3554 475 3897 529; x_wconf 60' lang='grc' dir='ltr'>ιιι-θείω,</span> 
     </span>
     <span class='ocr_line' id='line_1_48' title="bbox 2284 532 3897 601; baseline -0.002 -15"><span class='ocrx_word' id='word_1_319' title='bbox 2284 532 2521 601; x_wconf 81' lang='lat' dir='ltr'><strong>rixisque</strong></span> <span class='ocrx_word' id='word_1_320' title='bbox 2542 543 2883 601; x_wconf 77' lang='lat' dir='ltr'><strong>perspexerat</strong></span> <span class='ocrx_word' id='word_1_321' title='bbox 2928 532 3204 600; x_wconf 77' lang='lat' dir='ltr'><strong>delecmri,</strong></span> <span class='ocrx_word' id='word_1_322' title='bbox 3249 542 3301 586; x_wconf 89' lang='lat' dir='ltr'><strong>et</strong></span> <span class='ocrx_word' id='word_1_323' title='bbox 3339 532 3537 600; x_wconf 68' lang='lat' dir='ltr'><strong>saepius</strong></span> <span class='ocrx_word' id='word_1_324' title='bbox 3566 538 3897 586; x_wconf 74' lang='lat' dir='ltr'><strong>commoni—</strong></span> 
     </span>
    </p>
   </div>
   <div class='ocr_carea' id='block_1_46' title="bbox 2286 602 3895 669">
    <p class='ocr_par' dir='ltr' id='par_1_46' title="bbox 2286 602 3895 669">
     <span class='ocr_line' id='line_1_49' title="bbox 2286 602 3895 669; baseline 0.001 -14"><span class='ocrx_word' id='word_1_325' title='bbox 2286 611 2391 656; x_wconf 87' lang='lat' dir='ltr'><strong>tam</strong></span> <span class='ocrx_word' id='word_1_326' title='bbox 2417 605 2559 658; x_wconf 90' lang='lat' dir='ltr'><strong>nolle</strong></span> <span class='ocrx_word' id='word_1_327' title='bbox 2586 605 2848 669; x_wconf 89' lang='lat' dir='ltr'><strong>converti,</strong></span> <span class='ocrx_word' id='word_1_328' title='bbox 2878 602 3017 657; x_wconf 91' lang='lat' dir='ltr'><strong>inter</strong></span> <span class='ocrx_word' id='word_1_329' title='bbox 3037 603 3274 665; x_wconf 87' lang='lat' dir='ltr'><strong>ultimas,</strong></span> <span class='ocrx_word' id='word_1_330' title='bbox 3294 612 3514 658; x_wconf 77' lang='lat' dir='ltr'><strong>etextra</strong></span> <span class='ocrx_word' id='word_1_331' title='bbox 3531 612 3895 657; x_wconf 65' lang='lat' dir='ltr'><strong>conventum</strong></span> 
     </span>
    </p>
   </div>
   <div class='ocr_carea' id='block_1_47' title="bbox 2284 672 3896 740">
    <p class='ocr_par' dir='ltr' id='par_1_47' title="bbox 2284 672 3896 740">
     <span class='ocr_line' id='line_1_50' title="bbox 2284 672 3896 740; baseline -0.002 -12"><span class='ocrx_word' id='word_1_332' title='bbox 2284 687 2529 732; x_wconf 83' lang='lat' dir='ltr'><strong>sororum</strong></span> <span class='ocrx_word' id='word_1_333' title='bbox 2558 673 2622 727; x_wconf 91' lang='lat' dir='ltr'><strong>ad</strong></span> <span class='ocrx_word' id='word_1_334' title='bbox 2653 674 2794 727; x_wconf 88' lang='lat' dir='ltr'><strong>fores</strong></span> <span class='ocrx_word' id='word_1_335' title='bbox 2827 672 3039 727; x_wconf 89' lang='lat' dir='ltr'><strong>triclinii</strong></span> <span class='ocrx_word' id='word_1_336' title='bbox 3069 688 3224 727; x_wconf 90' lang='lat' dir='ltr'><strong>orare</strong></span> <span class='ocrx_word' id='word_1_337' title='bbox 3258 672 3521 737; x_wconf 88' lang='lat' dir='ltr'><strong>faciebat,</strong></span> <span class='ocrx_word' id='word_1_338' title='bbox 3565 681 3624 727; x_wconf 85' lang='lat' dir='ltr'><strong>et</strong></span> <span class='ocrx_word' id='word_1_339' title='bbox 3653 687 3896 740; x_wconf 78' lang='lat' dir='ltr'><strong>separa-</strong></span> 
     </span>
    </p>
   </div>
   <div class='ocr_carea' id='block_1_48' title="bbox 2285 742 3899 812">
    <p class='ocr_par' dir='ltr' id='par_1_48' title="bbox 2285 742 3899 812">
     <span class='ocr_line' id='line_1_51' title="bbox 2285 742 3899 812; baseline 0.001 -16"><span class='ocrx_word' id='word_1_340' title='bbox 2285 753 2378 797; x_wconf 74' lang='lat' dir='ltr'><strong>tim</strong></span> <span class='ocrx_word' id='word_1_341' title='bbox 2407 744 2582 798; x_wconf 73' lang='lat' dir='ltr'><strong>citium</strong></span> <span class='ocrx_word' id='word_1_342' title='bbox 2613 758 2848 808; x_wconf 91' lang='lat' dir='ltr'><strong>sumere,</strong></span> <span class='ocrx_word' id='word_1_343' title='bbox 2870 752 2929 797; x_wconf 86' lang='grc' dir='ltr'><strong>ιιι</strong></span> <span class='ocrx_word' id='word_1_344' title='bbox 2952 758 3109 812; x_wconf 90' lang='lat' dir='ltr'><strong>quam</strong></span> <span class='ocrx_word' id='word_1_345' title='bbox 3131 742 3429 812; x_wconf 77' lang='lat' dir='ltr'><strong>obiurgatio</strong></span> <span class='ocrx_word' id='word_1_346' title='bbox 3466 757 3899 812; x_wconf 76' lang='lat' dir='ltr'><strong>noncorrexe-</strong></span> 
     </span>
    </p>
   </div>
   <div class='ocr_carea' id='block_1_49' title="bbox 2285 810 3890 885">
    <p class='ocr_par' dir='ltr' id='par_1_49' title="bbox 2285 810 3890 885">
     <span class='ocr_line' id='line_1_52' title="bbox 2285 810 3890 885; baseline 0.001 -19"><span class='ocrx_word' id='word_1_347' title='bbox 2285 824 2385 885; x_wconf 81' lang='lat' dir='ltr'><strong>rat,</strong></span> <span class='ocrx_word' id='word_1_348' title='bbox 2418 814 2914 885; x_wconf 75' lang='lat' dir='ltr'><strong>emendaret,371</strong></span> <span class='ocrx_word' id='word_1_349' title='bbox 2943 810 3130 881; x_wconf 83' lang='lat' dir='ltr'><strong>pudor.</strong></span> <span class='ocrx_word' id='word_1_350' title='bbox 3157 834 3175 865; x_wconf 76' lang='grc' dir='ltr'><strong>ι</strong></span> <span class='ocrx_word' id='word_1_351' title='bbox 3202 810 3307 885; x_wconf 18' lang='lat' dir='ltr'>:an</span> <span class='ocrx_word' id='word_1_352' title='bbox 3335 813 3539 885; x_wconf 81' lang='lat' dir='ltr'><strong>Regula</strong></span> <span class='ocrx_word' id='word_1_353' title='bbox 3567 810 3890 882; x_wconf 74' lang='lat' dir='ltr'><strong>Cuiusdam</strong></span> 
     </span>
    </p>
   </div>
   <div class='ocr_carea' id='block_1_50' title="bbox 2286 883 3893 955">
    <p class='ocr_par' dir='ltr' id='par_1_50' title="bbox 2286 883 3893 955">
     <span class='ocr_line' id='line_1_53' title="bbox 2286 883 3893 955; baseline 0.001 -18"><span class='ocrx_word' id='word_1_354' title='bbox 2286 884 2351 938; x_wconf 92' lang='lat' dir='ltr'><strong>ad</strong></span> <span class='ocrx_word' id='word_1_355' title='bbox 2383 884 2613 953; x_wconf 86' lang='lat' dir='ltr'><strong>virgines</strong></span> <span class='ocrx_word' id='word_1_356' title='bbox 2658 883 2964 939; x_wconf 63' lang='lat' dir='ltr'><strong>decernitur</strong></span> <span class='ocrx_word' id='word_1_357' title='bbox 3016 885 3169 955; x_wconf 85' lang='lat' dir='ltr'><strong>(Cap.</strong></span> <span class='ocrx_word' id='word_1_358' title='bbox 3193 883 3289 954; x_wconf 86' lang='lat'><strong>6),</strong></span> <span class='ocrx_word' id='word_1_359' title='bbox 3333 894 3389 938; x_wconf 93' lang='lat' dir='ltr'><strong>ut</strong></span> <span class='ocrx_word' id='word_1_360' title='bbox 3447 902 3465 935; x_wconf 84' lang='grc' dir='ltr'><strong>ι</strong></span> <span class='ocrx_word' id='word_1_361' title='bbox 3501 883 3590 937; x_wconf 65' lang='lat' dir='ltr'><strong>hac</strong></span> <span class='ocrx_word' id='word_1_362' title='bbox 3652 898 3893 938; x_wconf 83' lang='lat' dir='ltr'><strong>sorores</strong></span> 
     </span>
    </p>
   </div>
   <div class='ocr_carea' id='block_1_51' title="bbox 2284 954 3890 1024">
    <p class='ocr_par' dir='ltr' id='par_1_51' title="bbox 2284 954 3890 1024">
     <span class='ocr_line' id='line_1_54' title="bbox 2284 954 3890 1024; baseline 0.002 -19"><span class='ocrx_word' id='word_1_363' title='bbox 2284 969 2402 1023; x_wconf 70' lang='lat' dir='ltr'><strong>qua:</strong></span> <span class='ocrx_word' id='word_1_364' title='bbox 2430 970 2525 1020; x_wconf 89' lang='lat' dir='ltr'><strong>pro</strong></span> <span class='ocrx_word' id='word_1_365' title='bbox 2553 956 2803 1020; x_wconf 77' lang='lat' dir='ltr'><strong>gravibus</strong></span> <span class='ocrx_word' id='word_1_366' title='bbox 2829 956 3003 1024; x_wconf 84' lang='lat' dir='ltr'><strong>culpis</strong></span> <span class='ocrx_word' id='word_1_367' title='bbox 3032 956 3085 1010; x_wconf 92' lang='lat' dir='ltr'><strong>in</strong></span> <span class='ocrx_word' id='word_1_368' title='bbox 3119 956 3429 1024; x_wconf 65' lang='lat' dir='ltr'><strong>paenitentia</strong></span> <span class='ocrx_word' id='word_1_369' title='bbox 3456 954 3890 1015; x_wconf 81' lang='lat' dir='ltr'><strong>detinentur.ia</strong></span> 
     </span>
    </p>
   </div>
   <div class='ocr_carea' id='block_1_52' title="bbox 2284 1026 3888 1095">
    <p class='ocr_par' dir='ltr' id='par_1_52' title="bbox 2284 1026 3888 1095">
     <span class='ocr_line' id='line_1_55' title="bbox 2284 1026 3888 1095; baseline -0.002 -17"><span class='ocrx_word' id='word_1_370' title='bbox 2284 1026 2510 1079; x_wconf 88' lang='lat' dir='ltr'><strong>ecclesia</strong></span> <span class='ocrx_word' id='word_1_371' title='bbox 2535 1040 2655 1078; x_wconf 91' lang='lat' dir='ltr'><strong>cum</strong></span> <span class='ocrx_word' id='word_1_372' title='bbox 2695 1028 2905 1080; x_wconf 76' lang='lat' dir='ltr'><strong>caeteris</strong></span> <span class='ocrx_word' id='word_1_373' title='bbox 2930 1042 3052 1095; x_wconf 68' lang='lat' dir='ltr'><strong>quae</strong></span> <span class='ocrx_word' id='word_1_374' title='bbox 3092 1027 3487 1080; x_wconf 87' lang='lat' dir='ltr'><strong>communicant</strong></span> <span class='ocrx_word' id='word_1_375' title='bbox 3534 1041 3649 1078; x_wconf 89' lang='lat' dir='ltr'><strong>non</strong></span> <span class='ocrx_word' id='word_1_376' title='bbox 3690 1036 3888 1095; x_wconf 71' lang='lat' dir='ltr'><strong>stent,</strong></span> 
     </span>
    </p>
   </div>
   <div class='ocr_carea' id='block_1_53' title="bbox 2284 1094 3887 1151">
    <p class='ocr_par' dir='ltr' id='par_1_53' title="bbox 2284 1094 3887 1151">
     <span class='ocr_line' id='line_1_56' title="bbox 2284 1094 3887 1151; baseline 0.001 -4"><span class='ocrx_word' id='word_1_377' title='bbox 2284 1095 2379 1149; x_wconf 89' lang='lat' dir='ltr'><strong>sed</strong></span> <span class='ocrx_word' id='word_1_378' title='bbox 2411 1097 2463 1148; x_wconf 91' lang='lat' dir='ltr'><strong>in</strong></span> <span class='ocrx_word' id='word_1_379' title='bbox 2493 1096 2593 1149; x_wconf 89' lang='lat' dir='ltr'><strong>alia</strong></span> <span class='ocrx_word' id='word_1_380' title='bbox 2618 1097 2843 1150; x_wconf 82' lang='lat' dir='ltr'><strong>ecclesia</strong></span> <span class='ocrx_word' id='word_1_381' title='bbox 2873 1094 3080 1151; x_wconf 81' lang='lat' dir='ltr'><strong>scerete</strong></span> <span class='ocrx_word' id='word_1_382' title='bbox 3103 1112 3316 1151; x_wconf 87' lang='lat' dir='ltr'><strong>cursum</strong></span> <span class='ocrx_word' id='word_1_383' title='bbox 3346 1105 3585 1150; x_wconf 80' lang='lat' dir='ltr'><strong>cantent.</strong></span> <span class='ocrx_word' id='word_1_384' title='bbox 3622 1115 3645 1146; x_wconf 76' lang='grc' dir='ltr'><strong>ι</strong></span> <span class='ocrx_word' id='word_1_385' title='bbox 3676 1094 3792 1150; x_wconf 83' lang='lat' dir='ltr'><strong>Sed</strong></span> <span class='ocrx_word' id='word_1_386' title='bbox 3819 1096 3887 1149; x_wconf 85' lang='lat' dir='ltr'><strong>de</strong></span> 
     </span>
    </p>
   </div>
   <div class='ocr_carea' id='block_1_54' title="bbox 2286 1164 3889 1234">
    <p class='ocr_par' dir='ltr' id='par_1_54' title="bbox 2286 1164 3889 1234">
     <span class='ocr_line' id='line_1_57' title="bbox 2286 1164 3889 1234; baseline -0.001 -16"><span class='ocrx_word' id='word_1_387' title='bbox 2286 1165 2369 1219; x_wconf 89' lang='lat' dir='ltr'><strong>his</strong></span> <span class='ocrx_word' id='word_1_388' title='bbox 2405 1166 2554 1219; x_wconf 87' lang='lat' dir='ltr'><strong>satis.</strong></span> <span class='ocrx_word' id='word_1_389' title='bbox 2608 1164 2896 1234; x_wconf 88' lang='lat' dir='ltr'><strong>Utriusque</strong></span> <span class='ocrx_word' id='word_1_390' title='bbox 2939 1169 3216 1222; x_wconf 81' lang='lat' dir='ltr'><strong>sententia:</strong></span> <span class='ocrx_word' id='word_1_391' title='bbox 3260 1174 3578 1232; x_wconf 81' lang='lat' dir='ltr'><strong>argumenta</strong></span> <span class='ocrx_word' id='word_1_392' title='bbox 3611 1167 3889 1234; x_wconf 80' lang='lat' dir='ltr'><strong>proponi-</strong></span> 
     </span>
    </p>
   </div>
   <div class='ocr_carea' id='block_1_55' title="bbox 2285 1235 3888 1307">
    <p class='ocr_par' dir='ltr' id='par_1_55' title="bbox 2285 1235 3888 1307">
     <span class='ocr_line' id='line_1_58' title="bbox 2285 1235 3888 1307; baseline 0.002 -19"><span class='ocrx_word' id='word_1_393' title='bbox 2285 1250 2421 1301; x_wconf 88' lang='lat' dir='ltr'><strong>mus,</strong></span> <span class='ocrx_word' id='word_1_394' title='bbox 2450 1245 2506 1289; x_wconf 92' lang='lat' dir='ltr'><strong>ut</strong></span> <span class='ocrx_word' id='word_1_395' title='bbox 2528 1236 2754 1307; x_wconf 88' lang='lat' dir='ltr'><strong>liberum</strong></span> <span class='ocrx_word' id='word_1_396' title='bbox 2778 1238 3142 1307; x_wconf 86' lang='lat' dir='ltr'><strong>situnicnique</strong></span> <span class='ocrx_word' id='word_1_397' title='bbox 3168 1253 3322 1305; x_wconf 83' lang='lat' dir='ltr'><strong>quam</strong></span> <span class='ocrx_word' id='word_1_398' title='bbox 3353 1235 3585 1289; x_wconf 88' lang='lat' dir='ltr'><strong>voluerit</strong></span> <span class='ocrx_word' id='word_1_399' title='bbox 3607 1236 3888 1304; x_wconf 79' lang='lat' dir='ltr'><strong>amplecti</strong></span> 
     </span>
    </p>
   </div>
   <div class='ocr_carea' id='block_1_56' title="bbox 2283 1306 3514 1376">
    <p class='ocr_par' dir='ltr' id='par_1_56' title="bbox 2283 1306 3514 1376">
     <span class='ocr_line' id='line_1_59' title="bbox 2283 1306 3514 1376; baseline -0.001 -16"><span class='ocrx_word' id='word_1_400' title='bbox 2283 1310 2623 1376; x_wconf 80' lang='lat' dir='ltr'><strong>sententiam.</strong></span> <span class='ocrx_word' id='word_1_401' title='bbox 2668 1306 2746 1360; x_wconf 83' lang='lat' dir='ltr'><strong>Ad</strong></span> <span class='ocrx_word' id='word_1_402' title='bbox 2780 1307 2992 1376; x_wconf 60' lang='lat' dir='ltr'><strong>Regula:</strong></span> <span class='ocrx_word' id='word_1_403' title='bbox 3022 1306 3226 1363; x_wconf 79' lang='lat' dir='ltr'><strong>textum</strong></span> <span class='ocrx_word' id='word_1_404' title='bbox 3254 1316 3514 1361; x_wconf 84' lang='lat' dir='ltr'><strong>revertor.</strong></span> 
     </span>
    </p>
   </div>
   <div class='ocr_carea' id='block_1_57' title="bbox 2360 1375 3885 1449">
    <p class='ocr_par' dir='ltr' id='par_1_57' title="bbox 2360 1375 3885 1449">
     <span class='ocr_line' id='line_1_60' title="bbox 2360 1375 3885 1449; baseline -0.001 -19"><span class='ocrx_word' id='word_1_405' title='bbox 2417 1375 2551 1449; x_wconf 73' lang='lat' dir='ltr'><strong>ullus</strong></span> <span class='ocrx_word' id='word_1_406' title='bbox 2567 1377 2616 1449; x_wconf 72' lang='lat' dir='ltr'><strong>ei</strong></span> <span class='ocrx_word' id='word_1_407' title='bbox 2638 1375 2933 1449; x_wconf 25' lang='lat' dir='ltr'><strong>[iatrum’in</strong></span> <span class='ocrx_word' id='word_1_408' title='bbox 2956 1378 3063 1431; x_wconf 75' lang='lat' dir='ltr'><strong>ullo</strong></span> <span class='ocrx_word' id='word_1_409' title='bbox 3077 1380 3328 1449; x_wconf 79' lang='lat' dir='ltr'><strong>jungatur</strong></span> <span class='ocrx_word' id='word_1_410' title='bbox 3349 1375 3610 1449; x_wconf 63' lang='lat' dir='ltr'><strong>coosorlio</strong></span> <span class='ocrx_word' id='word_1_411' title='bbox 3636 1393 3817 1445; x_wconf 65' lang='lat' dir='ltr'><strong>nequ</strong></span> <span class='ocrx_word' id='word_1_412' title='bbox 3833 1379 3885 1433; x_wconf 82' lang='grc' dir='ltr'>ἱιι</span> 
     </span>
    </p>
   </div>
   <div class='ocr_carea' id='block_1_58' title="bbox 2284 1445 3882 1517">
    <p class='ocr_par' dir='ltr' id='par_1_58' title="bbox 2284 1445 3882 1517">
     <span class='ocr_line' id='line_1_61' title="bbox 2284 1445 3882 1517; baseline 0.003 -18"><span class='ocrx_word' id='word_1_413' title='bbox 2284 1445 2583 1517; x_wconf 56' lang='lat' dir='ltr'><strong>colloquia]</strong></span> <span class='ocrx_word' id='word_1_414' title='bbox 2634 1447 2764 1501; x_wconf 86' lang='lat' dir='ltr'><strong>Nam</strong></span> <span class='ocrx_word' id='word_1_415' title='bbox 2800 1466 2820 1499; x_wconf 75' lang='grc' dir='ltr'><strong>ι</strong></span> <span class='ocrx_word' id='word_1_416' title='bbox 2846 1462 2966 1501; x_wconf 91' lang='lat' dir='ltr'><strong>cum</strong></span> <span class='ocrx_word' id='word_1_417' title='bbox 2998 1445 3239 1502; x_wconf 79' lang='lat' dir='ltr'><strong>inimicus</strong></span> <span class='ocrx_word' id='word_1_418' title='bbox 3270 1448 3361 1501; x_wconf 85' lang='lat' dir='ltr'><strong>Dei</strong></span> <span class='ocrx_word' id='word_1_419' title='bbox 3390 1447 3745 1514; x_wconf 78' lang='lat' dir='ltr'><strong>designatur,</strong></span> <span class='ocrx_word' id='word_1_420' title='bbox 3777 1465 3882 1503; x_wconf 79' lang='lat' dir='ltr'><strong>non</strong></span> 
     </span>
    </p>
   </div>
   <div class='ocr_carea' id='block_1_59' title="bbox 2284 1517 3886 1581">
    <p class='ocr_par' dir='ltr' id='par_1_59' title="bbox 2284 1517 3886 1581">
     <span class='ocr_line' id='line_1_62' title="bbox 2284 1517 3886 1581; baseline 0.001 -10"><span class='ocrx_word' id='word_1_421' title='bbox 2284 1517 2438 1571; x_wconf 90' lang='lat' dir='ltr'><strong>debet</strong></span> <span class='ocrx_word' id='word_1_422' title='bbox 2464 1532 2526 1570; x_wconf 79' lang='lat' dir='ltr'><strong>ex</strong></span> <span class='ocrx_word' id='word_1_423' title='bbox 2559 1518 2646 1571; x_wconf 88' lang='lat' dir='ltr'><strong>illa</strong></span> <span class='ocrx_word' id='word_1_424' title='bbox 2676 1517 2800 1571; x_wconf 78' lang='lat' dir='ltr'><strong>hora</strong></span> <span class='ocrx_word' id='word_1_425' title='bbox 2827 1519 2935 1581; x_wconf 89' lang='lat' dir='ltr'><strong>jam</strong></span> <span class='ocrx_word' id='word_1_426' title='bbox 2971 1517 3217 1572; x_wconf 87' lang='lat' dir='ltr'><strong>fratribus</strong></span> <span class='ocrx_word' id='word_1_427' title='bbox 3246 1532 3364 1573; x_wconf 90' lang='lat' dir='ltr'><strong>esse</strong></span> <span class='ocrx_word' id='word_1_428' title='bbox 3391 1519 3622 1578; x_wconf 89' lang='lat' dir='ltr'><strong>amicus,</strong></span> <span class='ocrx_word' id='word_1_429' title='bbox 3666 1537 3689 1569; x_wconf 75' lang='grc' dir='ltr'><strong>ι</strong></span> <span class='ocrx_word' id='word_1_430' title='bbox 3732 1530 3789 1570; x_wconf 88' lang='grc' dir='ltr'><strong>ιιι</strong></span> <span class='ocrx_word' id='word_1_431' title='bbox 3814 1522 3886 1572; x_wconf 84' lang='grc' dir='ltr'><strong>Ιο-</strong></span> 
     </span>
    </p>
   </div>
   <div class='ocr_carea' id='block_1_60' title="bbox 2282 1587 3887 1656">
    <p class='ocr_par' dir='ltr' id='par_1_60' title="bbox 2282 1587 3887 1656">
     <span class='ocr_line' id='line_1_63' title="bbox 2282 1587 3887 1656; baseline 0.002 -17"><span class='ocrx_word' id='word_1_432' title='bbox 2282 1588 2462 1654; x_wconf 85' lang='lat' dir='ltr'><strong>quitur</strong></span> <span class='ocrx_word' id='word_1_433' title='bbox 2488 1588 2734 1656; x_wconf 84' lang='lat' dir='ltr'><strong>Magister</strong></span> <span class='ocrx_word' id='word_1_434' title='bbox 2783 1587 2923 1654; x_wconf 85' lang='lat' dir='ltr'><strong>(Cap.</strong></span> <span class='ocrx_word' id='word_1_435' title='bbox 2962 1588 3073 1645; x_wconf 73' lang='grc'><strong>15).</strong></span> <span class='ocrx_word' id='word_1_436' title='bbox 3128 1590 3201 1643; x_wconf 87' lang='lat' dir='ltr'><strong>Ita</strong></span> <span class='ocrx_word' id='word_1_437' title='bbox 3250 1590 3408 1643; x_wconf 89' lang='lat' dir='ltr'><strong>etiam</strong></span> <span class='ocrx_word' id='word_1_438' title='bbox 3461 1587 3521 1641; x_wconf 91' lang='grc'><strong>8.</strong></span> <span class='ocrx_word' id='word_1_439' title='bbox 3547 1589 3887 1643; x_wconf 79' lang='lat' dir='ltr'><strong>Aurelianus</strong></span> 
     </span>
    </p>
   </div>
   <div class='ocr_carea' id='block_1_61' title="bbox 2283 1656 3887 1728">
    <p class='ocr_par' dir='ltr' id='par_1_61' title="bbox 2283 1656 3887 1728">
     <span class='ocr_line' id='line_1_64' title="bbox 2283 1656 3887 1728; baseline 0.001 -16"><span class='ocrx_word' id='word_1_440' title='bbox 2283 1657 2437 1728; x_wconf 83' lang='lat' dir='ltr'><strong>(Cap.</strong></span> <span class='ocrx_word' id='word_1_441' title='bbox 2460 1656 2550 1726; x_wconf 80' lang='grc'><strong>56)</strong></span> <span class='ocrx_word' id='word_1_442' title='bbox 2575 1675 2589 1709; x_wconf 89' lang='lat'><strong>:</strong></span> <span class='ocrx_word' id='word_1_443' title='bbox 2624 1678 2642 1709; x_wconf 79' lang='grc' dir='ltr'><strong>ι</strong></span> <span class='ocrx_word' id='word_1_444' title='bbox 2671 1658 2807 1712; x_wconf 81' lang='lat' dir='ltr'><strong>Nulli</strong></span> <span class='ocrx_word' id='word_1_445' title='bbox 2843 1659 2997 1712; x_wconf 88' lang='lat' dir='ltr'><strong>liceat</strong></span> <span class='ocrx_word' id='word_1_446' title='bbox 3026 1660 3163 1728; x_wconf 84' lang='lat' dir='ltr'><strong>loqui</strong></span> <span class='ocrx_word' id='word_1_447' title='bbox 3192 1674 3310 1713; x_wconf 90' lang='lat' dir='ltr'><strong>cum</strong></span> <span class='ocrx_word' id='word_1_448' title='bbox 3342 1659 3433 1712; x_wconf 82' lang='lat' dir='ltr'><strong>illo</strong></span> <span class='ocrx_word' id='word_1_449' title='bbox 3461 1658 3553 1724; x_wconf 90' lang='lat' dir='ltr'><strong>qui</strong></span> <span class='ocrx_word' id='word_1_450' title='bbox 3589 1658 3771 1711; x_wconf 86' lang='lat' dir='ltr'><strong>fuerit</strong></span> <span class='ocrx_word' id='word_1_451' title='bbox 3792 1673 3887 1714; x_wconf 62' lang='lat' dir='ltr'><strong>ex:</strong></span> 
     </span>
    </p>
   </div>
   <div class='ocr_carea' id='block_1_62' title="bbox 2284 1728 3885 1796">
    <p class='ocr_par' dir='ltr' id='par_1_62' title="bbox 2284 1728 3885 1796">
     <span class='ocr_line' id='line_1_65' title="bbox 2284 1728 3885 1796; baseline 0.002 -15"><span class='ocrx_word' id='word_1_452' title='bbox 2284 1731 2723 1789; x_wconf 86' lang='lat' dir='ltr'><strong>communieatus,</strong></span> <span class='ocrx_word' id='word_1_453' title='bbox 2757 1739 2947 1793; x_wconf 68' lang='lat' dir='ltr'><strong>pra&#39;ter</strong></span> <span class='ocrx_word' id='word_1_454' title='bbox 2972 1745 3092 1783; x_wconf 89' lang='lat' dir='ltr'><strong>eum</strong></span> <span class='ocrx_word' id='word_1_455' title='bbox 3121 1746 3276 1796; x_wconf 83' lang='lat' dir='ltr'><strong>quem</strong></span> <span class='ocrx_word' id='word_1_456' title='bbox 3310 1730 3365 1783; x_wconf 90' lang='lat' dir='ltr'><strong>S.</strong></span> <span class='ocrx_word' id='word_1_457' title='bbox 3394 1728 3566 1782; x_wconf 77' lang='lat' dir='ltr'><strong>abbas</strong></span> <span class='ocrx_word' id='word_1_458' title='bbox 3593 1730 3885 1785; x_wconf 72' lang='lat' dir='ltr'><strong>custodela</strong></span> 
     </span>
    </p>
   </div>
   <div class='ocr_carea' id='block_1_63' title="bbox 2288 1797 3885 1870">
    <p class='ocr_par' dir='ltr' id='par_1_63' title="bbox 2288 1797 3885 1870">
     <span class='ocr_line' id='line_1_66' title="bbox 2288 1797 3885 1870; baseline 0.003 -19"><span class='ocrx_word' id='word_1_459' title='bbox 2288 1797 2514 1852; x_wconf 87' lang='lat' dir='ltr'><strong>dederit.</strong></span> <span class='ocrx_word' id='word_1_460' title='bbox 2550 1819 2567 1850; x_wconf 77' lang='grc' dir='ltr'><strong>ι</strong></span> <span class='ocrx_word' id='word_1_461' title='bbox 2621 1800 2675 1855; x_wconf 91' lang='grc'><strong>8.</strong></span> <span class='ocrx_word' id='word_1_462' title='bbox 2705 1799 2936 1853; x_wconf 90' lang='lat' dir='ltr'><strong>Isidorus</strong></span> <span class='ocrx_word' id='word_1_463' title='bbox 2966 1800 3115 1870; x_wconf 81' lang='lat' dir='ltr'><strong>(Cap.</strong></span> <span class='ocrx_word' id='word_1_464' title='bbox 3143 1801 3232 1868; x_wconf 82' lang='grc'><strong>17)</strong></span> <span class='ocrx_word' id='word_1_465' title='bbox 3266 1816 3277 1851; x_wconf 92' lang='lat'>:</span> <span class='ocrx_word' id='word_1_466' title='bbox 3331 1819 3351 1851; x_wconf 77' lang='grc' dir='ltr'><strong>ι</strong></span> <span class='ocrx_word' id='word_1_467' title='bbox 3384 1799 3463 1853; x_wconf 84' lang='lat' dir='ltr'><strong>Ad</strong></span> <span class='ocrx_word' id='word_1_468' title='bbox 3491 1804 3885 1854; x_wconf 76' lang='lat' dir='ltr'><strong>excommuni-</strong></span> 
     </span>
    </p>
   </div>
   <div class='ocr_carea' id='block_1_64' title="bbox 2290 1870 3883 1940">
    <p class='ocr_par' dir='ltr' id='par_1_64' title="bbox 2290 1870 3883 1940">
     <span class='ocr_line' id='line_1_67' title="bbox 2290 1870 3883 1940; baseline 0.003 -19"><span class='ocrx_word' id='word_1_469' title='bbox 2290 1879 2463 1922; x_wconf 89' lang='lat' dir='ltr'><strong>catum</strong></span> <span class='ocrx_word' id='word_1_470' title='bbox 2507 1870 2632 1923; x_wconf 89' lang='lat' dir='ltr'><strong>nulli</strong></span> <span class='ocrx_word' id='word_1_471' title='bbox 2665 1870 2817 1923; x_wconf 88' lang='lat' dir='ltr'><strong>liceat</strong></span> <span class='ocrx_word' id='word_1_472' title='bbox 2860 1871 3060 1939; x_wconf 87' lang='lat' dir='ltr'><strong>ingredi</strong></span> <span class='ocrx_word' id='word_1_473' title='bbox 3101 1871 3234 1924; x_wconf 91' lang='lat' dir='ltr'><strong>citra</strong></span> <span class='ocrx_word' id='word_1_474' title='bbox 3266 1871 3547 1940; x_wconf 84' lang='lat' dir='ltr'><strong>imperium</strong></span> <span class='ocrx_word' id='word_1_475' title='bbox 3600 1871 3883 1926; x_wconf 79' lang='lat' dir='ltr'><strong>senioris:</strong></span> 
     </span>
    </p>
   </div>
   <div class='ocr_carea' id='block_1_65' title="bbox 2288 1939 3883 2012">
    <p class='ocr_par' dir='ltr' id='par_1_65' title="bbox 2288 1939 3883 2012">
     <span class='ocr_line' id='line_1_68' title="bbox 2288 1939 3883 2012; baseline 0.003 -21"><span class='ocrx_word' id='word_1_476' title='bbox 2288 1953 2408 1991; x_wconf 91' lang='lat' dir='ltr'><strong>cum</strong></span> <span class='ocrx_word' id='word_1_477' title='bbox 2440 1941 2899 2012; x_wconf 54' lang='lat' dir='ltr'><strong>excommunican</strong></span> <span class='ocrx_word' id='word_1_478' title='bbox 2935 1956 3107 2009; x_wconf 87' lang='lat' dir='ltr'><strong>neque</strong></span> <span class='ocrx_word' id='word_1_479' title='bbox 3135 1956 3311 2005; x_wconf 90' lang='lat' dir='ltr'><strong>orare,</strong></span> <span class='ocrx_word' id='word_1_480' title='bbox 3355 1956 3529 2012; x_wconf 74' lang='lat' dir='ltr'><strong>neque</strong></span> <span class='ocrx_word' id='word_1_481' title='bbox 3575 1939 3734 2009; x_wconf 85' lang='lat' dir='ltr'><strong>loqui</strong></span> <span class='ocrx_word' id='word_1_482' title='bbox 3779 1945 3883 1996; x_wconf 79' lang='lat' dir='ltr'><strong>eai-</strong></span> 
     </span>
    </p>
   </div>
   <div class='ocr_carea' id='block_1_66' title="bbox 2290 2010 3884 2082">
    <p class='ocr_par' dir='ltr' id='par_1_66' title="bbox 2290 2010 3884 2082">
     <span class='ocr_line' id='line_1_69' title="bbox 2290 2010 3884 2082; baseline 0 -19"><span class='ocrx_word' id='word_1_483' title='bbox 2290 2026 2458 2082; x_wconf 81' lang='lat' dir='ltr'><strong>quam</strong></span> <span class='ocrx_word' id='word_1_484' title='bbox 2482 2010 2680 2065; x_wconf 62' lang='lat' dir='ltr'><strong>licebit.</strong></span> <span class='ocrx_word' id='word_1_485' title='bbox 2722 2030 2741 2062; x_wconf 84' lang='grc' dir='ltr'><strong>ι</strong></span> <span class='ocrx_word' id='word_1_486' title='bbox 2778 2011 2832 2065; x_wconf 90' lang='lat' dir='ltr'><strong>S.</strong></span> <span class='ocrx_word' id='word_1_487' title='bbox 2851 2010 3185 2082; x_wconf 71' lang='lat' dir='ltr'><strong>Fructuosus</strong></span> <span class='ocrx_word' id='word_1_488' title='bbox 3219 2010 3558 2066; x_wconf 84' lang='lat' dir='ltr'><strong>Bracarcusis</strong></span> <span class='ocrx_word' id='word_1_489' title='bbox 3592 2012 3884 2082; x_wconf 74' lang='lat' dir='ltr'><strong>episcopus</strong></span> 
     </span>
    </p>
   </div>
   <div class='ocr_carea' id='block_1_67' title="bbox 2290 2080 3883 2152">
    <p class='ocr_par' dir='ltr' id='par_1_67' title="bbox 2290 2080 3883 2152">
     <span class='ocr_line' id='line_1_70' title="bbox 2290 2080 3883 2152; baseline 0.003 -20"><span class='ocrx_word' id='word_1_490' title='bbox 2290 2080 2343 2132; x_wconf 90' lang='lat' dir='ltr'><strong>in</strong></span> <span class='ocrx_word' id='word_1_491' title='bbox 2372 2080 2549 2152; x_wconf 84' lang='lat' dir='ltr'><strong>prima</strong></span> <span class='ocrx_word' id='word_1_492' title='bbox 2580 2082 2777 2151; x_wconf 71' lang='lat' dir='ltr'><strong>liegnla</strong></span> <span class='ocrx_word' id='word_1_493' title='bbox 2810 2081 2956 2149; x_wconf 77' lang='lat' dir='ltr'><strong>(Cap.</strong></span> <span class='ocrx_word' id='word_1_494' title='bbox 2987 2082 3075 2152; x_wconf 78' lang='grc' dir='ltr'><strong>Η)</strong></span> <span class='ocrx_word' id='word_1_495' title='bbox 3116 2100 3130 2136; x_wconf 93' lang='lat'>:</span> <span class='ocrx_word' id='word_1_496' title='bbox 3182 2100 3201 2133; x_wconf 81' lang='grc' dir='ltr'><strong>ι</strong></span> <span class='ocrx_word' id='word_1_497' title='bbox 3233 2082 3365 2136; x_wconf 90' lang='lat' dir='ltr'><strong>Cum</strong></span> <span class='ocrx_word' id='word_1_498' title='bbox 3403 2080 3883 2137; x_wconf 79' lang='lat' dir='ltr'><strong>excommunicata</strong></span> 
     </span>
    </p>
   </div>
   <div class='ocr_carea' id='block_1_68' title="bbox 2294 2150 3886 2221">
    <p class='ocr_par' dir='ltr' id='par_1_68' title="bbox 2294 2150 3886 2221">
     <span class='ocr_line' id='line_1_71' title="bbox 2294 2150 3886 2221; baseline 0.004 -19"><span class='ocrx_word' id='word_1_499' title='bbox 2294 2151 2470 2205; x_wconf 91' lang='lat' dir='ltr'><strong>nullus</strong></span> <span class='ocrx_word' id='word_1_500' title='bbox 2515 2150 2780 2218; x_wconf 77' lang='lat' dir='ltr'><strong>loquatur,</strong></span> <span class='ocrx_word' id='word_1_501' title='bbox 2835 2167 3005 2220; x_wconf 83' lang='lat' dir='ltr'><strong>neque</strong></span> <span class='ocrx_word' id='word_1_502' title='bbox 3051 2150 3290 2221; x_wconf 85' lang='lat' dir='ltr'><strong>qualibet</strong></span> <span class='ocrx_word' id='word_1_503' title='bbox 3330 2168 3450 2207; x_wconf 90' lang='lat' dir='ltr'><strong>eum</strong></span> <span class='ocrx_word' id='word_1_504' title='bbox 3498 2154 3886 2219; x_wconf 81' lang='lat' dir='ltr'><strong>compassioae</strong></span> 
     </span>
    </p>
   </div>
   <div class='ocr_carea' id='block_1_69' title="bbox 2280 2222 3880 2293">
    <p class='ocr_par' dir='ltr' id='par_1_69' title="bbox 2280 2222 3880 2293">
     <span class='ocr_line' id='line_1_72' title="bbox 2280 2222 3880 2293; baseline 0.001 -18"><span class='ocrx_word' id='word_1_505' title='bbox 2280 2223 2373 2276; x_wconf 76' lang='lat' dir='ltr'><strong>vel</strong></span> <span class='ocrx_word' id='word_1_506' title='bbox 2406 2222 2743 2293; x_wconf 88' lang='lat' dir='ltr'><strong>miseratione</strong></span> <span class='ocrx_word' id='word_1_507' title='bbox 2773 2224 3028 2277; x_wconf 70' lang='lat' dir='ltr'><strong>t&#39;cfoveat.</strong></span> <span class='ocrx_word' id='word_1_508' title='bbox 3064 2241 3083 2274; x_wconf 80' lang='grc' dir='ltr'><strong>ι</strong></span> <span class='ocrx_word' id='word_1_509' title='bbox 3122 2224 3181 2276; x_wconf 82' lang='grc' dir='ltr'>Ει</span> <span class='ocrx_word' id='word_1_510' title='bbox 3213 2227 3263 2277; x_wconf 81' lang='grc' dir='ltr'><strong>ιιι</strong></span> <span class='ocrx_word' id='word_1_511' title='bbox 3293 2223 3524 2280; x_wconf 83' lang='lat' dir='ltr'><strong>secunda</strong></span> <span class='ocrx_word' id='word_1_512' title='bbox 3561 2222 3730 2293; x_wconf 80' lang='lat' dir='ltr'><strong>(Cap.</strong></span> <span class='ocrx_word' id='word_1_513' title='bbox 3768 2225 3880 2288; x_wconf 71' lang='lat' dir='ltr'><strong>ut:</strong></span> 
     </span>
    </p>
   </div>
   <div class='ocr_carea' id='block_1_70' title="bbox 2300 2291 3881 2362">
    <p class='ocr_par' dir='ltr' id='par_1_70' title="bbox 2300 2291 3881 2362">
     <span class='ocr_line' id='line_1_73' title="bbox 2300 2291 3881 2362; baseline 0.002 -20"><span class='ocrx_word' id='word_1_514' title='bbox 2300 2309 2318 2342; x_wconf 82' lang='grc' dir='ltr'><strong>ι</strong></span> <span class='ocrx_word' id='word_1_515' title='bbox 2362 2291 2576 2360; x_wconf 81' lang='lat' dir='ltr'><strong>Absque</strong></span> <span class='ocrx_word' id='word_1_516' title='bbox 2615 2294 2720 2346; x_wconf 91' lang='lat' dir='ltr'><strong>ullo</strong></span> <span class='ocrx_word' id='word_1_517' title='bbox 2760 2295 2951 2347; x_wconf 85' lang='lat' dir='ltr'><strong>solatio</strong></span> <span class='ocrx_word' id='word_1_518' title='bbox 2990 2295 3072 2347; x_wconf 91' lang='lat' dir='ltr'><strong>vel</strong></span> <span class='ocrx_word' id='word_1_519' title='bbox 3111 2294 3373 2362; x_wconf 90' lang='lat' dir='ltr'><strong>colloquio</strong></span> <span class='ocrx_word' id='word_1_520' title='bbox 3408 2291 3639 2348; x_wconf 83' lang='lat' dir='ltr'><strong>fratrum</strong></span> <span class='ocrx_word' id='word_1_521' title='bbox 3666 2291 3881 2362; x_wconf 63' lang='lat' dir='ltr'><strong>jaceat,</strong></span> 
     </span>
    </p>
   </div>
   <div class='ocr_carea' id='block_1_71' title="bbox 2293 2363 3882 2434">
    <p class='ocr_par' dir='ltr' id='par_1_71' title="bbox 2293 2363 3882 2434">
     <span class='ocr_line' id='line_1_74' title="bbox 2293 2363 3882 2434; baseline 0.005 -20"><span class='ocrx_word' id='word_1_522' title='bbox 2293 2363 2393 2415; x_wconf 89' lang='lat' dir='ltr'><strong>nisi</strong></span> <span class='ocrx_word' id='word_1_523' title='bbox 2431 2378 2585 2429; x_wconf 85' lang='lat' dir='ltr'><strong>quem</strong></span> <span class='ocrx_word' id='word_1_524' title='bbox 2626 2363 2831 2417; x_wconf 85' lang='lat' dir='ltr'><strong>abbatis</strong></span> <span class='ocrx_word' id='word_1_525' title='bbox 2870 2365 2952 2418; x_wconf 85' lang='lat' dir='ltr'><strong>vel</strong></span> <span class='ocrx_word' id='word_1_526' title='bbox 2998 2365 3261 2433; x_wconf 71' lang='lat' dir='ltr'><strong>praepositi</strong></span> <span class='ocrx_word' id='word_1_527' title='bbox 3292 2377 3412 2419; x_wconf 88' lang='lat' dir='ltr'><strong>cum</strong></span> <span class='ocrx_word' id='word_1_528' title='bbox 3453 2378 3519 2419; x_wconf 91' lang='lat' dir='ltr'><strong>eo</strong></span> <span class='ocrx_word' id='word_1_529' title='bbox 3552 2367 3882 2434; x_wconf 64' lang='lat' dir='ltr'><strong>praeceperit</strong></span> 
     </span>
    </p>
   </div>
   <div class='ocr_carea' id='block_1_72' title="bbox 2293 2436 2988 2503">
    <p class='ocr_par' dir='ltr' id='par_1_72' title="bbox 2293 2436 2988 2503">
     <span class='ocr_line' id='line_1_75' title="bbox 2293 2436 2988 2503; baseline 0.001 -19"><span class='ocrx_word' id='word_1_530' title='bbox 2293 2436 2587 2503; x_wconf 79' lang='lat' dir='ltr'><strong>auctoritas.</strong></span> <span class='ocrx_word' id='word_1_531' title='bbox 2608 2442 2663 2486; x_wconf 91' lang='lat' dir='ltr'><strong>ut</strong></span> <span class='ocrx_word' id='word_1_532' title='bbox 2694 2437 2955 2503; x_wconf 84' lang='lat' dir='ltr'><strong>loquatur.</strong></span> <span class='ocrx_word' id='word_1_533' title='bbox 2972 2455 2988 2485; x_wconf 81' lang='grc' dir='ltr'><strong>ι</strong></span> 
     </span>
    </p>
   </div>
   <div class='ocr_carea' id='block_1_73' title="bbox 2366 2502 3882 2577">
    <p class='ocr_par' dir='ltr' id='par_1_73' title="bbox 2366 2502 3882 2577">
     <span class='ocr_line' id='line_1_76' title="bbox 2366 2502 3882 2577; baseline 0.004 -22"><span class='ocrx_word' id='word_1_534' title='bbox 2366 2502 2611 2577; x_wconf 11' lang='grc' dir='ltr'><strong>δίοιιηᾲδὶι</strong></span> <span class='ocrx_word' id='word_1_535' title='bbox 2637 2506 2704 2556; x_wconf 87' lang='lat' dir='ltr'><strong>ad</strong></span> <span class='ocrx_word' id='word_1_536' title='bbox 2728 2502 2856 2572; x_wconf 79' lang='lat' dir='ltr'><strong>opus</strong></span> <span class='ocrx_word' id='word_1_537' title='bbox 2884 2506 2977 2558; x_wconf 73' lang='lat' dir='ltr'><strong>sibi</strong></span> <span class='ocrx_word' id='word_1_538' title='bbox 3007 2507 3288 2576; x_wconf 75' lang='lat' dir='ltr'><strong>injunclum</strong></span> <span class='ocrx_word' id='word_1_539' title='bbox 3313 2504 3333 2577; x_wconf 88' lang='lat'>]</span> <span class='ocrx_word' id='word_1_540' title='bbox 3378 2504 3562 2569; x_wconf 90' lang='lat' dir='ltr'><strong>Solus,</strong></span> <span class='ocrx_word' id='word_1_541' title='bbox 3580 2505 3807 2577; x_wconf 74' lang='lat' dir='ltr'><strong>inquit,</strong></span> <span class='ocrx_word' id='word_1_542' title='bbox 3834 2518 3882 2561; x_wconf 82' lang='lat' dir='ltr'><strong>et</strong></span> 
     </span>
    </p>
   </div>
   <div class='ocr_carea' id='block_1_74' title="bbox 2294 2575 3881 2642">
    <p class='ocr_par' dir='ltr' id='par_1_74' title="bbox 2294 2575 3881 2642">
     <span class='ocr_line' id='line_1_77' title="bbox 2294 2575 3881 2642; baseline 0.005 -19"><span class='ocrx_word' id='word_1_543' title='bbox 2294 2576 2502 2642; x_wconf 87' lang='lat' dir='ltr'><strong>quidem</strong></span> <span class='ocrx_word' id='word_1_544' title='bbox 2532 2575 2915 2641; x_wconf 75' lang='lat' dir='ltr'><strong>iucarccratus;</strong></span> <span class='ocrx_word' id='word_1_545' title='bbox 2962 2575 3095 2630; x_wconf 76' lang='lat' dir='ltr'><strong>hanc</strong></span> <span class='ocrx_word' id='word_1_546' title='bbox 3143 2575 3469 2631; x_wconf 49' lang='lat' dir='ltr'><strong>cnim‘inter</strong></span> <span class='ocrx_word' id='word_1_547' title='bbox 3512 2576 3658 2631; x_wconf 82' lang='lat' dir='ltr'><strong>alias</strong></span> <span class='ocrx_word' id='word_1_548' title='bbox 3713 2578 3881 2632; x_wconf 81' lang='lat' dir='ltr'><strong>dela-</strong></span> 
     </span>
    </p>
   </div>
   <div class='ocr_carea' id='block_1_75' title="bbox 2295 2647 3878 2716">
    <p class='ocr_par' dir='ltr' id='par_1_75' title="bbox 2295 2647 3878 2716">
     <span class='ocr_line' id='line_1_78' title="bbox 2295 2647 3878 2716; baseline 0.003 -19"><span class='ocrx_word' id='word_1_549' title='bbox 2295 2647 2565 2712; x_wconf 81' lang='lat' dir='ltr'><strong>quentium</strong></span> <span class='ocrx_word' id='word_1_550' title='bbox 2607 2647 2837 2713; x_wconf 76' lang='lat' dir='ltr'><strong>graviter</strong></span> <span class='ocrx_word' id='word_1_551' title='bbox 2877 2661 3060 2713; x_wconf 65' lang='lat' dir='ltr'><strong>pinnas</strong></span> <span class='ocrx_word' id='word_1_552' title='bbox 3105 2648 3289 2713; x_wconf 86' lang='lat' dir='ltr'><strong>fuisse,</strong></span> <span class='ocrx_word' id='word_1_553' title='bbox 3318 2657 3376 2701; x_wconf 94' lang='lat' dir='ltr'><strong>ut</strong></span> <span class='ocrx_word' id='word_1_554' title='bbox 3405 2661 3642 2716; x_wconf 84' lang='lat' dir='ltr'><strong>peccans</strong></span> <span class='ocrx_word' id='word_1_555' title='bbox 3670 2649 3878 2702; x_wconf 84' lang='lat' dir='ltr'><strong>carceri</strong></span> 
     </span>
    </p>
   </div>
   <div class='ocr_carea' id='block_1_76' title="bbox 2296 2717 3879 2788">
    <p class='ocr_par' dir='ltr' id='par_1_76' title="bbox 2296 2717 3879 2788">
     <span class='ocr_line' id='line_1_79' title="bbox 2296 2717 3879 2788; baseline 0.003 -21"><span class='ocrx_word' id='word_1_556' title='bbox 2296 2717 2705 2788; x_wconf 62' lang='lat' dir='ltr'><strong>tnancipai-eturj</strong></span> <span class='ocrx_word' id='word_1_557' title='bbox 2736 2728 2939 2768; x_wconf 75' lang='lat' dir='ltr'><strong>consmt</strong></span> <span class='ocrx_word' id='word_1_558' title='bbox 2982 2734 3043 2771; x_wconf 82' lang='lat' dir='ltr'><strong>ex</strong></span> <span class='ocrx_word' id='word_1_559' title='bbox 3074 2719 3357 2773; x_wconf 85' lang='lat' dir='ltr'><strong>Justiniani</strong></span> <span class='ocrx_word' id='word_1_560' title='bbox 3398 2718 3757 2788; x_wconf 78' lang='lat' dir='ltr'><strong>imperatoris</strong></span> <span class='ocrx_word' id='word_1_561' title='bbox 3792 2734 3879 2772; x_wconf 80' lang='lat' dir='ltr'><strong>no-</strong></span> 
     </span>
    </p>
   </div>
   <div class='ocr_carea' id='block_1_77' title="bbox 2295 2785 3879 2859">
    <p class='ocr_par' dir='ltr' id='par_1_77' title="bbox 2295 2785 3879 2859">
     <span class='ocr_line' id='line_1_80' title="bbox 2295 2785 3879 2859; baseline 0.003 -21"><span class='ocrx_word' id='word_1_562' title='bbox 2295 2787 2430 2859; x_wconf 81' lang='lat' dir='ltr'><strong>vella</strong></span> <span class='ocrx_word' id='word_1_563' title='bbox 2463 2786 2633 2859; x_wconf 24' lang='lat'><strong>1315.”:</strong></span> <span class='ocrx_word' id='word_1_564' title='bbox 2671 2785 2725 2839; x_wconf 89' lang='lat' dir='ltr'><strong>Si</strong></span> <span class='ocrx_word' id='word_1_565' title='bbox 2754 2788 2869 2854; x_wconf 88' lang='lat' dir='ltr'><strong>quis</strong></span> <span class='ocrx_word' id='word_1_566' title='bbox 2897 2788 3187 2857; x_wconf 71' lang='lat' dir='ltr'><strong>delinquat,</strong></span> <span class='ocrx_word' id='word_1_567' title='bbox 3229 2789 3369 2843; x_wconf 90' lang='lat' dir='ltr'><strong>hunc</strong></span> <span class='ocrx_word' id='word_1_568' title='bbox 3406 2785 3718 2859; x_wconf 49' lang='lat' dir='ltr'><strong>quidemsi</strong></span> <span class='ocrx_word' id='word_1_569' title='bbox 3767 2805 3879 2843; x_wconf 84' lang='lat' dir='ltr'><strong>me-</strong></span> 
     </span>
    </p>
   </div>
   <div class='ocr_carea' id='block_1_78' title="bbox 2297 2856 3878 2923">
    <p class='ocr_par' dir='ltr' id='par_1_78' title="bbox 2297 2856 3878 2923">
     <span class='ocr_line' id='line_1_81' title="bbox 2297 2856 3878 2923; baseline 0.003 -16"><span class='ocrx_word' id='word_1_570' title='bbox 2297 2856 2476 2908; x_wconf 64' lang='lat' dir='ltr'><strong>dione</strong></span> <span class='ocrx_word' id='word_1_571' title='bbox 2516 2856 2764 2909; x_wconf 64' lang='lat' dir='ltr'><strong>di-lictum</strong></span> <span class='ocrx_word' id='word_1_572' title='bbox 2807 2860 2894 2922; x_wconf 90' lang='lat' dir='ltr'><strong>sit,</strong></span> <span class='ocrx_word' id='word_1_573' title='bbox 2938 2868 2990 2913; x_wconf 90' lang='lat' dir='ltr'><strong>et</strong></span> <span class='ocrx_word' id='word_1_574' title='bbox 3028 2856 3333 2923; x_wconf 80' lang='lat' dir='ltr'><strong>admonete,</strong></span> <span class='ocrx_word' id='word_1_575' title='bbox 3372 2856 3675 2912; x_wconf 37' lang='lat' dir='ltr'><strong>et&#39;seorsim</strong></span> <span class='ocrx_word' id='word_1_576' title='bbox 3712 2860 3878 2912; x_wconf 69' lang='lat' dir='ltr'><strong>incf--</strong></span> 
     </span>
    </p>
   </div>
   <div class='ocr_carea' id='block_1_79' title="bbox 2296 2926 3877 3000">
    <p class='ocr_par' dir='ltr' id='par_1_79' title="bbox 2296 2926 3877 3000">
     <span class='ocr_line' id='line_1_82' title="bbox 2296 2926 3877 3000; baseline 0.005 -24"><span class='ocrx_word' id='word_1_577' title='bbox 2296 2926 2424 3000; x_wconf 71' lang='lat' dir='ltr'><strong>dite,</strong></span> <span class='ocrx_word' id='word_1_578' title='bbox 2451 2937 2761 2994; x_wconf 73' lang='lat' dir='ltr'><strong>tempusque</strong></span> <span class='ocrx_word' id='word_1_579' title='bbox 2790 2927 2862 3000; x_wconf 83' lang='lat' dir='ltr'><strong>illi</strong></span> <span class='ocrx_word' id='word_1_580' title='bbox 2890 2930 3208 2996; x_wconf 73' lang='lat' dir='ltr'><strong>ptrnitentia:</strong></span> <span class='ocrx_word' id='word_1_581' title='bbox 3232 2930 3530 3000; x_wconf 87' lang='lat' dir='ltr'><strong>assignato;</strong></span> <span class='ocrx_word' id='word_1_582' title='bbox 3562 2938 3626 2982; x_wconf 89' lang='lat' dir='ltr'><strong>ut</strong></span> <span class='ocrx_word' id='word_1_583' title='bbox 3653 2930 3877 2984; x_wconf 82' lang='lat' dir='ltr'><strong>meliore</strong></span> 
     </span>
    </p>
   </div>
   <div class='ocr_carea' id='block_1_80' title="bbox 2298 2998 3876 3070">
    <p class='ocr_par' dir='ltr' id='par_1_80' title="bbox 2298 2998 3876 3070">
     <span class='ocr_line' id='line_1_83' title="bbox 2298 2998 3876 3070; baseline 0.005 -23"><span class='ocrx_word' id='word_1_584' title='bbox 2298 2998 2499 3070; x_wconf 73' lang='lat' dir='ltr'><strong>ratione</strong></span> <span class='ocrx_word' id='word_1_585' title='bbox 2531 3008 2771 3070; x_wconf 79' lang='lat' dir='ltr'><strong>percepta</strong></span> <span class='ocrx_word' id='word_1_586' title='bbox 2797 2999 2872 3070; x_wconf 14' lang='lat' dir='ltr'><strong>ad,</strong></span> <span class='ocrx_word' id='word_1_587' title='bbox 2892 3014 2949 3070; x_wconf 79' lang='lat' dir='ltr'><strong>se</strong></span> <span class='ocrx_word' id='word_1_588' title='bbox 2978 3000 3149 3067; x_wconf 91' lang='lat' dir='ltr'><strong>ipsum</strong></span> <span class='ocrx_word' id='word_1_589' title='bbox 3177 2998 3377 3066; x_wconf 78' lang='lat' dir='ltr'><strong>redeat,</strong></span> <span class='ocrx_word' id='word_1_590' title='bbox 3404 3015 3582 3069; x_wconf 85' lang='lat' dir='ltr'><strong>neque</strong></span> <span class='ocrx_word' id='word_1_591' title='bbox 3604 3000 3876 3070; x_wconf 81' lang='lat' dir='ltr'><strong>depensos</strong></span> 
     </span>
    </p>
   </div>
   <div class='ocr_carea' id='block_1_81' title="bbox 2289 3064 3875 3139">
    <p class='ocr_par' dir='ltr' id='par_1_81' title="bbox 2289 3064 3875 3139">
     <span class='ocr_line' id='line_1_84' title="bbox 2289 3064 3875 3139; baseline 0.006 -24"><span class='ocrx_word' id='word_1_592' title='bbox 2289 3064 2398 3139; x_wconf 75' lang='lat' dir='ltr'><strong>iam</strong></span> <span class='ocrx_word' id='word_1_593' title='bbox 2442 3076 2495 3118; x_wconf 91' lang='lat' dir='ltr'><strong>et</strong></span> <span class='ocrx_word' id='word_1_594' title='bbox 2532 3069 2820 3139; x_wconf 52' lang='lat' dir='ltr'><strong>exhaustis</strong></span> <span class='ocrx_word' id='word_1_595' title='bbox 2862 3064 3072 3125; x_wconf 80' lang='lat' dir='ltr'><strong>labores</strong></span> <span class='ocrx_word' id='word_1_596' title='bbox 3119 3064 3370 3135; x_wconf 79' lang='lat' dir='ltr'><strong>amittat;</strong></span> <span class='ocrx_word' id='word_1_597' title='bbox 3400 3064 3875 3139; x_wconf 45' lang='lat' dir='ltr'><strong>sin‘vero&#39;major</strong></span> 
     </span>
    </p>
   </div>
   <div class='ocr_carea' id='block_1_82' title="bbox 624 3134 3875 3212">
    <p class='ocr_par' dir='ltr' id='par_1_82' title="bbox 624 3134 3875 3212">
     <span class='ocr_line' id='line_1_85' title="bbox 624 3134 3875 3212; baseline 0.004 -22"><span class='ocrx_word' id='word_1_598' title='bbox 624 3134 930 3205; x_wconf 73' lang='lat' dir='ltr'><strong>apostolica:</strong></span> <span class='ocrx_word' id='word_1_599' title='bbox 976 3144 1117 3197; x_wconf 78' lang='lat' dir='ltr'><strong>Sedis</strong></span> <span class='ocrx_word' id='word_1_600' title='bbox 1147 3134 1476 3212; x_wconf 43' lang='lat' dir='ltr'><strong>diplomate,-</strong></span> <span class='ocrx_word' id='word_1_601' title='bbox 1505 3142 1643 3207; x_wconf 87' lang='lat' dir='ltr'><strong>quod</strong></span> <span class='ocrx_word' id='word_1_602' title='bbox 1681 3141 1904 3194; x_wconf 86' lang='lat' dir='ltr'><strong>necdum</strong></span> <span class='ocrx_word' id='word_1_603' title='bbox 1947 3134 2046 3212; x_wconf 79' lang='lat' dir='ltr'><strong>hoc</strong></span> <span class='ocrx_word' id='word_1_604' title='bbox 2083 3140 2181 3195; x_wconf 86' lang='lat' dir='ltr'><strong>sibi</strong></span> <span class='ocrx_word' id='word_1_605' title='bbox 2209 3138 2256 3201; x_wconf 75' lang='grc' dir='ltr'>(ι</span> <span class='ocrx_word' id='word_1_606' title='bbox 2292 3134 2485 3212; x_wconf 44' lang='lat' dir='ltr'><strong>lapsus</strong></span> <span class='ocrx_word' id='word_1_607' title='bbox 2525 3137 2698 3212; x_wconf 70' lang='lat' dir='ltr'><strong>fuerit.</strong></span> <span class='ocrx_word' id='word_1_608' title='bbox 2728 3155 2850 3212; x_wconf 67' lang='grc' dir='ltr'><strong>Διιιο</strong></span> <span class='ocrx_word' id='word_1_609' title='bbox 2904 3141 3062 3195; x_wconf 85' lang='lat' dir='ltr'><strong>modo</strong></span> <span class='ocrx_word' id='word_1_610' title='bbox 3118 3143 3318 3209; x_wconf 81' lang='lat' dir='ltr'><strong>peccati</strong></span> <span class='ocrx_word' id='word_1_611' title='bbox 3372 3139 3662 3212; x_wconf 70' lang='lat' dir='ltr'><strong>adhibetur</strong></span> <span class='ocrx_word' id='word_1_612' title='bbox 3717 3134 3875 3195; x_wconf 60' lang='lat' dir='ltr'><strong>etiam</strong></span> 
     </span>
    </p>
   </div>
   <div class='ocr_carea' id='block_1_83' title="bbox 625 3211 2184 3281">
    <p class='ocr_par' dir='ltr' id='par_1_83' title="bbox 625 3211 2184 3281">
     <span class='ocr_line' id='line_1_86' title="bbox 625 3211 2184 3281; baseline 0.002 -20"><span class='ocrx_word' id='word_1_613' title='bbox 625 3218 955 3281; x_wconf 82' lang='lat' dir='ltr'><strong>reservasset</strong></span> <span class='ocrx_word' id='word_1_614' title='bbox 985 3211 1241 3278; x_wconf 72' lang='lat' dir='ltr'><strong>Ecclesia,</strong></span> <span class='ocrx_word' id='word_1_615' title='bbox 1272 3213 1365 3266; x_wconf 86' lang='lat' dir='ltr'><strong>sed</strong></span> <span class='ocrx_word' id='word_1_616' title='bbox 1388 3212 1516 3265; x_wconf 85' lang='lat' dir='ltr'><strong>satis</strong></span> <span class='ocrx_word' id='word_1_617' title='bbox 1547 3212 1707 3265; x_wconf 87' lang='lat' dir='ltr'><strong>fuisse</strong></span> <span class='ocrx_word' id='word_1_618' title='bbox 1732 3211 1967 3277; x_wconf 79' lang='lat' dir='ltr'><strong>episcOpi</strong></span> <span class='ocrx_word' id='word_1_619' title='bbox 2010 3211 2063 3263; x_wconf 93' lang='lat' dir='ltr'><strong>in</strong></span> <span class='ocrx_word' id='word_1_620' title='bbox 2089 3226 2184 3264; x_wconf 91' lang='lat' dir='ltr'><strong>cu-</strong></span> 
     </span>
    </p>
   </div>
   <div class='ocr_carea' id='block_1_84' title="bbox 621 3277 2185 3347">
    <p class='ocr_par' dir='ltr' id='par_1_84' title="bbox 621 3277 2185 3347">
     <span class='ocr_line' id='line_1_87' title="bbox 621 3277 2185 3347; baseline 0.003 -16"><span class='ocrx_word' id='word_1_621' title='bbox 621 3277 709 3347; x_wconf 70' lang='lat' dir='ltr'><strong>ius</strong></span> <span class='ocrx_word' id='word_1_622' title='bbox 726 3277 946 3335; x_wconf 70' lang='lat' dir='ltr'><strong>dioecesi</strong></span> <span class='ocrx_word' id='word_1_623' title='bbox 968 3277 1285 3338; x_wconf 85' lang='lat' dir='ltr'><strong>monasteria</strong></span> <span class='ocrx_word' id='word_1_624' title='bbox 1307 3283 1703 3336; x_wconf 71' lang='lat' dir='ltr'><strong>mdiﬁcabautur</strong></span> <span class='ocrx_word' id='word_1_625' title='bbox 1724 3282 2185 3347; x_wconf 89' lang='lat' dir='ltr'><strong>approbationem.</strong></span> 
     </span>
    </p>
   </div>
   <div class='ocr_carea' id='block_1_85' title="bbox 626 3346 2186 3420">
    <p class='ocr_par' dir='ltr' id='par_1_85' title="bbox 626 3346 2186 3420">
     <span class='ocr_line' id='line_1_88' title="bbox 626 3346 2186 3420; baseline 0.003 -19"><span class='ocrx_word' id='word_1_626' title='bbox 626 3346 786 3420; x_wconf 75' lang='lat' dir='ltr'><strong>Certe</strong></span> <span class='ocrx_word' id='word_1_627' title='bbox 826 3351 979 3420; x_wconf 89' lang='lat' dir='ltr'><strong>longe</strong></span> <span class='ocrx_word' id='word_1_628' title='bbox 1024 3354 1123 3406; x_wconf 90' lang='lat' dir='ltr'><strong>alia</strong></span> <span class='ocrx_word' id='word_1_629' title='bbox 1153 3366 1235 3406; x_wconf 93' lang='lat' dir='ltr'><strong>est</strong></span> <span class='ocrx_word' id='word_1_630' title='bbox 1266 3354 1518 3407; x_wconf 87' lang='lat' dir='ltr'><strong>hodierna</strong></span> <span class='ocrx_word' id='word_1_631' title='bbox 1552 3346 1805 3405; x_wconf 63' lang='lat' dir='ltr'><strong>Ecclesiae</strong></span> <span class='ocrx_word' id='word_1_632' title='bbox 1831 3351 2110 3420; x_wconf 86' lang='lat' dir='ltr'><strong>disciplina</strong></span> <span class='ocrx_word' id='word_1_633' title='bbox 2157 3369 2186 3405; x_wconf 92' lang='lat' dir='ltr'><strong>a</strong></span> 
     </span>
    </p>
   </div>
   <div class='ocr_carea' id='block_1_86' title="bbox 625 3417 1485 3492">
    <p class='ocr_par' dir='ltr' id='par_1_86' title="bbox 625 3417 1485 3492">
     <span class='ocr_line' id='line_1_89' title="bbox 625 3417 1485 3492; baseline 0.006 -21"><span class='ocrx_word' id='word_1_634' title='bbox 625 3417 1141 3492; x_wconf 56' lang='lat' dir='ltr'><strong>disciplina&#39;iliorutti</strong></span> <span class='ocrx_word' id='word_1_635' title='bbox 1169 3434 1485 3492; x_wconf 90' lang='lat' dir='ltr'><strong>temporum.</strong></span> 
     </span>
    </p>
   </div>
   <div class='ocr_carea' id='block_1_87' title="bbox 654 3489 2189 3559">
    <p class='ocr_par' dir='ltr' id='par_1_87' title="bbox 654 3489 2189 3559">
     <span class='ocr_line' id='line_1_90' title="bbox 654 3489 2189 3559; baseline 0.005 -16"><span class='ocrx_word' id='word_1_636' title='bbox 654 3489 899 3545; x_wconf 43' lang='lat' dir='ltr'><strong>.‘Tertio.</strong></span> <span class='ocrx_word' id='word_1_637' title='bbox 951 3490 1174 3546; x_wconf 86' lang='lat' dir='ltr'><strong>Gravior</strong></span> <span class='ocrx_word' id='word_1_638' title='bbox 1208 3489 1350 3547; x_wconf 81' lang='lat' dir='ltr'><strong>esset</strong></span> <span class='ocrx_word' id='word_1_639' title='bbox 1394 3492 1775 3547; x_wconf 89' lang='lat' dir='ltr'><strong>monachorum</strong></span> <span class='ocrx_word' id='word_1_640' title='bbox 1820 3493 2083 3559; x_wconf 90' lang='lat' dir='ltr'><strong>conditio,</strong></span> <span class='ocrx_word' id='word_1_641' title='bbox 2143 3495 2189 3550; x_wconf 89' lang='lat' dir='ltr'><strong>si</strong></span> 
     </span>
    </p>
   </div>
   <div class='ocr_carea' id='block_1_88' title="bbox 606 3562 2187 3632">
    <p class='ocr_par' dir='ltr' id='par_1_88' title="bbox 606 3562 2187 3632">
     <span class='ocr_line' id='line_1_91' title="bbox 606 3562 2187 3632; baseline 0.005 -21"><span class='ocrx_word' id='word_1_642' title='bbox 606 3571 726 3627; x_wconf 82' lang='lat' dir='ltr'><strong>pro</strong></span> <span class='ocrx_word' id='word_1_643' title='bbox 753 3562 938 3625; x_wconf 81' lang='lat' dir='ltr'><strong>quavis</strong></span> <span class='ocrx_word' id='word_1_644' title='bbox 971 3563 1195 3626; x_wconf 80' lang='lat' dir='ltr'><strong>graviori</strong></span> <span class='ocrx_word' id='word_1_645' title='bbox 1219 3566 1389 3632; x_wconf 90' lang='lat' dir='ltr'><strong>culpa,</strong></span> <span class='ocrx_word' id='word_1_646' title='bbox 1421 3564 1519 3616; x_wconf 87' lang='lat' dir='ltr'><strong>hoc</strong></span> <span class='ocrx_word' id='word_1_647' title='bbox 1541 3575 1621 3617; x_wconf 84' lang='lat' dir='ltr'><strong>est</strong></span> <span class='ocrx_word' id='word_1_648' title='bbox 1654 3580 1750 3632; x_wconf 92' lang='lat' dir='ltr'><strong>pro</strong></span> <span class='ocrx_word' id='word_1_649' title='bbox 1769 3566 1954 3632; x_wconf 91' lang='lat' dir='ltr'><strong>quovis</strong></span> <span class='ocrx_word' id='word_1_650' title='bbox 1978 3566 2187 3619; x_wconf 89' lang='lat' dir='ltr'><strong>mortali</strong></span> 
     </span>
    </p>
   </div>
   <div class='ocr_carea' id='block_1_89' title="bbox 627 3633 2190 3705">
    <p class='ocr_par' dir='ltr' id='par_1_89' title="bbox 627 3633 2190 3705">
     <span class='ocr_line' id='line_1_92' title="bbox 627 3633 2190 3705; baseline 0.004 -23"><span class='ocrx_word' id='word_1_651' title='bbox 627 3640 847 3705; x_wconf 78' lang='lat' dir='ltr'><strong>peccato</strong></span> <span class='ocrx_word' id='word_1_652' title='bbox 875 3635 1419 3705; x_wconf 75' lang='lat' dir='ltr'><strong>excommuniceutur.</strong></span> <span class='ocrx_word' id='word_1_653' title='bbox 1455 3633 1560 3688; x_wconf 85' lang='lat' dir='ltr'><strong>Sed</strong></span> <span class='ocrx_word' id='word_1_654' title='bbox 1587 3649 1692 3687; x_wconf 90' lang='lat' dir='ltr'><strong>non</strong></span> <span class='ocrx_word' id='word_1_655' title='bbox 1722 3650 1786 3688; x_wconf 87' lang='lat' dir='ltr'><strong>eo</strong></span> <span class='ocrx_word' id='word_1_656' title='bbox 1811 3636 1924 3702; x_wconf 90' lang='lat' dir='ltr'><strong>ipso</strong></span> <span class='ocrx_word' id='word_1_657' title='bbox 1945 3652 2050 3702; x_wconf 87' lang='lat' dir='ltr'><strong>quo</strong></span> <span class='ocrx_word' id='word_1_658' title='bbox 2072 3650 2190 3705; x_wconf 68' lang='lat' dir='ltr'><strong>quis</strong></span> 
     </span>
    </p>
   </div>
   <div class='ocr_carea' id='block_1_90' title="bbox 625 3697 2190 3772">
    <p class='ocr_par' dir='ltr' id='par_1_90' title="bbox 625 3697 2190 3772">
     <span class='ocr_line' id='line_1_93' title="bbox 625 3697 2190 3772; baseline 0.004 -21"><span class='ocrx_word' id='word_1_659' title='bbox 625 3697 678 3751; x_wconf 90' lang='lat' dir='ltr'><strong>in</strong></span> <span class='ocrx_word' id='word_1_660' title='bbox 703 3700 997 3772; x_wconf 77' lang='lat' dir='ltr'><strong>graviorem</strong></span> <span class='ocrx_word' id='word_1_661' title='bbox 1021 3703 1226 3771; x_wconf 90' lang='lat' dir='ltr'><strong>culpam</strong></span> <span class='ocrx_word' id='word_1_662' title='bbox 1254 3704 1544 3772; x_wconf 88' lang='lat' dir='ltr'><strong>incidisset,</strong></span> <span class='ocrx_word' id='word_1_663' title='bbox 1576 3705 1675 3758; x_wconf 91' lang='lat' dir='ltr'><strong>nisi</strong></span> <span class='ocrx_word' id='word_1_664' title='bbox 1700 3697 1843 3758; x_wconf 78' lang='lat' dir='ltr'><strong>forte</strong></span> <span class='ocrx_word' id='word_1_665' title='bbox 1863 3707 1929 3757; x_wconf 83' lang='lat' dir='ltr'><strong>ob</strong></span> <span class='ocrx_word' id='word_1_666' title='bbox 1955 3697 2190 3759; x_wconf 65' lang='lat' dir='ltr'><strong>materiai</strong></span> 
     </span>
    </p>
   </div>
   <div class='ocr_carea' id='block_1_91' title="bbox 624 3769 2191 3837">
    <p class='ocr_par' dir='ltr' id='par_1_91' title="bbox 624 3769 2191 3837">
     <span class='ocr_line' id='line_1_94' title="bbox 624 3769 2191 3837; baseline 0.006 -18"><span class='ocrx_word' id='word_1_667' title='bbox 624 3769 960 3835; x_wconf 87' lang='lat' dir='ltr'><strong>gravitatem,</strong></span> <span class='ocrx_word' id='word_1_668' title='bbox 984 3769 1539 3828; x_wconf 79' lang='lat' dir='ltr'><strong>excommunicatione</strong></span> <span class='ocrx_word' id='word_1_669' title='bbox 1579 3774 1892 3837; x_wconf 76' lang='lat' dir='ltr'><strong>feriebatur;</strong></span> <span class='ocrx_word' id='word_1_670' title='bbox 1934 3789 2057 3827; x_wconf 87' lang='lat' dir='ltr'><strong>nam</strong></span> <span class='ocrx_word' id='word_1_671' title='bbox 2096 3777 2191 3829; x_wconf 86' lang='lat' dir='ltr'><strong>tri-</strong></span> 
     </span>
    </p>
   </div>
   <div class='ocr_carea' id='block_1_92' title="bbox 626 3837 2190 3915">
    <p class='ocr_par' dir='ltr' id='par_1_92' title="bbox 626 3837 2190 3915">
     <span class='ocr_line' id='line_1_95' title="bbox 626 3837 2190 3915; baseline 0.006 -24"><span class='ocrx_word' id='word_1_672' title='bbox 626 3837 768 3915; x_wconf 85' lang='lat' dir='ltr'><strong>plex_</strong></span> <span class='ocrx_word' id='word_1_673' title='bbox 798 3854 861 3915; x_wconf 80' lang='lat' dir='ltr'><strong>ex</strong></span> <span class='ocrx_word' id='word_1_674' title='bbox 921 3855 1067 3909; x_wconf 89' lang='lat' dir='ltr'><strong>parte</strong></span> <span class='ocrx_word' id='word_1_675' title='bbox 1111 3847 1622 3899; x_wconf 77' lang='lat' dir='ltr'><strong>cxcommunicautis</strong></span> <span class='ocrx_word' id='word_1_676' title='bbox 1674 3846 1978 3915; x_wconf 61' lang='lat' dir='ltr'><strong>praecedere</strong></span> <span class='ocrx_word' id='word_1_677' title='bbox 2031 3846 2190 3900; x_wconf 63' lang='lat' dir='ltr'><strong>debet</strong></span> 
     </span>
    </p>
   </div>
   <div class='ocr_carea' id='block_1_93' title="bbox 624 3909 2188 3982">
    <p class='ocr_par' dir='ltr' id='par_1_93' title="bbox 624 3909 2188 3982">
     <span class='ocr_line' id='line_1_96' title="bbox 624 3909 2188 3982; baseline 0.006 -21"><span class='ocrx_word' id='word_1_678' title='bbox 624 3909 877 3975; x_wconf 91' lang='lat' dir='ltr'><strong>monitio;</strong></span> <span class='ocrx_word' id='word_1_679' title='bbox 927 3921 981 3967; x_wconf 87' lang='lat' dir='ltr'><strong>et</strong></span> <span class='ocrx_word' id='word_1_680' title='bbox 1022 3928 1089 3966; x_wconf 82' lang='lat' dir='ltr'><strong>ex</strong></span> <span class='ocrx_word' id='word_1_681' title='bbox 1134 3927 1284 3982; x_wconf 90' lang='lat' dir='ltr'><strong>parte</strong></span> <span class='ocrx_word' id='word_1_682' title='bbox 1322 3909 1814 3969; x_wconf 75' lang='lat' dir='ltr'><strong>excommunicandi</strong></span> <span class='ocrx_word' id='word_1_683' title='bbox 1856 3917 2188 3970; x_wconf 88' lang='lat' dir='ltr'><strong>contumacia</strong></span> 
     </span>
    </p>
   </div>
   <div class='ocr_carea' id='block_1_94' title="bbox 623 3983 2185 4056">
    <p class='ocr_par' dir='ltr' id='par_1_94' title="bbox 623 3983 2185 4056">
     <span class='ocr_line' id='line_1_97' title="bbox 623 3983 2185 4056; baseline 0.005 -24"><span class='ocrx_word' id='word_1_684' title='bbox 623 3986 1061 4056; x_wconf 54' lang='lat' dir='ltr'><strong>etcontemptus.</strong></span> <span class='ocrx_word' id='word_1_685' title='bbox 1088 3983 1301 4056; x_wconf 86' lang='lat' dir='ltr'><strong>_Deinde</strong></span> <span class='ocrx_word' id='word_1_686' title='bbox 1338 3985 1439 4039; x_wconf 87' lang='lat' dir='ltr'><strong>hoc</strong></span> <span class='ocrx_word' id='word_1_687' title='bbox 1476 3995 1673 4039; x_wconf 83' lang='lat' dir='ltr'><strong>statuto</strong></span> <span class='ocrx_word' id='word_1_688' title='bbox 1714 4002 1817 4038; x_wconf 90' lang='lat' dir='ltr'><strong>non</strong></span> <span class='ocrx_word' id='word_1_689' title='bbox 1865 3994 2185 4053; x_wconf 76' lang='lat' dir='ltr'><strong>praeceptum</strong></span> 
     </span>
    </p>
   </div>
   <div class='ocr_carea' id='block_1_95' title="bbox 621 4048 2187 4125">
    <p class='ocr_par' dir='ltr' id='par_1_95' title="bbox 621 4048 2187 4125">
     <span class='ocr_line' id='line_1_98' title="bbox 621 4048 2187 4125; baseline 0.006 -23"><span class='ocrx_word' id='word_1_690' title='bbox 621 4048 800 4105; x_wconf 88' lang='lat' dir='ltr'><strong>abbati</strong></span> <span class='ocrx_word' id='word_1_691' title='bbox 829 4048 966 4125; x_wconf 70' lang='lat' dir='ltr'><strong>dedit</strong></span> <span class='ocrx_word' id='word_1_692' title='bbox 998 4054 1057 4110; x_wconf 90' lang='lat' dir='ltr'><strong>S.</strong></span> <span class='ocrx_word' id='word_1_693' title='bbox 1083 4054 1257 4121; x_wconf 83' lang='lat' dir='ltr'><strong>Pater,</strong></span> <span class='ocrx_word' id='word_1_694' title='bbox 1281 4056 1373 4110; x_wconf 87' lang='lat' dir='ltr'><strong>sed</strong></span> <span class='ocrx_word' id='word_1_695' title='bbox 1398 4065 1709 4125; x_wconf 83' lang='lat' dir='ltr'><strong>potestatem</strong></span> <span class='ocrx_word' id='word_1_696' title='bbox 1736 4095 1751 4119; x_wconf 96' lang='lat'><strong>,</strong></span> <span class='ocrx_word' id='word_1_697' title='bbox 1792 4048 1893 4123; x_wconf 78' lang='lat' dir='ltr'><strong>qua</strong></span> <span class='ocrx_word' id='word_1_698' title='bbox 1945 4048 2187 4111; x_wconf 55' lang='lat' dir='ltr'><strong>ille&#39;cum</strong></span> 
     </span>
    </p>
   </div>
   <div class='ocr_carea' id='block_1_96' title="bbox 622 4123 2198 4203">
    <p class='ocr_par' dir='ltr' id='par_1_96' title="bbox 622 4123 2198 4203">
     <span class='ocr_line' id='line_1_99' title="bbox 622 4123 2198 4203; baseline 0.006 -31"><span class='ocrx_word' id='word_1_699' title='bbox 622 4123 1187 4203; x_wconf 47' lang='lat' dir='ltr'><strong>sunt-inadiscretinne</strong></span> <span class='ocrx_word' id='word_1_700' title='bbox 1214 4141 1277 4181; x_wconf 82' lang='lat' dir='ltr'><strong>ac</strong></span> <span class='ocrx_word' id='word_1_701' title='bbox 1303 4123 1582 4203; x_wconf 79' lang='lat' dir='ltr'><strong>prudentia</strong></span> <span class='ocrx_word' id='word_1_702' title='bbox 1629 4127 1787 4180; x_wconf 87' lang='lat' dir='ltr'><strong>debet</strong></span> <span class='ocrx_word' id='word_1_703' title='bbox 1816 4127 1913 4203; x_wconf 74' lang='lat' dir='ltr'><strong>uti,</strong></span> <span class='ocrx_word' id='word_1_704' title='bbox 1963 4141 2061 4180; x_wconf 86' lang='lat' dir='ltr'><strong>uec.</strong></span> <span class='ocrx_word' id='word_1_705' title='bbox 2092 4143 2198 4203; x_wconf 57' lang='grc' dir='ltr'>ιιι-ιι</span> 
     </span>
    </p>
   </div>
   <div class='ocr_carea' id='block_1_97' title="bbox 619 4191 2190 4265">
    <p class='ocr_par' dir='ltr' id='par_1_97' title="bbox 619 4191 2190 4265">
     <span class='ocr_line' id='line_1_100' title="bbox 619 4191 2190 4265; baseline 0.004 -21"><span class='ocrx_word' id='word_1_706' title='bbox 619 4191 859 4265; x_wconf 82' lang='lat' dir='ltr'><strong>quolibet</strong></span> <span class='ocrx_word' id='word_1_707' title='bbox 882 4205 1097 4263; x_wconf 85' lang='lat' dir='ltr'><strong>peccato</strong></span> <span class='ocrx_word' id='word_1_708' title='bbox 1126 4191 1333 4250; x_wconf 82' lang='lat' dir='ltr'><strong>mortali</strong></span> <span class='ocrx_word' id='word_1_709' title='bbox 1361 4199 1537 4250; x_wconf 85' lang='lat' dir='ltr'><strong>statim</strong></span> <span class='ocrx_word' id='word_1_710' title='bbox 1566 4199 2049 4262; x_wconf 80' lang='lat' dir='ltr'><strong>excommunicare,</strong></span> <span class='ocrx_word' id='word_1_711' title='bbox 2077 4191 2190 4251; x_wconf 55' lang='lat' dir='ltr'><strong>mai</strong></span> 
     </span>
    </p>
   </div>
   <div class='ocr_carea' id='block_1_98' title="bbox 621 4261 2187 4335">
    <p class='ocr_par' dir='ltr' id='par_1_98' title="bbox 621 4261 2187 4335">
     <span class='ocr_line' id='line_1_101' title="bbox 621 4261 2187 4335; baseline 0.004 -21"><span class='ocrx_word' id='word_1_712' title='bbox 621 4261 764 4316; x_wconf 78' lang='lat' dir='ltr'><strong>xime</strong></span> <span class='ocrx_word' id='word_1_713' title='bbox 790 4261 1065 4335; x_wconf 11' lang='lat' dir='ltr'><strong>cumgolim</strong></span> <span class='ocrx_word' id='word_1_714' title='bbox 1094 4281 1160 4320; x_wconf 90' lang='lat' dir='ltr'><strong>eo</strong></span> <span class='ocrx_word' id='word_1_715' title='bbox 1204 4268 1322 4335; x_wconf 89' lang='lat' dir='ltr'><strong>ipso</strong></span> <span class='ocrx_word' id='word_1_716' title='bbox 1348 4281 1453 4335; x_wconf 87' lang='lat' dir='ltr'><strong>quo</strong></span> <span class='ocrx_word' id='word_1_717' title='bbox 1507 4266 1693 4320; x_wconf 55' lang='lat' dir='ltr'><strong>fuisset</strong></span> <span class='ocrx_word' id='word_1_718' title='bbox 1722 4268 1839 4335; x_wconf 87' lang='lat' dir='ltr'><strong>quis</strong></span> <span class='ocrx_word' id='word_1_719' title='bbox 1869 4261 2187 4321; x_wconf 64' lang='lat' dir='ltr'><strong>excommu-</strong></span> 
     </span>
    </p>
   </div>
   <div class='ocr_carea' id='block_1_99' title="bbox 621 4333 2187 4405">
    <p class='ocr_par' dir='ltr' id='par_1_99' title="bbox 621 4333 2187 4405">
     <span class='ocr_line' id='line_1_102' title="bbox 621 4333 2187 4405; baseline 0.006 -23"><span class='ocrx_word' id='word_1_720' title='bbox 621 4336 850 4405; x_wconf 88' lang='lat' dir='ltr'><strong>nicatus,</strong></span> <span class='ocrx_word' id='word_1_721' title='bbox 878 4333 943 4387; x_wconf 87' lang='lat' dir='ltr'><strong>ad</strong></span> <span class='ocrx_word' id='word_1_722' title='bbox 969 4333 1325 4391; x_wconf 84' lang='lat' dir='ltr'><strong>sacerdotium</strong></span> <span class='ocrx_word' id='word_1_723' title='bbox 1356 4333 1603 4389; x_wconf 83' lang='lat' dir='ltr'><strong>inhabilis</strong></span> <span class='ocrx_word' id='word_1_724' title='bbox 1647 4333 1917 4391; x_wconf 79' lang='lat' dir='ltr'><strong>evaderet.</strong></span> <span class='ocrx_word' id='word_1_725' title='bbox 1945 4340 2187 4405; x_wconf 82' lang='lat' dir='ltr'><strong>Quapro-</strong></span> 
     </span>
    </p>
   </div>
   <div class='ocr_carea' id='block_1_100' title="bbox 621 4404 2180 4475">
    <p class='ocr_par' dir='ltr' id='par_1_100' title="bbox 621 4404 2180 4475">
     <span class='ocr_line' id='line_1_103' title="bbox 621 4404 2180 4475; baseline 0.007 -23"><span class='ocrx_word' id='word_1_726' title='bbox 621 4411 739 4467; x_wconf 89' lang='lat' dir='ltr'><strong>pter</strong></span> <span class='ocrx_word' id='word_1_727' title='bbox 756 4404 1000 4475; x_wconf 76' lang='lat' dir='ltr'><strong>abbatem</strong></span> <span class='ocrx_word' id='word_1_728' title='bbox 1025 4416 1203 4459; x_wconf 91' lang='lat' dir='ltr'><strong>mouet</strong></span> <span class='ocrx_word' id='word_1_729' title='bbox 1229 4407 1560 4460; x_wconf 85' lang='lat' dir='ltr'><strong>llildemarus</strong></span> <span class='ocrx_word' id='word_1_730' title='bbox 1579 4408 1866 4475; x_wconf 88' lang='lat' dir='ltr'><strong>prudenter</strong></span> <span class='ocrx_word' id='word_1_731' title='bbox 1883 4404 2180 4474; x_wconf 83' lang='lat' dir='ltr'><strong>attendere,</strong></span> 
     </span>
    </p>
   </div>
   <div class='ocr_carea' id='block_1_101' title="bbox 619 4471 2180 4550">
    <p class='ocr_par' dir='ltr' id='par_1_101' title="bbox 619 4471 2180 4550">
     <span class='ocr_line' id='line_1_104' title="bbox 619 4471 2180 4550; baseline 0.008 -29"><span class='ocrx_word' id='word_1_732' title='bbox 619 4484 746 4550; x_wconf 76' lang='lat' dir='ltr'><strong>inim</strong></span> <span class='ocrx_word' id='word_1_733' title='bbox 772 4471 866 4550; x_wconf 83' lang='lat' dir='ltr'><strong>ille_</strong></span> <span class='ocrx_word' id='word_1_734' title='bbox 881 4474 1217 4550; x_wconf 88' lang='lat' dir='ltr'><strong>qui_deliquit</strong></span> <span class='ocrx_word' id='word_1_735' title='bbox 1239 4478 1307 4550; x_wconf 88' lang='lat' dir='ltr'><strong>sit</strong></span> <span class='ocrx_word' id='word_1_736' title='bbox 1338 4471 1633 4547; x_wconf 81' lang='lat' dir='ltr'><strong>presbyter,</strong></span> <span class='ocrx_word' id='word_1_737' title='bbox 1663 4486 1752 4550; x_wconf 89' lang='lat' dir='ltr'><strong>aut</strong></span> <span class='ocrx_word' id='word_1_738' title='bbox 1783 4481 1955 4550; x_wconf 83' lang='lat' dir='ltr'><strong>possit</strong></span> <span class='ocrx_word' id='word_1_739' title='bbox 1969 4471 2180 4533; x_wconf 86' lang='lat' dir='ltr'><strong>tandem</strong></span> 
     </span>
    </p>
   </div>
   <div class='ocr_carea' id='block_1_102' title="bbox 620 4539 2179 4617">
    <p class='ocr_par' dir='ltr' id='par_1_102' title="bbox 620 4539 2179 4617">
     <span class='ocr_line' id='line_1_105' title="bbox 620 4539 2179 4617; baseline 0.008 -27"><span class='ocrx_word' id='word_1_740' title='bbox 620 4539 909 4617; x_wconf 79' lang='lat' dir='ltr'><strong>aliquando</strong></span> <span class='ocrx_word' id='word_1_741' title='bbox 931 4545 995 4617; x_wconf 83' lang='lat' dir='ltr'><strong>ad</strong></span> <span class='ocrx_word' id='word_1_742' title='bbox 1023 4539 1378 4600; x_wconf 80' lang='lat' dir='ltr'><strong>sacerdotium</strong></span> <span class='ocrx_word' id='word_1_743' title='bbox 1410 4539 1645 4611; x_wconf 75' lang='lat' dir='ltr'><strong>evectus,</strong></span> <span class='ocrx_word' id='word_1_744' title='bbox 1672 4539 1896 4617; x_wconf 80' lang='lat' dir='ltr'><strong>aliquam</strong></span> <span class='ocrx_word' id='word_1_745' title='bbox 1927 4549 2179 4603; x_wconf 53' lang='lat' dir='ltr'><strong>Ecclesiae</strong></span> 
     </span>
    </p>
   </div>
   <div class='ocr_carea' id='block_1_103' title="bbox 622 4608 2179 4680">
    <p class='ocr_par' dir='ltr' id='par_1_103' title="bbox 622 4608 2179 4680">
     <span class='ocr_line' id='line_1_106' title="bbox 622 4608 2179 4680; baseline 0.009 -19"><span class='ocrx_word' id='word_1_746' title='bbox 622 4608 869 4665; x_wconf 82' lang='lat' dir='ltr'><strong>conlerre</strong></span> <span class='ocrx_word' id='word_1_747' title='bbox 898 4614 1209 4680; x_wconf 89' lang='lat' dir='ltr'><strong>utilitatem;</strong></span> <span class='ocrx_word' id='word_1_748' title='bbox 1242 4632 1308 4670; x_wconf 90' lang='lat' dir='ltr'><strong>eo</strong></span> <span class='ocrx_word' id='word_1_749' title='bbox 1348 4618 1486 4671; x_wconf 90' lang='lat' dir='ltr'><strong>enim</strong></span> <span class='ocrx_word' id='word_1_750' title='bbox 1536 4608 1693 4680; x_wconf 84' lang='lat' dir='ltr'><strong>casu,</strong></span> <span class='ocrx_word' id='word_1_751' title='bbox 1745 4608 1842 4672; x_wconf 76' lang='lat' dir='ltr'><strong>nisi</strong></span> <span class='ocrx_word' id='word_1_752' title='bbox 1872 4618 2006 4673; x_wconf 83' lang='lat' dir='ltr'><strong>fmte</strong></span> <span class='ocrx_word' id='word_1_753' title='bbox 2061 4620 2179 4675; x_wconf 87' lang='lat' dir='ltr'><strong>talis</strong></span> 
     </span>
    </p>
   </div>
   <div class='ocr_carea' id='block_1_104' title="bbox 619 4681 2175 4760">
    <p class='ocr_par' dir='ltr' id='par_1_104' title="bbox 619 4681 2175 4760">
     <span class='ocr_line' id='line_1_107' title="bbox 619 4681 2175 4760; baseline 0.008 -29"><span class='ocrx_word' id='word_1_754' title='bbox 619 4690 760 4760; x_wconf 70' lang='lat' dir='ltr'><strong>esset</strong></span> <span class='ocrx_word' id='word_1_755' title='bbox 787 4681 902 4749; x_wconf 87' lang='lat' dir='ltr'><strong>ejus</strong></span> <span class='ocrx_word' id='word_1_756' title='bbox 923 4686 1098 4760; x_wconf 80' lang='lat' dir='ltr'><strong>culpa,</strong></span> <span class='ocrx_word' id='word_1_757' title='bbox 1126 4687 1830 4760; x_wconf 62' lang='lat' dir='ltr'><strong>qua?redderetinbahilem</strong></span> <span class='ocrx_word' id='word_1_758' title='bbox 1867 4692 1933 4742; x_wconf 86' lang='lat' dir='ltr'><strong>ad</strong></span> <span class='ocrx_word' id='word_1_759' title='bbox 1966 4702 2175 4744; x_wconf 86' lang='lat' dir='ltr'><strong>sacrum</strong></span> 
     </span>
    </p>
   </div>
   <div class='ocr_carea' id='block_1_105' title="bbox 620 4748 2174 4829">
    <p class='ocr_par' dir='ltr' id='par_1_105' title="bbox 620 4748 2174 4829">
     <span class='ocr_line' id='line_1_108' title="bbox 620 4748 2174 4829; baseline 0.009 -28"><span class='ocrx_word' id='word_1_760' title='bbox 620 4748 884 4829; x_wconf 79' lang='lat' dir='ltr'><strong>ordinem,</strong></span> <span class='ocrx_word' id='word_1_761' title='bbox 935 4748 1202 4829; x_wconf 73' lang='lat' dir='ltr'><strong>abstinere</strong></span> <span class='ocrx_word' id='word_1_762' title='bbox 1241 4756 1465 4829; x_wconf 83' lang='lat' dir='ltr'><strong>deberet</strong></span> <span class='ocrx_word' id='word_1_763' title='bbox 1493 4758 1575 4829; x_wconf 87' lang='lat' dir='ltr'><strong>ab</strong></span> <span class='ocrx_word' id='word_1_764' title='bbox 1604 4762 2174 4829; x_wconf 71' lang='lat' dir='ltr'><strong>excommunicatione,</strong></span> 
     </span>
    </p>
   </div>
   <div class='ocr_carea' id='block_1_106' title="bbox 624 4823 2178 4896">
    <p class='ocr_par' dir='ltr' id='par_1_106' title="bbox 624 4823 2178 4896">
     <span class='ocr_line' id='line_1_109' title="bbox 624 4823 2178 4896; baseline 0.008 -23"><span class='ocrx_word' id='word_1_765' title='bbox 624 4823 814 4896; x_wconf 62' lang='lat' dir='ltr'><strong>iquia,</strong></span> <span class='ocrx_word' id='word_1_766' title='bbox 853 4825 1056 4896; x_wconf 79' lang='lat' dir='ltr'><strong>inquit,</strong></span> <span class='ocrx_word' id='word_1_767' title='bbox 1089 4827 1132 4880; x_wconf 89' lang='lat' dir='ltr'><strong>si</strong></span> <span class='ocrx_word' id='word_1_768' title='bbox 1186 4829 1236 4880; x_wconf 93' lang='lat' dir='ltr'><strong>in</strong></span> <span class='ocrx_word' id='word_1_769' title='bbox 1285 4826 1468 4896; x_wconf 86' lang='lat' dir='ltr'><strong>majori</strong></span> <span class='ocrx_word' id='word_1_770' title='bbox 1499 4828 1652 4894; x_wconf 90' lang='lat' dir='ltr'><strong>culpa</strong></span> <span class='ocrx_word' id='word_1_771' title='bbox 1687 4823 2178 4886; x_wconf 83' lang='lat' dir='ltr'><strong>excommunicatns</strong></span> 
     </span>
    </p>
   </div>
   <div class='ocr_carea' id='block_1_107' title="bbox 620 4889 2174 4970">
    <p class='ocr_par' dir='ltr' id='par_1_107' title="bbox 620 4889 2174 4970">
     <span class='ocr_line' id='line_1_110' title="bbox 620 4889 2174 4970; baseline 0.008 -28"><span class='ocrx_word' id='word_1_772' title='bbox 620 4889 797 4970; x_wconf 81' lang='lat' dir='ltr'><strong>fuerit,</strong></span> <span class='ocrx_word' id='word_1_773' title='bbox 822 4894 865 4946; x_wconf 88' lang='lat' dir='ltr'><strong>si</strong></span> <span class='ocrx_word' id='word_1_774' title='bbox 897 4889 1174 4966; x_wconf 69' lang='lat' dir='ltr'><strong>presbyter</strong></span> <span class='ocrx_word' id='word_1_775' title='bbox 1193 4907 1294 4963; x_wconf 88' lang='lat' dir='ltr'><strong>est,</strong></span> <span class='ocrx_word' id='word_1_776' title='bbox 1329 4889 1432 4951; x_wconf 77' lang='lat' dir='ltr'><strong>non</strong></span> <span class='ocrx_word' id='word_1_777' title='bbox 1468 4889 1636 4970; x_wconf 79' lang='lat' dir='ltr'><strong>debet</strong></span> <span class='ocrx_word' id='word_1_778' title='bbox 1667 4900 1883 4953; x_wconf 89' lang='lat' dir='ltr'><strong>missam</strong></span> <span class='ocrx_word' id='word_1_779' title='bbox 1914 4912 2133 4956; x_wconf 83' lang='lat' dir='ltr'><strong>cantare</strong></span> <span class='ocrx_word' id='word_1_780' title='bbox 2160 4919 2174 4968; x_wconf 92' lang='lat'><strong>;</strong></span> 
     </span>
    </p>
   </div>
   <div class='ocr_carea' id='block_1_108' title="bbox 619 4966 2173 5039">
    <p class='ocr_par' dir='ltr' id='par_1_108' title="bbox 619 4966 2173 5039">
     <span class='ocr_line' id='line_1_111' title="bbox 619 4966 2173 5039; baseline 0.01 -28"><span class='ocrx_word' id='word_1_781' title='bbox 619 4966 662 5039; x_wconf 74' lang='lat' dir='ltr'><strong>si</strong></span> <span class='ocrx_word' id='word_1_782' title='bbox 693 4976 992 5039; x_wconf 81' lang='lat' dir='ltr'><strong>autemnon</strong></span> <span class='ocrx_word' id='word_1_783' title='bbox 1023 4978 1105 5039; x_wconf 86' lang='lat' dir='ltr'><strong>est</strong></span> <span class='ocrx_word' id='word_1_784' title='bbox 1130 4971 1406 5039; x_wconf 88' lang='lat' dir='ltr'><strong>presbyter</strong></span> <span class='ocrx_word' id='word_1_785' title='bbox 1427 5009 1441 5035; x_wconf 90' lang='lat'><strong>,</strong></span> <span class='ocrx_word' id='word_1_786' title='bbox 1484 4982 1581 5023; x_wconf 90' lang='lat' dir='ltr'><strong>nec</strong></span> <span class='ocrx_word' id='word_1_787' title='bbox 1608 4966 1765 5024; x_wconf 86' lang='lat' dir='ltr'><strong>debet</strong></span> <span class='ocrx_word' id='word_1_788' title='bbox 1791 4986 1931 5024; x_wconf 84' lang='lat' dir='ltr'><strong>esse.</strong></span> <span class='ocrx_word' id='word_1_789' title='bbox 1957 4988 1975 5020; x_wconf 78' lang='grc' dir='ltr'><strong>ι</strong></span> <span class='ocrx_word' id='word_1_790' title='bbox 2032 4966 2173 5025; x_wconf 87' lang='lat' dir='ltr'><strong>Idem</strong></span> 
     </span>
    </p>
   </div>
   <div class='ocr_carea' id='block_1_109' title="bbox 618 5030 1121 5103">
    <p class='ocr_par' dir='ltr' id='par_1_109' title="bbox 618 5030 1121 5103">
     <span class='ocr_line' id='line_1_112' title="bbox 618 5030 1121 5103; baseline 0.02 -21"><span class='ocrx_word' id='word_1_791' title='bbox 618 5030 773 5103; x_wconf 86' lang='lat' dir='ltr'><strong>docet</strong></span> <span class='ocrx_word' id='word_1_792' title='bbox 800 5036 849 5086; x_wconf 90' lang='lat' dir='ltr'><strong>in</strong></span> <span class='ocrx_word' id='word_1_793' title='bbox 882 5050 1001 5103; x_wconf 87' lang='lat' dir='ltr'><strong>cap.</strong></span> <span class='ocrx_word' id='word_1_794' title='bbox 1030 5038 1121 5092; x_wconf 72' lang='grc'><strong>25.</strong></span> 
     </span>
    </p>
   </div>
   <div class='ocr_carea' id='block_1_110' title="bbox 610 5102 2173 5180">
    <p class='ocr_par' dir='ltr' id='par_1_110' title="bbox 610 5102 2173 5180">
     <span class='ocr_line' id='line_1_113' title="bbox 610 5102 2173 5180; baseline 0.008 -28"><span class='ocrx_word' id='word_1_795' title='bbox 610 5128 615 5143; x_wconf 67' lang='grc' dir='ltr'><strong>ι</strong></span> <span class='ocrx_word' id='word_1_796' title='bbox 687 5102 1006 5180; x_wconf 82' lang='lat' dir='ltr'><strong>Quarto.</strong></span> <span class='ocrx_word' id='word_1_797' title='bbox 1029 5109 1345 5163; x_wconf 81' lang='lat' dir='ltr'><strong>Benedictus</strong></span> <span class='ocrx_word' id='word_1_798' title='bbox 1373 5118 1476 5163; x_wconf 74' lang='lat' dir='ltr'><strong>tam</strong></span> <span class='ocrx_word' id='word_1_799' title='bbox 1501 5110 1993 5164; x_wconf 86' lang='lat' dir='ltr'><strong>sanctimonialibus</strong></span> <span class='ocrx_word' id='word_1_800' title='bbox 2016 5126 2173 5180; x_wconf 89' lang='lat' dir='ltr'><strong>quam</strong></span> 
     </span>
    </p>
   </div>
   <div class='ocr_carea' id='block_1_111' title="bbox 618 5176 2176 5249">
    <p class='ocr_par' dir='ltr' id='par_1_111' title="bbox 618 5176 2176 5249">
     <span class='ocr_line' id='line_1_114' title="bbox 618 5176 2176 5249; baseline 0.008 -26"><span class='ocrx_word' id='word_1_801' title='bbox 618 5176 891 5227; x_wconf 67' lang='lat' dir='ltr'><strong>monachis</strong></span> <span class='ocrx_word' id='word_1_802' title='bbox 923 5177 1171 5245; x_wconf 74' lang='lat' dir='ltr'><strong>[tegulam</strong></span> <span class='ocrx_word' id='word_1_803' title='bbox 1196 5182 1425 5247; x_wconf 88' lang='lat' dir='ltr'><strong>scripsit,</strong></span> <span class='ocrx_word' id='word_1_804' title='bbox 1442 5196 1661 5249; x_wconf 86' lang='lat' dir='ltr'><strong>quarum</strong></span> <span class='ocrx_word' id='word_1_805' title='bbox 1686 5190 1860 5234; x_wconf 85' lang='lat' dir='ltr'><strong>tamen</strong></span> <span class='ocrx_word' id='word_1_806' title='bbox 1892 5176 2176 5235; x_wconf 73' lang='lat' dir='ltr'><strong>abbatissa:</strong></span> 
     </span>
    </p>
   </div>
   <div class='ocr_carea' id='block_1_112' title="bbox 615 5252 2175 5321">
    <p class='ocr_par' dir='ltr' id='par_1_112' title="bbox 615 5252 2175 5321">
     <span class='ocr_line' id='line_1_115' title="bbox 615 5252 2175 5321; baseline 0.008 -29"><span class='ocrx_word' id='word_1_807' title='bbox 615 5256 721 5321; x_wconf 65' lang='lat' dir='ltr'><strong>non</strong></span> <span class='ocrx_word' id='word_1_808' title='bbox 755 5256 973 5311; x_wconf 86' lang='lat' dir='ltr'><strong>possunt</strong></span> <span class='ocrx_word' id='word_1_809' title='bbox 1000 5252 1483 5304; x_wconf 73' lang='lat' dir='ltr'><strong>excommunicare.</strong></span> <span class='ocrx_word' id='word_1_810' title='bbox 1529 5252 1630 5305; x_wconf 88' lang='lat' dir='ltr'><strong>Sed</strong></span> <span class='ocrx_word' id='word_1_811' title='bbox 1684 5269 1785 5304; x_wconf 86' lang='lat' dir='ltr'><strong>non</strong></span> <span class='ocrx_word' id='word_1_812' title='bbox 1828 5253 2005 5303; x_wconf 89' lang='lat' dir='ltr'><strong>omnia</strong></span> <span class='ocrx_word' id='word_1_813' title='bbox 2058 5267 2175 5321; x_wconf 76' lang='lat' dir='ltr'><strong>qua:</strong></span> 
     </span>
    </p>
   </div>
   <div class='ocr_carea' id='block_1_113' title="bbox 618 5312 2175 5393">
    <p class='ocr_par' dir='ltr' id='par_1_113' title="bbox 618 5312 2175 5393">
     <span class='ocr_line' id='line_1_116' title="bbox 618 5312 2175 5393; baseline 0.006 -28"><span class='ocrx_word' id='word_1_814' title='bbox 618 5312 814 5393; x_wconf 73' lang='lat' dir='ltr'><strong>Regula</strong></span> <span class='ocrx_word' id='word_1_815' title='bbox 856 5332 1036 5372; x_wconf 85' lang='lat' dir='ltr'><strong>saneta</strong></span> <span class='ocrx_word' id='word_1_816' title='bbox 1091 5321 1386 5393; x_wconf 70' lang='lat' dir='ltr'><strong>prtescribit</strong></span> <span class='ocrx_word' id='word_1_817' title='bbox 1435 5321 1926 5376; x_wconf 81' lang='lat' dir='ltr'><strong>sanctimonialibus</strong></span> <span class='ocrx_word' id='word_1_818' title='bbox 1979 5312 2175 5375; x_wconf 42' lang='lat' dir='ltr'><strong>con-ve-</strong></span> 
     </span>
    </p>
   </div>
   <div class='ocr_carea' id='block_1_114' title="bbox 614 5392 2172 5460">
    <p class='ocr_par' dir='ltr' id='par_1_114' title="bbox 614 5392 2172 5460">
     <span class='ocr_line' id='line_1_117' title="bbox 614 5392 2172 5460; baseline 0.005 -24"><span class='ocrx_word' id='word_1_819' title='bbox 614 5392 786 5460; x_wconf 84' lang='lat' dir='ltr'><strong>niunt,</strong></span> <span class='ocrx_word' id='word_1_820' title='bbox 807 5401 995 5442; x_wconf 89' lang='lat' dir='ltr'><strong>utsnnt</strong></span> <span class='ocrx_word' id='word_1_821' title='bbox 1016 5405 1074 5443; x_wconf 87' lang='lat' dir='ltr'><strong>ea</strong></span> <span class='ocrx_word' id='word_1_822' title='bbox 1098 5406 1216 5460; x_wconf 69' lang='lat' dir='ltr'><strong>qua:</strong></span> <span class='ocrx_word' id='word_1_823' title='bbox 1232 5392 1300 5445; x_wconf 89' lang='lat' dir='ltr'><strong>de</strong></span> <span class='ocrx_word' id='word_1_824' title='bbox 1319 5393 1680 5445; x_wconf 77' lang='lat' dir='ltr'><strong>sacerdotibus</strong></span> <span class='ocrx_word' id='word_1_825' title='bbox 1696 5405 1747 5444; x_wconf 88' lang='lat' dir='ltr'><strong>et</strong></span> <span class='ocrx_word' id='word_1_826' title='bbox 1764 5394 1831 5446; x_wconf 90' lang='lat' dir='ltr'><strong>de</strong></span> <span class='ocrx_word' id='word_1_827' title='bbox 1858 5406 2172 5446; x_wconf 70' lang='lat' dir='ltr'><strong>excommu-</strong></span> 
     </span>
    </p>
   </div>
   <div class='ocr_carea' id='block_1_115' title="bbox 614 5455 2170 5531">
    <p class='ocr_par' dir='ltr' id='par_1_115' title="bbox 614 5455 2170 5531">
     <span class='ocr_line' id='line_1_118' title="bbox 614 5455 2170 5531; baseline 0.004 -24"><span class='ocrx_word' id='word_1_828' title='bbox 614 5455 876 5510; x_wconf 77' lang='lat' dir='ltr'><strong>nicatioue</strong></span> <span class='ocrx_word' id='word_1_829' title='bbox 905 5455 1166 5529; x_wconf 78' lang='lat' dir='ltr'><strong>leguntur,</strong></span> <span class='ocrx_word' id='word_1_830' title='bbox 1194 5463 1332 5527; x_wconf 73' lang='lat' dir='ltr'><strong>quod</strong></span> <span class='ocrx_word' id='word_1_831' title='bbox 1367 5472 1542 5514; x_wconf 83' lang='lat' dir='ltr'><strong>tamen</strong></span> <span class='ocrx_word' id='word_1_832' title='bbox 1575 5479 1677 5514; x_wconf 89' lang='lat' dir='ltr'><strong>non</strong></span> <span class='ocrx_word' id='word_1_833' title='bbox 1710 5463 1926 5531; x_wconf 84' lang='lat' dir='ltr'><strong>impedit</strong></span> <span class='ocrx_word' id='word_1_834' title='bbox 1958 5462 2170 5529; x_wconf 86' lang='lat' dir='ltr'><strong>quomi-</strong></span> 
     </span>
    </p>
   </div>
   <div class='ocr_carea' id='block_1_116' title="bbox 612 5531 2172 5601">
    <p class='ocr_par' dir='ltr' id='par_1_116' title="bbox 612 5531 2172 5601">
     <span class='ocr_line' id='line_1_119' title="bbox 612 5531 2172 5601; baseline 0.006 -24"><span class='ocrx_word' id='word_1_835' title='bbox 612 5540 710 5601; x_wconf 81' lang='lat' dir='ltr'><strong>tius</strong></span> <span class='ocrx_word' id='word_1_836' title='bbox 740 5542 797 5580; x_wconf 78' lang='lat' dir='ltr'><strong>ei</strong></span> <span class='ocrx_word' id='word_1_837' title='bbox 841 5544 961 5590; x_wconf 65' lang='lat' dir='ltr'><strong>qua:</strong></span> <span class='ocrx_word' id='word_1_838' title='bbox 984 5547 1080 5583; x_wconf 87' lang='lat' dir='ltr'><strong>suo</strong></span> <span class='ocrx_word' id='word_1_839' title='bbox 1110 5531 1269 5585; x_wconf 60' lang='grc' dir='ltr'>διςιιιιὶ</span> <span class='ocrx_word' id='word_1_840' title='bbox 1292 5531 1649 5594; x_wconf 89' lang='lat' dir='ltr'><strong>conveniunt,</strong></span> <span class='ocrx_word' id='word_1_841' title='bbox 1703 5532 1754 5584; x_wconf 90' lang='lat' dir='ltr'><strong>in</strong></span> <span class='ocrx_word' id='word_1_842' title='bbox 1804 5534 2172 5601; x_wconf 89' lang='lat' dir='ltr'><strong>delinquentes</strong></span> 
     </span>
    </p>
   </div>
   <div class='ocr_carea' id='block_1_117' title="bbox 610 5595 2172 5670">
    <p class='ocr_par' dir='ltr' id='par_1_117' title="bbox 610 5595 2172 5670">
     <span class='ocr_line' id='line_1_120' title="bbox 610 5595 2172 5670; baseline 0.005 -22"><span class='ocrx_word' id='word_1_843' title='bbox 610 5595 902 5652; x_wconf 89' lang='lat' dir='ltr'><strong>decernere</strong></span> <span class='ocrx_word' id='word_1_844' title='bbox 926 5613 1120 5668; x_wconf 89' lang='lat' dir='ltr'><strong>queant</strong></span> <span class='ocrx_word' id='word_1_845' title='bbox 1146 5618 1328 5655; x_wconf 84' lang='lat' dir='ltr'><strong>earnm</strong></span> <span class='ocrx_word' id='word_1_846' title='bbox 1360 5602 1667 5664; x_wconf 64' lang='lat' dir='ltr'><strong>abbatissae,</strong></span> <span class='ocrx_word' id='word_1_847' title='bbox 1725 5611 1782 5654; x_wconf 93' lang='lat' dir='ltr'><strong>ut</strong></span> <span class='ocrx_word' id='word_1_848' title='bbox 1813 5612 1935 5654; x_wconf 82' lang='lat' dir='ltr'><strong>sunt</strong></span> <span class='ocrx_word' id='word_1_849' title='bbox 1967 5595 2172 5670; x_wconf 81' lang='lat' dir='ltr'><strong>privare</strong></span> 
     </span>
    </p>
   </div>
   <div class='ocr_carea' id='block_1_118' title="bbox 610 5671 2170 5745">
    <p class='ocr_par' dir='ltr' id='par_1_118' title="bbox 610 5671 2170 5745">
     <span class='ocr_line' id='line_1_121' title="bbox 610 5671 2170 5745; baseline 0.004 -26"><span class='ocrx_word' id='word_1_850' title='bbox 610 5680 639 5745; x_wconf 86' lang='lat' dir='ltr'><strong>_a</strong></span> <span class='ocrx_word' id='word_1_851' title='bbox 671 5680 932 5745; x_wconf 77' lang='lat' dir='ltr'><strong>mensa,_a</strong></span> <span class='ocrx_word' id='word_1_852' title='bbox 962 5686 1205 5745; x_wconf 83' lang='lat' dir='ltr'><strong>sororum</strong></span> <span class='ocrx_word' id='word_1_853' title='bbox 1233 5680 1507 5745; x_wconf 76' lang='lat' dir='ltr'><strong>consortio</strong></span> <span class='ocrx_word' id='word_1_854' title='bbox 1534 5671 1839 5734; x_wconf 80' lang='lat' dir='ltr'><strong>excludere,</strong></span> <span class='ocrx_word' id='word_1_855' title='bbox 1879 5682 2170 5745; x_wconf 16' lang='lat' dir='ltr'><strong>Aeticaztera</strong></span> 
     </span>
    </p>
   </div>
   <div class='ocr_carea' id='block_1_119' title="bbox 611 5735 2171 5808">
    <p class='ocr_par' dir='ltr' id='par_1_119' title="bbox 611 5735 2171 5808">
     <span class='ocr_line' id='line_1_122' title="bbox 611 5735 2171 5808; baseline 0.005 -17"><span class='ocrx_word' id='word_1_856' title='bbox 611 5735 934 5805; x_wconf 73' lang='lat' dir='ltr'><strong>huiusmodi,</strong></span> <span class='ocrx_word' id='word_1_857' title='bbox 955 5755 1074 5808; x_wconf 75' lang='lat' dir='ltr'><strong>qua:</strong></span> <span class='ocrx_word' id='word_1_858' title='bbox 1096 5744 1148 5796; x_wconf 90' lang='lat' dir='ltr'><strong>in</strong></span> <span class='ocrx_word' id='word_1_859' title='bbox 1177 5742 1579 5798; x_wconf 85' lang='lat' dir='ltr'><strong>Bethleemitico</strong></span> <span class='ocrx_word' id='word_1_860' title='bbox 1607 5743 1928 5798; x_wconf 86' lang='lat' dir='ltr'><strong>monasterio</strong></span> <span class='ocrx_word' id='word_1_861' title='bbox 1956 5744 2171 5799; x_wconf 80' lang='lat' dir='ltr'><strong>Paulam</strong></span> 
     </span>
    </p>
   </div>
   <div class='ocr_carea' id='block_1_120' title="bbox 720 5972 739 5997">
    <p class='ocr_par' dir='ltr' id='par_1_120' title="bbox 720 5972 739 5997">
     <span class='ocr_line' id='line_1_123' title="bbox 720 5972 739 5997; baseline 0 0"><span class='ocrx_word' id='word_1_862' title='bbox 720 5972 739 5997; x_wconf 62' lang='grc' dir='ltr'><em>δ</em></span> 
     </span>
    </p>
   </div>
   <div class='ocr_carea' id='block_1_121' title="bbox 2211 4474 3503 4576">
    <p class='ocr_par' dir='ltr' id='par_1_121' title="bbox 2211 4474 3503 4576">
     <span class='ocr_line' id='line_1_124' title="bbox 2211 4474 3503 4576; baseline 0.01 -55"><span class='ocrx_word' id='word_1_863' title='bbox 2211 4514 2265 4576; x_wconf 75' lang='lat' dir='ltr'><strong><em>D</em></strong></span> <span class='ocrx_word' id='word_1_864' title='bbox 2288 4474 2460 4576; x_wconf 41' lang='lat' dir='ltr'><strong>mliti!</strong></span> <span class='ocrx_word' id='word_1_865' title='bbox 2486 4476 2849 4576; x_wconf 31' lang='lat' dir='ltr'><strong>Stiructuqsi</strong></span> <span class='ocrx_word' id='word_1_866' title='bbox 2872 4552 2877 4559; x_wconf 17' lang='grc' dir='ltr'>ί</span> <span class='ocrx_word' id='word_1_867' title='bbox 2896 4480 3133 4561; x_wconf 76' lang='lat' dir='ltr'><strong>episcopi</strong></span> <span class='ocrx_word' id='word_1_868' title='bbox 3178 4479 3330 4576; x_wconf 70' lang='lat' dir='ltr'><strong>(Cap.</strong></span> <span class='ocrx_word' id='word_1_869' title='bbox 3369 4479 3503 4576; x_wconf 38' lang='lat' dir='ltr'><strong>iii:</strong></span> 
     </span>
    </p>
   </div>
   <div class='ocr_carea' id='block_1_122' title="bbox 2298 3206 3875 3276">
    <p class='ocr_par' dir='ltr' id='par_1_122' title="bbox 2298 3206 3875 3276">
     <span class='ocr_line' id='line_1_125' title="bbox 2298 3206 3875 3276; baseline 0.003 -17"><span class='ocrx_word' id='word_1_870' title='bbox 2298 3206 2682 3261; x_wconf 72' lang='lat' dir='ltr'><strong>emendationis</strong></span> <span class='ocrx_word' id='word_1_871' title='bbox 2708 3208 2995 3276; x_wconf 81' lang='lat' dir='ltr'><strong>diligentia,</strong></span> <span class='ocrx_word' id='word_1_872' title='bbox 3028 3220 3083 3265; x_wconf 89' lang='lat' dir='ltr'><strong>et</strong></span> <span class='ocrx_word' id='word_1_873' title='bbox 3119 3206 3249 3266; x_wconf 85' lang='lat' dir='ltr'><strong>item</strong></span> <span class='ocrx_word' id='word_1_874' title='bbox 3293 3211 3763 3266; x_wconf 86' lang='lat' dir='ltr'><strong>vehementiorem</strong></span> <span class='ocrx_word' id='word_1_875' title='bbox 3794 3214 3875 3265; x_wconf 80' lang='lat' dir='ltr'><strong>ad-</strong></span> 
     </span>
    </p>
   </div>
   <div class='ocr_carea' id='block_1_123' title="bbox 2294 3277 3871 3351">
    <p class='ocr_par' dir='ltr' id='par_1_123' title="bbox 2294 3277 3871 3351">
     <span class='ocr_line' id='line_1_126' title="bbox 2294 3277 3871 3351; baseline 0.004 -22"><span class='ocrx_word' id='word_1_876' title='bbox 2294 3277 2661 3351; x_wconf 75' lang='lat' dir='ltr'><strong>monitionem,</strong></span> <span class='ocrx_word' id='word_1_877' title='bbox 2694 3289 2746 3351; x_wconf 76' lang='lat' dir='ltr'><strong>et</strong></span> <span class='ocrx_word' id='word_1_878' title='bbox 2790 3282 3063 3336; x_wconf 89' lang='lat' dir='ltr'><strong>fortiorem</strong></span> <span class='ocrx_word' id='word_1_879' title='bbox 3112 3285 3479 3351; x_wconf 75' lang='lat' dir='ltr'><strong>ptenitentiam</strong></span> <span class='ocrx_word' id='word_1_880' title='bbox 3530 3284 3816 3349; x_wconf 78' lang='lat' dir='ltr'><strong>expetito;</strong></span> <span class='ocrx_word' id='word_1_881' title='bbox 3853 3304 3871 3335; x_wconf 80' lang='grc' dir='ltr'><strong>ι</strong></span> 
     </span>
    </p>
   </div>
   <div class='ocr_carea' id='block_1_124' title="bbox 2291 3348 3875 3420">
    <p class='ocr_par' dir='ltr' id='par_1_124' title="bbox 2291 3348 3875 3420">
     <span class='ocr_line' id='line_1_127' title="bbox 2291 3348 3875 3420; baseline 0.004 -20"><span class='ocrx_word' id='word_1_882' title='bbox 2291 3363 2355 3420; x_wconf 82' lang='lat' dir='ltr'><strong>ex</strong></span> <span class='ocrx_word' id='word_1_883' title='bbox 2387 3350 2444 3402; x_wconf 89' lang='lat' dir='ltr'><strong>S.</strong></span> <span class='ocrx_word' id='word_1_884' title='bbox 2467 3348 2670 3404; x_wconf 86' lang='lat' dir='ltr'><strong>Joanne</strong></span> <span class='ocrx_word' id='word_1_885' title='bbox 2690 3349 2922 3406; x_wconf 87' lang='lat' dir='ltr'><strong>Climaco</strong></span> <span class='ocrx_word' id='word_1_886' title='bbox 2946 3348 3219 3420; x_wconf 81' lang='lat' dir='ltr'><strong>cujusdam</strong></span> <span class='ocrx_word' id='word_1_887' title='bbox 3250 3352 3557 3408; x_wconf 87' lang='lat' dir='ltr'><strong>monasterii</strong></span> <span class='ocrx_word' id='word_1_888' title='bbox 3590 3348 3875 3407; x_wconf 78' lang='lat' dir='ltr'><strong>carcerem</strong></span> 
     </span>
    </p>
   </div>
   <div class='ocr_carea' id='block_1_125' title="bbox 2293 3419 3874 3492">
    <p class='ocr_par' dir='ltr' id='par_1_125' title="bbox 2293 3419 3874 3492">
     <span class='ocr_line' id='line_1_128' title="bbox 2293 3419 3874 3492; baseline 0.003 -22"><span class='ocrx_word' id='word_1_889' title='bbox 2293 3419 2366 3471; x_wconf 89' lang='lat' dir='ltr'><strong>ita</strong></span> <span class='ocrx_word' id='word_1_890' title='bbox 2392 3419 2727 3492; x_wconf 76' lang='lat' dir='ltr'><strong>describente</strong></span> <span class='ocrx_word' id='word_1_891' title='bbox 2753 3422 2937 3487; x_wconf 79' lang='lat' dir='ltr'><strong>(Grad.</strong></span> <span class='ocrx_word' id='word_1_892' title='bbox 2970 3419 3023 3489; x_wconf 77' lang='grc'><strong>4)</strong></span> <span class='ocrx_word' id='word_1_893' title='bbox 3062 3441 3074 3476; x_wconf 88' lang='lat'><strong><em>:</em></strong></span> <span class='ocrx_word' id='word_1_894' title='bbox 3108 3442 3128 3474; x_wconf 78' lang='grc' dir='ltr'><strong>ι</strong></span> <span class='ocrx_word' id='word_1_895' title='bbox 3167 3423 3338 3478; x_wconf 89' lang='lat' dir='ltr'><strong>Locus</strong></span> <span class='ocrx_word' id='word_1_896' title='bbox 3363 3432 3480 3479; x_wconf 89' lang='lat' dir='ltr'><strong>erat</strong></span> <span class='ocrx_word' id='word_1_897' title='bbox 3506 3422 3578 3477; x_wconf 83' lang='lat' dir='ltr'><strong>ab</strong></span> <span class='ocrx_word' id='word_1_898' title='bbox 3608 3424 3735 3492; x_wconf 82' lang='lat' dir='ltr'><strong>ipso</strong></span> <span class='ocrx_word' id='word_1_899' title='bbox 3767 3439 3874 3477; x_wconf 88' lang='lat' dir='ltr'><strong>mo-</strong></span> 
     </span>
    </p>
   </div>
   <div class='ocr_carea' id='block_1_126' title="bbox 2293 3490 3869 3562">
    <p class='ocr_par' dir='ltr' id='par_1_126' title="bbox 2293 3490 3869 3562">
     <span class='ocr_line' id='line_1_129' title="bbox 2293 3490 3869 3562; baseline 0.006 -23"><span class='ocrx_word' id='word_1_900' title='bbox 2293 3490 2533 3562; x_wconf 87' lang='lat' dir='ltr'><strong>nasterio_</strong></span> <span class='ocrx_word' id='word_1_901' title='bbox 2565 3506 2670 3543; x_wconf 92' lang='lat' dir='ltr'><strong>uno</strong></span> <span class='ocrx_word' id='word_1_902' title='bbox 2700 3491 2953 3546; x_wconf 81' lang='lat' dir='ltr'><strong>duntaxat</strong></span> <span class='ocrx_word' id='word_1_903' title='bbox 2985 3494 3160 3560; x_wconf 89' lang='lat' dir='ltr'><strong>lapide</strong></span> <span class='ocrx_word' id='word_1_904' title='bbox 3196 3509 3291 3549; x_wconf 89' lang='lat' dir='ltr'><strong>seu</strong></span> <span class='ocrx_word' id='word_1_905' title='bbox 3324 3495 3537 3548; x_wconf 89' lang='lat' dir='ltr'><strong>milliari</strong></span> <span class='ocrx_word' id='word_1_906' title='bbox 3564 3490 3869 3562; x_wconf 56' lang='lat' dir='ltr'><strong>seiunctus,</strong></span> 
     </span>
    </p>
   </div>
   <div class='ocr_carea' id='block_1_127' title="bbox 2293 3559 3872 3624">
    <p class='ocr_par' dir='ltr' id='par_1_127' title="bbox 2293 3559 3872 3624">
     <span class='ocr_line' id='line_1_130' title="bbox 2293 3559 3872 3624; baseline 0.005 -13"><span class='ocrx_word' id='word_1_907' title='bbox 2293 3572 2474 3612; x_wconf 89' lang='lat' dir='ltr'><strong>carcer</strong></span> <span class='ocrx_word' id='word_1_908' title='bbox 2503 3559 2699 3624; x_wconf 88' lang='lat' dir='ltr'><strong>dictus,</strong></span> <span class='ocrx_word' id='word_1_909' title='bbox 2733 3564 2875 3617; x_wconf 85' lang='lat' dir='ltr'><strong>omni</strong></span> <span class='ocrx_word' id='word_1_910' title='bbox 2915 3565 3281 3619; x_wconf 86' lang='lat' dir='ltr'><strong>consolatione</strong></span> <span class='ocrx_word' id='word_1_911' title='bbox 3320 3565 3611 3620; x_wconf 88' lang='lat' dir='ltr'><strong>destitutus</strong></span> <span class='ocrx_word' id='word_1_912' title='bbox 3629 3559 3660 3617; x_wconf 70' lang='grc' dir='ltr'><strong>ἐ</strong></span> <span class='ocrx_word' id='word_1_913' title='bbox 3694 3559 3872 3619; x_wconf 87' lang='lat' dir='ltr'><strong>nullus</strong></span> 
     </span>
    </p>
   </div>
   <div class='ocr_carea' id='block_1_128' title="bbox 2294 3629 3868 3701">
    <p class='ocr_par' dir='ltr' id='par_1_128' title="bbox 2294 3629 3868 3701">
     <span class='ocr_line' id='line_1_131' title="bbox 2294 3629 3868 3701; baseline 0.005 -21"><span class='ocrx_word' id='word_1_914' title='bbox 2294 3629 2364 3701; x_wconf 89' lang='lat' dir='ltr'><strong>ibi</strong></span> <span class='ocrx_word' id='word_1_915' title='bbox 2391 3631 2582 3701; x_wconf 66' lang='lat' dir='ltr'><strong>culinae</strong></span> <span class='ocrx_word' id='word_1_916' title='bbox 2612 3631 2787 3685; x_wconf 85' lang='lat' dir='ltr'><strong>fumus</strong></span> <span class='ocrx_word' id='word_1_917' title='bbox 2811 3634 3150 3701; x_wconf 89' lang='lat' dir='ltr'><strong>cernebatur,</strong></span> <span class='ocrx_word' id='word_1_918' title='bbox 3175 3650 3278 3689; x_wconf 92' lang='lat' dir='ltr'><strong>non</strong></span> <span class='ocrx_word' id='word_1_919' title='bbox 3308 3639 3511 3699; x_wconf 89' lang='lat' dir='ltr'><strong>vinum,</strong></span> <span class='ocrx_word' id='word_1_920' title='bbox 3544 3650 3656 3688; x_wconf 90' lang='lat' dir='ltr'><strong>non</strong></span> <span class='ocrx_word' id='word_1_921' title='bbox 3684 3637 3868 3690; x_wconf 87' lang='lat' dir='ltr'><strong>oleum</strong></span> 
     </span>
    </p>
   </div>
   <div class='ocr_carea' id='block_1_129' title="bbox 2293 3698 3868 3775">
    <p class='ocr_par' dir='ltr' id='par_1_129' title="bbox 2293 3698 3868 3775">
     <span class='ocr_line' id='line_1_132' title="bbox 2293 3698 3868 3775; baseline 0.006 -24"><span class='ocrx_word' id='word_1_922' title='bbox 2293 3698 2344 3751; x_wconf 86' lang='lat' dir='ltr'><strong>in</strong></span> <span class='ocrx_word' id='word_1_923' title='bbox 2374 3700 2550 3775; x_wconf 84' lang='lat' dir='ltr'><strong>cibum</strong></span> <span class='ocrx_word' id='word_1_924' title='bbox 2579 3702 2956 3775; x_wconf 86' lang='lat' dir='ltr'><strong>adhibebatur;</strong></span> <span class='ocrx_word' id='word_1_925' title='bbox 2987 3720 3090 3758; x_wconf 91' lang='lat' dir='ltr'><strong>non</strong></span> <span class='ocrx_word' id='word_1_926' title='bbox 3122 3698 3262 3759; x_wconf 82' lang='lat' dir='ltr'><strong>aliud</strong></span> <span class='ocrx_word' id='word_1_927' title='bbox 3292 3706 3417 3775; x_wconf 90' lang='lat' dir='ltr'><strong>quid</strong></span> <span class='ocrx_word' id='word_1_928' title='bbox 3444 3698 3644 3775; x_wconf 68' lang='lat' dir='ltr'><strong>praeter</strong></span> <span class='ocrx_word' id='word_1_929' title='bbox 3675 3720 3868 3773; x_wconf 83' lang='lat' dir='ltr'><strong>panem</strong></span> 
     </span>
    </p>
   </div>
   <div class='ocr_carea' id='block_1_130' title="bbox 2292 3771 3863 3846">
    <p class='ocr_par' dir='ltr' id='par_1_130' title="bbox 2292 3771 3863 3846">
     <span class='ocr_line' id='line_1_133' title="bbox 2292 3771 3863 3846; baseline 0.006 -25"><span class='ocrx_word' id='word_1_930' title='bbox 2292 3779 2346 3846; x_wconf 75' lang='lat' dir='ltr'><strong>et</strong></span> <span class='ocrx_word' id='word_1_931' title='bbox 2376 3771 2573 3846; x_wconf 79' lang='lat' dir='ltr'><strong>minuta</strong></span> <span class='ocrx_word' id='word_1_932' title='bbox 2614 3773 2868 3846; x_wconf 79' lang='lat' dir='ltr'><strong>olnscnla.</strong></span> <span class='ocrx_word' id='word_1_933' title='bbox 2917 3776 2970 3829; x_wconf 90' lang='lat' dir='ltr'><strong>lu</strong></span> <span class='ocrx_word' id='word_1_934' title='bbox 3003 3776 3102 3829; x_wconf 89' lang='lat' dir='ltr'><strong>hoc</strong></span> <span class='ocrx_word' id='word_1_935' title='bbox 3131 3778 3217 3846; x_wconf 91' lang='lat' dir='ltr'><strong>qui</strong></span> <span class='ocrx_word' id='word_1_936' title='bbox 3251 3771 3370 3845; x_wconf 79' lang='lat' dir='ltr'><strong>post</strong></span> <span class='ocrx_word' id='word_1_937' title='bbox 3412 3771 3725 3845; x_wconf 78' lang='lat' dir='ltr'><strong>religiosam</strong></span> <span class='ocrx_word' id='word_1_938' title='bbox 3755 3792 3863 3843; x_wconf 68' lang='lat' dir='ltr'><strong>pro</strong></span> 
     </span>
    </p>
   </div>
   <div class='ocr_carea' id='block_1_131' title="bbox 2292 3838 3875 3916">
    <p class='ocr_par' dir='ltr' id='par_1_131' title="bbox 2292 3838 3875 3916">
     <span class='ocr_line' id='line_1_134' title="bbox 2292 3838 3875 3916; baseline 0.006 -24"><span class='ocrx_word' id='word_1_939' title='bbox 2292 3838 2575 3916; x_wconf 67' lang='lat' dir='ltr'><strong>fessionem</strong></span> <span class='ocrx_word' id='word_1_940' title='bbox 2617 3844 2666 3895; x_wconf 89' lang='lat' dir='ltr'><strong>in</strong></span> <span class='ocrx_word' id='word_1_941' title='bbox 2708 3854 2979 3906; x_wconf 87' lang='lat' dir='ltr'><strong>peccatum</strong></span> <span class='ocrx_word' id='word_1_942' title='bbox 3014 3838 3438 3916; x_wconf 62' lang='lat' dir='ltr'><strong>prolapsi&#39;eraut,</strong></span> <span class='ocrx_word' id='word_1_943' title='bbox 3475 3838 3542 3900; x_wconf 67' lang='lat' dir='ltr'><strong>ita</strong></span> <span class='ocrx_word' id='word_1_944' title='bbox 3571 3838 3875 3901; x_wconf 76' lang='lat' dir='ltr'><strong>conclude-</strong></span> 
     </span>
    </p>
   </div>
   <div class='ocr_carea' id='block_1_132' title="bbox 2294 3909 3869 3985">
    <p class='ocr_par' dir='ltr' id='par_1_132' title="bbox 2294 3909 3869 3985">
     <span class='ocr_line' id='line_1_135' title="bbox 2294 3909 3869 3985; baseline 0.012 -22"><span class='ocrx_word' id='word_1_945' title='bbox 2294 3909 2380 3985; x_wconf 83' lang='lat' dir='ltr'><strong>bat</strong></span> <span class='ocrx_word' id='word_1_946' title='bbox 2409 3912 2617 3985; x_wconf 80' lang='lat' dir='ltr'><strong>(abbas)</strong></span> <span class='ocrx_word' id='word_1_947' title='bbox 2640 3922 2696 3985; x_wconf 84' lang='lat' dir='ltr'><strong>ut</strong></span> <span class='ocrx_word' id='word_1_948' title='bbox 2741 3915 2924 3981; x_wconf 88' lang='lat' dir='ltr'><strong>pedem</strong></span> <span class='ocrx_word' id='word_1_949' title='bbox 2954 3909 3456 3980; x_wconf 61' lang='lat' dir='ltr'><strong>efferre&#39;nunqnam</strong></span> <span class='ocrx_word' id='word_1_950' title='bbox 3489 3931 3738 3985; x_wconf 72' lang='lat' dir='ltr'><strong>posscn&#39;;</strong></span> <span class='ocrx_word' id='word_1_951' title='bbox 3775 3933 3869 3972; x_wconf 76' lang='lat' dir='ltr'><strong>&quot;cc</strong></span> 
     </span>
    </p>
   </div>
   <div class='ocr_carea' id='block_1_133' title="bbox 2294 3981 3869 4057">
    <p class='ocr_par' dir='ltr' id='par_1_133' title="bbox 2294 3981 3869 4057">
     <span class='ocr_line' id='line_1_136' title="bbox 2294 3981 3869 4057; baseline 0.006 -25"><span class='ocrx_word' id='word_1_952' title='bbox 2294 3981 2470 4057; x_wconf 81' lang='lat' dir='ltr'><strong>pittres</strong></span> <span class='ocrx_word' id='word_1_953' title='bbox 2496 3982 2654 4057; x_wconf 81' lang='lat' dir='ltr'><strong>simul</strong></span> <span class='ocrx_word' id='word_1_954' title='bbox 2677 3982 2951 4054; x_wconf 74' lang='lat' dir='ltr'><strong>iungebat,</strong></span> <span class='ocrx_word' id='word_1_955' title='bbox 2996 3987 3089 4041; x_wconf 89' lang='lat' dir='ltr'><strong>sed</strong></span> <span class='ocrx_word' id='word_1_956' title='bbox 3120 3988 3354 4057; x_wconf 83' lang='lat' dir='ltr'><strong>singulos</strong></span> <span class='ocrx_word' id='word_1_957' title='bbox 3391 3981 3645 4055; x_wconf 79' lang='lat' dir='ltr'><strong>seorsim,</strong></span> <span class='ocrx_word' id='word_1_958' title='bbox 3685 4000 3785 4040; x_wconf 89' lang='lat' dir='ltr'><strong>aut</strong></span> <span class='ocrx_word' id='word_1_959' title='bbox 3817 3998 3869 4043; x_wconf 92' lang='lat' dir='ltr'><strong>ut</strong></span> 
     </span>
    </p>
   </div>
   <div class='ocr_carea' id='block_1_134' title="bbox 2292 4053 3871 4127">
    <p class='ocr_par' dir='ltr' id='par_1_134' title="bbox 2292 4053 3871 4127">
     <span class='ocr_line' id='line_1_137' title="bbox 2292 4053 3871 4127; baseline 0.007 -24"><span class='ocrx_word' id='word_1_960' title='bbox 2292 4053 2778 4127; x_wconf 28' lang='lat' dir='ltr'><strong>p‘lllrilttunibittos,</strong></span> <span class='ocrx_word' id='word_1_961' title='bbox 2809 4053 3328 4127; x_wconf 59' lang='lat' dir='ltr'><strong>manebantque&#39;lbi;</strong></span> <span class='ocrx_word' id='word_1_962' title='bbox 3357 4053 3529 4112; x_wconf 89' lang='lat' dir='ltr'><strong>donec</strong></span> <span class='ocrx_word' id='word_1_963' title='bbox 3569 4072 3783 4125; x_wconf 64' lang='lat' dir='ltr'><strong>praeses</strong></span> <span class='ocrx_word' id='word_1_964' title='bbox 3811 4061 3871 4114; x_wconf 86' lang='lat' dir='ltr'><strong>de</strong></span> 
     </span>
    </p>
   </div>
   <div class='ocr_carea' id='block_1_135' title="bbox 2292 4123 3871 4191">
    <p class='ocr_par' dir='ltr' id='par_1_135' title="bbox 2292 4123 3871 4191">
     <span class='ocr_line' id='line_1_138' title="bbox 2292 4123 3871 4191; baseline 0.006 -18"><span class='ocrx_word' id='word_1_965' title='bbox 2292 4123 2515 4191; x_wconf 82' lang='lat' dir='ltr'><strong>singulis</strong></span> <span class='ocrx_word' id='word_1_966' title='bbox 2540 4124 2791 4179; x_wconf 83' lang='lat' dir='ltr'><strong>divinitus</strong></span> <span class='ocrx_word' id='word_1_967' title='bbox 2834 4123 3170 4183; x_wconf 76' lang='lat' dir='ltr'><strong>educeretur.</strong></span> <span class='ocrx_word' id='word_1_968' title='bbox 3209 4146 3228 4178; x_wconf 78' lang='grc' dir='ltr'><strong>ι</strong></span> <span class='ocrx_word' id='word_1_969' title='bbox 3266 4129 3405 4182; x_wconf 89' lang='lat' dir='ltr'><strong>ldctn</strong></span> <span class='ocrx_word' id='word_1_970' title='bbox 3430 4123 3644 4181; x_wconf 80' lang='lat' dir='ltr'><strong>constat</strong></span> <span class='ocrx_word' id='word_1_971' title='bbox 3672 4142 3740 4181; x_wconf 74' lang='lat' dir='ltr'><strong>ex</strong></span> <span class='ocrx_word' id='word_1_972' title='bbox 3776 4129 3871 4182; x_wconf 82' lang='lat' dir='ltr'><strong>Re-</strong></span> 
     </span>
    </p>
   </div>
   <div class='ocr_carea' id='block_1_136' title="bbox 2290 4192 3872 4269">
    <p class='ocr_par' dir='ltr' id='par_1_136' title="bbox 2290 4192 3872 4269">
     <span class='ocr_line' id='line_1_139' title="bbox 2290 4192 3872 4269; baseline 0.007 -27"><span class='ocrx_word' id='word_1_973' title='bbox 2290 4192 2409 4269; x_wconf 72' lang='lat' dir='ltr'><strong>gula</strong></span> <span class='ocrx_word' id='word_1_974' title='bbox 2453 4194 2508 4248; x_wconf 88' lang='lat' dir='ltr'><strong>S.</strong></span> <span class='ocrx_word' id='word_1_975' title='bbox 2533 4194 2747 4269; x_wconf 58' lang='grc' dir='ltr'><strong>(ζευειπίὶ</strong></span> <span class='ocrx_word' id='word_1_976' title='bbox 2788 4197 2851 4248; x_wconf 91' lang='lat' dir='ltr'><strong>ad</strong></span> <span class='ocrx_word' id='word_1_977' title='bbox 2896 4198 3186 4253; x_wconf 87' lang='lat' dir='ltr'><strong>monachos</strong></span> <span class='ocrx_word' id='word_1_978' title='bbox 3224 4198 3374 4269; x_wconf 83' lang='lat' dir='ltr'><strong>(Cap.</strong></span> <span class='ocrx_word' id='word_1_979' title='bbox 3404 4198 3535 4263; x_wconf 71' lang='lat'><strong>25):</strong></span> <span class='ocrx_word' id='word_1_980' title='bbox 3567 4217 3585 4248; x_wconf 75' lang='grc' dir='ltr'><strong>ι</strong></span> <span class='ocrx_word' id='word_1_981' title='bbox 3624 4199 3727 4269; x_wconf 84' lang='lat' dir='ltr'><strong>Qui</strong></span> <span class='ocrx_word' id='word_1_982' title='bbox 3782 4213 3872 4267; x_wconf 82' lang='lat' dir='ltr'><strong>pro</strong></span> 
     </span>
    </p>
   </div>
   <div class='ocr_carea' id='block_1_137' title="bbox 2294 4261 3871 4332">
    <p class='ocr_par' dir='ltr' id='par_1_137' title="bbox 2294 4261 3871 4332">
     <span class='ocr_line' id='line_1_140' title="bbox 2294 4261 3871 4332; baseline 0.006 -19"><span class='ocrx_word' id='word_1_983' title='bbox 2294 4261 2467 4330; x_wconf 87' lang='lat' dir='ltr'><strong>aliqua</strong></span> <span class='ocrx_word' id='word_1_984' title='bbox 2497 4266 2648 4332; x_wconf 86' lang='lat' dir='ltr'><strong>culpa</strong></span> <span class='ocrx_word' id='word_1_985' title='bbox 2680 4270 3165 4322; x_wconf 82' lang='lat' dir='ltr'><strong>cxcommuuicatns</strong></span> <span class='ocrx_word' id='word_1_986' title='bbox 3193 4261 3368 4331; x_wconf 46' lang='lat' dir='ltr'><strong>fuerft,</strong></span> <span class='ocrx_word' id='word_1_987' title='bbox 3403 4269 3453 4321; x_wconf 86' lang='lat' dir='ltr'><strong>in</strong></span> <span class='ocrx_word' id='word_1_988' title='bbox 3482 4261 3586 4319; x_wconf 88' lang='lat' dir='ltr'><strong>una</strong></span> <span class='ocrx_word' id='word_1_989' title='bbox 3621 4261 3871 4323; x_wconf 49' lang='lat' dir='ltr'><strong>c&#39;ella&#39;re-</strong></span> 
     </span>
    </p>
   </div>
   <div class='ocr_carea' id='block_1_138' title="bbox 2293 4332 3873 4408">
    <p class='ocr_par' dir='ltr' id='par_1_138' title="bbox 2293 4332 3873 4408">
     <span class='ocr_line' id='line_1_141' title="bbox 2293 4332 3873 4408; baseline 0.006 -25"><span class='ocrx_word' id='word_1_990' title='bbox 2293 4332 2555 4408; x_wconf 82' lang='lat' dir='ltr'><strong>cludatur,</strong></span> <span class='ocrx_word' id='word_1_991' title='bbox 2584 4344 2638 4408; x_wconf 87' lang='lat' dir='ltr'><strong>et</strong></span> <span class='ocrx_word' id='word_1_992' title='bbox 2666 4350 2786 4389; x_wconf 91' lang='lat' dir='ltr'><strong>cum</strong></span> <span class='ocrx_word' id='word_1_993' title='bbox 2818 4353 2922 4408; x_wconf 81' lang='lat' dir='ltr'><strong>uno</strong></span> <span class='ocrx_word' id='word_1_994' title='bbox 2950 4344 3158 4392; x_wconf 85' lang='lat' dir='ltr'><strong>seniore</strong></span> <span class='ocrx_word' id='word_1_995' title='bbox 3190 4341 3260 4393; x_wconf 91' lang='lat' dir='ltr'><strong>ibi</strong></span> <span class='ocrx_word' id='word_1_996' title='bbox 3292 4342 3450 4408; x_wconf 88' lang='lat' dir='ltr'><strong>legat,</strong></span> <span class='ocrx_word' id='word_1_997' title='bbox 3475 4337 3656 4391; x_wconf 89' lang='lat' dir='ltr'><strong>donec</strong></span> <span class='ocrx_word' id='word_1_998' title='bbox 3682 4337 3873 4405; x_wconf 82' lang='lat' dir='ltr'><strong>jubea-</strong></span> 
     </span>
    </p>
   </div>
   <div class='ocr_carea' id='block_1_139' title="bbox 2294 4404 3870 4471">
    <p class='ocr_par' dir='ltr' id='par_1_139' title="bbox 2294 4404 3870 4471">
     <span class='ocr_line' id='line_1_142' title="bbox 2294 4404 3870 4471; baseline 0.006 -18"><span class='ocrx_word' id='word_1_999' title='bbox 2294 4412 2376 4453; x_wconf 90' lang='lat' dir='ltr'><strong>tnr</strong></span> <span class='ocrx_word' id='word_1_1000' title='bbox 2399 4404 2462 4455; x_wconf 91' lang='lat' dir='ltr'><strong>ad</strong></span> <span class='ocrx_word' id='word_1_1001' title='bbox 2496 4407 2697 4458; x_wconf 89' lang='lat' dir='ltr'><strong>veniam</strong></span> <span class='ocrx_word' id='word_1_1002' title='bbox 2726 4407 2941 4471; x_wconf 86' lang='lat' dir='ltr'><strong>venire;</strong></span> <span class='ocrx_word' id='word_1_1003' title='bbox 2984 4427 3000 4460; x_wconf 85' lang='grc' dir='ltr'><strong>ι</strong></span> <span class='ocrx_word' id='word_1_1004' title='bbox 3036 4426 3101 4463; x_wconf 73' lang='lat' dir='ltr'><strong>ex</strong></span> <span class='ocrx_word' id='word_1_1005' title='bbox 3130 4409 3325 4471; x_wconf 74' lang='lat' dir='ltr'><strong>Regula</strong></span> <span class='ocrx_word' id='word_1_1006' title='bbox 3348 4404 3695 4463; x_wconf 23' lang='lat' dir='ltr'><strong>&#39;monastica’</strong></span> <span class='ocrx_word' id='word_1_1007' title='bbox 3715 4423 3870 4462; x_wconf 82' lang='lat' dir='ltr'><strong>com-</strong></span> 
     </span>
    </p>
   </div>
   <div class='ocr_carea' id='block_1_140' title="bbox 3542 4480 3873 4532">
    <p class='ocr_par' dir='ltr' id='par_1_140' title="bbox 3542 4480 3873 4532">
     <span class='ocr_line' id='line_1_143' title="bbox 3542 4480 3873 4532; baseline 0.012 -3"><span class='ocrx_word' id='word_1_1008' title='bbox 3542 4497 3560 4529; x_wconf 77' lang='grc' dir='ltr'><strong>ι</strong></span> <span class='ocrx_word' id='word_1_1009' title='bbox 3595 4480 3734 4531; x_wconf 78' lang='lat' dir='ltr'><strong>Cum</strong></span> <span class='ocrx_word' id='word_1_1010' title='bbox 3784 4495 3873 4532; x_wconf 76' lang='lat' dir='ltr'><strong>ex-</strong></span> 
     </span>
    </p>
   </div>
   <div class='ocr_carea' id='block_1_141' title="bbox 2288 4545 3875 4618">
    <p class='ocr_par' dir='ltr' id='par_1_141' title="bbox 2288 4545 3875 4618">
     <span class='ocr_line' id='line_1_144' title="bbox 2288 4545 3875 4618; baseline 0.006 -25"><span class='ocrx_word' id='word_1_1011' title='bbox 2288 4545 2708 4618; x_wconf 83' lang='lat' dir='ltr'><strong>communicatur</strong></span> <span class='ocrx_word' id='word_1_1012' title='bbox 2747 4545 2945 4613; x_wconf 79' lang='lat' dir='ltr'><strong>aliquis</strong></span> <span class='ocrx_word' id='word_1_1013' title='bbox 2983 4545 3283 4618; x_wconf 37' lang='lat' dir='ltr'><strong>pro—culpa,</strong></span> <span class='ocrx_word' id='word_1_1014' title='bbox 3315 4545 3555 4603; x_wconf 73' lang='lat' dir='ltr'><strong>mittatur</strong></span> <span class='ocrx_word' id='word_1_1015' title='bbox 3591 4548 3875 4603; x_wconf 80' lang='lat' dir='ltr'><strong>solitarius</strong></span> 
     </span>
    </p>
   </div>
   <div class='ocr_carea' id='block_1_142' title="bbox 2289 4614 3871 4687">
    <p class='ocr_par' dir='ltr' id='par_1_142' title="bbox 2289 4614 3871 4687">
     <span class='ocr_line' id='line_1_145' title="bbox 2289 4614 3871 4687; baseline 0.004 -22"><span class='ocrx_word' id='word_1_1016' title='bbox 2289 4614 2338 4687; x_wconf 86' lang='lat' dir='ltr'><strong>in</strong></span> <span class='ocrx_word' id='word_1_1017' title='bbox 2365 4615 2551 4687; x_wconf 82' lang='lat' dir='ltr'><strong>cellam</strong></span> <span class='ocrx_word' id='word_1_1018' title='bbox 2581 4616 2860 4671; x_wconf 85' lang='lat' dir='ltr'><strong>obscuram</strong></span> <span class='ocrx_word' id='word_1_1019' title='bbox 2891 4621 2939 4671; x_wconf 93' lang='lat' dir='ltr'><strong>in</strong></span> <span class='ocrx_word' id='word_1_1020' title='bbox 2972 4614 3087 4671; x_wconf 76' lang='lat' dir='ltr'><strong>solo</strong></span> <span class='ocrx_word' id='word_1_1021' title='bbox 3115 4614 3248 4686; x_wconf 79' lang='lat' dir='ltr'><strong>pane</strong></span> <span class='ocrx_word' id='word_1_1022' title='bbox 3274 4632 3326 4673; x_wconf 93' lang='lat' dir='ltr'><strong>et</strong></span> <span class='ocrx_word' id='word_1_1023' title='bbox 3349 4633 3548 4679; x_wconf 70' lang='grc' dir='ltr'>ιιιιιιιιει</span> <span class='ocrx_word' id='word_1_1024' title='bbox 3574 4633 3642 4671; x_wconf 81' lang='lat' dir='ltr'><strong>ex</strong></span> <span class='ocrx_word' id='word_1_1025' title='bbox 3668 4619 3871 4687; x_wconf 76' lang='lat' dir='ltr'><strong>Regula</strong></span> 
     </span>
    </p>
   </div>
   <div class='ocr_carea' id='block_1_143' title="bbox 2285 4684 3871 4759">
    <p class='ocr_par' dir='ltr' id='par_1_143' title="bbox 2285 4684 3871 4759">
     <span class='ocr_line' id='line_1_146' title="bbox 2285 4684 3871 4759; baseline 0.001 -21"><span class='ocrx_word' id='word_1_1026' title='bbox 2285 4684 2571 4753; x_wconf 79' lang='lat' dir='ltr'><strong>Cujusdam</strong></span> <span class='ocrx_word' id='word_1_1027' title='bbox 2627 4687 2692 4739; x_wconf 89' lang='lat' dir='ltr'><strong>ad</strong></span> <span class='ocrx_word' id='word_1_1028' title='bbox 2747 4688 2978 4753; x_wconf 83' lang='lat' dir='ltr'><strong>virgines</strong></span> <span class='ocrx_word' id='word_1_1029' title='bbox 3030 4684 3184 4759; x_wconf 66' lang='lat' dir='ltr'><strong>(Cap.</strong></span> <span class='ocrx_word' id='word_1_1030' title='bbox 3220 4692 3304 4759; x_wconf 70' lang='lat' dir='ltr'><strong>fil)</strong></span> <span class='ocrx_word' id='word_1_1031' title='bbox 3344 4706 3358 4743; x_wconf 88' lang='lat'><strong>:</strong></span> <span class='ocrx_word' id='word_1_1032' title='bbox 3396 4684 3871 4743; x_wconf 66' lang='lat' dir='ltr'><strong>Excommunicata</strong></span> 
     </span>
    </p>
   </div>
   <div class='ocr_carea' id='block_1_144' title="bbox 2286 4759 3870 4827">
    <p class='ocr_par' dir='ltr' id='par_1_144' title="bbox 2286 4759 3870 4827">
     <span class='ocr_line' id='line_1_147' title="bbox 2286 4759 3870 4827; baseline 0.004 -22"><span class='ocrx_word' id='word_1_1033' title='bbox 2286 4768 2411 4808; x_wconf 76' lang='lat' dir='ltr'><strong>vero</strong></span> <span class='ocrx_word' id='word_1_1034' title='bbox 2436 4770 2612 4821; x_wconf 83' lang='lat' dir='ltr'><strong>soror,</strong></span> <span class='ocrx_word' id='word_1_1035' title='bbox 2640 4771 2759 4826; x_wconf 68' lang='lat' dir='ltr'><strong>quae</strong></span> <span class='ocrx_word' id='word_1_1036' title='bbox 2787 4759 2960 4826; x_wconf 89' lang='lat' dir='ltr'><strong>culpis</strong></span> <span class='ocrx_word' id='word_1_1037' title='bbox 2997 4762 3333 4827; x_wconf 82' lang='lat' dir='ltr'><strong>gravmrilms</strong></span> <span class='ocrx_word' id='word_1_1038' title='bbox 3363 4761 3745 4814; x_wconf 64' lang='lat' dir='ltr'><strong>existentibus</strong></span> <span class='ocrx_word' id='word_1_1039' title='bbox 3778 4771 3870 4812; x_wconf 77' lang='lat' dir='ltr'><strong>aut</strong></span> 
     </span>
    </p>
   </div>
   <div class='ocr_carea' id='block_1_145' title="bbox 2283 4826 3871 4898">
    <p class='ocr_par' dir='ltr' id='par_1_145' title="bbox 2283 4826 3871 4898">
     <span class='ocr_line' id='line_1_148' title="bbox 2283 4826 3871 4898; baseline 0.002 -19"><span class='ocrx_word' id='word_1_1040' title='bbox 2283 4826 2476 4879; x_wconf 89' lang='lat' dir='ltr'><strong>cellula</strong></span> <span class='ocrx_word' id='word_1_1041' title='bbox 2522 4826 2844 4891; x_wconf 89' lang='lat' dir='ltr'><strong>recluditur,</strong></span> <span class='ocrx_word' id='word_1_1042' title='bbox 2890 4826 3064 4882; x_wconf 29' lang='lat' dir='ltr'><strong>aut’a</strong></span> <span class='ocrx_word' id='word_1_1043' title='bbox 3115 4830 3385 4883; x_wconf 90' lang='lat' dir='ltr'><strong>consortio</strong></span> <span class='ocrx_word' id='word_1_1044' title='bbox 3436 4831 3871 4898; x_wconf 78' lang='lat' dir='ltr'><strong>congregationis</strong></span> 
     </span>
    </p>
   </div>
   <div class='ocr_carea' id='block_1_146' title="bbox 2283 4895 3869 4970">
    <p class='ocr_par' dir='ltr' id='par_1_146' title="bbox 2283 4895 3869 4970">
     <span class='ocr_line' id='line_1_149' title="bbox 2283 4895 3869 4970; baseline 0.001 -21"><span class='ocrx_word' id='word_1_1045' title='bbox 2283 4906 2585 4970; x_wconf 81' lang='lat' dir='ltr'><strong>separatur;</strong></span> <span class='ocrx_word' id='word_1_1046' title='bbox 2624 4916 2644 4970; x_wconf 68' lang='grc' dir='ltr'><strong>ι</strong></span> <span class='ocrx_word' id='word_1_1047' title='bbox 2677 4912 2741 4949; x_wconf 76' lang='lat' dir='ltr'><strong>ex</strong></span> <span class='ocrx_word' id='word_1_1048' title='bbox 2774 4898 3001 4970; x_wconf 78' lang='lat' dir='ltr'><strong>concilio</strong></span> <span class='ocrx_word' id='word_1_1049' title='bbox 3032 4899 3449 4970; x_wconf 81' lang='lat' dir='ltr'><strong>Aquisgranensi</strong></span> <span class='ocrx_word' id='word_1_1050' title='bbox 3478 4895 3785 4967; x_wconf 42' lang='lat' dir='ltr'><strong>(Cinnam,</strong></span> <span class='ocrx_word' id='word_1_1051' title='bbox 3821 4903 3869 4951; x_wconf 91' lang='lat' dir='ltr'><strong>in</strong></span> 
     </span>
    </p>
   </div>
   <div class='ocr_carea' id='block_1_147' title="bbox 2283 4967 3871 5038">
    <p class='ocr_par' dir='ltr' id='par_1_147' title="bbox 2283 4967 3871 5038">
     <span class='ocr_line' id='line_1_150' title="bbox 2283 4967 3871 5038; baseline -0.001 -17"><span class='ocrx_word' id='word_1_1052' title='bbox 2283 4979 2388 5034; x_wconf 85' lang='lat' dir='ltr'><strong>quo</strong></span> <span class='ocrx_word' id='word_1_1053' title='bbox 2432 4967 2737 5038; x_wconf 84' lang='lat' dir='ltr'><strong>decernitur</strong></span> <span class='ocrx_word' id='word_1_1054' title='bbox 2767 4979 2820 5019; x_wconf 92' lang='grc' dir='ltr'><strong>ιιι</strong></span> <span class='ocrx_word' id='word_1_1055' title='bbox 2851 4968 2931 5022; x_wconf 89' lang='lat' dir='ltr'><strong>his</strong></span> <span class='ocrx_word' id='word_1_1056' title='bbox 2961 4970 3048 5038; x_wconf 92' lang='lat' dir='ltr'><strong>qui</strong></span> <span class='ocrx_word' id='word_1_1057' title='bbox 3076 4967 3313 5037; x_wconf 79' lang='lat' dir='ltr'><strong>quolibet</strong></span> <span class='ocrx_word' id='word_1_1058' title='bbox 3337 4971 3516 5031; x_wconf 84' lang='lat' dir='ltr'><strong>modo,</strong></span> <span class='ocrx_word' id='word_1_1059' title='bbox 3547 4980 3727 5021; x_wconf 84' lang='lat' dir='ltr'><strong>tamen</strong></span> <span class='ocrx_word' id='word_1_1060' title='bbox 3761 4986 3871 5037; x_wconf 68' lang='lat' dir='ltr'><strong>gr:-</strong></span> 
     </span>
    </p>
   </div>
   <div class='ocr_carea' id='block_1_148' title="bbox 2286 5036 3869 5108">
    <p class='ocr_par' dir='ltr' id='par_1_148' title="bbox 2286 5036 3869 5108">
     <span class='ocr_line' id='line_1_151' title="bbox 2286 5036 3869 5108; baseline 0.009 -22"><span class='ocrx_word' id='word_1_1061' title='bbox 2286 5038 2420 5108; x_wconf 79' lang='lat' dir='ltr'><strong>viter</strong></span> <span class='ocrx_word' id='word_1_1062' title='bbox 2449 5036 2780 5108; x_wconf 82' lang='lat' dir='ltr'><strong>delinquunt,</strong></span> <span class='ocrx_word' id='word_1_1063' title='bbox 2817 5054 2835 5088; x_wconf 82' lang='grc' dir='ltr'><strong>ι</strong></span> <span class='ocrx_word' id='word_1_1064' title='bbox 2872 5036 3061 5093; x_wconf 60' lang='lat' dir='ltr'><strong>donius</strong></span> <span class='ocrx_word' id='word_1_1065' title='bbox 3098 5036 3422 5094; x_wconf 83' lang='lat' dir='ltr'><strong>semota.....</strong></span> <span class='ocrx_word' id='word_1_1066' title='bbox 3451 5038 3736 5097; x_wconf 86' lang='lat' dir='ltr'><strong>habeatur.</strong></span> <span class='ocrx_word' id='word_1_1067' title='bbox 3770 5036 3869 5108; x_wconf 63' lang='lat' dir='ltr'><strong>qua</strong></span> 
     </span>
    </p>
   </div>
   <div class='ocr_carea' id='block_1_149' title="bbox 2283 5105 3869 5179">
    <p class='ocr_par' dir='ltr' id='par_1_149' title="bbox 2283 5105 3869 5179">
     <span class='ocr_line' id='line_1_152' title="bbox 2283 5105 3869 5179; baseline 0.003 -20"><span class='ocrx_word' id='word_1_1068' title='bbox 2283 5105 2333 5179; x_wconf 85' lang='lat' dir='ltr'><strong>in</strong></span> <span class='ocrx_word' id='word_1_1069' title='bbox 2365 5106 2538 5179; x_wconf 82' lang='lat' dir='ltr'><strong>hieme</strong></span> <span class='ocrx_word' id='word_1_1070' title='bbox 2566 5107 2725 5176; x_wconf 80' lang='lat'><strong>3&#39;72</strong></span> <span class='ocrx_word' id='word_1_1071' title='bbox 2770 5108 2907 5175; x_wconf 77' lang='lat' dir='ltr'><strong>ignis</strong></span> <span class='ocrx_word' id='word_1_1072' title='bbox 2939 5111 3103 5179; x_wconf 90' lang='lat' dir='ltr'><strong>possit</strong></span> <span class='ocrx_word' id='word_1_1073' title='bbox 3135 5112 3377 5177; x_wconf 80' lang='lat' dir='ltr'><strong>accendi,</strong></span> <span class='ocrx_word' id='word_1_1074' title='bbox 3409 5118 3463 5164; x_wconf 92' lang='lat' dir='ltr'><strong>et</strong></span> <span class='ocrx_word' id='word_1_1075' title='bbox 3492 5121 3545 5164; x_wconf 86' lang='lat' dir='ltr'><strong>at</strong></span> <span class='ocrx_word' id='word_1_1076' title='bbox 3579 5111 3689 5163; x_wconf 87' lang='lat' dir='ltr'><strong>ium</strong></span> <span class='ocrx_word' id='word_1_1077' title='bbox 3717 5105 3869 5179; x_wconf 62' lang='lat' dir='ltr'><strong>jnita</strong></span> 
     </span>
    </p>
   </div>
   <div class='ocr_carea' id='block_1_150' title="bbox 2280 5176 3866 5250">
    <p class='ocr_par' dir='ltr' id='par_1_150' title="bbox 2280 5176 3866 5250">
     <span class='ocr_line' id='line_1_153' title="bbox 2280 5176 3866 5250; baseline 0.004 -25"><span class='ocrx_word' id='word_1_1078' title='bbox 2280 5177 2349 5250; x_wconf 78' lang='lat' dir='ltr'><strong>sit</strong></span> <span class='ocrx_word' id='word_1_1079' title='bbox 2389 5176 2441 5229; x_wconf 94' lang='lat' dir='ltr'><strong>iu</strong></span> <span class='ocrx_word' id='word_1_1080' title='bbox 2464 5192 2579 5250; x_wconf 84' lang='lat' dir='ltr'><strong>quo</strong></span> <span class='ocrx_word' id='word_1_1081' title='bbox 2612 5181 2822 5250; x_wconf 66' lang='lat' dir='ltr'><strong>valeant</strong></span> <span class='ocrx_word' id='word_1_1082' title='bbox 2848 5176 2987 5246; x_wconf 84' lang='lat' dir='ltr'><strong>quod</strong></span> <span class='ocrx_word' id='word_1_1083' title='bbox 3019 5181 3098 5235; x_wconf 79' lang='lat' dir='ltr'><strong>eis</strong></span> <span class='ocrx_word' id='word_1_1084' title='bbox 3130 5176 3426 5250; x_wconf 83' lang='lat' dir='ltr'><strong>injungilnr</strong></span> <span class='ocrx_word' id='word_1_1085' title='bbox 3457 5184 3673 5250; x_wconf 78' lang='lat' dir='ltr'><strong>operari</strong></span> <span class='ocrx_word' id='word_1_1086' title='bbox 3698 5176 3735 5241; x_wconf 66' lang='grc' dir='ltr'><strong>ς’</strong></span> <span class='ocrx_word' id='word_1_1087' title='bbox 3758 5203 3775 5231; x_wconf 79' lang='grc' dir='ltr'><strong>ι</strong></span> <span class='ocrx_word' id='word_1_1088' title='bbox 3808 5195 3866 5233; x_wconf 75' lang='lat' dir='ltr'><strong>es</strong></span> 
     </span>
    </p>
   </div>
   <div class='ocr_carea' id='block_1_151' title="bbox 2281 5246 3867 5320">
    <p class='ocr_par' dir='ltr' id='par_1_151' title="bbox 2281 5246 3867 5320">
     <span class='ocr_line' id='line_1_154' title="bbox 2281 5246 3867 5320; baseline 0.001 -21"><span class='ocrx_word' id='word_1_1089' title='bbox 2281 5246 2502 5320; x_wconf 86' lang='lat' dir='ltr'><strong>Statutis</strong></span> <span class='ocrx_word' id='word_1_1090' title='bbox 2548 5246 2825 5301; x_wconf 83' lang='lat' dir='ltr'><strong>Lanfranci</strong></span> <span class='ocrx_word' id='word_1_1091' title='bbox 2882 5249 3029 5320; x_wconf 82' lang='lat' dir='ltr'><strong>(Cap.</strong></span> <span class='ocrx_word' id='word_1_1092' title='bbox 3079 5246 3199 5315; x_wconf 67' lang='lat' dir='ltr'><strong>i7),</strong></span> <span class='ocrx_word' id='word_1_1093' title='bbox 3242 5246 3360 5319; x_wconf 72' lang='lat' dir='ltr'><strong>qua:</strong></span> <span class='ocrx_word' id='word_1_1094' title='bbox 3412 5246 3769 5319; x_wconf 70' lang='grc' dir='ltr'>ιιι-εἶιερτιιιιιιιι</span> <span class='ocrx_word' id='word_1_1095' title='bbox 3815 5262 3867 5301; x_wconf 87' lang='grc' dir='ltr'><strong>ιιι</strong></span> 
     </span>
    </p>
   </div>
   <div class='ocr_carea' id='block_1_152' title="bbox 2279 5317 3866 5391">
    <p class='ocr_par' dir='ltr' id='par_1_152' title="bbox 2279 5317 3866 5391">
     <span class='ocr_line' id='line_1_155' title="bbox 2279 5317 3866 5391; baseline 0.004 -28"><span class='ocrx_word' id='word_1_1096' title='bbox 2279 5317 2537 5391; x_wconf 80' lang='lat' dir='ltr'><strong>gravioris</strong></span> <span class='ocrx_word' id='word_1_1097' title='bbox 2585 5322 2756 5387; x_wconf 69' lang='lat' dir='ltr'><strong>culpa:</strong></span> <span class='ocrx_word' id='word_1_1098' title='bbox 2814 5317 2934 5373; x_wconf 86' lang='lat' dir='ltr'><strong>rcus</strong></span> <span class='ocrx_word' id='word_1_1099' title='bbox 2981 5317 3209 5391; x_wconf 80' lang='lat' dir='ltr'><strong>accepta</strong></span> <span class='ocrx_word' id='word_1_1100' title='bbox 3269 5317 3569 5391; x_wconf 83' lang='lat' dir='ltr'><strong>disciplina,</strong></span> <span class='ocrx_word' id='word_1_1101' title='bbox 3619 5322 3866 5386; x_wconf 82' lang='lat' dir='ltr'><strong>deposito</strong></span> 
     </span>
    </p>
   </div>
   <div class='ocr_carea' id='block_1_153' title="bbox 2278 5386 3865 5458">
    <p class='ocr_par' dir='ltr' id='par_1_153' title="bbox 2278 5386 3865 5458">
     <span class='ocr_line' id='line_1_156' title="bbox 2278 5386 3865 5458; baseline 0.003 -19"><span class='ocrx_word' id='word_1_1102' title='bbox 2278 5386 2513 5458; x_wconf 83' lang='lat' dir='ltr'><strong>cultello,</strong></span> <span class='ocrx_word' id='word_1_1103' title='bbox 2545 5386 2717 5455; x_wconf 84' lang='lat' dir='ltr'><strong>capite</strong></span> <span class='ocrx_word' id='word_1_1104' title='bbox 2746 5392 2958 5457; x_wconf 89' lang='lat' dir='ltr'><strong>caputio</strong></span> <span class='ocrx_word' id='word_1_1105' title='bbox 2985 5386 3262 5458; x_wconf 81' lang='lat' dir='ltr'><strong>coeperto,</strong></span> <span class='ocrx_word' id='word_1_1106' title='bbox 3296 5397 3360 5445; x_wconf 73' lang='lat' dir='ltr'><strong>at</strong></span> <span class='ocrx_word' id='word_1_1107' title='bbox 3394 5386 3566 5445; x_wconf 77' lang='lat' dir='ltr'><strong>locum</strong></span> <span class='ocrx_word' id='word_1_1108' title='bbox 3602 5392 3727 5443; x_wconf 89' lang='lat' dir='ltr'><strong>huic</strong></span> <span class='ocrx_word' id='word_1_1109' title='bbox 3781 5406 3865 5443; x_wconf 82' lang='lat' dir='ltr'><strong>ne-</strong></span> 
     </span>
    </p>
   </div>
   <div class='ocr_carea' id='block_1_154' title="bbox 2275 5456 3861 5531">
    <p class='ocr_par' dir='ltr' id='par_1_154' title="bbox 2275 5456 3861 5531">
     <span class='ocr_line' id='line_1_157' title="bbox 2275 5456 3861 5531; baseline 0.002 -24"><span class='ocrx_word' id='word_1_1110' title='bbox 2275 5456 2765 5531; x_wconf 83' lang='lat' dir='ltr'><strong>gotiodeputatum</strong></span> <span class='ocrx_word' id='word_1_1111' title='bbox 2799 5456 3001 5529; x_wconf 85' lang='lat' dir='ltr'><strong>pergat,</strong></span> <span class='ocrx_word' id='word_1_1112' title='bbox 3039 5456 3374 5531; x_wconf 70' lang='lat' dir='ltr'><strong>prtccedeute</strong></span> <span class='ocrx_word' id='word_1_1113' title='bbox 3415 5460 3577 5514; x_wconf 85' lang='lat' dir='ltr'><strong>fratre</strong></span> <span class='ocrx_word' id='word_1_1114' title='bbox 3622 5462 3713 5527; x_wconf 86' lang='lat' dir='ltr'><strong>qui</strong></span> <span class='ocrx_word' id='word_1_1115' title='bbox 3755 5462 3861 5511; x_wconf 77' lang='lat' dir='ltr'><strong>(‘IJ-</strong></span> 
     </span>
    </p>
   </div>
   <div class='ocr_carea' id='block_1_155' title="bbox 2278 5530 3860 5596">
    <p class='ocr_par' dir='ltr' id='par_1_155' title="bbox 2278 5530 3860 5596">
     <span class='ocr_line' id='line_1_158' title="bbox 2278 5530 3860 5596; baseline 0.004 -19"><span class='ocrx_word' id='word_1_1116' title='bbox 2278 5541 2393 5579; x_wconf 88' lang='lat' dir='ltr'><strong>vem</strong></span> <span class='ocrx_word' id='word_1_1117' title='bbox 2428 5530 2591 5594; x_wconf 85' lang='lat' dir='ltr'><strong>ipsius</strong></span> <span class='ocrx_word' id='word_1_1118' title='bbox 2621 5531 2717 5583; x_wconf 88' lang='lat' dir='ltr'><strong>loci</strong></span> <span class='ocrx_word' id='word_1_1119' title='bbox 2753 5544 2951 5596; x_wconf 65' lang='lat' dir='ltr'><strong>servat;</strong></span> <span class='ocrx_word' id='word_1_1120' title='bbox 2987 5530 3049 5586; x_wconf 65' lang='lat' dir='ltr'><strong>es</strong></span> <span class='ocrx_word' id='word_1_1121' title='bbox 3088 5533 3242 5588; x_wconf 85' lang='lat' dir='ltr'><strong>Petro</strong></span> <span class='ocrx_word' id='word_1_1122' title='bbox 3275 5532 3598 5593; x_wconf 82' lang='lat' dir='ltr'><strong>Venerabili,</strong></span> <span class='ocrx_word' id='word_1_1123' title='bbox 3632 5532 3699 5583; x_wconf 87' lang='lat' dir='ltr'><strong>de</strong></span> <span class='ocrx_word' id='word_1_1124' title='bbox 3730 5531 3860 5584; x_wconf 78' lang='lat' dir='ltr'><strong>Mat-</strong></span> 
     </span>
    </p>
   </div>
   <div class='ocr_carea' id='block_1_156' title="bbox 2277 5596 3857 5671">
    <p class='ocr_par' dir='ltr' id='par_1_156' title="bbox 2277 5596 3857 5671">
     <span class='ocr_line' id='line_1_159' title="bbox 2277 5596 3857 5671; baseline 0.003 -22"><span class='ocrx_word' id='word_1_1125' title='bbox 2277 5596 2416 5671; x_wconf 70' lang='lat' dir='ltr'><strong>th;eo</strong></span> <span class='ocrx_word' id='word_1_1126' title='bbox 2440 5602 2612 5665; x_wconf 82' lang='lat' dir='ltr'><strong>priere</strong></span> <span class='ocrx_word' id='word_1_1127' title='bbox 2646 5599 2702 5653; x_wconf 89' lang='grc'><strong>8.</strong></span> <span class='ocrx_word' id='word_1_1128' title='bbox 2730 5601 2778 5654; x_wconf 84' lang='grc' dir='ltr'><strong>Μ</strong></span> <span class='ocrx_word' id='word_1_1129' title='bbox 2816 5603 2938 5655; x_wconf 90' lang='lat' dir='ltr'><strong>rtini</strong></span> <span class='ocrx_word' id='word_1_1130' title='bbox 2974 5608 3039 5657; x_wconf 90' lang='lat' dir='ltr'><strong>de</strong></span> <span class='ocrx_word' id='word_1_1131' title='bbox 3067 5606 3281 5671; x_wconf 81' lang='lat' dir='ltr'><strong>Campis</strong></span> <span class='ocrx_word' id='word_1_1132' title='bbox 3310 5611 3363 5656; x_wconf 90' lang='lat' dir='ltr'><strong>et</strong></span> <span class='ocrx_word' id='word_1_1133' title='bbox 3386 5611 3570 5670; x_wconf 80' lang='lat' dir='ltr'><strong>postea</strong></span> <span class='ocrx_word' id='word_1_1134' title='bbox 3602 5606 3857 5669; x_wconf 85' lang='lat' dir='ltr'><strong>episcopo</strong></span> 
     </span>
    </p>
   </div>
   <div class='ocr_carea' id='block_1_157' title="bbox 2277 5670 3854 5742">
    <p class='ocr_par' dir='ltr' id='par_1_157' title="bbox 2277 5670 3854 5742">
     <span class='ocr_line' id='line_1_160' title="bbox 2277 5670 3854 5742; baseline 0.002 -21"><span class='ocrx_word' id='word_1_1135' title='bbox 2277 5670 2561 5723; x_wconf 84' lang='lat' dir='ltr'><strong>Albaneusi</strong></span> <span class='ocrx_word' id='word_1_1136' title='bbox 2604 5672 2671 5742; x_wconf 83' lang='lat' dir='ltr'><strong>ita</strong></span> <span class='ocrx_word' id='word_1_1137' title='bbox 2716 5673 2982 5728; x_wconf 76' lang='lat' dir='ltr'><strong>scribente</strong></span> <span class='ocrx_word' id='word_1_1138' title='bbox 3024 5674 3159 5742; x_wconf 86' lang='lat' dir='ltr'><strong>(Lib.</strong></span> <span class='ocrx_word' id='word_1_1139' title='bbox 3202 5670 3235 5728; x_wconf 86' lang='lat' dir='ltr'><strong>tt</strong></span> <span class='ocrx_word' id='word_1_1140' title='bbox 3267 5672 3451 5727; x_wconf 76' lang='lat' dir='ltr'><strong>Mirac.</strong></span> <span class='ocrx_word' id='word_1_1141' title='bbox 3480 5689 3526 5727; x_wconf 76' lang='grc' dir='ltr'>ε.</span> <span class='ocrx_word' id='word_1_1142' title='bbox 3556 5671 3614 5737; x_wconf 84' lang='grc'><strong>9)</strong></span> <span class='ocrx_word' id='word_1_1143' title='bbox 3650 5690 3663 5723; x_wconf 84' lang='grc'>;</span> <span class='ocrx_word' id='word_1_1144' title='bbox 3703 5688 3722 5721; x_wconf 77' lang='grc' dir='ltr'><strong>ι</strong></span> <span class='ocrx_word' id='word_1_1145' title='bbox 3758 5673 3854 5724; x_wconf 80' lang='lat' dir='ltr'><strong>lle-</strong></span> 
     </span>
    </p>
   </div>
   <div class='ocr_carea' id='block_1_158' title="bbox 2226 5738 3853 5816">
    <p class='ocr_par' dir='ltr' id='par_1_158' title="bbox 2226 5738 3853 5816">
     <span class='ocr_line' id='line_1_161' title="bbox 2226 5738 3853 5816; baseline -0.002 -20"><span class='ocrx_word' id='word_1_1146' title='bbox 2226 5774 2237 5780; x_wconf 43' lang='grc' dir='ltr'><em>κ</em></span> <span class='ocrx_word' id='word_1_1147' title='bbox 2277 5743 2577 5810; x_wconf 84' lang='lat' dir='ltr'><strong>linquentes</strong></span> <span class='ocrx_word' id='word_1_1148' title='bbox 2603 5738 2929 5796; x_wconf 80' lang='lat' dir='ltr'><strong>Cluniacensi</strong></span> <span class='ocrx_word' id='word_1_1149' title='bbox 2956 5738 3115 5810; x_wconf 80' lang='lat' dir='ltr'><strong>more,</strong></span> <span class='ocrx_word' id='word_1_1150' title='bbox 3147 5755 3301 5816; x_wconf 89' lang='lat' dir='ltr'><strong>prout</strong></span> <span class='ocrx_word' id='word_1_1151' title='bbox 3324 5746 3525 5815; x_wconf 86' lang='lat' dir='ltr'><strong>justum</strong></span> <span class='ocrx_word' id='word_1_1152' title='bbox 3554 5742 3853 5809; x_wconf 84' lang='lat' dir='ltr'><strong>videbatur,</strong></span> 
     </span>
    </p>
   </div>
  </div>
