4074 6356
222 429 325 485 515

1216 421 1490 480 REGULA
1527 419 2016 478 COMMENTATA.
2059 421 2205 477 CAP.
2249 421 2434 479 XXVI.

3363 423 3470 483 5M

216 540 633 612 sanguinolentis
661 541 991 607 verberibus,
1029 539 1193 607 ferro,
1222 538 1600 612 compedibus,
1621 546 1675 593 et
1713 537 1786 591 di-
1814 538 1867 600 Α
1889 536 2246 612 “aquatilibus
2271 547 2329 612 et
2345 537 2814 612 excommunicatis
2841 553 2941 590 non
2969 538 3139 592 solum
3164 537 3229 612 de
3249 551 3468 612 annona

215 611 354 666 verSi
380 614 590 689 generis
623 614 845 689 vinculis
872 612 1196 689 coercebat;
1221 611 1477 689 tenebroso
1523 611 1788 689 plerosque

214 680 417 738 carceri
469 683 822 749 niancipabat,
877 683 1015 735 fame
1057 681 1228 734 valida
1268 691 1322 734 et
1349 680 1460 745 siti,
1507 680 1683 733 carnis
1726 693 1788 733 ac

214 754 436 822 spiritus
479 755 780 822 superbiam
828 752 1174 814 conterebat;
1220 751 1506 822 aliquando
1553 765 1786 822 quoque,

214 821 356 891 quod
383 821 796 885 semeltantum.
824 823 945 890 quia
975 823 1052 876 sic
1078 822 1332 890 oportuit,
1359 821 1545 875 fecisse
1573 821 1786 884 dicitur,

213 893 490 960 sepultura
524 904 777 961 perpetua
805 893 1106 949 cohibebat.
1143 893 1254 946 Hoc
1282 902 1405 945 tunc
1435 891 1557 946 fecit
1578 893 1790 959 quando

212 963 430 1017 cuidam
457 964 766 1031 spiritaliter
791 971 1003 1017 mortuo
1024 977 1222 1016 caveam
1251 964 1626 1014 subterraneam
1657 962 1791 1014 velut

211 1035 504 1097 sepulcrum
529 1035 744 1101 paravit,
771 1035 819 1087 in
845 1047 952 1103 quo
979 1033 1301 1103 concludens
1332 1047 1476 1096 eum,
1509 1043 1634 1097 etc.;
1671 1049 1689 1081 ι
1723 1045 1791 1103 ex

216 1103 490 1156 Bernardo
527 1103 831 1158 Cassinensi
865 1102 982 1158 sub
1023 1102 1180 1156 linem
1213 1102 1370 1170 hujus
1417 1103 1604 1170 capitis
1633 1119 1644 1154 :
1685 1119 1703 1152 ι
1736 1102 1788 1154 In

216 1174 488 1227 nonnullis
519 1175 854 1228 monasteriis
881 1173 1046 1228 frater
1074 1173 1163 1241 qui
1195 1175 1271 1226 sic
1299 1176 1790 1226 excommunicatur

217 1257 314 1310 pro
345 1244 679 1312 gravioribus
715 1244 909 1312 culpis,
941 1244 991 1297 in
1036 1244 1215 1310 aliquo
1247 1243 1366 1296 loco
1395 1243 1702 1308 includitur,
1738 1252 1791 1296 et

213 1313 344 1366 nulli
373 1313 531 1367 eundi
576 1315 642 1366 ad
683 1331 802 1368 eutn
849 1322 992 1381 potet
1033 1328 1298 1374 accessus,
1328 1323 1379 1366 et
1423 1313 1578 1366 talem
1614 1314 1788 1366 locum

214 1396 484 1436 carcerem
531 1385 814 1452 appellant,
844 1387 1323 1438 excomtnunicatis
1352 1383 1528 1436 taliter
1569 1384 1793 1451 deputa-

215 1453 358 1505 tum.
405 1471 424 1503 ι
461 1453 600 1506 Ideni
635 1469 698 1508 ex
729 1470 794 1508 eo
824 1454 1015 1507 scribit
1057 1454 1314 1508 Boherins
1343 1453 1395 1511 in
1428 1453 1599 1522 primo
1640 1468 1790 1506 coni-

215 1531 408 1585 ment.,
457 1523 710 1590 additqne
744 1541 756 1575 :
813 1542 831 1574 ι
870 1526 1018 1592 Apud
1063 1539 1158 1577 nos
1189 1540 1314 1577 vero
1349 1539 1453 1576 non
1499 1539 1686 1586 omnes
1715 1525 1793 1577 sic

213 1596 705 1647 excomntunicatos
750 1596 1164 1656 incarceramus,
1200 1610 1294 1648 nec
1325 1609 1512 1646 omnes
1551 1609 1654 1646 non
1699 1610 1793 1647 ex-

213 1665 635 1717 communicatos
676 1679 705 1716 a
745 1664 1050 1718 carceribus
1091 1666 1404 1728 eximimus;
1437 1664 1527 1717 sed
1559 1665 1795 1727 cum‘vi-

213 1730 410 1784 dentur
456 1732 754 1797 huiusmodi
788 1734 1081 1801 culpabiles
1109 1750 1227 1787 esse
1259 1734 1675 1798 incorrigibib-s,
1709 1736 1790 1788 vel

213 1801 444 1870 fugitivi,
487 1818 581 1854 eos
623 1804 1016 1857 incarceramus
1063 1805 1366 1871 aliquando,
1404 1805 1488 1857 vel
1521 1805 1572 1856 iu
1607 1821 1793 1873 perpeo

217 1879 386 1942 tuum,
417 1874 498 1925 vel
524 1873 575 1926 in
607 1874 844 1942 longum,
872 1875 953 1926 vel
986 1877 1035 1926 in
1061 1874 1220 1927 breve
1247 1884 1471 1940 tempus.
1509 1893 1527 1924 ι

285 1941 363 1997 Ne
393 1953 568 1996 tamen
594 1941 802 1997 interim
834 1955 1106 1997 manerent
1135 1946 1312 2007 oti-isi,
1337 1947 1412 1999 sic
1444 1945 1663 1997 inclusis
1695 1946 1794 1999 ali.

212 2014 340 2078 quid
389 2014 566 2080 Operis
617 2014 1007 2082 injungebalnr,
1059 2015 1214 2068 sicuti
1272 2017 1455 2068 statuit
1509 2017 1792 2068 concilium

212 2083 538 2150 Aquisgran.
568 2099 688 2136 can.
733 2083 820 2146 ιιι»,
853 2093 1097 2151 patetque
1141 2101 1206 2137 ex
1243 2087 1297 2137 S.
1325 2085 1476 2138 Joani
1501 2100 1530 2139 e
1558 2087 1793 2140 (ilimaco

212 2151 334 2222 loco
383 2168 412 2204 a
445 2154 600 2207 nobis
644 2167 799 2220 supra
845 2156 1031 2213 relato,
1066 2157 1178 2207 haec
1223 2157 1450 2208 addente
1485 2155 1670 2222 ((-‘rad.
1695 2157 1789 2222 Ii):

216 2237 238 2292 ς
276 2221 520 2278 Ρτέιξῐθοὶι
549 2232 727 2277 autem
758 2223 837 2277 eis
873 2224 1042 2276 virum
1084 2228 1364 2292 quemdam
1408 2221 1664 2278 eximium
1706 2221 1791 2280 ciui

212 2290 424 2346 lsaacus
471 2307 685 2353 nomen.
730 2296 819 2362 qui
863 2311 892 2347 a
938 2295 1036 2347 sibi
1062 2290 1360 2349 commissis
1403 2310 1618 2362 precum
1653 2298 1790 2350 assi-

213 2362 442 2415 duarum
475 2378 694 2429 pensum
728 2366 988 2431 exigebat,
1022 2375 1073 2415 et
1102 2380 1266 2431 prope
1298 2381 1560 2433 nunquam
1594 2382 1622 2418 a
1652 2369 1790 2421 votis

212 2445 424 2486 cessare
473 2433 828 2504 permittebat.
873 2433 1251 2501 Suppeditabat
1282 2435 1358 2488 eis
1387 2451 1628 2502 magnam
1683 2438 1792 2504 pal-

211 2516 418 2554 marum
462 2503 690 2569 copiam,
722 2519 752 2556 e
777 2505 968 2570 quibus
1008 2505 1072 2556 ad
1108 2505 1381 2558 vitandum
1431 2509 1598 2559 otium
1642 2503 1790 2560 cala-

211 2573 336 2645 thus
374 2572 663 2626 texebant.
701 2593 720 2624 ι
759 2575 821 2626 Et
853 2589 917 2627 ex
952 2574 1145 2641 Regula
1195 2575 1424 2641 Magistri
1473 2577 1625 2645 (Cap.
1659 2577 1784 2645 15):

216 2659 234 2690 ι
273 2642 352 2695 Ab
382 2646 478 2695 hac
516 2645 1079 2714 cxcotnmunicationis
1118 2645 1245 2698 hora
1289 2647 1388 2699 soli
1425 2642 1596 2714 posito
1625 2657 1677 2701 et
1705 2642 1790 2699 se-

208 2721 485 2786 queftrato
514 2713 562 2766 ei
594 2713 768 2786 aliqua
797 2729 960 2781 Opera
991 2725 1207 2783 propter
1235 2713 1557 2770 otiositati-m
1589 2733 1616 2768 a
1649 2733 1787 2786 prte-

212 2783 384 2856 posito
415 2798 510 2836 suo
536 2785 993 2856 consigoetur.....
1023 2786 1284 2854 Quidquid
1320 2801 1446 2839 Vero
1472 2795 1623 2840 extra
1651 2783 1791 2856 opus

212 2853 547 2925 assignatum
590 2855 932 2921 peculiariter
979 2857 1060 2908 vel
1103 2853 1243 2909 ultro
1281 2856 1537 2922 effecerit,
1579 2853 1789 2925 disp-er-

211 2932 384 2989 gatur.
411 2925 491 2977 vel
521 2924 830 2992 dissipetur.
861 2942 879 2975 ι
919 2925 987 2977 Ita
1016 2926 1165 2994 llugo
1188 2927 1475 2981 Dervensis
1499 2924 1789 2982 monac-bus

212 2994 632 3068 proiiterfugatn
682 2997 747 3048 ab
795 2997 912 3048 aliis
950 3007 1187 3050 semoms
1229 2997 1409 3064 jussus
1450 3009 1531 3051 est
1573 3002 1790 3068 [orntum

210 3065 372 3135 cruris
402 3065 751 3118 dominicas...
788 3070 1008 3135 formose
1034 3082 1353 3132 componere,
1385 3083 1448 3122 ex
1485 3065 1582 3122 lib.
1607 3072 1786 3123 Mirac.

209 3135 270 3205 S.
304 3134 532 3188 Bercarii
563 3134 853 3188 abbatis'n.
885 3136 974 3190 ‘22.
1030 3137 1090 3190 Et
1122 3139 1220 3189 hoc
1250 3148 1332 3190 est
1359 3141 1498 3205 quod
1534 3144 1588 3192 δ.
1622 3141 1790 3195 Bene-

207 3204 386 3278 dictus
413 3207 483 3278 ait
509 3223 520 3258 :
549 3208 688 3278 solus
714 3207 779 3258 sit
809 3205 876 3258 ad
907 3224 1034 3276 opus
1060 3204 1489 3278 sibijnjuuctum.

285 3273 568 3348 Persistens
595 3277 648 3328 in
668 3273 970 3345 paenitentia:
997 3275 1178 3348 luctu.]
1211 3273 1430 3332 Luctum
1465 3282 1786 3347 pmoitenlice

208 3343 382 3417 iungit
431 3343 694 3417 S._l’ater,
746 3357 801 3398 ut
844 3343 1212 3415 cognoscatur,
1268 3351 1431 3417 inquit
1465 3343 1786 3408 'Bernardus

206 3414 572 3492 Ca_ssi_nensis_._
599 3422 720 3482 quia
767 3419 850 3492 illa
881 3414 978 3492 est
1009 3419 1316 3492 poenitentia
1341 3414 1650 3490 fructuosa,
1683 3439 1786 3492 qtta

207 3485 330 3552 quis
355 3484 604 3554 lacrymis
633 3495 687 3538 et
710 3488 995 3554 gemitibus
1010 3484 1162 3541 lavat
1192 3502 1425 3552 peccata.

305 3577 486 3652 Sciens
516 3579 656 3630 illam
688 3581 960 3652 terribilem
992 3584 1217 3652 Apostoli
1245 3587 1541 3638 sententiam
1573 3589 1786 3642 dicentis

206 3649 454 3701 traditum
483 3650 778 3719 Itujusmodi
799 3649 1047 3705 hominem
1072 3653 1280 3707 Salano:
1307 3657 1357 3706 in
1389 3657 1644 3710 interitum
1674 3675 1788 3711 cur-

206 3719 307 3795 n_is.
333 3729 388 3770 ut
412 3721 618 3795 spiritus
646 3723 814 3773 salvus
836 3723 898 3774 sit
928 3724 978 3774 in
1006 3724 1359 3795 {liquamina}
1382 3726 1544 3795 Cujus
1573 3739 1786 3782 sentcn-

203 3790 434 3844 tiat‘tres
463 3790 614 3843 affert
663 3795 1024 3856 expositiones
1071 3790 1424 3850 llildeinariis.
1458 3790 1652 3852 'l'rima
1703 3813 1785 3854 est

205 3863 511 3926 eorum-qui
545 3860 676 3912 tradi
707 3861 916 3915 Satanae
949 3864 1252 3930 intelligunt
1282 3867 1492 3919 detrudi
1523 3868 1572 3920 in
1605 3885 1780 3925 carce-

202 3945 356 3993 rem;
389 3945 452 3982 eo
480 3933 620 3999 quod
635 3933 849 4008 _Satan:e
871 3934 1028 4008 373
1048 3938 1346 4008 contrarios
1379 3930 1799 4008 interpretetur;

206 4009 261 4053 ct
289 4014 472 4071 carcer
501 4003 720 4054 omnino
748 4005 896 4054 carni
928 4006 1229 4056 contrarius
1261 4020 1634 4071 cognoscitur.
1689 4003 1780 4063 Se;

212 4070 386 4122 cunda
419 4084 602 4124 eorum
634 4074 720 4138 qui
753 4075 934 4125 dicunt
985 4076 1268 4139 Apostolus
1321 4077 1622 4140 hujusnmdi
1684 4082 1781 4133 ho-

205 4142 402 4194 minem
450 4142 731 4194 tradidisse
780 4146 832 4194 in
879 4151 1190 4205 potestatem
1235 4147 1464 4210 diaboli,
1522 4159 1578 4200 nt
1645 4152 1782 4203 illius

202 4211 430 4264 vex‘andi
455 4211 668 4264 habere:
700 4216 1011 4281 potentiam.
1039 4215 1214 4267 'l‘ertia
1265 4231 1449 4270 eorum
1482 4219 1570 4281 qui
1604 4229 1784 4276 tenent

205 4281 421 4358 Paulum
471 4282 738 4358 hominem
791 4283 934 4335 illum
966 4285 1191 4358 jussisse
1234 4288 1427 4338 occidi.
1487 4288 1558 4340 ιςκ
1588 4293 1781 4358 quibus

202 4353 314 4404 sola
344 4353 572 4405 secunda
599 4355 663 4403 ad
696 4363 923 4405 mentem
956 4355 1193 4420 Apostoli
1225 4370 1344 4410 esse
1372 4353 1618 4422 videturi
1659 4379 1780 4416 nam

203 4423 451 4476 interitus
495 4423 693 4488 carnis,
738 4423 822 4476 hic
863 4438 967 4477 non
1009 4435 1264 4492 mortem,
1311 4429 1402 4480 sed
1436 4428 1779 4487 afllictionem

201 4505 266 4546 ac
296 4493 653 4573 po'nalitatem
686 4494 969 4562 signiﬁcat,
1002 4505 1056 4548 ut
1083 4495 1242 4550 docet
1271 4497 1571 4553 Bernartius
1601 4502 1782 4562 Cassi-

199 4577 402 4617 neusns.

272 4651 383 4704 Cibi
412 4662 576 4706 autem
617 4653 942 4728 refectionem
977 4654 1119 4710 solus
1140 4659 1406 4728 percipiat,
1442 4676 1677 4717 mensura
1702 4666 1778 4718 rel

200 4722 327 4775 liora
358 4739 460 4792 qua
495 4726 780 4801 prwviderit
810 4726 962 4801 abbas
986 4728 1033 4781 ei
1060 4722 1655 4801 contpetere.]'lllensura
1690 4737 1773 4789 bic
1802 4725 1856 4784 D

200 4808 306 4870 non
339 4809 434 4861 pro
462 4799 756 4870 quantitate
801 4798 996 4860 solum,
1038 4800 1130 4852 sed
1175 4802 1334 4854 etiam
1365 4798 1480 4870 'pro
1520 4806 1772 4870 qualitate

198 4865 439 4917 ciborum
482 4864 788 4932 accipienda
818 4876 932 4938 est;
962 4870 1201 4924 solebant
1227 4873 1368 4926 enim
1386 4864 1637 4941 graviter
1679 4878 1774 4931 de-

1892 607 2091 673 aliquid
2132 608 2463 674 subtrahere,
2492 609 2585 662 sed
2631 619 2682 662 et
2709 609 2841 662 alios
2883 625 2910 660 a
2943 609 3210 663 connnuni
3241 609 3464 665 fratrum

1891 677 2179 748 refectione
2237 677 2454 731 viliores
2501 679 2650 732 cibos
2696 680 2953 746 praebere,
3005 690 3129 747 puta
3179 686 3364 748 panem
3412 689 3470 734 et

1893 762 2105 818 aquam.
2138 747 2212 800 lta
2243 748 2300 801 S.
2329 749 2646 802 Pacltomins
2678 750 2814 816 (Art.
2845 751 2932 818 84)
2966 747 3263 803 facilem'ad
3297 751 3468 804 detra-

1892 817 2146 882 hendum,
2177 825 2231 871 et
2270 820 2502 871 secundo
2545 822 2840 881 ιιιοιιὶιιιιιι,
2887 836 2988 873 ηοιι
3016 837 3072 872 se
3113 821 3466 883 corrigentem

1891 897 2094 954 septem
2126 887 2312 940 diebus
2349 903 2468 941 cum
2517 906 2650 956 pane
2690 901 2737 943 et
2773 906 2902 958 aqua
2946 901 3211 958 separata
3249 893 3470 946 fratrum

1892 967 2178 1011 Conventu.
2236 959 2292 1010 S.
2327 958 2557 1012 Isidorus
2585 961 2824 1013 decernit
2867 960 3018 1027 (Cap.
3052 963 3137 1029 l7)
3173 972 3225 1012 nt
3263 979 3279 1011 ι
3318 962 3468 1028 cujus

1895 1029 2117 1082 biduaoa
2153 1031 2233 1082 vel
2262 1029 2502 1082 triduana
2545 1030 2698 1084 fuerit
2722 1032 2881 1084 illatae
2903 1033 3468 1085 cxcomniunicationis

1892 1100 2194 1165 suspensio,
2226 1098 2337 1151 sola
2371 1101 2522 1165 panis
2551 1110 2602 1152 et
2631 1115 2780 1168 aqua:
2814 1102 2864 1153 in
2891 1105 3248 1168 veSpertinum
3280 1106 3344 1152 sit
3378 1101 3471 1154 ad-

1894 1169 2134 1239 hibenda
2170 1170 2409 1221 reiectio.
2449 1187 2466 1218 ι
2521 1169 2575 1223 S.
2605 1169 2928 1224 Fructuosus
2977 1174 3026 1224 in
3072 1172 3236 1239 piima
3271 1172 3466 1237 Regula

1893 1237 2044 1304 (Cap.
2078 1238 2169 1304 16)
2202 1254 2214 1290 :
2267 1258 2284 1288 ι
2319 1239 2500 1292 'l‘rium
2545 1243 2806 1294 mensium
2843 1243 3012 1308 Spatio
3051 1237 3476 1296 evcommunica-

1893 1309 2053 1362 tionis
2095 1308 2377 1362 vindictam
2417 1311 2732 1379 suscipiens,
2775 1313 2874 1363 sub
2915 1313 3238 1378 pmoitentiie
3282 1312 3463 1366 distri-

1891 1380 2067 1432 c1ione
2098 1378 2245 1432 solus
2287 1378 2589 1433 recludatur
2635 1381 2685 1434 in
2717 1381 2872 1436 cella.
2912 1382 2977 1435 de
3006 1398 3224 1449 vespere
3275 1382 3325 1434 in
3379 1397 3472 1436 ve-

1892 1451 2032 1516 speri
2062 1463 2122 1500 ex
2155 1450 2433 1502 hordeacei
2461 1451 2612 1518 panis
2638 1466 2727 1504 ses
2759 1451 2946 1515 unciis,
2971 1464 3023 1504 et
3045 1469 3194 1519 aqua:
3219 1467 3471 1507 mensura

1896 1519 2546 1592 parvulasustentandus;
2583 1539 2615 1592 si
2641 1522 2704 1574 Et
2735 1522 2785 1574 in
2817 1524 3045 1575 secunda
3082 1523 3273 1591 Regula
3307 1523 3464 1592 (Cap.

1895 1589 1983 1655 14)
2023 1606 2033 1639 :
2075 1607 2094 1640 ι
2124 1589 2254 1641 Cum
2282 1591 2774 1644 excommunicatur
2803 1593 2995 1659 aliquis
3024 1608 3116 1654 pro
3145 1589 3323 1660 culpa,
3347 1595 3472 1646 utit-

1897 1668 2039 1710 tatur
2077 1660 2346 1713 solitarius
2387 1661 2436 1712 in
2469 1661 2660 1714 cellam
2695 1663 2974 1714 obscuram
3018 1663 3068 1715 in
3099 1665 3214 1716 solo
3256 1679 3388 1728 pano.
3419 1671 3476 1717 et

1895 1744 2055 1800 aqua,
2098 1741 2152 1782 ut
2193 1731 2243 1782 in
2290 1745 2502 1796 vespera
2550 1741 2672 1800 post
2718 1742 2936 1786 cmnam'
2971 1732 3473 1787 fratrum'mcdium

1892 1799 2503 1872 ajccipiatpaxiniatiorn,
2533 1799 2589 1855 et
2619 1817 2721 1855 non
2750 1803 2814 1856 ad
2851 1803 3150 1856 satietatem
3199 1819 3408 1872 aquam.
3447 1822 3466 1854 s

1900 1869 2098 1942 Regula
2127 1869 2358 1942 Magistri
2390 1870 2538 1938 (Cap.
2574 1872 2662 1942 15)
2697 1890 2708 1923 :
2748 1896 2762 1918 σ
2801 1873 2950 1939 Quod
2994 1875 3036 1926 si
3085 1873 3224 1925 forte
3250 1869 3474 1940 propter

1822 1922 1872 1980 B
1897 1926 2186 2012 levitatem
2209 1922 2511 2002 culpae‘non
2544 1944 2589 1994 ei
2633 1922 2858 1996 voluerit
2895 1943 3057 1996 abbas
3085 1922 3474 2012 duplir'arerje-

1889 2008 2060 2075 junia,
2091 2012 2133 2060 si
2165 2008 2354 2064 fratres
2381 2023 2529 2064 sexta
2552 2014 2814 2078 reliciunt,
2843 2013 2931 2066 ille
2957 2016 3021 2065 ad
3046 2008 3239 2066 nonam
3269 2013 3335 2068 de
3368 2008 3474 2067 uno

1896 2079 2190 2146 pulmento,
2221 2091 2273 2133 et
2306 2081 2455 2146 panis
2484 2083 2666 2136 cibarii
2709 2083 2807 2136 sibi
2841 2083 3196 2152 fragmentum
3245 2096 3295 2138 et
3334 2099 3469 2151 aqua

1895 2151 2235 2224 aprmpqgito
2264 2165 2360 2202 suo
2393 2167 2488 2216 pro
2521 2153 2885 2224 misericordia
2928 2151 3243 2224 porrigatur.
3279 2174 3294 2203 ι
3331 2155 3485 2224 ϐοησ-

1894 2219 2072 2292 cilium
2121 2220 2521 2292 Tarraconense
2548 2237 2561 2274 ι
2588 2222 2735 2291 (Con.
2770 2224 2822 2291 l)
2851 2241 2862 2274 :
2899 2219 3006 2278 (Si
3039 2238 3167 2276 vero
3195 2225 3474 2292 religiosus

1893 2289 1974 2361 vel
2002 2289 2294 2361 monachus
2322 2307 2370 2342 m
2397 2292 2527 2344 cella
2553 2289 2855 2346 monasterii
2888 2294 3121 2347 inclusus
3147 2289 3474 2361 pmniientia

1895 2358 2139 2412 lamentis
2171 2361 2470 2421 incumbat.
2504 2362 2592 2414 ubi
2628 2362 2880 2430 singulari
2921 2358 3209 2416 afflictione
3243 2368 3388 2430 panis
3415 2371 3481 2418 et

1893 2443 2045 2502 aqua:
2076 2430 2268 2502 vietum
2310 2439 2363 2483 et
2402 2431 2609 2484 abbatis
2649 2435 2984 2487 ordinatione
3013 2434 3286 2502 percipiat.
3327 2453 3344 2484 ι
3393 2433 3473 2490 Ex

1893 2499 2085 2565 quibus
2123 2501 2370 2552 onmibus
2410 2502 2672 2571 colligitur
2701 2499 3026 2557 consuetam'
3050 2499 3472 2558 excommunica~

1895 2579 2068 2640 torum
2103 2571 2448 2623 refectionem
2484 2571 2644 2624 fuisse
2675 2571 2726 2625 in
2759 2574 2874 2627 solo
2903 2589 3036 2638 pane
3064 2583 3117 2626 et
3140 2589 3272 2640 aqua
3295 2590 3308 2638 ;
3333 2577 3468 2639 solo,

1894 2637 2132 2705 inquam,
2167 2655 2322 2708 pane,
2357 2656 2444 2714 ex__
2473 2644 2683 2714 quidem
2729 2644 2840 2709 vili,
2887 2637 3106 2707 cibario,
3149 2637 3468 2714 hordeaceo;

1893 2721 2026 2783 aqua
2055 2725 2180 2762 vero
2206 2711 2536 2783 permodice,
2570 2713 2728 2782 idque
2750 2717 2814 2767 ad
2834 2729 3108 2783 vesperam
3136 2715 3330 2769 solum.

1967 2777 2077 2854 Nec
2118 2777 2781 2854 (rt/noque»:benedicatur
2821 2777 3159 2854 trait-semita]
3215 2785 3472 2840 Similiter

1895 2846 2093 2915 Regula
2125 2846 2358 2919 magistri
2409 2850 2559 2923 (Cap.
2594 2853 2683 2922 l5)
2727 2871 2738 2904 :
2787 2873 2804 2904 ι
2840 2855 3024 2908 Tacito
3073 2846 3308 2909 oniniutn
3357 2870 3472 2924 per-

1894 2925 2196 2991 transealttr
2243 2932 2500 2987 aspectu,
2561 2923 2762 2991 petenti
2813 2924 3238 2980 benedictionem
3294 2923 3473 2982 nullus

1895 2989 2217 3050 reapondeat
2249 3006 2261 3042 :
2301 2991 2456 3044 Deus.
2495 3011 2512 3044 ι

1968 3056 2238 3137 {veteribus
2262 3061 2348 3137 qui
2369 3063 2415 3112 ei
2434 3061 2631 3137 damn]
2651 3063 2722 3116 Ita
2748 3064 2906 3137 etiam
2928 3064 3174 3137 Magister
3197 3065 3471 3137 (Ibidem):

1901 3143 1935 3204 τ’
1967 3128 2232 3196 Quidquid
2256 3128 2644 3204 Aei_p0rrigitur
2681 3149 2712 3186 a
2753 3136 2898 3188 nullo
2936 3128 3250 3204 sig'neturh
3311 3136 3368 3190 Et
3413 3128 3470 3192 S.

1895 3195 2221 3276 Fructuosus
2254 3195 2530 3276 inllegulti
2560 3204 2850 3276 monastica
2881 3195 3145 3258 com'muni
3171 3204 3320 3275 (Cap.
3348 3207 3469 3276 M):

1900 3285 1915 3316 ι
1955 3268 2183 3322 Medium
2215 3268 2440 3342 accipiat
2466 3273 2833 3341 paximatium,
2863 3286 2914 3328 et
2942 3290 3047 3329 non
3078 3276 3141 3329 ad
3172 3268 3474 3336 satietatem

1813 3335 1859 3396 C
1892 3352 2109 3406 aquam,
2138 3350 2191 3394 et
2220 3335 2426 3396 hoc'ab
2461 3335 2654 3398 abbate
2693 3335 3052 3413 exsu'fllatum,
3095 3362 3198 3402 non
3238 3335 3472 3403 sanctillé

1889 3418 2091 3461 catum.
2132 3429 2150 3460 υ

1963 3478 2055 3556 lla:
2107 3491 2230 3556 sunt
2276 3498 2446 3556 pusum.
2494 3485 2946 3556 i-rmciimmqoas
3000 3488 3049 3538 in
3101 3488 3473 3556 delinquentes

1889 3547 1948 3602 S.
1984 3547 2297 3622 Benedictus
2338 3554 2501 3622 inlligi
2544 3547 2727 3608 voluit.
2792 3547 2959 3610 Fuere
3001 3559 3052 3611 iit
3115 3575 3211 3612 usu
3253 3547 3304 3613 et
3349 3561 3468 3616 alia:

1888 3620 2026 3684 apud
2071 3625 2358 3698 monachos
2397 3620 2564 3698 quam
2596 3625 2875 3698 plurimm,
2901 3637 2957 3680 ut
2993 3640 3111 3682 sunt
3158 3629 3468 3698 llagellatio,

1888 3699 1941 3740 et
1980 3705 2009 3742 e
2048 3695 2389 3768 monasterio
2413 3694 2735 3768 ejectio,_de
2758 3697 2961 3768 quibus
3003 3694 3472 3768 posteafabrasiu

1889 3773 2104 3840 corona;
2145 3765 2464 3840 seircapitis
2503 3765 3240 3840 deeiilvatio,conspurcatio
3291 3785 3472 3840 sputa-

1889 3833 2053 3882 menti
2083 3833 2138 3907 in
2166 3832 2320 3907 facie,
2345 3827 2408 3907 ut
2440 3837 2489 3887 in
2524 3835 2719 3902 Regula
2755 3827 2915 3907 374,
2947 3827 3013 3892 SI
3034 3840 3306 3893 Fructuosi
3322 3827 3471 3894 ’Βη-

1886 3903 2123 3953 carrnsis
2165 3905 2404 3972 fepisc0pi
2453 3919 2569 3972 cap.
2617 3907 2702 3959 l6.
2766 3903 2906 3959 ῙιῙιᾰ
2940 3918 3084 3961 notzt
3135 3909 3469 3964 Mabillonius

1888 3981 2072 4050 noster
2129 3971 2316 4050 (Preti.
2349 3976 2414 4050 in
2461 3971 2578 4050 sate.
2624 3991 2675 4027 tv
2729 3975 2942 4050 Bened.,
3004 3990 3136 4046 part.
3170 3996 3205 4041 ι,
3261 3997 3312 4032 ιι.
3348 3980 3470 4050 159)

1887 4041 2141 4117 quosdam
2185 4045 2452 4117 exstitisse
2493 4046 2712 4098 abbates
2753 4047 2842 4113 qui
2883 4041 3013 4101 cum"
3048 4062 3230 4102 eorum
3267 4041 3470 4117 judicio

1888 4107 2093 4183 Regula
2128 4114 2404 4180 culparum
2447 4117 2678 4167 remedia
2720 4107 2901 4168 credat
2940 4134 3001 4168 ac
3044 4107 3466 4183 ptenasferrata

1887 4181 2270 4234 monachorum
2309 4199 2524 4237 suorum
2566 4187 2842 4238 orbatione
2880 4181 3151 4239 ocolorutn
3193 4203 3253 4240 ac
3295 4203 3468 4242 mem-

1889 4249 2103 4327 brorum
2137 4254 2776 4327 tnntilation_e_punirent;
2835 4259 2974 4310 unde
3003 4257 3223 4310 Carolus
3249 4259 3468 4327 Magnus

1886 4319 1939 4370 in
1967 4322 2242 4396 capitulari
2271 4319 2530 4396 anni_789
2559 4341 2666 4396 (pro
2699 4327 2975 4380 monachis
3015 4328 3179 4391 edito,
3227 4319 3466 4396 caprili,

1889 4393 2159 4457 pra-cepit,
2211 4411 2227 4442 ι
2267 4404 2322 4444 ιιι
2360 4394 2639 4468 disciplina
2684 4397 2957 4450 monachis
2998 4398 3258 4465 regularis
3296 4393 3469 4468 impoL

1887 4468 2064 4523 natur,
2094 4477 2197 4514 non
2226 4464 2531 4529 saecularis;
2563 4467 2612 4518 id
2641 4477 2722 4519 est
2749 4482 2854 4519 non
2881 4464 3161 4531 orhentur,
3193 4485 3294 4521 non
3324 4464 3468 4524 man-

1850 4540 2124 4608 ._c_ationes
2147 4534 2287 4608 alias
2317 4536 2567 4608 habeant,
2599 4539 2697 4588 nisi
2739 4553 2802 4589 ex
2833 4539 3150 4593 auctoritate
3181 4540 3400 4608 regulae.
3441 4557 3462 4592 ι

1884 4601 1978 4677 Ει·
2005 4604 2791 4677 conciliumJFrancofurtense
2841 4623 2980 4661 anno
3034 4609 3159 4674 794,
3195 4601 3313 4677 ου’ρ.
3361 4613 3467 4664 18:

1887 4671 2154 4726 «Abbates
2191 4674 2426 4743 qualibet
2462 4677 2614 4744 culpa
2654 4695 2681 4728 a
2714 4680 2988 4730 monachis
3025 4671 3332 4744 commissa,
3377 4695 3469 4734 ne-

1879 4756 2142 4811 quaquam
2185 4746 2542 4811 permittimus
2579 4761 2802 4811 cet-care,
2845 4761 2937 4801 aut
2975 4749 3336 4804 membrorum
3377 4749 3468 4804 de-

1882 4810 2139 4866 bilitatent
2189 4810 2470 4884 ingerere,
2516 4817 2616 4869 nisi
2661 4810 2890 4887 regulari
2943 4820 3237 4889 disciplinas
3286 4819 3464 4888 subjas

1879 4892 2034 4935 ceant
2069 4902 2088 4933 ι

1440 5136 1828 5223 CAPUT
1859 5121 2222 5224 XXVI.

729 5297 817 5355 De
851 5295 930 5356 iis
964 5297 1074 5374 qui
1103 5298 1233 5358 sine
1253 5298 1540 5376 jussione
1573 5301 1814 5364 abbatis
1845 5309 1871 5338 ⁸
1893 5303 2258 5382 junguntur
2286 5309 2311 5347 ι’
2350 5305 2915 5372 excommunicalis.

252 5408 320 5469 Si
359 5416 477 5485 quis
509 5415 669 5471 frater
699 5421 1101 5489 przesumpserit
1137 5420 1252 5475 sine
1285 5420 1526 5488 jus-sione
1565 5423 1773 5479 abbatis

195 5505 346 5562 fratri
375 5509 836 5563 excommunicato
865 5509 1112 5579 quolibet‘
1143 5510 1299 5564 modo
1327 5526 1385 5564 se
1415 5511 1654 5579 iungere,
1687 5523 1776 5566 aut

266 5687 292 5754 ξ
335 5679 492 5754 Deest
532 5679 580 5731 in
613 5679 781 5744 Flor.,
812 5679 1000 5750 Cotnp.
1035 5690 1090 5736 et
1117 5681 1264 5754 l.yr.,
1293 5681 1506 5739 abbatis.

265 5747 293 5789 δ
329 5751 439 5816 AL,
462 5750 689 5822 jungunt
717 5768 788 5806 se.

1883 5425 2026 5492 loqui
2065 5439 2184 5478 cum
2218 5440 2304 5489 eo,
2335 5425 2416 5478 vel
2450 5425 2752 5479 mandatum
2793 5426 2842 5480 ei
2874 5436 2895 5463 ε
2926 5427 3154 5496 dirigere
3177 5469 3191 5496 ,
3233 5427 3462 5496 similent

1887 5517 2140 5572 sortiatur
2167 5516 2735 5572 excomtnunicationis
2766 5517 3069 5573 vindictam.

1953 5703 1973 5729 ε
2019 5693 2174 5748 Deest
2202 5695 2252 5748 ιιι
2283 5693 2446 5750 Coac.
2483 5699 2548 5750 ei.
