4074 6356
644 354 753 423 51;!

1215 466 1355 482 ..ια-ι

1990 350 2045 407 S.
2087 351 2146 407 Ρ.
2186 347 2547 409 BENEDICTI

3839 350 3935 411 516

1944 504 2596 589 COMMENTAMUS.

720 667 853 714 .nter
892 657 1023 712 alias
1060 672 1191 722 quas
1222 655 1485 724 superiori
1524 656 1699 723 capite
1738 653 2094 720 descripserat
2131 669 2225 707 ex-
2258 657 2304 716 Α
2334 659 2391 708 et
2421 651 2586 724 debet
2612 664 2728 724 esse
2758 663 3283 724 ιιιςιιιιιιιιιιίιιαωο,
3334 654 3411 707 ita
3460 662 3525 707 ut
3564 654 3663 707 illo
3707 668 3928 710 eaea.-

643 730 1151 784 communicatorum
1194 741 1395 795 pinnas,
1447 726 1503 779 S.
1536 725 1856 779 Benedictus
1892 724 2123 789 dixerat,
2154 740 2219 778 ne

644 802 761 865 quis
794 801 840 853 ei
880 799 1098 851 frdtrun't
1140 798 1192 850 in
1225 798 1331 851 ullo
1367 797 1680 864 jungeretur
1720 796 2011 857 consortio,
2047 809 2220 862 neque

648 870 698 923 in
728 870 1008 937 colloquio.
1046 869 1201 936 Igitur
1235 884 1301 921 ne
1330 870 1449 933 quis
1474 866 1604 919 falsa
1635 867 1850 933 pietate.
1883 873 1975 937 aut
2001 866 2223 918 commi-

648 935 914 994 seratione
953 935 1234 991 indiscreta
1277 948 1453 991 motus
1492 948 1677 991 contra
1717 935 1912 1003 aliquid
1943 950 2225 1001 prtcsume-

649 1022 746 1071 tet,
780 1010 1045 1077 sapienter
1075 1007 1343 1076 subjuuxit
1370 1026 1381 1059 :

741 1080 801 1135 Si
845 1075 957 1144 quis
996 1079 1152 1146 frater
1176 1075 1575 1144 praesumpserit
1613 1077 1721 1129 sine
1755 1075 1986 1143 iussione
2024 1075 2221 1128 abbatis

647 1150 798 1217 fratri
836 1150 1269 1203 excommunicato
1313 1148 1529 1209 quolibet
1576 1155 1727 1198 modo
1767 1162 1819 1199 se
1853 1149 2091 1214 jurtgere,
2138 1156 2224 1198 aut

645 1222 785 1284 loqui
812 1236 927 1272 cum
957 1236 1035 1285 eo,
1067 1219 1141 1271 vel
1173 1218 1471 1271 mandatum
1498 1219 1545 1270 ei
1575 1217 1815 1281 dirigere,
1856 1217 2072 1268 similem
2109 1232 2223 1267 sor-

646 1292 804 1344 tiatur
827 1291 1360 1343 exeommuuicationis
1390 1289 1709 1355 vindictam}
1740 1286 1888 1351 Quod
1913 1300 1978 1338 ex
2012 1285 2226 1353 antiqua

646 1374 885 1414 veterum
903 1359 1283 1413 monachorum
1298 1357 1573 1425 disciplina
1587 1356 1904 1423 desumpsit,
1918 1356 2056 1421 apud
2069 1370 2221 1423 quos,

654 1448 673 1481 ι
710 1433 751 1485 si
783 1432 923 1500 quis,
960 1439 1015 1482 ut
1042 1429 1116 1481 ait
1144 1429 1430 1500 (lassiauus
1465 1426 1602 1500 (Litt.
1632 1443 1686 1491 tt,
1717 1443 1830 1494 cap.
1863 1427 1971 1494 16),
2007 1441 2102 1491 pro
2131 1427 2225 1477 ad-

651 1498 815 1554 misso
850 1499 1081 1567 quolibet
1116 1498 1311 1552 delicto
1350 1499 1508 1552 fuerit
1538 1498 1603 1550 ab
1632 1501 1874 1549 oratione
1911 1510 2226 1561 suspensus,

648 1572 824 1625 nullus
851 1585 969 1622 cum
997 1585 1062 1622 eo
1092 1584 1309 1638 prorsus
1340 1568 1526 1621 orandi
1557 1568 1718 1620 habet
1749 1567 2227 1638 licentiam,_ante-

646 1656 804 1707 quam
855 1636 1117 1692 submissa
1168 1638 1221 1691 in
1268 1646 1463 1692 terram
1513 1638 1821 1703 pteoiteutia
1855 1636 2227 1707 reconciliatio

648 1706 786 1777 ejus,
807 1719 859 1762 et
882 1710 1097 1763 admissi
1123 1710 1275 1762 venia
1300 1724 1477 1762 coram
1509 1710 1581 1760 ira
1613 1707 1761 1761 ribus
1785 1708 1991 1759 cunctis
2020 1706 2228 1773 publice

648 1780 807 1835 fuerit
834 1780 900 1832 ab
922 1780 1114 1832 abbate
1140 1792 1425 1839 concessa;
1454 1778 1523 1831 ob
1548 1778 1647 1830 hoc
1672 1791 1901 1843 namque
1928 1778 2017 1830 tali
2045 1777 2229 1829 obser-

648 1851 823 1903 vantia
864 1851 1179 1914 semetipsos
1215 1849 1281 1902 ab
1312 1848 1569 1901 orationis
1602 1848 1716 1913 ejus
1746 1848 2016 1899 consortio
2046 1860 2227 1913 segre-

649 1928 778 1988 gant
808 1930 963 1985 atque
991 1929 1293 1979 secernunt,
1325 1920 1460 1985 quod
1492 1919 1711 1971 credunt
1744 1932 1862 1988 cum
1892 1917 1981 1983 qui
2013 1918 2079 1968 ab
2108 1932 2229 1988 ora-

2336 722 2717 777 municationis
2758 722 2970 777 vinculo
2997 725 3203 789 soluto,
3235 724 3351 792 ipse
3390 734 3679 780 remaneat
3709 724 3921 790 liparas.

2332 792 2409 846 lta
2444 792 2780 849 Ilildemarus
2805 794 3063 860 temporis
3102 796 3181 849 sui
3225 793 3565 861 disciplinain
3611 809 3927 859 τευτευ.-

2330 873 2471 917 tans.
2502 862 2759 917 Similiter
2811 864 3119 919 Bernartius
3162 864 3505 921 Cassinensis
3553 876 3609 919 at
3653 866 3924 921 Betui.

2326 933 2618 988 observant
2675 935 2842 988 tribus
2903 936 3079 991 modis
3128 936 3360 1001 dinuem
3417 936 3763 1003 participem
3801 950 3919 991 an

2325 1005 2792 1074 excommunicato
2824 1024 2834 1055 :
2873 1007 2931 1059 1ο
2961 1004 3292 1073 Simpliciter
3332 1021 3453 1060 cum
3502 1021 3572 1060 eo
3606 1009 3918 1074 loquendo,

2328 1073 2586 1138 bibendo,
2625 1074 2980 1143 comedenda,
3011 1077 3354 1133 cmrmdendo
3374 1120 3387 1141 ,
3418 1073 3715 1141 operando
3737 1092 3756 1139 ;
3781 1076 3848 1128 2ο
3875 1092 3923 1131 at

2326 1145 2686 1198 communicet
2707 1146 2755 1198 ei
2778 1147 3157 1212 conparatione
3188 1156 3240 1200 et
3265 1146 3520 1208 consilio;
3554 1147 3619 1199 5ο
3656 1156 3731 1200 ιιι
3775 1162 3919 1200 ea.-

2330 1217 2565 1269 municet
2590 1216 2637 1269 ei
2662 1216 2978 1269 auctoritate
3008 1216 3088 1269 vel
3113 1216 3445 1271 defensioue.
3471 1215 3691 1282 Quibus
3712 1217 3922 1272 duohs

2331 1286 2614 1350 postremis
2671 1287 2845 1339 modis
2898 1287 2985 1353 qui
3037 1287 3355 1354 participant
3402 1288 3917 1353 excoluisse-iuta,

2329 1356 2573 1410 eamdem
2627 1356 2925 1410 sortiuntur
2981 1356 3556 1411 excommunicationis
3586 1357 3917 1419 vindictam;

2330 1425 2419 1486 qui
2465 1441 2592 1478 vero
2638 1426 2807 1490 primo
2850 1435 3050 1479 tantum
3086 1426 3283 1487 modo,
3338 1426 3605 1480 minorem
3636 1425 3921 1481 domum

2334 1494 2559 1548 incurrit
2581 1496 3213 1551 exeommunicatiouem.
3241 1496 3347 1550 Sed
3370 1497 3419 1548 in
3448 1495 3551 1549 hoc
3583 1496 3661 1548 illi
3696 1497 3920 1563 loqu.-

2333 1573 2416 1616 tur
2444 1566 2737 1618 secundum
2762 1570 3055 1620 recentiora
3070 1570 3213 1632 jura;
3237 1581 3357 1619 nam
3378 1574 3624 1633 tempore
3642 1566 3709 1619 S.
3737 1566 3801 1618 P.
3830 1567 3919 1621 Ba»

2335 1635 2531 1687 ttcdicli
2566 1636 2709 1689 nulla
2736 1636 2838 1689 nisi
2872 1638 3045 1704 major
3095 1638 3487 1704 agnoscebant]:
3532 1640 3915 1690 excommnni.

2332 1706 2500 1768 Cultu,
2559 1722 2585 1754 ει
2654 1722 2755 1773 qua
2811 1707 3038 1772 posteris
3089 1707 3297 1762 saeculis
3357 1706 3609 1760 nonnihil
3658 1707 3921 1761 relaxavit

2333 1774 2566 1827 Ecclesia
2598 1818 2610 1839 ,
2670 1777 2929 1841 praedicto
2967 1792 3091 1830 casu
3122 1778 3386 1831 minorem
3420 1786 3629 1829 tantum
3685 1776 3919 1833 inﬂare-5

2332 1845 2978 1907 excommunicationem,
3033 1862 3151 1915 quae
3206 1862 3302 1900 nec
3349 1861 3379 1898 a
3421 1845 3745 1913 suffragiis,
3778 1862 3918 1901 nec:

2332 1915 2605 1968 consortio
2636 1916 2901 1975 fidelium.
2933 1932 3031 1969 nec
3084 1934 3113 1972 a
3162 1916 3503 1970 conferendis
3540 1916 3729 1970 alteri
3746 1933 3919 1971 sacra-

652 1985 1222 2079 tionleosuspenditur,
1267 1992 1556 2068 secundum
1608 1986 1851 2066 Apostoli
1900 1987 2222 2079 sententiam
2257 2020 2304 2079 Β
2333 1988 2526 2079 mentis
2553 1985 2823 2079 esciuditl,
2869 1987 2965 2079 sed
2986 2002 3016 2039 a
3040 1988 3154 2040 sola
3194 1994 3673 2079 sacramentorum
3705 1990 3919 2079 postid-

652 2060 784 2113 tradi
816 2060 1055 2121 Satanas;
1099 2068 1150 2111 et
1179 2057 1224 2111 si
1253 2060 1370 2125 quis
1408 2059 1634 2111 orationi
1682 2057 1795 2124 ejus
1826 2065 2108 2123 antequam
2142 2072 2224 2110 re-

650 2130 875 2197 cipiatur
926 2146 953 2181 ιι
1008 2130 1215 2183 seniore
1265 2130 1652 2183 inconsiderata
1706 2130 1899 2193 pietate
1950 2135 2225 2193 pennotus

650 2201 1045 2253 communicare
1095 2200 1253 2269 375
1310 2199 1755 2269 prtesumpserit,
1797 2198 2113 2262 complicetn
2167 2211 2226 2249 se

651 2270 1001 2324 damnationis
1023 2269 1139 2335 ejus
1158 2268 1373 2331 efficiat,
1401 2269 1616 2322 tradens
1649 2268 1849 2321 scilicet
1878 2268 2224 2331 semetipsum

650 2340 948 2395 voluntarie
976 2342 1208 2403 Satanae,
1251 2339 1337 2393 cui
1383 2340 1469 2397 ille
1507 2354 1599 2403 pro
1641 2338 1718 2389 sui
1761 2345 1938 2389 reatus
1977 2335 2223 2389 eruenda-

653 2411 795 2465 tione
835 2410 1000 2465 fuerat
1040 2410 1261 2475 dcputat
1300 2424 1359 2471 s,
1402 2411 1451 2460 in
1506 2423 1568 2460 en
1610 2408 1689 2460 vel
1745 2407 1977 2459 maxime
2012 2408 2226 2472 gravius

652 2480 856 2534 crimen
897 2482 1193 2540 incurrens,
1237 2479 1375 2545 quod
1415 2493 1533 2530 cum
1575 2477 1670 2529 illo
1708 2491 1767 2530 se
1804 2477 1885 2530 vel
1926 2476 2230 2528 Cttuiabuia-

654 2550 836 2615 tionis,
862 2551 943 2604 vel
965 2550 1222 2603 orationis
1242 2550 1620 2605 cumntunione
1645 2548 1940 2608 miscendo,
1971 2546 2225 2612 majorem

652 2620 730 2672 illi
760 2629 978 2687 generet
1017 2618 1314 2679 insolentia:
1346 2620 1604 2677 fomitem.
1638 2628 1697 2669 et
1728 2618 2111 2669 contumaciam
2144 2617 2229 2670 de-

654 2690 942 2757 linquentis
978 2692 1028 2742 in
1071 2690 1225 2756 pejus
1260 2691 1513 2743 enutriat.
1560 2709 1577 2739 ι
1660 2688 1803 2743 [dem
1844 2687 2002 2740 etiam
2043 2698 2228 2753 postea

653 2761 843 2813 statuit
880 2760 1121 2827 Magister
1154 2761 1202 2812 in
1233 2760 1422 2827 ltegttl.
1456 2778 1503 2811 (τ.
1538 2761 1620 2821 15,
1664 2758 2013 2825 eamdemque
2045 2757 2230 2811 Eccle-

654 2829 733 2884 sia
766 2832 1026 2885 servavit
1081 2830 1429 2887 severitatem;
1460 2832 1717 2883 adversus
1774 2829 2229 2882 eotntnunicantes

655 2914 773 2953 cum
802 2900 1303 2965 excomtnuoicatis,
1334 2909 1393 2954 ut
1422 2910 1563 2967 patet
1591 2916 1653 2955 ex
1686 2915 1802 2953 can.
1837 2901 2224 2965 apostolorum,

656 2984 715 3023 ex
756 2970 968 3023 Callisti
1011 2985 1155 3037 papa:
1195 2972 1350 3033 epist.
1392 2971 1425 3022 2
1464 2972 1528 3022 ad
1572 2970 1858 3035 Episcopos
1897 2968 2107 3034 ϐειιιιω,
2162 2985 2229 3023 ex

654 3041 878 3095 concilio
902 3041 1148 3097 Antioch.
1180 3055 1266 3095 an.
1297 3041 1423 3103 3H,
1451 3056 1572 3094 can.
1604 3044 1664 3099 ’ἐς
1696 3054 1763 3091 ex
1790 3054 1941 3091 conc.
1973 3039 2226 3101 Cat'lltag.

655 3122 723 3171 tv,
747 3125 865 3165 can.
892 3111 979 3171 7t;
1007 3126 1074 3166 ex
1101 3126 1253 3166 conc.
1280 3110 1458 3166 Later.
1481 3111 1579 3166 sub
1606 3110 1913 3165 Innocentio
1942 3110 2001 3175 ll,
2028 3124 2147 3163 can.
2173 3111 2227 3164 ὅ.

662 3178 791 3234 Vide
819 3182 967 3235 Grat.
1000 3197 1055 3240 ll.
1087 3198 1139 3249 q.
1176 3182 1227 3235 8.

728 3252 884 3307 Notat
903 3266 1029 3305 vero
1056 3251 1392 3305 Iitldemarus
1438 3253 1671 3318 quinque
1698 3249 1872 3302 modis
1906 3250 2019 3302 lieri
2074 3264 2231 3315 posse

658 3330 716 3376 ut
739 3324 930 3388 aliquis
949 3337 1069 3374 cum
1090 3321 1548 3374 excomtnunicato
1567 3321 1920 3374 communiceI
1948 3336 1961 3373 :
1996 3322 2052 3373 1ο
2082 3338 2229 3388 igno-

2332 2056 2563 2121 patione.
2601 2058 2711 2109 lmo
2747 2056 2847 2108 alia
2896 2058 3055 2109 etiam
3105 2057 3330 2111 accessit
3375 2071 3441 2109 ex
3479 2058 3727 2111 concito
3786 2058 3916 2113 Coa-

2328 2127 2612 2178 stantiend
2663 2126 2990 2189 moderatio,
3054 2136 3110 2179 ut
3161 2126 3725 2182 excommunicationi
3770 2129 3916 2182 etiam

2331 2196 2522 2248 minori
2556 2213 2657 2249 non
2699 2199 2766 2249 sit
2798 2198 2946 2250 locus
2973 2212 3039 2249 cx
3071 2199 3475 2263 participatione
3521 2212 3661 2251 cum
3706 2212 3919 2252 emn-

2329 2267 2637 2328 municato.
2691 2267 2792 2320 nisi
2843 2268 2931 2321 ille
2964 2265 3147 2321 ,fuerit
3198 2268 3405 2334 publice
3464 2278 3523 2321 et
3590 2269 3916 2323 nominan-

2331 2334 2695 2390 denuntiatus.

2401 2405 2565 2475 376
2594 2407 2701 2460 Nec
2723 2408 2916 2461 mirum
2942 2406 3110 2460 videri
3144 2405 3301 2460 debet
3335 2407 3639 2461 Ecclesiatn
3667 2417 3775 2462 aut
3818 2424 3918 2463 lno-

2334 2479 2533 2529 llacltus
2578 2486 2779 2529 tantam
2815 2479 2865 2531 in
2914 2480 3375 2532 communicantes
3428 2481 3917 2534 excoluntur-iouis

2330 2546 2637 2602 adhibuisse
2688 2549 3068 2609 severitatem;
3125 2550 3225 2602 line
3268 2550 3409 2602 enim
3440 2548 3702 2617 exigebat
3751 2560 3918 2605 rectas

2332 2616 2465 2670 ordo
2497 2618 2791 2682 disciplina:
2816 2659 2831 2681 ,
2866 2622 2984 2673 sive
3031 2616 3103 2671 ad
3140 2618 3513 2672 incutiendum
3538 2616 3673 2672 aliis
3702 2634 3917 2674 exerun-

2334 2689 2706 2741 mnnicatinnis
2737 2689 3010 2755 timorem,
3063 2689 3174 2741 sive
3206 2690 3270 2742 ad
3300 2689 3821 2743 eaeommunicatos
3840 2706 3917 2744 II-

2337 2757 2462 2811 bore
2492 2760 2873 2814 sutfundendos
2892 2800 2905 2823 ,
2935 2774 3095 2827 atque
3126 2759 3224 2813 bac
3254 2759 3570 2815 confusione
3596 2759 3668 2812 ad
3705 2761 3915 2814 humili.

2337 2829 2458 2880 lotis
2481 2830 2897 2885 satisfactionem
2923 2829 3313 2897 provocandos.
3339 2830 3590 2899 Alioquin
3617 2830 3915 2885 sialiorn-

2336 2902 2532 2963 pcrlrui
2568 2911 2787 2965 possent
2815 2901 3090 2955 consortio
3118 2944 3131 2965 ,
3181 2901 3353 2969 magis
3380 2914 3443 2954 ac
3473 2904 3650 2969 magis
3679 2902 3914 2955 indurati

2333 2972 2897 3026 exentnmnnicuionis
2955 2987 3164 3040 ptenatn
3214 2980 3570 3039 spernerent,
3628 2972 3751 3027 imo
3796 2972 3915 3025 alias

2338 3039 2437 3091 sibi
2488 3039 2965 3096 communicantes
2996 3050 3302 3108 pervertere
3357 3051 3597 3109 possent.
3668 3060 3689 3091 r
3747 3044 3914 3096 Perni-

2339 3112 2539 3163 t'iosutn
2572 3128 2799 3180 namque
2829 3114 3074 3166 solatium
3110 3112 3383 3178 tribuens,
3418 3112 3592 3181 inquit
3620 3112 3915 3169 Casaianas

2337 3181 2471 3253 (Lib.
2508 3197 2575 3246 ll,
2611 3200 2725 3245 ιαμ.
2762 3184 2872 3247 16),
2920 3198 3013 3236 Cor
3062 3183 3178 3253 ejus
3226 3198 3393 3252 magis
3439 3198 3503 3237 ac
3552 3184 3745 3253 magis
3770 3186 3916 3238 taciet

2338 3252 2597 3316 indurari,
2628 3269 2726 3307 nec
2759 3254 3023 3307 humiliari
3070 3270 3191 3307 cum
3246 3255 3407 3317 sinet,
3456 3255 3524 3307 ob
3554 3252 3707 3321 quod
3757 3256 3916 3309 fuerat

2336 3333 2642 3390 segregatus
2678 3342 2688 3375 :
2724 3338 2773 3377 et
2804 3340 2896 3392 per
2940 3325 3041 3378 hoc
3090 3326 3170 3379 vel
3214 3325 3640 3392 increpatiouem
3688 3325 3915 3378 senioris

658 3405 931 3473 ranseum
964 3406 1082 3445 esse
1112 3391 1649 3473 excotnmunicatum;
1677 3391 1739 3443 2°
1774 3392 2027 3458 ignoratis
2049 3392 2223 3469 legem
2256 3388 2303 3451 C
2337 3388 2440 3470 non
2479 3388 2653 3460 magni
2685 3388 2949 3473 pendere,
2979 3396 3059 3448 vel
3114 3388 3511 3449 dissimulanter
3551 3394 3631 3450 de
3670 3395 3915 3449 satisfac-

661 3461 1027 3529 prohibentem
1074 3462 1503 3516 communionem
1554 3478 1672 3514 cum
1724 3462 2220 3526 escotntnuoicato;

658 3534 720 3587 3°
750 3532 796 3584 ei
830 3532 1152 3599 participans
1181 3532 1360 3585 animo
1390 3531 1710 3600 provocandi
1756 3547 1877 3585 eum
1917 3532 1978 3582 ad
2014 3531 2226 3585 humili-

660 3602 782 3654 tatis
807 3602 1252 3663 satisfactionem;
1305 3602 1369 3655 4°
1411 3602 1811 3655 cmnmunieans
1849 3618 1967 3654 cum
2018 3618 2121 3663 eo.
2168 3613 2224 3655 ut

656 3686 780 3723 eum
807 3671 858 3725 in
892 3670 1089 3723 malitia
1113 3672 1421 3735 confirmet;
1455 3673 1515 3727 5°
1547 3672 1710 3725 utdet
1738 3672 1816 3725 illi
1839 3672 2067 3739 fugiendi
2099 3688 2226 3726 con-

660 3741 869 3812 silium,
897 3752 950 3796 et
992 3741 1221 3812 medium
1268 3743 1621 3811 exsequenda:
1668 3743 1805 3812 fugae
1835 3744 2219 3797 suInninistret.

661 3810 736 3865 Ex
761 3813 953 3878 quibus
982 3810 1190 3881 casibus
1222 3813 1310 3881 qui
1336 3810 1507 3881 primo
1531 3825 1583 3866 et
1610 3810 1844 3866 secundo
1876 3813 2033 3865 ruodo
2064 3817 2226 3881 parti-

659 3882 866 3949 cipant,
897 3890 954 3936 ut
980 3880 1289 3938 itumunes’a
1324 3886 1500 3951 culpa,
1532 3885 1602 3937 ita
1629 3884 1789 3936 etiam
1820 3880 2083 3935 immunes
2104 3900 2225 3938 esse

659 3951 853 4008 debent
888 3968 915 4005 ιι
948 3966 1134 4020 pinna;
1182 3955 1259 4007 sic
1307 3963 1482 4007 tamen
1508 3962 1565 4006 ut
1594 3953 1916 4007 unvitiorurn
1947 3956 2219 4021 magister,

658 4024 747 4091 qui
786 4023 1106 4090 probationis
1138 4031 1373 4090 tempore
1401 4026 1571 4092 legem
1600 4040 1704 4076 non
1736 4024 1954 4077 edocuit
1980 4024 2215 4091 discipu-

657 4093 764 4157 los,
796 4093 1042 4148 indictam
1090 4094 1172 4148 hic
1204 4108 1297 4161 pro
1327 4093 1431 4146 illis
1458 4095 1647 4147 subeat
1684 4108 1913 4161 pinnam.
1964 4096 2063 4159 Qui
2094 4110 2220 4148 vero

658 4166 815 4219 tertio
865 4164 1023 4218 modo
1065 4178 1184 4216 cum
1230 4164 1692 4221 excommunicato
1742 4165 2115 4231 participavit,
2175 4168 2220 4219 si

656 4233 930 4305 presbyter
952 4243 1036 4288 est
1057 4244 1146 4288 aut
1166 4248 1283 4287 esse
1316 4244 1521 4305 potest,
1577 4236 1627 4287 in
1660 4234 1851 4287 minori
1896 4238 2049 4301 culpa
2078 4234 2217 4303 judi-

657 4305 763 4357 cari
794 4304 949 4359 debet
978 4305 1045 4371 (si
1084 4305 1224 4357 enim
1256 4304 1514 4373 majorem
1544 4306 1750 4359 subiret
1786 4320 2218 4359 excommunica-

659 4375 874 4436 tionent,
899 4376 1018 4426 iuba
1027 4376 1143 4428 bilis
1157 4386 1298 4429 esset
1312 4377 1377 4427 ad
1395 4374 1765 4443 suscipiendos
1786 4385 1875 4427 aut
1893 4376 2220 4431 exercendus

656 4458 837 4497 sacros
882 4445 1140 4511 ordine).
1176 4445 1270 4498 Sin
1293 4446 1467 4499 minus
1496 4445 1737 4499 eamdem
1786 4447 2217 4499 excommunica-

657 4511 814 4567 tiouis
853 4514 1135 4566 vindictam
1185 4514 1361 4568 sortiri
1406 4516 1593 4577 debet;
1645 4516 1738 4567 sed
1772 4516 1845 4567 ita
1923 4524 1978 4566 ut

660 4581 873 4646 diebus,
908 4584 1055 4637 verbi
1086 4584 1280 4652 gratia,
1326 4583 1531 4637 duobus
1560 4584 1643 4637 vel
1677 4583 1843 4638 tribus
1881 4594 2095 4639 maneat
2122 4600 2217 4639 ex-

655 4654 1092 4707 comtnunieatus.
1150 4654 1249 4720 Qui
1302 4670 1427 4707 vero
1474 4664 1665 4723 quarto
1720 4665 1771 4707 et
1825 4657 2009 4722 quinto
2058 4656 2217 4711 modo

656 4724 1084 4785 communicant,
1128 4724 1373 4779 eamdem
1398 4724 1615 4778 omnino
1657 4726 2222 4782 excommunimtionis

655 4791 939 4847 vindictam
982 4794 1313 4857 Sustineant;
1362 4795 1460 4848 ltoc
1508 4804 1589 4849 est
1636 4795 1814 4848 tandiu
1858 4800 2219 4850 excommuni-

654 4871 856 4929 centur,
887 4864 1122 4926 quandtu
1147 4865 1266 4929 ille,
1296 4880 1520 4932 quocum
1544 4867 2095 4931 communicaverunt,
2124 4870 2221 4922 luit

1433 4999 1988 5012 max:

1997 4999 2202 5014 :3

2034 4519 2219 4581 paucis
2247 4554 2256 4563 .

1866 5097 2255 5184 CAPUT
2305 5103 2695 5186 XXVII.

2334 3463 2475 3513 tione
2510 3474 2561 3514 et
2612 3466 2755 3517 venit
2792 3481 2821 3519 c
2859 3466 3044 3532 gitare.
3081 3484 3098 3515 ι

2405 3532 2561 3585 Notat
2590 3545 2764 3586 tamen
2800 3536 2848 3586 in
2874 3536 3108 3588 secundo
3139 3546 3435 3589 comment.
3471 3534 3741 3588 Boberius
3792 3536 3914 3588 lianc

2333 3601 2503 3671 legem
2559 3619 2585 3655 a
2746 3605 3034 3659 Benedicto
3091 3620 3196 3657 non
3230 3604 3306 3658 sic
3348 3606 3506 3657 latam
3538 3604 3746 3669 fui-se,
3778 3606 3915 3674 quasi

2334 3673 2494 3745 vellet
2519 3686 2571 3725 ut
2600 3675 2827 3745 jungens
2873 3690 2930 3729 se
2968 3675 3434 3728 excommunicato
3476 3673 3916 3745 excommunica-

2332 3743 2490 3796 tionis
2526 3743 2736 3810 pugnam
2772 3747 2886 3812 ipso
2920 3746 3058 3799 facto
3090 3750 3416 3810 incurreret,
3468 3762 3487 3795 ι
3521 3744 3650 3810 sed,
3711 3744 3914 3814 inquit,

2329 3815 2559 3865 ostendit
2587 3825 2760 3868 textus
2790 3832 2890 3881 qua
2927 3831 3079 3885 pinna
3132 3828 3252 3867 reus
3284 3816 3472 3883 dignus
3496 3815 3611 3885 psit,
3646 3823 3702 3875 et
3764 3818 3915 3883 plceti

2305 3886 2518 3967 querno
2570 3887 2754 3967 possit.
2787 3905 2805 3966 ι
2845 3884 3102 3967 Similiter
3145 3885 3444 3967 “iebat-dus
3474 3884 3541 3939 de
3566 3886 3627 3965 S:
3660 3886 3912 3967 Angeld.

2342 3972 2358 4004 r
2398 3956 2510 4006 Non
2541 3959 2722 4020 credo,
2755 3956 2848 4020 ait,
2878 3956 3017 4023 quod
3044 3958 3157 4023 ipso
3182 3957 3320 4008 facto
3342 3956 3571 4009 incorrat
3611 3954 3796 4023 ipsam
3840 3958 3909 4010 di-

2327 4039 2465 4078 ctam
2484 4027 2763 4078 vindictam
2782 4026 3370 4090 excommunicationis,
3388 4040 3509 4079 cum
3531 4027 3675 4079 istud
3693 4028 3913 4081 verbum

2325 4107 2573 4147 sortiatur
2601 4108 2804 4163 tempus
2832 4096 3062 4151 futurum
3083 4097 3344 4165 designet;
3371 4109 3583 4165 propter
3611 4097 3763 4165 quod
3798 4102 3908 4150 dico

2329 4166 2467 4233 quod
2518 4167 2675 4219 debet
2733 4167 3182 4221 excommunicati
3241 4182 3333 4234 per
3380 4169 3654 4220 abbatem.
3688 4186 3708 4217 ι
3758 4170 3911 4221 Addit

2328 4244 2500 4289 tamen
2536 4254 2549 4289 :
2606 4255 2622 4287 ι
2660 4238 2752 4292 Vel
2785 4239 2931 4292 dicas
2958 4238 3098 4307 quod
3132 4238 3244 4305 ipso
3277 4238 3415 4290 facto
3446 4238 3681 4290 incurrat
3745 4240 3909 4306 ipsam

2330 4307 2619 4379 vindictam
2641 4349 2653 4369 ,
2684 4318 2739 4362 ut
2768 4310 2936 4379 magis
2991 4310 3277 4379 timeantur
3308 4324 3426 4377 qua:
3459 4308 3543 4361 lttc
3572 4308 3856 4362 dicuntur.
3893 4330 3908 4359 ι

2402 4378 2535 4430 Sunt
2573 4380 2731 4432 etiam
2765 4378 3007 4432 nonnulli
3057 4394 3212 4433 casus
3264 4378 3317 4432 in
3368 4379 3562 4446 quibus
3610 4380 3763 4433 licite
3804 4382 3912 4446 quis

2326 4457 2501 4516 potest
2525 4450 2845 4519 participare
2869 4465 2989 4503 cum
3008 4449 3497 4514 excontmunicato,
3516 4450 3609 4519 qui
3639 4452 3743 4504 hoc
3768 4466 3912 4505 cont.

2326 4520 2725 4586 preltenduntur
2754 4522 3018 4575 versiculo
3055 4538 3067 4573 :

2511 4673 2663 4737 Utile,
2692 4675 2802 4735 lex,
2829 4674 3031 4737 humile,
3059 4687 3141 4723 res
3164 4675 3407 4737 ignorata,
3436 4683 3657 4725 necesse.

2247 4760 2301 4820 Β
2332 4798 2493 4873 Cujus
2545 4800 2952 4868 erpiicationem
3010 4799 3199 4853 videre
3234 4807 3317 4852 est
3360 4796 3499 4867 apud
3542 4806 3798 4851 auctores
3825 4801 3910 4869 qui

2332 4885 2392 4922 ea
2435 4871 2501 4924 de
2539 4886 2595 4923 re
2625 4879 3001 4924 tractaverunt.

1245 5231 1530 5306 Qualiter
1568 5230 1771 5292 debeat
1804 5233 1986 5294 abbas
2017 5237 2328 5299 sollicitus
2360 5259 2481 5299 esse
2515 5244 2679 5301 circa
2712 5252 3284 5321 excomrnumcatos.

727 5351 877 5409 Omni
909 5350 1263 5405 δοιιίοἰιιιόίιιρ
1293 5366 1471 5405 curam
1517 5360 1665 5419 gerat
1694 5355 1855 5407 abbas
1876 5362 2017 5409 circa
2046 5356 2215 5409 delin-

650 5460 680 5514 q
707 5462 735 5491 -ι
755 5453 870 5497 ntes
896 5442 1085 5494 fratres
1109 5457 1121 5496 :
1153 5440 1274 5509 quia
1302 5457 1400 5493 non
1428 5450 1499 5493 est
1524 5458 1653 5510 opus
1678 5445 1815 5497 sanis
1849 5447 2098 5513 medicus,
2126 5448 2215 5501 sed

649 5535 823 5587 male“
859 5530 1151 5584 habentibus
1182 5530 1393 5583 (Ma’tlr.
1430 5538 1524 5600 Ix).
1571 5532 1861 5591 Etideouti
1892 5539 2047 5591 debet
2070 5539 2211 5591 omni

715 5682 739 5707 ⁸
769 5671 925 5724 Νθιιι.
948 5711 961 5731 ,
995 5672 1145 5722 mala.

717 5742 740 5778 ιδ
776 5744 903 5793 Tres
930 5757 1055 5791 to».
1080 5779 1093 5801 ,
1126 5741 1494 5793 consiliator“.

718 5822 738 5848 ε
772 5813 884 5873 Al.,
912 5809 1195 5873 Sempetas.
1228 5811 1336 5875 AL,
1374 5812 1671 5878 Scnpectrs.
1722 5813 1833 5879 AL,
1890 5811 2207 5881 Scurpcctas.

2325 5376 2390 5411 mc
2415 5364 2509 5423 do,
2538 5366 2592 5410 ut
2623 5359 2833 5427 sapiens
2864 5358 3103 5414 medicus
3124 5402 3138 5427 ,
3170 5361 3460 5417 immittere
3490 5363 3641 5431 quasi
3666 5366 3905 5422 recultos

2319 5450 2688 5505 consolatores
2714 5450 2737 5487 ⁵
2770 5460 3071 5521 sympectas
3096 5464 3143 5519 ε,
3180 5451 3229 5507 id
3257 5462 3339 5508 est
3362 5454 3601 5511 seniores
3632 5458 3907 5526 sapientes

2322 5541 2549 5607 fratres,
2584 5545 2673 5611 qui
2720 5544 2868 5612 quasi
2910 5554 3117 5599 secrete
3162 5547 3512 5603 consolentur
3546 5549 3767 5603 fratrem
3806 5552 3903 5604 llu-

2322 5676 2425 5751 A|.,
2463 5676 2724 5743 Sepectat.
2779 5680 2887 5744 AL,
2923 5680 3210 5747 Sinpectaa.
3256 5682 3368 5748 AL,
3410 5682 3744 5751 θεωρητὴν.
3779 5688 3901 5743 Edi-

2315 5750 2487 5827 t‘i‘oncs
2521 5752 2879 5827 recentiores,
2915 5751 3203 5823 Seuipetas.
3229 5753 3453 5820 Quidam
3485 5750 3690 5827 antiqui
3722 5761 3849 5813 iditi
3880 5804 3895 5825 ,

2318 5816 2637 5887 Senipectas.
