4006 6358
581 320 687 378 535

1950 340 2003 396 S.
2052 342 2108 395 Ρ.
2155 342 2507 401 ΒΕΝΕΠΙΕΤΙ

3750 354 3861 407 556

578 453 685 491 non
708 441 1012 507 spernendo
1034 457 1154 498 eum
1181 447 1480 509 contristet,
1508 447 1601 501 sed
1626 448 2008 507 rationabiliter
2032 470 2153 509 cum
2184 462 2231 520 Α
2263 459 2333 510 lia
2365 467 2387 493 ε
2418 475 2523 510 non
2552 468 2633 511 est
2659 476 2776 527 qua:
2802 460 3086 526 ll'ibllllll",
3122 477 3295 517 sermo
3326 479 3445 532 resp
3467 462 3698 520 uisionis
3726 483 3856 532 por-

579 526 876 584 humilitate
906 541 933 570 ι
966 536 1104 589 male
1131 542 1326 602 petenti
1358 538 1603 607 deneget.

649 622 895 676 Animam
944 640 1093 680 suam
1142 628 1438 691 custodiat,
1475 646 1681 685 memor
1728 638 1753 670 δ
1786 648 1999 703 semper
2028 636 2155 691 illud

577 712 958 779 aposmlicum,
990 718 1109 784 quia
1139 719 1225 786 qui
1256 718 1377 772 bene
1407 722 1797 791 ministraverit,
1827 728 2046 795 gradum
2070 730 2157 781 bac

576 816 701 854 stunt
723 803 819 857 sibi
844 807 1063 872 acquirit
1088 806 1139 877 (Ι
1163 809 1295 863 Tim.
1327 810 1421 881 tv).
1450 811 1782 869 lnlirmorum
1801 859 1815 881 ,
1841 817 2121 872 infantium
2139 863 2154 887 ,

578 890 861 959 hospitum
888 912 1281 968 pauperutnque
1334 917 1454 955 cum
1498 905 1641 957 omni
1672 906 2035 961 sollicitudine
2061 924 2157 961 eu-

576 998 692 1038 ram
739 994 906 1054 gerat,
956 990 1130 1043 sciens
1171 994 1287 1045 sine
1309 992 1469 1046 dubio
1493 997 1616 1064 quia
1641 1012 1734 1063 pro
1759 998 1841 1053 his
1862 998 2025 1068 4,οο
2044 1016 2158 1053 om-

576 1072 736 1126 nibus
760 1076 811 1128 in
836 1076 920 1150 die
950 1088 969 1115 ε
993 1079 1176 1145 indit-ii
1205 1084 1465 1138 rationem
1497 1084 1803 1139 redditurus
1833 1094 1935 1140 est.
1966 1087 2153 1142 Omnia

575 1175 701 1216 vasa
742 1168 1046 1221 monasterii
1078 1181 1429 1241 cunctamque
1457 1174 1832 1240 substantiam,
1858 1192 1919 1230 ac
1946 1176 1989 1230 si
2016 1179 2153 1230 alta-

573 1252 650 1307 ris
683 1270 803 1308 vasa
828 1271 1035 1311 sacrata
1059 1265 1372 1329 conspiciat.
1396 1264 1535 1317 Nihil
1560 1265 1713 1318 ducat
1745 1267 2151 1337 negligendum;

572 1357 748 1413 neque
774 1348 1010 1401 avaritia:
1044 1351 1287 1417 studeat,
1317 1370 1491 1423 neque
1519 1356 1769 1425 prodigus
1804 1358 1869 1411 sit
1889 1399 1905 1423 ,
1940 1369 2031 1413 aut
2056 1374 2154 1414 ex-

573 1432 864 1503 stirpator‘l
892 1438 1202 1492 substantiae
1234 1444 1542 1497 monasterii
1572 1445 1699 1500 :sed
1730 1449 1907 1501 omnia
1939 1464 2155 1504 mensu-

574 1532 687 1579 rate
714 1524 902 1590 faciat,
938 1539 991 1582 et
1019 1530 1313 1585 secundum
1341 1534 1637 1602 jussioncm
1668 1538 1896 1593 abbatis.

646 1616 1005 1673 Humilitatem
1036 1632 1159 1677 ante
1186 1628 1360 1678 omnia
1395 1627 1588 1683 habeat
1631 1647 1643 1681 :
1678 1641 1728 1684 et
1770 1631 1853 1683 cui
1899 1632 2152 1687 substano

644 1804 668 1863 ξ·
712 1795 854 1848 Hild.
888 1796 1058 1863 deest,
1090 1814 1205 1851 cum
1234 1798 1538 1853 humilitate.

642 1862 670 1901 δ
708 1864 901 1931 Nirb.,
936 1878 1194 1920 memoret.
1230 1871 1317 1923 Al.
1338 1911 1353 1933 ,
1386 1887 1690 1924 memorans.

647 1944 670 1972 ε
710 1935 897 1999 Cass.,
930 1938 1117 2002 Narb.,
1150 1938 1317 2003 Flor.,
1350 1942 1401 1993 in
1430 1942 1579 1993 diem.

643 2003 670 2040 ά
713 2004 856 2082 Flor.
878 2049 891 2070 ,
1084 2050 1097 2070 ,
1125 2020 1170 2061 et
1202 2014 1463 2079 stirpator.
1490 2009 1693 2065 Concb.
1718 2053 1735 2077 ,
1767 2014 1953 2082 Comp.
1972 2055 1986 2079 ,
2022 2012 2147 2081 Lyr.

574 2084 629 2130 ct
654 2077 863 2143 quidam
890 2077 998 2131 alii.
1017 2120 1030 2141 ,
1064 2090 1152 2131 aut
1172 2077 1439 2145 stirpator.

646 2156 670 2181 ο
711 2147 794 2198 Al.
815 2189 829 2209 ,
862 2158 906 2200 et
934 2164 1045 2199 cum
1067 2150 1369 2203 substantia.

648 2213 666 2250 ί
710 2215 874 2279 Hild.,
909 2220 1181 2273 tribua'ur.
1218 2221 1355 2275 Edit.
1392 2223 1582 2287 Paris.,
1616 2226 1886 2293 dirigatur.

1197 2340 1705 2349 mima.

2266 548 2464 615 rigatur
2496 546 2511 585 ί
2545 548 2716 603 bonus
2737 592 2756 616 ,
2782 561 2837 603 ut
2864 553 3119 620 scriptum
3146 566 3227 607 est
3256 572 3269 606 :
3302 555 3479 610 Sermo
3508 558 3674 610 bonus
3700 575 3860 625 super

2265 640 2440 691 datum
2468 642 2711 706 optimum
2742 640 2931 710 (Ereti.
2964 644 3133 711 xviii).
3157 647 3347 699 Omnia
3373 664 3491 715 qum
3519 649 3567 702 ei
3600 649 3859 717 injunse-

2266 730 2333 781 rit
2364 732 2549 794 abbas,
2582 732 2692 799 ipsa
2724 734 2915 788 habeat
2940 737 3039 791 sub
3068 752 3192 791 cura
3224 755 3351 804 sua;
3380 756 3408 793 a
3441 743 3638 810 quibus
3669 744 3858 812 probi—

2265 821 2441 874 buerzt
2464 863 2478 885 ,
2512 837 2617 876 non
2651 837 2957 892 pra‘stnnat.
2994 827 3266 883 Fratribus
3295 833 3643 887 constitutam
3676 850 3851 888 anno-

2268 928 2386 964 ιιειιιι
2432 916 2549 967 sine
2590 916 2765 985 aliquo
2819 926 2943 985 lypo
2990 929 3014 966 tl
3063 921 3143 974 vel
3189 937 3335 974 mora
3382 925 3607 989 oﬂ'erat,
3644 936 3705 980 ut
3746 943 3853 981 non

2264 1008 2714 1074 scandalizentur,
2744 1027 2948 1064 memor
2970 1012 3133 1065 divini
3162 1014 3393 1083 eloquii,
3418 1018 3539 1085 quid
3569 1032 3853 1074 mereatur

2262 1098 2345 1159 qui
2376 1096 2793 1152 srandulizaverit
2826 1117 2982 1153 unum
3023 1104 3084 1155 de
3126 1106 3325 1171 pusillis
3355 1103 3381 1141 δ
3420 1106 3639 1175 (Matth.
3672 1112 3852 1177 xvm).

2262 1185 2682 1258 Sicongrcgaliu
2708 1191 2880 1260 major
2912 1192 3090 1268 luerit,
3121 1195 3307 1247 solatia
3340 1198 3387 1249 ei
3418 1196 3637 1261 dentur,
3668 1216 3697 1250 a
3730 1202 3853 1268 qui-

2266 1277 2363 1329 bus
2406 1280 2615 1344 adjutus
2655 1290 2709 1333 et
2756 1283 2868 1349 ipse
2913 1266 3065 1350 teqno
3108 1284 3287 1337 animo
3342 1285 3557 1353 impleat
3609 1266 3852 1342 ofﬁcium

2262 1368 2362 1420 sibi
2406 1370 2772 1424 commissum.
2805 1372 2961 1427 lloris
2992 1376 3417 1449 competentibus
3445 1378 3646 1432 dentur
3683 1380 3697 1415 ¹
3734 1397 3853 1449 qu:

2262 1460 2432 1512 danda
2464 1471 2579 1513 sunt
2604 1502 2616 1522 ,
2647 1471 2699 1516 et
2727 1474 2974 1530 petantur
2997 1480 3115 1533 qua:
3143 1448 3364 1534 peterida
3396 1479 3518 1520 sunt
3549 1485 3563 1522 :
3598 1481 3662 1523 ut
3694 1448 3852 1525 nemo

2264 1564 2341 1617 pe:
2361 1552 2599 1603 turbetur
2630 1567 2802 1619 neque
2832 1552 3177 1609 contristetur
3210 1555 3261 1608 in
3290 1556 3449 1611 domo
3478 1558 3572 1611 Dei

2333 1814 2357 1853 ε
2398 1809 2568 1863 Oxon.
2594 1852 2608 1874 ,
2643 1805 2784 1862 llild.
2808 1850 2829 1881 ,Α
2857 1808 3004 1881 Ιῐειιτῐ.
3029 1853 3044 1877 ,
3080 1812 3187 1861 sine
3217 1811 3387 1879 aliqua
3418 1813 3600 1881 typho.
3646 1813 3851 1877 Conc.,

2258 1878 2367 1948 sine
2395 1881 2567 1948 a'iqita
2597 1881 2773 1947 typho.
2808 1879 2887 1932 Al.
2914 1922 2928 1943 ,
2960 1882 3067 1932 sine
3086 1882 3258 1948 aliquo
3280 1878 3448 1934 verba.

2331 1945 2357 1983 h
2397 1946 2549 2021 Cass.
2579 1945 2779 2021 addunt
2804 1950 2913 2002 istis
2941 1966 2957 2002 :
2984 1945 3183 2019 expedit
3202 1952 3247 2003 ei
3268 1963 3318 2003 ut
3345 1957 3696 2021 suspendatur
3717 1958 3849 2007 mole

2256 2018 2482 2070 asinaria
2531 2018 2581 2069 in
2625 2020 2759 2071 collo
2804 2021 2942 2088 ejus,
2984 2030 3032 2072 et
3076 2022 3399 2090 demergatur
3433 2018 3495 2074 in
3528 2026 3844 2090 pro'ttndtttl

2210 2148 2213 2149 ν
2258 2090 2432 2140 maris.

2339 2160 2345 2191 ί
2395 2159 2478 2211 Al.
2504 2199 2518 2221 ,
2554 2168 2597 2211 et
2628 2160 2831 2211 demur.

2742 2337 3407 2348 —-———..——-—-_.‘~—.._
3437 2338 3676 2345 —"H~—-—
3715 2336 3838 2347 -——-

1891 2417 2543 2482 COMMENTAMUS.

640 2564 943 2638 Cellerarius
975 2564 1312 2638 monasterii.]
1345 2570 1413 2621 ita
1442 2568 1693 2621 nimirum
1720 2569 1777 2623 S.
1813 2570 1968 2623 Pater
1992 2581 2148 2625 vocat

570 2650 689 2710 eum
721 2636 807 2688 cui
836 2650 1015 2710 curam
1044 2647 1096 2689 et
1127 2636 1648 2710 administrationem
1679 2655 1856 2692 rerum
1883 2651 2149 2710 tempora-

568 2704 695 2779 l'pitn
727 2708 1037 2770 committit,
1071 2722 1099 2759 a
1132 2709 1261 2761 cella
1287 2750 1299 2767 .
1333 2725 1425 2762 seu
1455 2710 1694 2776 cellario,
1727 2712 1778 2762 in
1809 2724 1918 2779 quo
1965 2704 2141 2765 rest-r-

568 2778 761 2828 vlntur
790 2790 852 2827 ac
885 2778 1126 2830 celantur
1164 2796 1223 2832 8.1
1262 2795 1380 2846 quae
1423 2779 1486 2832 ad
1532 2781 1655 2833 vitte
1701 2778 2140 2835 sustentationem

566 2846 856 2918 pertinent.
894 2848 1140 2900 Nonnulli
1186 2850 1461 2902 cellarium
1505 2850 1780 2903 Custodem
1812 2852 2016 2905 cellarii
2049 2867 2143 2918 ap-

567 2915 797 2983 pellant,
825 2918 912 2970 alii
945 2934 1310 2979 (Bconomutn,
1343 2924 1555 2987 qundam
1588 2922 1916 2982 provisorum
1938 2961 1951 2985 ,
1980 2915 2142 2989 aliqui

566 2999 966 3059 procuratorem
1016 2993 1319 3052 nominant,
1362 2990 1517 3059 cujus
1564 2994 1705 3044 voci~~
1756 2992 1815 3043 lit
1861 2993 2059 3045 mentio
2092 2994 2142 3043 ιιι

565 3056 609 3109 Τ
615 3056 781 3120 ripart
806 3066 859 3110 to
902 3059 1037 3111 libro
1077 3060 1190 3112 M‘il'.
1240 3062 1295 3113 S.
1352 3056 1563 3114 [inberti
1609 3062 1817 3114 abbatis
1843 3060 1993 3115 Casa:
2025 3062 2141 3127 Dei,

565 3137 781 3179 auctore
814 3129 1123 3191 Herlt‘ando,
1158 3131 1280 3184 dist.
1318 3132 1338 3182 1
1369 3173 1380 3191 ,
1417 3147 1469 3183 n.
1504 3133 1558 3185 ὅ.

639 3196 919 3269 litigatum]
952 3200 1064 3251 Non
1114 3187 1186 3252 at
1238 3218 1250 3251 :
1301 3216 1334 3268 p
1362 3187 1529 3254 .iiatur
1567 3202 1633 3254 ad
1667 3202 1871 3254 libitum
1903 3202 2138 3266 abbatis;

2252 3187 2556 3269 Sfal'abertzze
2586 3198 2745 3269 (Sac.
2780 3214 2813 3253 ιι
2842 3194 2996 3269 Ben.)
3034 3217 3047 3253 :

566 3267 658 3339 sed
692 3267 937 3337 eligatur,
973 3271 1020 3321 id
1066 3282 1147 3323 e~t
1186 3267 1561 3337 constituatur,
1595 3276 1683 3339 qni
1714 3272 1903 3324 melior
1931 3287 1995 3326 ex
2029 3288 2141 3326 ont-

566 3337 722 3390 uilius
768 3348 1006 3401 tepcrtus
1054 3340 1241 3403 fuerit;
1294 3342 1427 3394 alias
1476 3337 1824 3407 personarum
1866 3350 2013 3396 esset
2056 3358 2144 3394 ac-

566 3408 762 3480 ceptio,
794 3422 897 3460 non
928 3410 1119 3462 electio
1150 3427 1163 3463 :
1203 3429 1221 3460 ι
1269 3412 1404 3474 Quid
1444 3414 1701 3465 t-st'enim
1732 3413 1942 3477 electio,
1977 3413 2144 3480 inquit

566 3477 924 3548 lltldetnarus,
958 3481 1056 3531 nisi
1084 3482 1351 3548 separatio
1373 3482 1554 3546 optimi
1585 3498 1613 3535 a
1648 3483 1890 3545 meliore,
1918 3485 2001 3537 vel
2031 3477 2141 3538 me-

567 3545 715 3600 Iioris
744 3565 771 3600 a
808 3550 967 3610 hoino,
1000 3560 1090 3602 aut
1119 3545 1237 3603 boni
1271 3566 1297 3601 a
1331 3545 1501 3603 mulo’
1535 3572 1551 3601 ι

639 3616 715 3669 De
732 3619 1169 3689 congregatione]
1200 3621 1361 3686 Quia,
1402 3634 1456 3672 ut
1496 3622 1569 3673 ait
1604 3622 1740 3673 idem
1770 3622 2137 3687 Ilildemarus,

566 3701 670 3740 non
695 3688 907 3741 aliunde
928 3688 1099 3742 debet
1127 3692 1246 3757 eligi
1288 3708 1299 3741 :
1349 3710 1366 3741 ι
1402 3692 1501 3743 Ubi
1539 3710 1557 3741 ι
1607 3693 1769 3743 lait-os
1798 3694 2058 3755 excludit,
2091 3706 2143 3747 et

566 3757 690 3829 illos
739 3759 826 3825 qtti
858 3775 1035 3813 mores
1067 3770 1122 3813 et
1144 3760 1301 3829 [‘01
1332 3769 1483 3814 actus
1510 3761 1783 3827 religionis
1820 3772 1873 3815 et
1920 3766 2141 3818 lratrum

566 3827 842 3899 ignorant,
894 3850 910 3879 ι
956 3830 1121 3896 inquit
1163 3827 1461 3884 Bérﬁardus
1487 3832 1841 3894 Cassinensis,
1872 3842 2060 3899 atque,
2089 3846 2145 3887 ut

564 3897 710 3972 addit
730 3900 976 3972 Nicolaus
998 3903 1064 3954 de
1088 3901 1358 3964 Fracmra,
1388 3920 1406 3951 t
1436 3902 1645 3955 clericis
1672 3918 1734 3955 ac
1762 3897 2023 3972 religiosis
2048 3920 2139 3969 op-

564 3969 693 4043 pido
719 3970 1063 4043 sublinit-sn.
1114 3991 1131 4021 ι
1177 3972 1311 4043 Nihil
1354 3982 1526 4025 tamen
1561 3982 1701 4026 vetat
1732 3969 2018 4043 aliquando
2044 3976 2142 4041 piis

561 4038 811 4111 laicisat-r
832 4040 995 4093 Deum
1033 4042 1341 4095 timentibus
1380 4044 1453 4095 uti
1484 4042 1547 4095 ad
1578 4038 1919 4111 exsequenda
1954 4038 2140 4097 servo-

560 4123 679 4161 rum
724 4109 817 4164 Dei
846 4120 991 4164 extra
1024 4114 1405 4165 monasterium
1440 4115 1649 4177 negotia
1670 4154 1686 4177 ,
1721 4109 1777 4167 ut
1807 4128 1911 4167 non
1944 4116 2013 4167 sit
2049 4132 2139 4169 ne-

560 4193 711 4250 cesse
731 4183 1025 4235 ceilerariis
1046 4184 1205 4236 toties
1228 4184 1470 4250 progredi
1498 4184 1641 4237 foras
1660 4229 1672 4250 ,
1698 4194 1755 4238 es
1772 4200 1890 4237 cum
1920 4188 2139 4238 smcula-

559 4249 706 4304 ribus
730 4255 1073 4322 conversari,
1100 4249 1354 4322 quianon
1377 4255 1593 4307 omnino
1618 4249 1833 4317 eitprdit
1862 4258 2138 4309 animabus

558 4332 767 4394 eorum.
822 4321 946 4394 Vide
991 4321 1161 4377 Vitam
1203 4325 1264 4378 S.
1297 4324 1517 4378 Joannis
1547 4327 1754 4378 abbatis
1802 4326 2137 4394 Gorziensis,

559 4404 615 4442 ιι.
649 4391 716 4442 85
743 4404 796 4445 et
827 4393 924 4456 86,
956 4409 1083 4448 smn.
1130 4409 1179 4444 v.

631 4458 735 4531 Sed
776 4475 978 4529 quazret
1026 4467 1216 4531 aliquis
1244 4480 1405 4530 aquo
1437 4466 1548 4518 lieri
1599 4466 1789 4518 debeat
1832 4466 2135 4529 huiusmodi

2257 2570 2323 2619 lis
2354 2569 2539 2636 ipsius.
2574 2566 2854 2620 Gvneralis
2902 2584 3026 2618 vero
3054 2570 3215 2619 abluas,
3253 2585 3345 2634 pro
3372 2571 3614 2636 quolibet
3662 2588 3838 2623 monac

2257 2650 2427 2692 sterio
2458 2640 2523 2691 ad
2577 2638 2679 2690 huc
2730 2653 2923 2691 inuitus
2970 2639 3104 2690 duos
3147 2643 3363 2691 idoneos
3420 2644 3744 2703 lltulllllabl,
3777 2662 3833 2697 es

2253 2709 2448 2777 quibus
2477 2709 2678 2763 electus
2710 2720 2995 2761 censeatur
3023 2710 3111 2774 qui
3142 2709 3291 2775 pluia
3325 2720 3438 2761 \‘til;t
3472 2711 3744 2764 habuerit.
3776 2733 3792 2762 ι

2328 2780 2514 2832 lsthmc
2542 2789 2723 2849 autem
2762 2779 2957 2849 electio
2988 2780 3210 2845 singulis
3238 2780 3360 2831 olim
3382 2784 3540 2834 annis
3573 2786 3715 2849 apud
3750 2800 3834 2834 no.

2252 2860 2396 2902 stros
2419 2848 2813 2913 celebrabatur,
2844 2858 2902 2901 ut
2929 2848 3087 2902 docet
3116 2864 3214 2902 nos
3241 2851 3427 2902 Mabilb
3454 2852 3570 2903 nin~
3606 2848 3694 2903 bis
3720 2870 3832 2907 rer.

2255 2919 2334 2971 bis
2364 2918 2554 2986 (Pref.
2597 2921 2665 2971 ad
2708 2934 2827 2972 uec.
2860 2932 2909 2970 tv
2941 2917 3103 2982 Ben.,
3133 2928 3268 2986 part.
3310 2934 3344 2979 ι,
3390 2937 3443 2973 n.
3483 2919 3606 2988 126)
3645 2940 3659 2974 :
3696 2941 3716 2973 ‹
3753 2926 3833 2976 Ol-

2254 2990 2432 3041 licium
2462 2988 2599 3042 istud
2628 2988 2993 3055 (obedientiam
3021 2990 3279 3042 voeabant
3299 2994 3529 3057 vetet-es)
3561 2993 3613 3043 iit
3640 3010 3709 3045 an
3737 3011 3828 3045 .uin

2254 3060 2518 3111 Committi
2542 3060 2793 3127 antiquus
2813 3074 2928 3111 mos
2950 3071 3033 3112 est
3054 3061 3103 3111 in
3126 3060 3314 3114 ordine
3335 3070 3515 3113 nostro
3541 3063 3788 3116 usitatus.
3809 3083 3827 3115 ι

2252 3127 2419 3193 Cujus
2469 3139 2788 3199 sententiam
2842 3129 3126 3199 conﬁrmat
3164 3144 3458 3199 anonymus
3517 3132 3569 3183 iii
3606 3132 3669 3182 Vi
3698 3150 3727 3185 a
3776 3135 3829 3186 S.

3088 3218 3104 3249 t
3147 3200 3470 3268 Famulaque
3494 3199 3725 3265 Christi,
3750 3207 3827 3257 cui

2249 3268 2564 3324 obedientie
2594 3268 2751 3323 eausa
2780 3270 2967 3324 eodem
3008 3286 3147 3323 anno
3167 3268 3318 3338 juxta
3350 3284 3587 3324 tt-noreot
3616 3274 3829 3337 Regula:

2247 3340 2313 3391 ad
2357 3341 2631 3393 cellarium
2660 3342 3069 3394 custodiendum
3099 3342 3476 3408 stu-vribusque
3518 3342 3827 3395 minium-n-

2248 3410 2372 3481 dum
2424 3410 2557 3463 ordo
2608 3421 2879 3481 evenerat.
2918 3430 2936 3461 ι
2989 3411 3128 3464 Idem
3185 3412 3446 3481 colligitur
3500 3427 3566 3464 ex
3617 3414 3731 3464 \iia
3767 3414 3825 3469 S.

2247 3478 2471 3533 Joannis
2515 3480 2821 3535 Gorziensis
2868 3497 2921 3533 ιι.
2949 3483 3033 3534 75.
3080 3484 3278 3534 Auctor
3314 3478 3396 3534 ea
3427 3494 3601 3534 tamen
3646 3484 3825 3537 Iltlde-

2246 3565 2450 3614 marus,
2483 3554 2713 3604 decanos
2737 3561 2791 3603 et
2818 3552 3127 3605 cel'eratios
3157 3552 3332 3618 plures
3364 3553 3412 3603 in
3440 3568 3609 3604 annos
3660 3557 3825 3607 conti-

2247 3624 2396 3693 nuari
2446 3623 2642 3675 debere
2672 3640 2685 3676 :
2721 3641 2738 3672 t
2775 3620 3117 3684 Cellerarius,
3166 3622 3339 3693 inquit
3362 3619 3451 3687 (In
3479 3639 3595 3691 cap.
3622 3624 3743 3693 52).
3773 3637 3824 3677 et

2246 3690 2481 3744 decanus
2510 3708 2613 3744 non
2646 3693 2772 3745 dicit
2820 3701 2877 3743 ιιι
2908 3706 2999 3760 per
3028 3692 3192 3743 vicem
3242 3692 3342 3744 sibi
3374 3690 3709 3753 succedant;
3734 3698 3825 3749 sed

2248 3776 2413 3830 usque
2442 3762 2567 3813 dum
2592 3779 2696 3815 tton
2724 3772 2897 3829 potest
2920 3761 3191 3815 meliorem
3217 3762 3481 3825 invenire,
3504 3775 3721 3830 semper
3742 3767 3825 3819 ille

2244 3832 2403 3884 debet
2452 3846 2572 3885 esse
2626 3835 2676 3885 in
2708 3833 2926 3885 decania
2963 3848 3081 3893 sua,
3115 3842 3205 3883 aut
3254 3834 3266 3883 i
3296 3832 3343 3883 le
3373 3834 3423 3885 in
3456 3834 3535 3886 cel
3560 3838 3677 3887 ario
3708 3852 3823 3899 suo,

2245 3902 2451 3954 etiamsi
2478 3918 2572 3969 per
2592 3901 2776 3955 decem
2821 3916 2990 3953 annos
3032 3902 3302 3954 meliorem
3330 3919 3434 3955 non
3470 3914 3647 3970 potest
3682 3905 3822 3958 inve.

2246 3975 2381 4033 nire,
2415 3973 2504 4025 ille
2546 3973 2694 4025 solus
2720 3980 2841 4040 agat
2869 3972 2995 4025 illud
3043 3974 3419 4027 ministerium.
3457 3992 3473 4023 ι
3514 3974 3816 4029 Bernardns

2243 4042 2403 4094 etiam
2447 4042 2783 4096 Cassinensis
2831 4051 2881 4095 et
2938 4042 3194 4095 Uolierins
3240 4042 3439 4097 docent
3487 4045 3818 4107 cellerarios,

2244 4113 2477 4165 decanos
2511 4114 2927 4179 prtcpositosque
2958 4128 3062 4165 non
3094 4114 3189 4166 sib.
3214 4114 3505 4167 sucuedere
3532 4132 3625 4176 t-er
3659 4132 3815 4169 vices.

2244 4182 2346 4234 Sed
2388 4198 2450 4236 ex
2484 4182 2961 4236 Constitutionibus
2990 4180 3157 4249 Cong.
3208 4183 3398 4236 Montis
3433 4184 3630 4237 Oliveti
3665 4188 3821 4239 cells.»

2244 4254 2415 4304 rarius
2468 4272 2485 4302 ι
2520 4269 2613 4321 per
2634 4252 3042 4321 quadriepniunt
3068 4264 3269 4306 tantum
3291 4255 3466 4319 duret,
3484 4270 3591 4322 quo
3609 4257 3812 4322 elapso,

2245 4338 2338 4385 per
2367 4323 2501 4375 alios
2542 4336 2765 4388 quatuor
2795 4337 2964 4375 annos
2995 4325 3134 4375 idem
3164 4339 3357 4376 munus
3384 4325 3435 4375 in
3480 4325 3675 4377 eodem
3709 4342 3813 4378 mo-

2244 4396 2476 4445 nasteiio
2507 4409 2760 4447 exercere
2792 4410 2893 4445 non
2940 4394 3123 4459 possit.
3164 4413 3180 4444 ι
3224 4393 3295 4447 De
3340 4395 3457 4447 aliis
3498 4396 3817 4449 obedientiis

2243 4462 2483 4515 dicemus
2508 4464 2746 4529 sequenti
2770 4464 2961 4531 capite.

559 4530 822 4611 cellerarii
868 4532 1347 4611 eleftio,_qnaodo,
1398 4548 1451 4611 et
1480 4537 1783 4601 quomodo?
1829 4536 2133 4602 Respindet
2170 4555 2215 4611 ο
2315 4532 2605 4611 βιεριιοιιῖξ
2636 4530 2980 4611 moduserat
3014 4534 3250 4611 omnino
3302 4533 3560 4611 solemnis
3593 4554 3603 4586 :
3637 4536 3816 4611 eadem

556 4599 819 4655 Boherius
844 4619 856 4654 :
888 4623 907 4656 ι
944 4603 1043 4657 Per
1064 4599 1309 4656 abbatem
1343 4599 1538 4671 pariter
1558 4614 1613 4658 et
1640 4599 1985 4669 conventum,
2009 4621 2130 4660 cum

558 4672 717 4743 [tuuis
744 4672 977 4743 ollicium
1011 4676 1079 4727 sit
1123 4674 1190 4727 de
1238 4674 1519 4737 przrcipuis
1552 4676 1749 4727 causis.
1787 4694 1805 4725 ι
1843 4680 2017 4743 Atque
2061 4679 2131 4730 ita

555 4741 755 4814 Regula
786 4742 839 4795 S.
879 4744 1151 4798 Fructuosi
1189 4744 1336 4813 (Cap.
1370 4746 1425 4814 6)
1452 4762 1464 4797 :
1497 4764 1515 4794 ι
1557 4746 1797 4814 Eligatur
1825 4741 2131 4800 cellerarins

555 4813 711 4866 bona:
755 4816 1021 4880 patientia:
1064 4817 1337 4883 probatus,
1373 4831 1528 4881 qncm
1559 4813 1861 4869 communis
1907 4819 2129 4883 elegerit

556 4884 793 4936 collatio.
832 4903 850 4935 ι
886 4887 989 4939 Sed
1022 4885 1323 4940 Bernardus
1364 4886 1703 4939 Cassinensis
1748 4887 1881 4940 hanc
1909 4890 2127 4940 electio-

554 4968 677 5005 nem
719 4956 912 5008 asserit
960 4957 1071 5009 lieri
1124 4972 1228 5008 non
1258 4958 1454 5010 debere
1490 4976 1507 5006 ι
1547 4958 1837 5010 s-cundnm
1881 4958 2122 5011 ordinem

547 5022 707 5091 juris,
740 5025 834 5077 sed
858 5027 1147 5080 secundum
1177 5027 1552 5080 discretionem
1584 5029 1810 5091 abbatis,
1832 5037 2126 5081 convocato

550 5093 730 5164 aliquo
761 5098 986 5149 concilio
1012 5097 1281 5149 seniorum
1311 5098 1629 5164 aliquorum.
1665 5117 1681 5148 ι
1737 5098 1935 5151 Eodem
1970 5099 2127 5151 tnodo

550 5163 802 5220 Nicotaus
832 5167 898 5219 de
929 5164 1206 5230 Fractura,
1234 5163 1668 5231 Turre’cremata,
1701 5169 1948 5223 Mattliias
1971 5168 2126 5221 Lam-

553 5236 690 5298 bert,
721 5235 957 5291 Joannes
986 5237 1317 5291 Craesbeeck
1351 5249 1561 5291 maturo
1600 5241 1779 5292 dicunt
1808 5238 2011 5307 judicm
2059 5240 2125 5292 ab

545 5307 739 5360 abbate
761 5307 1068 5376 eligendum
1098 5324 1211 5360 cum
1241 5309 1454 5363 consilio
1481 5310 1659 5362 saltent
1687 5312 1959 5362 seniorum.
2005 5308 2124 5363 Sic-

545 5390 649 5443 que
678 5377 969 5431 obSt-rvant
999 5376 1346 5432 Cassinenses
1370 5419 1385 5444 ,
1433 5380 1499 5431 ad
1551 5379 1771 5433 verbum
1803 5380 2021 5447 eligatur
2051 5380 2121 5432 ita

546 5449 880 5502 declarantes
906 5447 1137 5516 (Declar.
1170 5450 1336 5509 Cuss.,
1366 5467 1411 5502 c.
1439 5451 1527 5516 51)
1562 5466 1576 5502 :
1617 5468 1633 5500 ι
1664 5451 1707 5501 Α
1728 5452 1947 5517 praelato
1977 5448 2124 5501 scili-

546 5528 631 5570 cet
661 5520 727 5571 de
756 5523 981 5573 consilio
1014 5520 1284 5574 seniorum
1330 5520 1574 5573 Patribus
1602 5520 2015 5587 proponendus;
2058 5520 2127 5571 sit

548 5596 725 5657 autem
757 5589 1015 5651 decanus,
1074 5601 1131 5643 et
1175 5592 1394 5642 omnino
1450 5591 1688 5643 moribus
1732 5591 1929 5657 gravis.
1966 5607 1983 5638 ι
2019 5589 2121 5643 Sed

546 5656 971 5714 Consdtutioncs
1006 5658 1199 5713 Montis
1227 5660 1418 5713 Oliveti
1466 5656 1819 5725 pra-scribunt
1858 5657 2032 5728 (Part.
2062 5674 2117 5723 ti,

547 5744 660 5809 cap.
689 5730 803 5809 ξ’)Ι),
838 5742 895 5783 ut
945 5730 1208 5784 cellerarii
1261 5731 1704 5809 monasteriorum
1753 5730 2018 5809 eligantur
2068 5730 2117 5782 iit

546 5796 833 5854 banclteito
862 5814 955 5868 per
982 5807 1103 5853 vota
1126 5807 1352 5864 secreta,
1381 5800 1446 5852 dc
1471 5812 1733 5854 consensu
1756 5796 1975 5869 majoris
1997 5814 2115 5868 par-

2238 4603 2381 4655 eni-o
2411 4603 2781 4656 benedictione
2809 4618 2911 4672 qua
2948 4606 3090 4671 prior
3117 4605 3270 4656 ordin
3291 4604 3465 4657 ibatur
3494 4606 3816 4660 absolveba-

2240 4682 2427 4741 totque
2452 4675 2779 4737 cellerarius,
2812 4686 2869 4726 ut
2901 4686 3043 4739 patet
3076 4690 3139 4727 cx
3176 4674 3442 4737 Udalrico,
3474 4676 3508 4729 Ι.
3539 4692 3617 4740 ιιι,
3649 4692 3703 4728 c.
3734 4679 3813 4742 l8,

2234 4755 2286 4797 et
2313 4759 2377 4798 ex
2408 4758 2537 4797 mss.
2571 4744 2823 4796 Consuet.
2850 4742 2909 4799 S.
2943 4744 3181 4812 lleuigni,
3212 4760 3259 4797 c.
3287 4744 3373 4798 58.

2306 4813 2465 4883 402
2512 4813 2773 4884 Sapiens.]
2806 4815 2871 4866 IJt
2899 4813 3091 4867 domus
3124 4815 3213 4867 Uei
3266 4831 3292 4865 u
3348 4816 3685 4883 sapientibus
3737 4832 3817 4870 sa-

2234 4886 2441 4946 pienter
2498 4885 2918 4947 administretur,
2982 4884 3071 4937 ubi
3128 4886 3344 4950 sapiens
3398 4902 3463 4939 ex
3540 4888 3816 4940 Bernardo

2230 4954 2558 5018 Cassinensi,
2590 4972 2606 5004 t
2637 4964 2691 5007 et
2722 4955 3081 5021 prudentiam,
3121 4967 3173 5007 et
3203 4959 3503 5018 scientiam,
3539 4968 3592 5009 et
3620 4958 3816 5011 intelli-

2198 5086 2201 5089 _
2238 5028 2467 5093 gentiam
2491 5024 2765 5090 importat.
2797 5040 2892 5077 nec
2915 5024 3251 5077 solummodo
3274 5025 3428 5079 debet
3459 5041 3579 5079 esse
3601 5028 3813 5094 sapiens

2238 5097 2289 5147 itt
2325 5095 2484 5149 rebus
2505 5096 2811 5148 ordinandis
2841 5096 3083 5148 humanis
3106 5136 3119 5159 ,
3151 5094 3244 5148 sed
3289 5107 3339 5148 et
3377 5097 3610 5150 maxime
3646 5099 3811 5165 philo.

2235 5165 2457 5233 sOphus,
2507 5166 2556 5216 id
2587 5176 2670 5219 est
2699 5178 2903 5218 amator
2946 5166 3223 5232 sapientia:
3265 5166 3317 5218 itt
3360 5167 3579 5221 divinis.
3618 5186 3639 5220 ι
3680 5169 3810 5234 Qud

2235 5250 2364 5289 vero
2408 5237 2479 5289 sit
2529 5251 2648 5289 esse
2683 5236 3055 5303 philosophum
3109 5236 3159 5288 ιιι
3190 5235 3406 5297 divinis,
3463 5240 3531 5289 ita
3586 5243 3811 5305 explicat

2235 5305 2572 5359 Hildemarus
2604 5323 2617 5358 :
2652 5325 2670 5358 ι
2708 5305 3049 5374 PhiIOSopbia
3088 5306 3321 5359 caelestis
3366 5320 3449 5361 est
3487 5307 3805 5362 discernere

2236 5377 2374 5429 inter
2390 5376 2515 5427 vitia
2539 5385 2593 5429 et
2611 5379 2865 5439 virtutes;
2891 5376 3083 5429 deinde
3107 5390 3287 5428 amare
3309 5379 3555 5443 virtutes,
3581 5387 3636 5431 et
3661 5380 3811 5431 odire

2236 5445 2364 5498 vitia
2384 5486 2399 5509 ,
2422 5461 2485 5499 ac
2510 5447 2763 5514 deinceps
2788 5449 2929 5512 ipsas
2960 5447 3201 5511 virtutes,
3230 5461 3363 5513 quas
3383 5449 3660 5514 cognovit,
3692 5465 3809 5517 ορε-

2235 5518 2384 5571 ribus
2412 5530 2668 5570 exercere
2699 5518 2929 5581 Slltdea',
2975 5532 3040 5570 eo
3070 5519 3209 5583 quod
3257 5517 3387 5570 nihil
3419 5519 3564 5572 valet
3596 5534 3805 5582 sapere,

2233 5597 2288 5641 et
2330 5601 2654 5653 cognoscere
2693 5586 2911 5658 bonum,
2947 5597 3001 5641 et
3048 5586 3172 5658 illud
3206 5603 3311 5640 non
3341 5588 3598 5656 diligere,
3652 5599 3807 5658 atque

2231 5658 2460 5710 amando
2481 5672 2584 5709 non
2613 5656 2827 5723 ope-rari
2861 5674 2871 5708 :
2906 5658 3027 5710 talis
3056 5656 3200 5710 enim
3224 5667 3305 5710 est
3331 5662 3418 5725 qui
3442 5660 3585 5724 sapit
3608 5656 3803 5711 bonum

2232 5736 2286 5780 et
2335 5727 2460 5779 illud
2493 5740 2596 5781 non
2627 5727 2895 5794 diligendo
2940 5739 3215 5797 operatur,
3265 5730 3438 5791 qualis
3486 5738 3571 5782 est
3601 5731 3692 5783 ille
3720 5730 3801 5797 qui

2230 5807 2409 5866 portat
2434 5810 2623 5865 panem
2651 5807 2703 5851 et
2728 5797 2926 5861 viuum,
2952 5807 3004 5851 et
3026 5796 3219 5852 exinde
3243 5811 3339 5852 nec
3368 5798 3673 5865 manducat,
3709 5796 3799 5852 nec
