4006 6358
244 380 352 435 541

1284 371 1561 430 REGULA
1599 370 2085 428 COMMENTATA.
2129 369 2279 424 CAP.
2312 369 2499 424 XXXI.

3405 365 3509 421 542

242 489 307 543 in
337 492 500 543 corde
529 504 625 542 suo
671 490 912 544 ilirersm
943 499 1231 557 apparatus
1261 490 1525 552 ciborum,
1555 498 1611 541 et
1642 487 1824 541 talium
1857 489 1904 545 Α
1935 500 1994 538 se
2017 484 2224 557 habere
2271 486 2476 539 nm'erit
2504 500 2624 539 cum
2674 486 2762 539 illo
2795 500 2917 551 iege
2945 486 3032 554 qui
3066 486 3117 540 in
3146 487 3287 542 vasis
3317 489 3507 543 domus

244 560 529 626 inexperta
561 561 804 624 coquina!
839 559 1175 627 disi-ipliuam
1212 560 1487 612 addiscere
1515 558 1822 625 cogebatur.

244 631 389 683 Huic
419 644 558 690 assa,
593 630 663 686 illi
706 631 862 692 elixa,
895 632 1033 683 salsa
1065 630 1170 693 isti,
1207 631 1404 683 insulsa
1454 631 1607 682 alteri
1651 628 1832 697 provi-

244 700 408 767 dere,
436 699 661 752 Sollicita
688 702 829 752 circa
857 699 1108 767 frequens
1135 700 1489 753 ministerium
1520 699 1827 767 satagebat;

244 770 589 838 pris-parabat
638 770 774 835 ipsa,
806 771 1065 836 coquebat
1113 769 1247 836 ipsa,
1278 769 1539 823 inferebat
1588 770 1736 837 ipsa;
1769 777 1827 821 et

222 846 315 890 ‘ut
344 839 476 891 nihil
504 839 602 891 sibi
635 841 701 892 de
729 840 972 893 mercede
1006 842 1222 901 periret,
1258 839 1388 892 nihil
1425 839 1522 892 sibi
1553 838 1620 891 de
1646 838 1828 891 labore

246 908 495 962 imminui
556 909 871 974 patiebatur.
918 909 1219 976 Collegerat
1261 924 1365 961 uno
1416 924 1514 962 son
1566 910 1617 962 iii
1670 907 1829 962 rorile

246 981 464 1032 animos
486 979 837 1046 singularum.
869 990 921 1030 et
964 982 1103 1046 quod
1136 994 1469 1047 unaqua-qne
1502 994 1619 1044 mag
1642 994 1667 1031 s
1696 978 1825 1031 aﬁ'e-

247 1060 427 1103 claret
469 1064 784 1113 agnoscens,
810 1050 999 1102 etii-ctu
1047 1050 1227 1118 aperis
1270 1051 1507 1102 omnium
1553 1050 1829 1102 alfectilms

246 1119 600 1171 consonabat.
624 1139 641 1169 ι

320 1189 596 1254 Secundo,
641 1188 889 1255 infantes,
924 1214 939 1237 ι
983 1198 1035 1241 ιιι
1067 1188 1414 1241 considerans
1455 1189 1504 1240 in
1537 1189 1615 1240 eis
1658 1189 1830 1240 aetatis

252 1258 625 1327 ῐι-ςιείι.ιιιιιιιιι,
660 1269 708 1311 et
747 1259 987 1325 corporis
1031 1260 1460 1316 teneritudinem.
1489 1274 1608 1313 time
1647 1273 1831 1309 neces-

248 1342 397 1381 saria
445 1340 568 1382 sunt
610 1339 832 1397 paterno
884 1331 1145 1383 ministret
1193 1329 1404 1394 alfectu,
1430 1349 1447 1381 ι
1482 1331 1554 1382 uti
1592 1327 1826 1396 loquitur

248 1398 601 1459 Sinaragdtis.

328 1467 529 1533 Tertio,
553 1470 805 1535 hospites.
825 1469 1015 1537 quibus
1042 1469 1444 1523 advenientibus
1471 1485 1608 1522 escas
1636 1467 1831 1534 parabit

250 1552 325 1589 ex
383 1538 582 1605 Regula
641 1541 895 1593 Urientati
950 1555 1067 1605 cap.
1111 1539 1202 1594 25.
1256 1540 1484 1602 Sive,ut
1538 1537 1833 1604 pricscribit

249 1608 316 1660 S.
352 1609 397 1660 Is
420 1605 583 1662 dorus
615 1609 761 1677 (Cap.
795 1610 907 1675 l9),
936 1630 953 1659 ι
988 1612 1098 1676 ipse
1128 1610 1380 1677 pricbehit
1405 1607 1834 1663 hebdomadariis

248 1679 510 1744 qudquid
542 1682 903 1733 necessarium
936 1692 1019 1733 est
1048 1681 1206 1745 victui
1241 1680 1621 1733 monachorum
1655 1678 1834 1743 hospi-

252 1758 370 1800 tum
419 1760 471 1801 et
499 1750 884 1802 iiiﬁrnioruni.i
911 1750 1171 1803 Observat
1195 1751 1351 1802 etiam
1383 1749 1466 1802 hic
1494 1748 1833 1802 llildemarizs

250 1818 425 1871 "loris
471 1820 521 1872 fu
547 1833 633 1873 sse
682 1820 817 1885 apud
869 1832 1078 1873 veteres
1114 1822 1404 1872 monachos
1436 1831 1483 1870 ιιι
1520 1818 1829 1873 celleraiius

249 1887 525 1953 lmSpituni
576 1905 757 1941 curam
802 1899 1047 1955 gereret;
1098 1904 1345 1942 successu
1396 1905 1521 1943 vero
1575 1898 1830 1955 temporis

251 1968 479 2025 propter
528 1960 744 2012 nimiam
790 1976 973 2013 eorum
1027 1976 1113 2013 mu
1142 1960 1448 2023 titudinein,
1481 1959 1612 2011 alios
1662 1958 1728 2011 ad
1780 1958 1827 2010 id

208 2028 499 2081 ‘lnuneris
546 2030 862 2085 constitutos
911 2030 1093 2094 fuisse,
1151 2031 1401 2098 illudque,
1443 2029 1584 2097 quod
1631 2027 1826 2097 Reguia

253 2099 318 2150 S.
355 2099 545 2151 Beuedi
585 2109 617 2151 tt
651 2100 931 2153 Celleratio
979 2099 1205 2168 injuugit
1252 2100 1319 2154 de
1364 2114 1489 2152 cura
1540 2100 1825 2167 hospitum,

250 2168 659 2235 intellgendum
704 2186 820 2223 esse
886 2175 1098 2237 qnamlo
1146 2172 1395 2224 dicuntur
1447 2170 1498 2222 in
1551 2168 1833 2222 refectorio

250 2240 647 2292 niaiidueituri.
679 2240 840 2307 Cujus
868 2242 1184 2294 sententiain
1230 2242 1551 2294 c0nlirmare
1584 2239 1828 2293 videntur

249 2308 465 2379 Statuta
493 2308 551 2362 S.
584 2310 830 2363 Adelardi
862 2312 951 2362 lib.
989 2327 1044 2374 tl,
1074 2326 1191 2379 cap.
1221 2312 1273 2365 ὃ.

327 2378 559 2444 Quarto,
613 2395 891 2447 pauperes,
926 2378 1227 2448 quibusex
1281 2381 1479 2449 Regula
1532 2380 1590 2435 S.
1642 2379 1825 2433 lsiilori

249 2449 503 2520 quidquid
525 2450 784 2520 residuum
814 2452 971 2520 fuerit
994 2451 1306 2504 reservabit.
1330 2453 1432 2505 Sed
1465 2462 1517 2503 et
1543 2452 1689 2519 juxta
1726 2450 1822 2504 Re-

248 2519 433 2591 gulam
463 2519 697 2587 Magistri
719 2519 867 2591 (Cap.
898 2519 1006 2590 19).
1037 2539 1054 2571 ι
1083 2521 1404 2574 Gelli-rarius
1431 2522 1823 2589 elermosyuam

250 2589 414 2641 faciat
435 2604 553 2643 cum
573 2589 734 2657 jussu
754 2589 1040 2645 alibitisiu
1073 2593 1352 2658 praesentia
1382 2594 1516 2657 ejus.
1551 2592 1604 2644 lii
1631 2597 1826 2643 absen-

253 2662 327 2730 tia
363 2674 491 2713 vero
520 2662 675 2713 liceat
705 2664 749 2714 ei
784 2677 849 2730 pe
874 2677 938 2715 eti
969 2665 979 2714 i
1010 2662 1224 2729 pauperi
1251 2662 1420 2715 electu
1460 2676 1644 2730 synam
1677 2663 1826 2714 t-xlii-

250 2729 403 2791 bere,
438 2742 653 2799 promer
684 2729 1005 2799 pra-ceptum
1038 2731 1267 2797 Domini,
1298 2747 1367 2800 qn
1408 2731 1439 2784 d
1473 2729 1557 2785 die
1585 2743 1601 2783 t
1629 2750 1639 2782 :
1671 2734 1820 2783 Ouini

248 2804 441 2863 petenti
485 2809 533 2854 te
573 2801 765 2865 tribue;
796 2813 849 2856 et
898 2803 1019 2856 item
1052 2821 1062 2855 :
1092 2802 1189 2866 Da,
1221 2819 1282 2855 ne
1327 2805 1407 2854 cui
1454 2818 1553 2854 non
1601 2803 1821 2865 dederis,

249 2872 362 2939 ipse
390 2872 453 2923 sit
478 2872 725 2925 Curtius.
750 2892 769 2924 ι

330 2942 688 3011 Utrorumqiie
707 2953 881 2997 autem
906 2958 952 2995 e.
983 2943 1249 3010 hospitum
1280 2952 1331 2996 et
1357 2957 1475 3009 pati,
1496 2957 1645 2995 erum
1679 2958 1820 2994 omni

253 3026 477 3083 prorsus
508 3012 860 3083 admiratione
892 3014 1100 3075 dignam
1151 3013 1561 3067 so‘lieitudinem
1608 3014 1824 3083 gerebat

250 3082 312 3152 Β.
363 3081 675 3151 Raingardis
721 3082 901 3149 (Petr.
942 3083 1123 3137 Vener.
1164 3084 1250 3136 lib.
1287 3099 1343 3147 ti,
1373 3102 1453 3152 cp.
1489 3081 1677 3151 17),}
1719 3083 1822 3136 llos

249 3151 285 3204 li
314 3155 554 3224 -norilice
578 3151 741 3224 408
766 3154 1084 3222 suscipiens,
1113 3157 1225 3206 istis
1254 3151 1483 3208 sollicite
1508 3154 1818 3221 providens;

1937 556 2025 626 tli-i
2058 557 2400 609 sanctilicatis
2422 571 2541 608 cuin
2566 558 2676 609 suis
2703 557 2912 610 bibebat
2942 558 3272 619 concubinis,
3296 568 3348 611 et
3377 574 3507 626 qua-

1934 624 2035 677 lem
2092 627 2286 679 meruit
2332 627 2679 685 vin-lictam.i
2715 627 2789 689 Ita
2837 628 2995 681 etiam
3047 628 3105 681 S.
3165 624 3408 687 Basilius
3439 631 3503 680 ad

1933 696 2399 761 interrogationem
2422 696 2783 765 (Regii/.brev.
2810 698 2989 750 interr.
3018 697 3158 760 HS),
3184 719 3200 747 ι
3230 698 3507 762 Quomodo

1932 766 2018 831 qui
2048 780 2180 829 Opus
2207 765 2430 825 iaciunt,
2460 782 2640 820 curam
2686 782 2874 828 gerere
2903 770 3099 821 debent
3132 771 3508 821 instrumento-

1933 851 2047 894 rum
2098 836 2197 887 silli
2244 838 2735 890 commissorum?»
2792 841 3112 904 respondet:
3144 856 3161 887 ι
3207 838 3272 891 ιιι
3321 853 3506 895 eorum

1932 920 2051 973 qua!
2077 904 2318 957 dedit'ata
2350 917 2403 957 et
2432 918 2740 971 consecrata
2784 918 2909 961 sunt
2956 911 3028 961 De
3052 928 3116 960 ’.ι
3156 910 3220 961 Et
3249 910 3313 960 ad
3344 909 3508 960 inter—

1938 977 2262 1041 rogationem
2304 975 2493 1044 (lbid.,
2522 978 2696 1030 interr.
2730 980 2876 1043 ut).
2908 997 2925 1026 ι
2966 978 3020 1031 Si
3050 979 3173 1041 quid
3205 994 3268 1032 ex
3290 979 3505 1031 .incui-ia

1935 1046 2169 1097 amiserit
2217 1046 2431 1113 aliquis,
2467 1057 2555 1098 aut
2587 1061 2650 1100 eti
2680 1057 2985 1114 contemptu
3020 1052 3215 1101 abusus
3262 1048 3456 1107 fuerit?
3483 1066 3502 1098 ι

1935 1114 2223 1181 respondet
2265 1133 2276 1167 :
2322 1136 2339 1165 ι
2400 1117 2624 1171 Prorsus
2673 1118 2759 1185 qui
2805 1118 2873 1171 ab
2912 1134 3003 1171 sus
3053 1118 3209 1171 fuerit.
3256 1128 3505 1184 tanquam

1935 1188 2225 1255 sacrilegus
2269 1204 2279 1236 :
2325 1187 2413 1254 qui
2466 1202 2591 1239 vero
2639 1189 2898 1249 amiserit,
2948 1199 3195 1255 tanquam
3243 1189 3505 1251 sacrilegii

1934 1264 2119 1306 auctor
2156 1254 2444 1322 jiidieetur,
2476 1271 2592 1308 cuzn
2626 1258 2798 1309 omnia
2848 1254 3071 1311 Domino
3098 1260 3202 1311 sint
3240 1259 3502 1318 dedicata,

1933 1335 1987 1377 et
2016 1325 2123 1378 Deo
2150 1338 2484 1381 eopsecrata.
2503 1347 2520 1376 ι
2570 1326 2766 1380 Eadem
2799 1328 3018 1381 omnino
3049 1344 3199 1383 meos
3227 1340 3340 1381 erat
3368 1330 3502 1380 aliu-

1936 1410 2052 1446 rum
2087 1394 2457 1463 Egyptiorum
2486 1400 2891 1460 monachorum,
2925 1400 3032 1464 qui,
3076 1401 3344 1452 rel'ereu‘te
3371 1400 3502 1451 (Ias-

1935 1465 2084 1516 siano
2117 1464 2255 1531 (Lib.
2291 1483 2359 1530 iv,
2391 1483 2437 1520 ε.
2465 1467 2581 1533 20).
2613 1488 2627 1516 ι
2669 1483 2773 1520 ιιιιιι
2822 1470 2992 1521 solum
3024 1469 3227 1534 si-ipsos
3256 1484 3358 1520 non
3388 1483 3509 1522 esse

1936 1548 2090 1593 Suos;
2122 1536 2214 1588 sed
2254 1546 2307 1590 et
2345 1538 2522 1589 omnia
2564 1554 2679 1605 qua:
2709 1554 2801 1589 sua
2834 1549 2977 1601 sunt,
3010 1540 3232 1591 eri-dunt
3278 1539 3506 1590 Domino

1937 1616 2279 1669 caiisecrata;
2314 1617 2529 1674 propter
2560 1608 2697 1675 quod
2740 1609 2781 1661 si
2810 1609 2931 1676 quid
2976 1608 3133 1661 fuerit
3186 1611 3507 1661 nionaSterio

1926 1677 2100 1729 'seniel
2134 1676 2355 1742 il'atum,
2384 1687 2441 1731 ut
2472 1690 2868 1732 saCl'OsallClltlll
2895 1694 3012 1732 cum
3042 1681 3183 1731 omni
3216 1680 3508 1731 decernunt

1937 1749 2234 1799 revereut’a
2289 1748 2486 1802 debere
2530 1751 2742 1801 trastari
2772 1767 2784 1802 :
2819 1770 2835 1799 ι
2871 1761 2923 1802 et
2976 1752 3100 1802 item
3153 1749 3394 1802 utensilia
3447 1764 3509 1802 ac

1941 1829 2064 1877 vasa
2095 1819 2332 1883 coquitur:
2361 1836 2377 1866 ι
2412 1828 2551 1870 tanta
2574 1819 2931 1873 sollicitudine
2954 1834 3186 1886 euraqne
3214 1819 3504 1884 suscipien-

1938 1896 2015 1936 ti-s
2044 1887 2370 1952 custodiunt,
2396 1905 2459 1940 ue
2486 1889 2611 1955 quid
2644 1904 2704 1940 es
2737 1892 2815 1945 eis
2846 1890 3188 1941 imminuatur
3215 1900 3269 1943 et
3300 1899 3505 1955 pereat,

1937 1971 1985 2006 ii.
2019 1956 2234 2017 credant
2271 1972 2366 2023 pro
2394 1960 2625 2011 minimis
2648 1961 2944 2027 quibusque
2967 1961 3105 2011 vasis
3132 1972 3376 2027 tanquam
3412 1974 3507 2026 pro

1936 2027 2294 2079 sarrosanitis
2328 2029 2586 2080 rationem
2630 2046 2733 2081 non
2778 2032 2950 2082 solum
2991 2030 3343 2095 dispensatori
3378 2044 3507 2094 pric~

1934 2098 2069 2147 renti
2119 2096 2309 2167 409,
2345 2097 2439 2151 sed
2483 2100 2641 2152 etiam
2693 2100 2915 2152 Domino
2948 2102 3269 2161 reddituros,
3298 2100 3342 2152 si
3380 2102 3508 2152 forte

1932 2167 2129 2232 aliquid
2173 2183 2356 2221 eurum
2388 2170 2705 2237 negligentia
2753 2170 2908 2223 fuerit
2951 2173 3342 2222 imminutum.»
3383 2170 3507 2222 Hice

1931 2248 2109 2288 Omnia
2174 2238 2455 2291 conﬁrmat
2518 2242 2798 2292 Concilium
2869 2242 3151 2293 Auri-lianc
3193 2255 3251 2293 se
3307 2255 3427 2295 can.
3474 2242 3503 2291 Ἰ

1933 2306 2123 2372 (Apud
2154 2308 2440 2361 Burcliard.
2476 2311 2513 2362 Ι.
2553 2326 2635 2372 ιιι,
2662 2326 2708 2361 c.
2749 2310 2912 2372 {29):
2947 2329 2963 2359 ι
2995 2312 3182 2363 Omnia
3235 2326 3351 2375 qua:
3402 2312 3507 2361 Deo

1930 2375 2551 2432 oll‘erunturconsecmia
2575 2380 2833 2432 Labeatiu-
2856 2382 2905 2433 iu
2923 2382 3112 2444 vineis,
3132 2382 3306 2442 terris,
3331 2381 3500 2441 silvis,

1932 2448 2268 2512 utensilibus,
2305 2450 2667 2512 vestimentis,
2702 2452 2982 2517 pet-viribus
3025 2462 3076 2503 et
3119 2450 3337 2517 reliquis
3382 2465 3507 2517 pos-

1929 2520 2290 2582 sessionibus;
2321 2528 2375 2573 et
2398 2535 2515 2587 quae
2546 2522 2809 2579 ecclesiis,
2835 2521 2953 2574 sine
2975 2522 3134 2573 iliiliin
3157 2518 3393 2580 Christo,
3415 2520 3505 2582 qui

1929 2600 2158 2651 Sponsus
2199 2604 2380 2643 earum
2421 2598 2522 2649 est.
2554 2590 2901 2643 oli'cruntar.»
2953 2592 3027 2644 Eii
3081 2593 3177 2643 hac
3212 2604 3370 2659 porro
3409 2590 3507 2642 do-

1929 2660 2041 2728 ctris
2068 2676 2096 2711 a
2128 2670 2270 2713 recte
2300 2661 2527 2713 infertur
2553 2662 2694 2728 quod
2728 2670 2983 2723 sequitur.

2000 2727 2148 2780 Nihil
2179 2732 2328 2783 ducat
2360 2727 2764 2801 negligentiam]
2811 2731 2888 2785 Ex
2935 2747 2995 2784 va
3030 2733 3074 2786 is
3106 2730 3507 2801 substantiaque

1928 2802 2231 2853 monasterii
2259 2798 2515 2868 tinqnani
2534 2798 3035 2868 parvituiiiulliiisve
3058 2802 3331 2855 momenti.
3353 2798 3508 2854 Crrte

1928 2872 2010 2920 vix
2043 2872 2263 2936 cogitari
2314 2884 2484 2934 talest
2530 2886 2686 2939 quam
2738 2874 2969 2939 religiosi
3019 2874 3211 2926 l‘ueiiut
3256 2874 3304 2923 in
3354 2871 3506 2924 iebnl

1927 2939 2161 2993 minimis
2208 2942 2366 3008 prisci
2413 2943 2655 2994 nionaci
2683 2985 2696 3005 ,
2728 2942 2868 3009 quod
2920 2944 3000 2997 vel
3050 2958 3155 2996 uno
3202 2947 3449 3006 exeiup'o
3480 2957 3505 2991 a

1924 3008 2182 3063 Cassiano
2226 3011 2395 3065 relato
2450 3011 2684 3079 stupeliit
2738 3008 2946 3079 aliquis.
3007 3014 3196 3066 Narrat
3249 3011 3505 3077 siquidem

1926 3078 2063 3150 (Lib.
2094 3096 2163 3142 tv,
2196 3099 2308 3148 cap.
2353 3081 2446 3150 ίΞΟ)
2476 3078 2616 3149 quod
2642 3098 2760 3135 cum
2805 3078 3016 3149 quidam
3071 3085 3230 3135 l‘rater
3270 3081 3507 3144 coquinae

1925 3151 2222 3222 ministerio
2253 3154 2567 3219 deputatus,
2608 3153 2704 3205 tria
2736 3154 2999 3206 lenticu‘lic
3028 3168 3190 3222 grana
3215 3151 3279 3202 ad
3313 3162 3505 3203 terram

250 3230 311 3294 iit
342 3238 441 3277 nec
488 3220 876 3294 illis—congrua,
914 3220 1010 3279 nec
1062 3226 1174 3279 istis
1204 3224 1453 3279 deessent
1500 3220 1813 3278 necessaria.
1846 3229 1891 3290 (ς
1922 3220 2168 3294 decidere
2195 3223 2425 3285 sivisset,
2470 3225 2533 3274 ad
2569 3223 2809 3276 abbatem
2841 3220 3045 3277 delatus
3084 3225 3151 3274 ali
3183 3235 3501 3294 mentium",

248 3292 392 3345 Cura
423 3303 598 3348 tamen
633 3292 946 3363 propensior
972 3296 1111 3348 circa
1142 3310 1404 3364 pauperes
1430 3306 1563 3357 erat,
1597 3310 1817 3362 qu0i'ttm

248 3372 468 3430 egestas
494 3366 543 3416 in
575 3365 737 3419 corde
765 3366 1239 3420 niulieris'sauctie
1270 3365 1733 3434 prmpnnderabat,
1765 3381 1815 3419 ut

250 3447 392 3499 quos
420 3433 591 3501 major
617 3437 891 3501 premebat
923 3436 1230 3504 indigentia,
1265 3442 1431 3503 major
1463 3435 1565 3488 illis
1599 3437 1817 3489 adhibe-

251 3511 407 3555 retur
448 3519 555 3569 prae
595 3504 715 3557 aliis
750 3504 1041 3571 diligentia.
1078 3506 1165 3559 °Ea
1211 3509 1275 3559 de
1321 3521 1477 3559 causa
1518 3506 1562 3559 si
1599 3508 1722 3573 quid
1755 3507 1820 3559 de

248 3573 544 3645 commissa
601 3574 900 3629 oliedieiitia
953 3590 1233 3644 superesse
1291 3586 1533 3645 poterat.
1586 3576 1639 3629 in
1693 3591 1820 3630 usus

247 3658 438 3716 eorum
481 3643 673 3699 devote
714 3643 1067 3713 expendehat.
1120 3643 1483 3716 Brogabantur
1513 3645 1819 3713 fieiliieiites

248 3714 634 3785 eleemosynie,
668 3726 847 3770 vestes
876 3732 971 3784 pro
999 3731 1155 3785 pOSSt‘.
1190 3714 1529 3784 parabantur,
1561 3728 1647 3769 aut
1674 3732 1820 3772 emc-

248 3782 446 3837 liantur
476 3782 645 3847 novat,
670 3795 762 3840 aut
784 3782 1293 3842 veteres'sororibus
1322 3788 1589 3855 subrepta:
1624 3788 1818 3841 daban-

248 3862 377 3926 tur,
430 3857 678 3908 omnibus
744 3858 1033 3911 secundum
1108 3857 1453 3926 Evangelium
1519 3859 1820 3925 petentibus

247 3923 454 3991 absque
506 3926 800 3993 quiestione
830 3927 1085 3996 quidquid
1129 3928 1231 3983 cibi
1260 3923 1357 3982 “vel
1390 3923 1684 3982 indumenti
1717 3946 1815 3981 iiii-

246 3997 532 4064 dequaque
584 3997 869 4066 corrodere
919 4006 1143 4066 poterat,
1201 3999 1464 4051 tribuebat
1506 4016 1516 4049 :
1559 3999 1815 4066 quosdam

246 4078 400 4129 vero,
425 4081 556 4132 quos
587 4064 724 4119 ﬁlios
754 4064 941 4121 ludens
974 4069 1211 4131 vocabat,
1244 4069 1551 4135 quotidiano
1576 4064 1713 4121 victu
1766 4079 1819 4124 et

245 4136 552 4202 sumptibus
601 4137 1186 4202 reticiebatzpausabat
1231 4139 1281 4189 in
1313 4140 1393 4192 eis
1441 4154 1592 4191 mens
1641 4139 1815 4193 dedita

246 4203 379 4277 Deo.
407 4213 460 4257 ct
493 4208 633 4258 vi-lut
657 4207 723 4261 ab
754 4208 983 4277 antiquis
1008 4207 1189 4260 mundi
1219 4208 1486 4261 laboribus
1517 4210 1817 4277 requiesce-

245 4274 359 4339 bat,
391 4291 529 4329 nunc
562 4278 772 4331 tandem
805 4274 1058 4346 reputans
1103 4279 1369 4332 invenisse
1410 4293 1469 4331 se
1512 4274 1683 4333 locum
1719 4279 1818 4332 Do-

244 4347 395 4398 mino
417 4388 431 4413 ,
465 4347 863 4401 tabernaculum
915 4350 1021 4401 Deo
1060 4346 1257 4410 Jacoh;
1290 4349 1544 4417 quidquid
1589 4350 1730 4403 enim
1762 4350 1813 4403 in

244 4431 507 4487 pauperes
555 4418 885 4485 diSpergebat
906 4460 921 4484 ,
953 4419 1056 4473 sibi
1087 4429 1251 4471 totum
1283 4421 1593 4486 congregari
1620 4420 1816 4487 gande-

244 4486 359 4548 bat,
387 4488 563 4540 sciens
615 4489 883 4555 proprium
944 4490 1145 4541 lucrum
1205 4504 1350 4552 esse,
1384 4491 1525 4557 quod
1578 4496 1645 4541 ati
1700 4491 1816 4545 aliis

242 4558 569 4629 crelebatur
622 4558 936 4611 subsantiie
1002 4558 1449 4613 detrimentum.»
1529 4559 1813 4629 Egregium

242 4626 402 4693 plane
428 4627 701 4681 charitatis
741 4630 792 4681 iu
837 4644 1092 4695 pauperes
1140 4642 1337 4683 sanctae
1367 4630 1603 4683 mulieris
1631 4626 1806 4684 eiciu-

242 4697 389 4765 pliim
415 4702 553 4765 quod
582 4699 780 4751 utinam
815 4698 952 4753 bene
980 4701 1253 4752 imitentur
1276 4701 1566 4753 celleraiii.

318 4764 507 4839 Omnia
543 4784 662 4820 vasa
693 4771 981 4822 monasterii
1021 4780 1347 4839 cunctamque
1377 4770 1731 4834 substantiam,
1756 4788 1814 4823 uc

241 4836 285 4887 si
333 4837 511 4911 altaris
556 4848 919 4911 vasarsacrata
965 4836 1288 4911 conspiciat.j
1332 4841 1453 4894 lla'c
1505 4840 1663 4911 verba
1709 4858 1813 4893 non

240 4908 536 4983 secundum
559 4909 919 4983 oinniinodam
942 4911 1101 4964 simili
1131 4908 1342 4964 udiiiein
1366 4910 1676 4983 accipienda
1696 4926 1813 4965 esse

241 4976 438 5048 docent
469 4980 670 5044 antiqui
703 4980 916 5047 Regula:
946 4990 1419 5043 commentatores,
1440 4976 1808 5048 'liildeinariis,

242 5043 547 5119 Bernartius
578 5043 931 5117 Cassinensis,
964 5064 1019 5106 et
1069 5051 1349 5117 lioherius,
1382 5052 1472 5104 sed
1512 5043 1811 5119 respective,

242 5129 295 5166 ut
342 5118 413 5169 sic
454 5127 731 5172 tractentur
776 5123 1054 5174 secundum
1095 5124 1175 5175 sui
1217 5126 1458 5186 valetem,
1491 5118 1621 5174 sicut
1664 5138 1813 5174 sacra

241 5199 361 5238 vasa
401 5191 674 5242 secundum
701 5192 782 5243 sui
810 5191 1128 5257 dignitatem.
1166 5194 1379 5251 Verum.
1415 5202 1471 5244 ut
1508 5191 1639 5245 mihi
1670 5194 1815 5247 vide-

245 5265 349 5319 tur,
383 5275 486 5311 non
520 5260 587 5311 ita
620 5273 763 5314 recte
792 5261 855 5313 ad
890 5273 1122 5316 mentem
1157 5265 1214 5318 S.
1246 5264 1302 5316 P.
1350 5262 1619 5316 Benedicti
1666 5276 1811 5319 vete-

242 5338 467 5396 rumque
498 5331 902 5392 lliOllJChOl‘tlm,
936 5334 1027 5400 qui
1061 5348 1147 5387 res
1184 5335 1495 5387 monasterii
1547 5334 1811 5387 habebant

244 5411 349 5466 non
396 5408 642 5466 tanquam
690 5401 1085 5466 indilierentes,
1120 5404 1213 5456 sed
1259 5414 1314 5456 ut
1361 5404 1721 5457 sanctiﬁcatas
1751 5420 1809 5458 ac

246 5464 354 5520 Deo
397 5464 520 5542 vere
567 5482 834 5535 sacratas,
862 5474 1015 5526 sicuti
1068 5464 1211 5541 patet
1253 5489 1315 5527 ex
1360 5473 1556 5542 Regula
1584 5473 1682 5529 SS.
1713 5474 1811 5526 Pa-

247 5547 383 5611 trum
427 5539 736 5611 (Serapionis
760 5582 773 5605 ,
827 5543 1037 5596 Macarii
1070 5539 1083 5607 ζ
1140 5542 1417 5611 Papliiiutii
1444 5539 1462 5542 ⁷
1489 5554 1541 5596 et
1592 5546 1811 5599 alterius

247 5605 454 5685 illaearii
481 5630 491 5662 :
525 5628 543 5662 ι
569 5605 949 5685 Nossedelieni
975 5605 1132 5665 etiam
1167 5605 1377 5675 fratres,
1409 5614 1532 5682 quia
1560 5617 1774 5682 quidqui
1800 5624 1810 5665 t

248 5684 299 5729 ιιι
331 5684 651 5735 nioiiasteiio
686 5694 959 5745 tractatur,
990 5685 1104 5736 sive
1136 5685 1185 5737 iii
1228 5685 1386 5748 vasis,
1420 5686 1530 5737 site
1564 5685 1612 5735 in
1647 5686 1812 5737 l‘erra-

249 5754 459 5822 metuis,
486 5754 566 5805 vei
607 5764 799 5808 caetera
846 5755 1022 5806 omnia
1066 5768 1183 5807 esse
1230 5756 1578 5808 sanctiﬁcata.
1612 5754 1667 5807 Si
1697 5755 1814 5822 quis

250 5818 312 5871 de
352 5818 597 5894 fratribus
639 5823 835 5894 aliquid
880 5827 1204 5896 negligenter
1255 5826 1579 5891 tractaverit,
1608 5818 1809 5892 (artem

1929 3292 2125 3363 «(velut
2160 3293 2400 3346 inversor
2436 3294 2802 3362 neglectorque
2831 3295 2968 3347 sacri
3002 3293 3193 3363 peculii
3216 3292 3502 3359 judicatus,

1924 3362 1990 3416 ah
2020 3364 2259 3416 orationi-
2290 3379 2580 3431 suspensus
2608 3366 2695 3417 sit.
2738 3384 2754 3415 i
2792 3364 2897 3417 Nec
2928 3362 3102 3417 minus
3129 3362 3363 3430 proferto
3392 3376 3505 3414 mo-

1922 3445 2006 3485 vet
2039 3435 2180 3500 quod
2214 3435 2279 3487 de
2310 3436 2597 3488 Benedicto
2623 3435 2906 3487 Anianeusi
2939 3434 3071 3487 aliba
3101 3450 3129 3486 e
3156 3432 3339 3485 scribit
3365 3434 3504 3483 .trdo

1922 3504 2038 3569 ejus
2062 3504 2353 3571 discipulus
2382 3506 2471 3573 (In
2511 3507 2623 3575 ejus
2662 3504 2779 3558 Vita
2810 3521 2863 3557 tt.
2890 3505 2980 3571 52,
3010 3521 3127 3558 sa’c.
3155 3501 3454 3575 thened.)
3487 3519 3499 3551 :

1928 3592 1945 3623 ι
1983 3574 2146 3625 'I'auia
2176 3586 2289 3628 eiat
2319 3577 2433 3642 ejus
2464 3574 2784 3639 sollicitudo,
2821 3585 2875 3628 ut
2910 3577 2953 3629 si
2988 3575 3067 3628 vel
3102 3574 3304 3626 modica
3338 3586 3501 3641 grana

1922 3646 2277 3712 leguminum,
2330 3646 2408 3700 vel
2460 3648 2704 3714 exiguum
2742 3646 2881 3713 porri
2931 3660 3133 3705 comas,
3167 3643 3502 3711 cauliumque

1921 3716 2043 3768 l'olia
2074 3716 2141 3769 ab
2170 3731 2235 3769 eo
2262 3718 2495 3784 neglecta
2528 3718 2909 3778 invenirentur,
2943 3730 3061 3767 mox
3090 3715 3246 3782 digna
3279 3727 3499 3765 excom—

1922 3786 2296 3840 municatinnis
2325 3788 2843 3840 animadvertebatur
2873 3786 3133 3839 sententia
3160 3825 3174 3847 ,
3200 3784 3350 3851 cujus
3383 3798 3504 3850 pro-

1922 3854 2029 3911 bar.
2053 3866 2137 3908 tur
2175 3872 2295 3910 esse
2322 3858 2593 3911 deiictuin.
2626 3859 2719 3911 Sin
2760 3866 2937 3910 autem
2966 3858 3083 3923 quis
3122 3859 3171 3908 ei
3219 3868 3408 3921 aquam
3437 3854 3503 3905 ad

1923 3926 2562 3996 Iavaiidum’porrigeret,
2591 3936 2643 3981 et
2682 3939 2737 3979 ut
2779 3927 2915 3979 silet
2945 3925 3141 3986 largius
3162 3939 3320 3992 quam
3350 3924 3505 3996 decet

1919 3994 2249 4067 eﬁunderet,
2284 4006 2554 4064 peccatum
2603 3998 2875 4067 iticurreie
2918 3996 3319 4067 fatebaturkeo
3361 3994 3502 4067 quod

1920 4065 1952 4117 d
1976 4063 2255 4120 scretionis
2285 4063 2388 4120 non
2421 4068 2690 4120 incederet
2718 4066 2873 4119 ealle.
2914 4085 2931 4117 ι
2968 4065 3155 4118 Simile
3184 4063 3381 4130 aliquid
3427 4065 3503 4116 le—

1921 4149 2094 4203 g.uius
2122 4136 2190 4190 de
2216 4145 2402 4190 sancto
2437 4138 2705 4199 Stephano
2732 4136 2925 4189 abbate
2953 4134 3273 4187 Ubazinensi
3308 4135 3357 4184 in
3383 4132 3501 4201 ejus

1931 4206 2038 4257 \ita
2071 4207 2161 4259 lib.
2207 4222 2264 4270 ii,
2302 4223 2355 4259 n.
2396 4206 2465 4259 55
2491 4206 2740 4275 (Τοηιθιν
2774 4204 2922 4258 Miic.
2956 4203 3168 4267 Baluz.)
3193 4219 3220 4275 εξ
3245 4220 3263 4252 ι
3292 4203 3349 4254 Si
3377 4219 3503 4275 vero

1924 4290 2017 4343 per
2045 4277 2305 4344 porticum
2338 4273 2635 4339 ambulans,
2668 4276 2749 4330 vel
2784 4276 2834 4328 in
2864 4288 3181 4343 quocunque
3211 4273 3328 4327 locii
3357 4273 3500 4327 olera

1920 4346 2030 4400 sive
2061 4348 2320 4415 legumina
2357 4363 2449 4415 per
2489 4347 2745 4400 incuriam
2790 4347 2998 4415 elapsa,
3035 4356 3293 4413 terraeque
3318 4357 3502 4410 sparsa

1920 4419 2272 4486 conspiceret,
2307 4433 2428 4471 mox
2455 4432 2515 4472 ea
2543 4418 2792 4470 incurvus
2820 4416 3104 4484 granatim,
3134 4424 3500 4486 quantumque

1922 4484 2126 4541 modica
2159 4490 2475 4556 colligebat,
2502 4489 2809 4554 vocatisque
2839 4502 3063 4554 quorum
3095 4487 3253 4551 culpa
3284 4484 3499 4538 decide-

1922 4568 2070 4619 rant,
2092 4574 2196 4626 pro
2220 4574 2312 4611 sua
2341 4574 2432 4613 eus
2460 4557 2778 4626 negligentia
2810 4558 2995 4611 durius
3019 4560 3292 4624 arguebat.
3335 4574 3353 4605 ι

1994 4628 2169 4695 Neque
2195 4632 2421 4683 avaritiae
2446 4626 2691 4697 δίκαιαι]
2719 4629 2830 4682 liuc
2873 4636 3079 4695 Spectat
3114 4626 3254 4697 quod
3298 4626 3349 4677 in
3375 4640 3502 4678 con-

1920 4700 2044 4751 cilio
2072 4698 2538 4754 Francol‘ordiendi
2584 4696 2688 4751 siib
2733 4698 2927 4750 Carolo
2960 4699 3149 4766 Magno
3195 4696 3503 4749 decernitur

1920 4768 2069 4837 (Cati.
2097 4770 2181 4837 4):
2227 4788 2244 4820 ι
2274 4769 2338 4824 Ut
2359 4771 2621 4823 rellei'arii
2651 4770 2703 4822 iii
2735 4770 3071 4821 monasteriis
3098 4768 3242 4819 avari
3276 4782 3378 4818 non
3406 4767 3502 4819 eli-

1918 4851 2129 4907 gantur,
2162 4840 2254 4894 sed
2298 4842 2428 4892 tales
2466 4841 2622 4893 electi
2652 4840 2755 4892 sint
2785 4842 2969 4906 quales
3003 4837 3203 4905 liegula
3244 4838 3297 4891 S.
3333 4837 3501 4889 Bene-

1919 4910 2043 4962 dicti
2075 4913 2249 4963 ilocet.
2287 4928 2304 4959 ι
2342 4910 2454 4964 lluc
2479 4911 2637 4963 etiam
2669 4910 2855 4963 referti
2883 4918 3055 4977 putest
3083 4907 3223 4975 quod
3259 4907 3502 4974 praascri-

1921 4978 1992 5032 bit
2024 4979 2220 5047 Reguia
2251 4980 2349 5035 SS.
2395 4980 2739 5046 Serapionis,
2791 4979 3035 5042 Macarii,
3082 4977 3397 5045 l’aplmutii,
3447 4987 3502 5030 et

1917 5050 2137 5104 alterius
2167 5052 2376 5104 Macaiii
2411 5072 2421 5103 :
2461 5070 2478 5101 ι
2512 5050 2832 5104 Cellerarius
2860 5052 3020 5104 debet
3062 5048 3179 5101 talis
3221 5049 3379 5115 eligi,
3411 5049 3502 5116 qui

1919 5124 2084 5184 possit
2114 5120 2164 5174 in
2192 5122 2439 5174 omnibus
2463 5122 2600 5189 gula:
2624 5136 2734 5174 sua:
2760 5120 3189 5188 suggesdonibus
3210 5118 3501 5182 dominari,

1915 5202 1966 5243 et
1993 5193 2300 5259 evangelico
2321 5193 2512 5245 ordine
2544 5192 2798 5245 fratribus
2822 5191 2931 5244 suis
2963 5191 3154 5244 victum
3177 5190 3499 5259 gubernare,

1914 5264 2005 5329 qui
2059 5256 2244 5316 tinieat
2300 5262 2450 5316 Juda:
2502 5264 2821 5316 sententiam
2851 5301 2868 5327 ,
2919 5261 3008 5330 qui
3067 5259 3137 5313 ab
3184 5256 3351 5313 initio
3403 5256 3503 5311 l'uit

1918 5335 2019 5385 lur.
2059 5352 2076 5383 ι

1992 5403 2167 5470 lies/ue
2192 5403 2440 5472 prodigus
2469 5403 2532 5455 sit
2561 5412 2648 5455 aut
2674 5404 2981 5471 exstirpator
3002 5400 3300 5455 substantia:
3326 5413 3503 5450 mona-

1920 5474 2100 5543 sterii.j
2131 5474 2314 5546 Daiido
2339 5489 2457 5542 quae
2486 5474 2617 5527 dare
2646 5488 2748 5528 non
2776 5476 2962 5546 debet.
3019 5542 3050 5546 μ
3136 5542 3146 5546 _
3273 5540 3286 5546 _
3456 5537 3466 5546 ,

1994 5540 2104 5619 Sed
2141 5545 2312 5619 omnia
2353 5540 2641 5619 mensurate
2685 5543 2887 5619 facian]
2918 5542 3086 5619 Media
3134 5540 3390 5595 incedens
3409 5540 3519 5619 fiat

1922 5616 2196 5669 avaritiam
2224 5616 2362 5669 inter
2380 5626 2434 5669 et
2464 5609 2914 5684 prodigaiitateni,
2936 5622 2992 5666 ut
3013 5613 3172 5684 etiam
3206 5609 3507 5684 praescriblt

1922 5686 2120 5754 liegula
2150 5686 2436 5760 orientalis
2465 5680 2752 5753 (Cap."2'i)
2787 5702 2799 5760 ξ
2834 5702 2850 5734 ι
2887 5683 2966 5735 Ad
2995 5682 3205 5760 _victum
3236 5696 3364 5760 vero
3395 5680 3504 5760 fra-

1924 5750 2060 5808 irnin
2096 5756 2332 5824 proferat
2366 5773 2431 5811 ac
2460 5750 2631 5809 tradat
2662 5750 3059 5824 septiinanariis
3078 5751 3145 5824 ad
3177 5750 3507 5805 condiendus

1923 5842 1951 5881 c
1975 5821 2105 5893 b.s,
2133 5827 2223 5885 det
2252 5829 2548 5882 necessaria
2583 5841 2745 5881 SCt‘tilt
2769 5827 2873 5885 litui
2909 5821 3231 5892 quotidiana:
3257 5836 3507 5890 expensis
