4006 6358
503 353 598 408 547
1783 337 1787 341 ’
1850 348 1913 404 S.
1957 347 2016 400 P.
2060 347 2087 401 Ε

2198 344 2414 400 ειιιατι
3679 334 3786 392 διε

575 464 679 517 Seu
728 461 1040 533 quibuslibet
1086 461 1254 533 rebus.
1302 458 1319 528 ]
1355 475 1372 509 t
1411 456 1483 533 {lt
1530 455 1820 533 privilegiis
1867 467 1922 510 et
1960 457 2081 533 aliis
2112 461 2163 518 Α
2244 456 2466 533 ⁸θειίιιιιιι
2496 457 2603 509 vult
2627 455 3035 533 S._8eneilictns
3065 455 3293 533 alterum
3326 453 3393 509 ab
3425 453 3623 508 abbate
3651 471 3787 533 curs-

504 523 1070 602 munimentisals,
1093 523 2084 602 vasisargeuteis,Iibris,_orn.tmentis
2189 527 2332 578 stitui
2369 526 2586 602 fratrem
2614 529 2700 593 qui
2723 541 2904 602 curam
2933 535 3084 595 gerat
3109 528 3551 602 vestimentorum
3581 542 3594 575 :
3625 523 3786 602 cujus

504 594 1117 666 eceleshstieisbeaTtis,
1149 601 1283 653 vinis
1305 607 1360 652 ct
1385 599 1505 651 aliis
1534 597 1804 664 pretiosis,
1833 613 1952 664 qtae
1978 613 2083 651 non
2155 598 2442 662 .t-xemplo
2482 609 2700 650 sanctus
2741 594 3063 649 Frui-tuosne
3107 597 3222 650 iure
3260 595 3445 648 statuit
3481 594 3638 664 (Cap.
3677 597 3732 663 4)
3762 614 3780 650 τ

503 674 870 729 debentevtra
889 671 1208 726 monasteria
1241 671 1384 738 poni,
1408 688 1426 720 ι
1449 669 1873 741 iniit-Boltcrius.
1897 668 2081 741 Recte.
2195 683 2212 714 ι
2255 666 2521 741 Quidquid
2547 668 2596 719 iit
2629 677 2776 741 veste
2808 669 2888 720 vel
2919 669 3062 719 cultu
3097 676 3181 719 est
3204 671 3597 741 monachorum
3624 706 3648 741 ,_
3676 684 3781 741 non

581 743 856 797 Provideat
896 744 1050 795 abbas
1091 746 1272 810 fratres
1309 741 1374 793 de
1404 753 1618 810 quorum
1647 739 1751 810 vita
1781 750 1825 790 et
1857 738 2086 810 moribus

506 831 715 868 securus
739 812 1005 882 sit.]Quos
1027 809 1278 880 magister
1303 811 1417 862 vult
1443 809 1586 882 «title
1611 809 1788 882 divina
1807 809 2084 882 constrin-

509 886 558 950 gi
587 924 601 948 ,
656 895 714 938 ut
745 879 943 938 timore
981 883 1061 937 vel
1114 879 1420 934 testimonio
1465 879 1559 933 Dei
1580 879 1832 950 ﬁdeliter
1879 879 2088 950 possint

510 948 794 1008 commissa
821 954 1068 1018 implere;
1103 972 1120 1002 ι
1150 962 1205 1006 et
1230 966 1457 1018 quorum
1483 965 1549 1001 ex
1575 949 1776 1018 Regula
1799 948 2085 1013 anusdatn

510 1025 575 1077 ad
616 1024 850 1092 virgines
893 1021 1044 1093 (Cap.
1083 1024 1170 1090 Π)
1206 1040 1226 1071 ι
1265 1030 1319 1074 et
1347 1019 1648 1093 sollici'udo
1678 1019 1843 1093 animi
1873 1019 2085 1093 vigeat,

510 1104 563 1148 et
590 1089 934 1148 conscientia:
978 1089 1204 1146 tirmitas
1233 1092 1301 1144 sit
1331 1092 1576 1158 probata.
1609 1108 1626 1140 ι
1685 1089 1749 1143 Et
1773 1103 1922 1142 certe
1948 1091 2085 1150 quod

453 1223 458 1227 _
511 1163 576 1218 ile
595 1166 696 1227 his,
714 1175 990 1232 postquam
1013 1162 1199 1231 egitde
1221 1159 2086 1232 cellerarinS.Pateriimmrdi:ttc
2128 1213 2136 1219 .

511 1229 820 1300 pertractat,
851 1229 992 1287 haud
1023 1229 1247 1286 obscur».
1292 1232 1525 1284 insinuat
1560 1229 1713 1295 (Cap.
1750 1231 1862 1294 15),
1912 1248 1929 1278 ι
1966 1231 2087 1297 quia

511 1305 695 1357 iisdem
725 1304 945 1356 omnino
970 1303 1315 1371 qualitatibus
1350 1315 1451 1371 eos
1473 1303 1938 1371 esseconstitutos
1961 1316 2088 1352 con-

511 1375 676 1432 venit.
710 1375 902 1440 quilius
929 1369 1039 1435 ille,
1079 1386 1129 1426 ut
1158 1374 1391 1430 loquitur
1417 1369 1688 1423 Gerardus
1713 1370 1866 1438 Belga
1899 1385 2088 1422 mona-

511 1448 662 1501 chus.
680 1445 780 1497 hoc
795 1455 897 1504 est,
919 1445 1091 1496 tttsint
1107 1442 1394 1507 sapientes.
1415 1450 1634 1492 maturis
1651 1442 1910 1501 moribus,
1930 1449 2034 1492 etc.
2066 1459 2082 1490 I

584 1513 646 1564 Et
677 1516 748 1566 cis
772 1515 973 1583 singula
1006 1525 1057 1565 ut
1090 1525 1142 1564 tit
1168 1517 1214 1566 Ie
1234 1509 1590 1583 judicaverit.]
1630 1510 1809 1583 Utile,
1852 1513 2086 1583 inquam,

511 1585 814 1635 monasterio
841 1581 1068 1652 quidem,
1101 1601 1199 1636 non
1221 1581 1315 1634 Sibi
1340 1621 1357 1644 ,
1406 1584 1519 1634 inlit
1549 1581 1804 1633 llolierius
1825 1596 1844 1652 :7
1872 1589 1926 1631 et
1958 1582 2086 1652 hoc,

514 1672 531 1702 ι
573 1655 754 1706 habito
783 1656 989 1707 scilzcet
1015 1654 1241 1707 consilio
1269 1669 1388 1705 cum
1422 1654 1668 1703 omnibus
1699 1651 1974 1711 fratribus,
2003 1651 2086 1702 vel

511 1725 698 1776 saltem
731 1740 850 1776 cum
881 1725 1214 1787 senioribus;
1254 1741 1272 1774 ι
1304 1723 1375 1775 uti
1408 1722 1458 1774 id
1498 1737 1546 1773 ιιι
1569 1721 1800 1789 explicat
1827 1721 1976 1788 juxta
2005 1722 2085 1773 sui

514 1794 770 1856 temporis
803 1808 1026 1846 morem.
1233 1801 1258 1822 θ

579 1863 847 1929 Consignet
900 1863 1231 1915 cas!0:lieu..’a
1271 1872 1417 1919 atoue
1463 1859 1867 1931 recolligendaj
1917 1860 2088 1914 Finizo

511 1934 713 1986 scilicet
743 1935 925 1994 labore
957 1948 1226 1986 maminm.
1257 1933 1328 1983 νυ
1359 1942 1376 1984 t
1419 1935 1576 1996 igitur
1617 1943 1832 1983 sanctus
1867 1931 2089 1984 Benedi-

499 2011 630 2055 ctus
654 2004 752 2055 hoc
780 2004 958 2070 capite
983 2005 1153 2069 primo
1187 2019 1344 2055 unum
1375 2003 1440 2053 ab
1469 2003 1660 2054 abbate
1679 2003 1878 2055 institui
1902 2012 2086 2054 cnsui-

512 2073 631 2123 dem
665 2076 1137 2126 instrtmtentornm
1164 2087 1177 2134 ;
1213 2073 1368 2138 idque
1393 2070 1550 2140 juxta
1585 2074 1880 2136 priscorum
1909 2088 2087 2123 mona-

511 2144 741 2196 chorum
767 2145 1207 2197 consuetudinem
1232 2183 1244 2206 ,
1290 2159 1447 2211 quam
1481 2143 1660 2195 videre
1697 2151 1778 2211 est
1809 2144 1860 2194 in
1891 2144 2087 2209 ltcgula

512 2215 680 2266 sancti
717 2214 984 2268 Pachomii
1009 2215 1145 2283 (Art.
1174 2217 1243 2266 b'ti
1267 2210 1318 2264 in
1349 2216 1463 2264 cod.
1503 2210 1871 2282 Ri'gul.),qu1e
1895 2215 1941 2264 id
1975 2229 2091 2264 mu-

501 2299 608 2335 ‘ntzs
637 2285 683 2337 ei
709 2286 794 2353 qui
819 2295 938 2353 post
969 2283 1312 2352 priepositum
1341 2285 1606 2353 secundus
1638 2293 1718 2335 est
1738 2323 1752 2345 ,
1775 2297 1955 2334 enmm
1983 2284 2085 2335 ttit.

513 2372 531 2402 ι
562 2353 694 2407 Cum
718 2352 781 2407 ad
809 2352 999 2408 domos
1027 2369 1152 2407 suas
1181 2363 1560 2422 pervenerunt,
1595 2352 1918 2406 fet-ramenta
1939 2394 1952 2416 ,
1976 2355 2091 2418 qui-

514 2426 611 2475 htts
638 2440 772 2492 Opus
799 2425 1066 2486 fecerant,
1093 2434 1147 2477 et
1174 2424 1388 2490 gallicas
1420 2423 1624 2476 tratlent
1657 2425 1736 2482 ei.
1770 2425 1858 2489 qui
1893 2439 2088 2476 secun-

513 2496 616 2549 dus
647 2507 729 2549 est
775 2508 894 2563 post
939 2497 1283 2562 pra-positum
1327 2496 1551 2556 domus;
1594 2503 1643 2546 et
1679 2495 1768 2547 ille
1809 2494 1999 2546 inferet
2027 2510 2088 2547 ea

515 2580 737 2626 vespere
767 2568 817 2618 in
849 2567 1096 2619 cellulam
1126 2574 1426 2629 separatam
1455 2603 1468 2623 .
1510 2565 1688 2630 ibique
1732 2564 2031 2616 concludet.
2064 2583 2082 2615 ι

511 2635 565 2686 In
597 2635 789 2701 [leguli
818 2637 914 2689 SS.
952 2636 1092 2688 Pauli
1129 2646 1177 2686 i-l
1207 2634 1460 2702 Stephani
1493 2633 1642 2703 (Cap.
1667 2633 1756 2702 '55)
1789 2652 1800 2686 :
1839 2653 1856 2684 t
1893 2635 2090 2687 Ettutes

511 2704 560 2754 in
593 2709 962 2773 qualecunque
994 2718 1155 2774 opus.
1193 2709 1533 2758 let-ramenta.
1558 2705 1858 2758 necessaria
1904 2705 1951 2758 is
2000 2705 2087 2771 qui

512 2768 650 2828 inter
675 2776 816 2842 ipsos
830 2768 966 2828 vadit
992 2768 1154 2842 prior,
1176 2775 1441 2828 acustode
1460 2774 1904 2827 lci-ramentorttm
1933 2768 2089 2828 mane

512 2856 853 2898 aunumerata
885 2847 1132 2914 suscipiat
1157 2887 1170 2908 ,
1223 2857 1274 2899 et
1315 2846 1402 2898 nui
1435 2845 1504 2898 de
1549 2847 1847 2900 minoribus
1886 2861 1952 2899 ex
2011 2846 2091 2898 his

511 2917 600 2984 qtti
623 2930 742 2969 cum
773 2933 836 2969 eo
867 2918 987 2969 ituri
1012 2926 1156 2981 sunt,
1190 2932 1346 2984 quem
1378 2915 1441 2968 ad
1477 2916 1574 2969 hoc
1599 2916 1847 2969 idoneum
1873 2915 2089 2978 viderit,

507 2988 858 3040 custodienda
890 2989 1143 3056 assignet.
1178 2988 1294 3053 Quo
1334 3000 1495 3052 opere
1527 2987 1821 3048 completo,
1864 2987 1931 3038 ab
1973 2987 2090 3052 ipso

501 3058 735 3110 'Snllicite
776 3059 888 3124 ipsc
918 3063 1171 3126 recipiat;
1206 3066 1258 3110 et
1297 3057 1502 3110 custodi
1545 3057 1824 3108 contradat
1857 3065 1912 3108 ιιι
1959 3057 2087 3109 nihil

508 3126 760 3194 depereat
780 3129 1041 3182 oblivione
1066 3129 1244 3191 solita,
1260 3139 1308 3182 et
1330 3127 1649 3196 negligentia
1674 3127 2048 3192 plurimorum.
2064 3146 2082 3178 ι

2192 738 2532 801 peculiariter
2563 738 2698 802 apud
2733 752 3165 805 unumquemque
3199 736 3527 798 habentium,
3555 736 3649 788 scil
3684 738 3784 788 sub

2191 822 2348 858 manu
2373 808 2530 858 ttuitut
2559 807 2736 859 fratris
2771 807 3062 876 ~piritualis
3104 807 3153 858 iti
3179 821 3279 858 una
3311 808 3444 861 cel'a
3479 807 3781 876 reconilenf

2188 875 2312 928 dum
2345 886 2457 941 est;
2481 878 2702 943 quique,
2731 872 2852 930 cunt
2887 877 3180 931 necessitas
3210 885 3535 944 poposcerit,
3578 872 3781 944 petenti

2189 947 2379 1012 cuique
2401 963 2635 1015 cungtua
2657 957 2875 1000 staturae
2899 949 3180 1000 mutatoria
3213 948 3425 1000 tribuat.
3459 969 3478 998 ι
3516 947 3616 1000 llic
3640 949 3781 1013 apud

2191 1029 2404 1070 nostros
2431 1018 2603 1070 dictus
2623 1029 2704 1071 est
2733 1018 3081 1083 camerarins,
3100 1017 3252 1084 cujus
3266 1016 3501 1071 officium
3534 1032 3604 1072 ex
3639 1017 3781 1067 anti-

2188 1089 2307 1154 quis
2321 1087 2589 1142 Farfensis
2605 1088 2908 1141 monasterii
2921 1090 3148 1141 ConSnet
3161 1088 3406 1141 udiniltus
3423 1103 3555 1140 mss.
3571 1089 3779 1152 accipe:

2266 1175 2284 1208 ι
2324 1159 2438 1225 Ipse
2462 1159 2789 1212 camerarius
2817 1157 2977 1211 debet
3005 1173 3296 1225 procurare
3324 1172 3446 1210 cum
3475 1157 3586 1210 alio
3616 1157 3779 1210 fratre

2189 1229 2426 1291 omnium
2459 1230 2772 1282 vesuntenta
2805 1228 3051 1293 fratrum,
3079 1243 3281 1292 emere,
3322 1239 3480 1296 atque
3511 1227 3777 1287 invenire,

2189 1307 2244 1350 et
2281 1299 2601 1353 distribuere
2645 1299 2710 1351 ad
2745 1312 3178 1367 unumquemque
3224 1297 3695 1365 prout'condecet.
3730 1307 3778 1349 et

2193 1370 2244 1419 in
2289 1369 2406 1422 loco
2435 1378 2518 1422 cst
2562 1369 2912 1423 constitutum
2945 1385 2956 1418 :
2988 1368 3237 1422 vidi-licet
3276 1379 3333 1420 ut
3363 1368 3622 1421 Omnibus
3669 1368 3780 1419 fra-

2193 1440 2362 1490 tiibns
2393 1440 2483 1493 det
2515 1455 2606 1505 per
2649 1439 2886 1507 singulos
2911 1440 3044 1492 duas
3071 1439 3373 1496 staminias,
3405 1438 3570 1491 simili
3600 1453 3660 1490 er
3709 1439 3780 1489 fe-

2193 1509 2411 1561 moralia
2441 1554 2454 1575 ,
2491 1511 2622 1561 duas
2677 1509 2912 1572 Iunii-as,
2961 1519 3015 1563 et
3043 1508 3176 1562 duas
3215 1510 3448 1562 t'ttcullas
3479 1524 3606 1561 cum
3663 1508 3781 1560 latis

2195 1579 2440 1642 manicis,
2486 1579 2618 1632 ditas
2644 1579 2917 1644 pelliculas
2948 1594 3066 1632 cum
3098 1578 3296 1632 strictis
3326 1579 3574 1643 manicis,
3601 1588 3653 1631 et
3677 1587 3780 1630 te;-

2193 1650 2317 1700 tiam
2359 1665 2478 1702 cum
2516 1649 2705 1718 laigis;
2758 1650 2956 1717 caligas
2997 1649 3280 1702 distribuat
3330 1659 3594 1702 nocturna
3621 1668 3680 1700 ,ις
3730 1658 3780 1701 et

2191 1718 2460 1771 diurualct
2487 1761 2500 1782 ,
2550 1721 2767 1787 pedules
2798 1719 2862 1771 ad
2903 1719 3190 1772 arcendum
3235 1719 3416 1787 fiigus.
3459 1719 3581 1772 Duo
3633 1721 3779 1788 paria

2126 1825 2167 1882 Β
2196 1789 2388 1882 det-itur
2414 1804 2479 1843 ex
2514 1799 2688 1882 uncti,
2719 1801 2771 1882 le't
2794 1791 2900 1842 dttn
2929 1805 2992 1842 cx
3023 1790 3130 1855 die,
3162 1802 3214 1870 et
3233 1793 3308 1882 -ad
3337 1804 3776 1882 unumqn‘etnque

2198 1874 2382 1926 vagina
2417 1876 2538 1912 cum
2570 1861 2789 1922 cultello
2811 1902 2825 1923 ,
2861 1875 3056 1926 praeter
3085 1875 3141 1912 sc
3175 1862 3403 1928 iptores.
3433 1862 3522 1924 qui
3549 1860 3660 1911 duo
3692 1864 3781 1909 b.1-

2197 1930 2392 1994 beant,
2444 1943 2492 1983 et
2527 1931 2754 1996 eorrigia
2812 1933 2876 1983 ad
2922 1930 3258 1997 cingettdntn.
3315 1929 3571 1990 Talmlm,
3624 1945 3780 1984 acus.

2193 2011 2402 2066 paelen,
2433 2016 2552 2053 cum
2596 2001 2928 2064 iuduun-nto,
2962 2001 3224 2067 t-apellttin
3251 2001 3300 2052 in
3329 2004 3524 2066 capite,
3551 2001 3648 2067 qui
3678 2000 3782 2051 alio

2195 2071 2411 2122 nomine
2445 2071 2696 2136 capitium
2733 2079 2971 2124 vocatur.
3009 2071 3060 2121 Ιιι
3094 2070 3289 2123 lectulo
3316 2071 3380 2122 ad
3413 2086 3781 2137 unumquem-

2192 2155 2295 2202 que
2325 2142 2612 2205 deputetur
2644 2148 2776 2194 liena
2821 2157 2938 2193 cum
2969 2141 3216 2206 pell-cula
3263 2141 3506 2193 investita
3534 2183 3546 2198 .
3595 2155 3780 2207 Suguin

2194 2212 2401 2263 laneum
2429 2253 2441 2273 ,
2477 2212 2722 2278 capitale.
2762 2211 3086 2264 Vestimenta
3119 2226 3229 2261 suve
3271 2210 3563 2262 calt-iumen
3593 2228 3624 2261 ιι
3656 2213 3780 2262 duin

2195 2283 2478 2349 rumpitur,
2512 2297 2604 2336 seu
2633 2282 2872 2345 suitur‘,
2909 2279 3270 2348 unusquisque
3313 2283 3478 2334 frater
3511 2283 3654 2332 lavet
3682 2283 3782 2331 int-

2195 2353 2410 2417 primis;
2445 2354 2642 2405 deinde
2671 2362 2794 2405 ante
2827 2353 3021 2403 ostium
3055 2351 3301 2403 :iu-titorii
3331 2352 3556 2414 deferat,
3595 2361 3654 2404 et
3690 2366 3779 2403 ca-

2195 2437 2454 2474 ntet-artis
2487 2424 2748 2488 accipiat,
2775 2421 3179 2489 etdeportctad
3212 2430 3468 2486 sartores,
3508 2432 3565 2474 ιιι
3593 2436 3779 2474 cmen-

2191 2494 2340 2545 tlent.
2374 2493 2445 2545 De
2477 2491 2727 2546 fratribus
2759 2494 2930 2543 nullus
2954 2492 3113 2545 debet
3142 2505 3360 2559 pergere
3383 2494 3446 2543 ad
3477 2492 3652 2559 ipsos,
3683 2506 3779 2544 nec

2191 2563 2422 2628 aliquam
2472 2563 2903 2617 emendationem
2955 2563 3129 2615 facere
3173 2564 3240 2614 de
3299 2563 3640 2616 vestimentis
3691 2576 3779 2614 se-

2192 2636 2422 2685 cundum
2455 2640 2610 2687 suum
2641 2633 2844 2684 libitum
2865 2673 2878 2695 ,
2915 2632 3015 2684 nisi
3038 2647 3157 2700 qua:
3185 2643 3438 2684 consiti-ta
3474 2635 3782 2686 ruerit‘mu-

2195 2703 2503 2768 nastet-it,et
2531 2703 2859 2756 camerarius
2879 2703 3198 2756 oriliuaverit
3221 2718 3320 2770 :qtt
3363 2703 3531 2755 alium
3571 2703 3777 2760 cherit.

2193 2774 2435 2828 (liStrictc
2470 2773 2791 2842 dijtttlicetur
2821 2773 2889 2826 ab
2911 2774 3160 2826 omnibus
3201 2775 3475 2835 fratribus,
3518 2783 3574 2825 ut
3601 2775 3780 2826 czrtcri

2193 2855 2428 2897 metuant
2454 2859 2468 2907 ;
2504 2860 2624 2897 nam
2651 2857 2702 2897 et
2735 2845 2846 2912 ipse
2891 2845 3053 2897 frater
3078 2860 3290 2912 semper
3320 2844 3473 2896 sollie
3499 2854 3584 2897 tus
3609 2846 3700 2908 sit,
3727 2853 3781 2897 ut

2193 2915 2508 2983 cuicumque
2537 2915 2727 2968 viderit
2750 2931 2794 2967 vi
2816 2914 3149 2978 stimentuat,
3181 2927 3233 2968 ct
3261 2931 3322 2966 i-x
3353 2915 3611 2968 fl'all’ibtt-
3641 2916 3780 2982 quod

2194 2985 2422 3049 aliquam
2456 2985 2923 3052 reprehensionem
2957 2985 3185 3049 habeat,
3237 2996 3291 3038 ut
3332 2987 3659 3038 emendetur
3700 2987 3782 3038 vel

2193 3055 2495 3117 aufeiatur;
2521 3056 2637 3122 quia
2664 3056 2727 3108 ad
2759 3056 2929 3122 ipsttm
2954 3056 3251 3123 re<picit,si
3275 3057 3596 3124 neglexerit.
3624 3056 3781 3112 leua

2193 3140 2312 3177 cum
2357 3129 2536 3193 priore
2587 3128 2895 3193 frequenter
2932 3129 3236 3192 provideat,
3277 3141 3341 3180 ne
3377 3127 3540 3180 alicui
3582 3128 3784 3194 aliquid

511 3200 566 3249 ltt
596 3198 796 3261 Regula
823 3200 994 3252 sancti
1028 3199 1213 3252 lsidori
1243 3194 1519 3267 (Cap—ill)
1552 3214 1564 3248 :
1597 3214 1614 3245 t
1655 3197 2084 3267 Strumeirornm
2115 3197 2160 3258 C
2198 3200 2396 3249 veniat.
2434 3197 2616 3250 l'alezts
2649 3197 2730 3248 vel
2758 3194 2935 3267 fenum
2961 3200 3072 3262 ipse
3096 3213 3214 3250 cum
3243 3211 3402 3249 sano.
3425 3200 3544 3249 ibus
3577 3198 3781 3250 habere

512 3270 752 3320 custodia
801 3279 852 3321 et
904 3266 1350 3322 ferramentort'tm
1399 3269 1462 3318 ad
1495 3283 1564 3318 nn
1606 3282 1690 3329 in,
1727 3283 1882 3334 quem
1932 3266 2088 3320 Pater

506 3341 891 3392 monachmum
918 3341 1175 3407 elegerit,
1195 3337 1514 3407 pertinebit;
1543 3339 1630 3403 qui
1653 3352 1716 3390 ea
1746 3337 2088 3405 operantibus

510 3409 560 3460 ιιι
597 3409 786 3462 tribuat
815 3450 830 3471 ,
873 3421 1192 3476 receptaque
1219 3409 1504 3461 custodiat.
1537 3426 1552 3457 ι
1591 3408 1643 3459 lu
1678 3407 1874 3474 Regula
1916 3411 2082 3461 sancti

511 3478 745 3534 Feireuli
799 3479 947 3544 (Cap.
986 3481 1077 3547 7):
1116 3498 1133 3529 ι
1167 3479 1510 3532 Ferramenta
1542 3479 1624 3531 vel
1669 3479 1910 3531 nten~ilia
1943 3494 2088 3546 qum-

512 3549 638 3603 libet
668 3565 727 3601 ar
754 3550 929 3602 ilictnn
962 3553 1061 3611 sub
1087 3566 1192 3602 uno
1223 3550 1554 3602 rCCOIIIICII.ia
1583 3558 1706 3600 sunt
1727 3548 2002 3611 conclavi,
2033 3558 2090 3602 et

511 3620 748 3671 custodia
779 3619 935 3672 tmitts
966 3605 1143 3672 fratris
1174 3619 1416 3672 industrii
1439 3631 1491 3672 et
1520 3619 1722 3688 providi
1750 3605 2089 3687 ;quiqne'sco

511 3689 768 3757 gregatim
799 3689 888 3741 illa
912 3691 1104 3744 idoneo
1125 3690 1542 3751 eolloransloco',
1574 3696 1728 3756 prout
1753 3705 1839 3742 res
1865 3691 2084 3754 expetit,

514 3761 853 3821 poscentibus
897 3760 962 3812 ad
1002 3761 1330 3827 operandtnn
1381 3760 1632 3813 fratribus
1665 3760 1893 3822 tribuet,
1929 3771 2086 3826 atque

511 3833 576 3881 ad
601 3843 896 3896 vesperum
924 3829 1034 3883 suis
1066 3846 1125 3885 ea
1158 3832 1416 3899 colligens
1448 3831 1529 3884 loc
1551 3847 1597 3891 ς,
1631 3844 1814 3883 curam
1849 3829 2084 3896 habebit,

513 3915 582 3952 ne
610 3901 734 3967 quid
766 3900 832 3954 de
863 3902 943 3954 his
973 3910 1063 3954 ant
1093 3912 1293 3966 pereat,
1323 3912 1409 3953 ant
1434 3918 1526 3968 per
1553 3899 1928 3968 negligentiam
1952 3915 2086 3953 turu-

511 3969 678 4039 ginet,
711 3971 792 4024 vel
823 3971 1052 4038 qualiln-t
1100 3972 1380 4025 occasione
1410 3973 1650 4024 vilescat.
1713 3988 1730 4019 )
1771 3970 2004 4038 Denique
2036 3971 2084 4022 itt

501 4043 709 4109 'Itegula
736 4043 968 4110 Magistri
998 4040 1147 4112 (Cap.
1172 4044 1254 4109 l7)
1287 4059 1298 4093 :
1339 4059 1356 4092 t
1400 4041 1743 4112 Ferramenta
1775 4042 2087 4112 monasteri

499 4113 564 4164 tiu
598 4125 700 4164 uno
728 4114 1103 4166 contineantur
1137 4114 1412 4175 cubiculo,
1443 4124 1496 4166 et
1521 4111 1609 4164 uni
1645 4114 1789 4165 fratri
1819 4111 1971 4179 cujus
2000 4113 2083 4163 di-

510 4182 776 4250 ligentiam
809 4184 975 4236 abbas
1017 4185 1329 4249 agnoverit,
1368 4198 1552 4236 eorum
1598 4183 2084 4236 conservandiutnn

509 4269 694 4305 curam
725 4254 1057 4312 committat;
1090 4255 1178 4321 qui
1207 4255 1443 4320 quotidie
1473 4254 1726 4305 fratribus
1755 4252 1821 4304 ad
1847 4253 2083 4305 facienda

509 4337 672 4389 opera
700 4326 983 4391 consignet
1032 4324 1097 4375 ad
1141 4339 1452 4385 numerum;
1494 4334 1554 4376 et
1600 4337 1628 4374 a
1660 4321 2088 4390 disjungentibus

510 4392 760 4445 sitnilti-r
808 4394 1000 4445 tnuntla
1035 4396 1146 4460 ipse
1179 4394 1401 4456 reci,iat
1443 4402 1497 4446 et
1533 4407 1772 4460 reponat.
1810 4413 1827 4442 ι
1857 4395 2088 4447 Sanctus

507 4476 637 4514 vero
671 4463 805 4516 Basil
833 4478 892 4515 us
917 4464 1126 4531 (Itegul.
1161 4464 1258 4532 fus.
1285 4480 1400 4529 cap.
1429 4462 1521 4532 41)
1553 4465 1620 4515 de
1646 4479 1768 4516 cura
1797 4463 2089 4516 ferramen-

511 4541 685 4584 lttl'llm
731 4533 850 4585 sive
882 4534 1184 4585 utensilium
1219 4534 1286 4585 ita
1335 4534 1574 4587 deCt‘rltil
1607 4552 1618 4585 :
1666 4551 1682 4581 ι
1721 4533 1857 4585 Cura
1892 4534 2089 4586 insnu-

2197 3266 2352 3318 faciat
2382 3276 2504 3318 octo
2555 3267 2672 3320 dies
2701 3276 2824 3320 ante
2856 3265 3048 3320 festttat
3100 3267 3359 3331 Principis
3409 3269 3782 3335 apostolorum

2197 3339 2247 3389 in
2280 3338 2519 3405 singulos
2570 3338 2758 3390 lectos.
2811 3337 3142 3390 Linteamina
3185 3347 3485 3406 opportuna
3535 3341 3784 3391 manilius

2191 3408 2304 3460 sive
2336 3423 2399 3475 pe
2423 3407 2557 3460 tibus
2586 3409 2696 3473 ipse
2723 3407 2993 3475 provideat
3017 3425 3038 3461 ς
3063 3408 3588 3461 siiniliter'tuaiitili-s
3619 3425 3649 3462 ι·
3687 3409 3784 3462 fec-

2193 3481 2333 3530 toiit.
2381 3479 2568 3532 Videat
2598 3488 2652 3530 ιιι
2691 3493 2904 3545 semper
2932 3477 3092 3548 417
3127 3488 3387 3546 prmcepta
3413 3482 3632 3531 abbatis
3659 3496 3782 3531 cui-

2193 3550 2398 3601 toiliat;
2433 3549 2680 3601 siinilitrr
2720 3551 2876 3600 faciat
2907 3563 3122 3616 prioris,
3159 3551 3237 3600 vel
3268 3549 3476 3611 decani,
3515 3565 3610 3602 scit
3647 3552 3784 3603 illius

2191 3621 2278 3687 qui
2311 3620 2558 3672 ordinem
2587 3619 2812 3671 tenuerit
2833 3657 2849 3682 ,
2893 3620 3106 3686 quando
3136 3619 3301 3673 abbas
3332 3619 3397 3672 ab
3429 3634 3528 3672 eus
3575 3621 3738 3673 fuerit
3768 3639 3780 3671 :

2191 3699 2245 3742 et
2276 3691 2417 3742 nulla
2453 3689 2647 3742 habeat
2673 3689 2770 3741 sub
2792 3704 2885 3740 sua
2918 3705 3046 3742 cura
3069 3691 3328 3743 absconsa
3361 3699 3468 3741 tam
3501 3691 3589 3742 ille
3619 3707 3778 3757 quam

2190 3760 2465 3813 secretarii
2498 3765 2577 3812 vel
2601 3759 2884 3824 cellerarii,
2907 3775 3023 3826 quae
3039 3775 3138 3812 non
3154 3761 3261 3814 sint
3280 3762 3600 3827 th‘JBCOg-tila
3621 3763 3782 3827 priori

2193 3831 2276 3884 vel
2295 3830 2519 3883 decano.
2546 3829 2805 3884 Similiter
2833 3830 2900 3882 de
2930 3831 3180 3882 omnibus
3209 3832 3555 3896 obeilientits,
3584 3837 3710 3896 quia
3738 3832 3780 3885 si

2189 3901 2256 3952 ad
2300 3899 2394 3968 jnd
2422 3900 2562 3953 cium
2604 3901 2829 3961 \cucrit,
2858 3908 2912 3952 et
2953 3901 3152 3968 aliquid
3207 3902 3486 3954 inventum
3517 3905 3684 3955 fitertt
3713 3904 3782 3955 ab

2191 3971 2456 4039 aliquibus
2487 3985 2550 4024 ex
2584 3971 2714 4038 ipsis
2757 3969 3031 4033 fratribus,
3064 3973 3162 4038 ipsi
3195 3976 3466 4040 proprium
3497 3973 3783 4039 deputabi-

2192 4049 2307 4100 tur,
2338 4050 2391 4095 et
2424 4042 2475 4093 itt
2511 4054 2666 4107 pmna
2701 4041 2987 4107 mergitur,
3013 4043 3145 4094 sicut
3174 4057 3243 4096 ex
3277 4044 3607 4095 monasterio
3644 4045 3780 4098 beati

2191 4111 2434 4180 Gregorii
2471 4127 2616 4179 papa:
2641 4113 2865 4178 contigit
2890 4113 2956 4164 de
2975 4111 3130 4167 Justo
3153 4113 3438 4176 menacbo,
3466 4129 3520 4166 et
3553 4127 3585 4166 e
3605 4149 3618 4164 .
3649 4117 3784 4166 mul-

2191 4184 2258 4235 tis
2290 4183 2411 4235 aliis
2436 4181 2702 4236 emnobiis
2723 4181 2834 4250 jam
2865 4186 3074 4247 experti
3117 4198 3320 4238 sumus.
3359 4184 3412 4238 In
3439 4185 3670 4248 cuquina
3701 4201 3784 4237 rr-

2191 4255 2399 4320 gnlarv,
2429 4257 2546 4307 sive
2571 4252 2856 4314 familiare,
2889 4253 3065 4305 omnia
3099 4256 3346 4307 utensilia
3373 4296 3386 4319 ,
3421 4256 3537 4307 sive
3568 4257 3780 4308 eaccavi

2193 4336 2560 4392 praeparentur
2606 4323 2673 4376 ab
2728 4324 2875 4388 ipso,
2911 4331 3104 4390 printer
3148 4324 3349 4378 bancos
3401 4334 3465 4377 et
3493 4327 3780 4386 scutellas,

2191 4409 2309 4459 quae
2326 4396 2518 4446 dentur
2539 4408 2568 4445 a
2599 4393 2876 4446 cellerurio
2897 4405 2997 4460 etp
3029 4399 3270 4462 ωριιειιο.
3296 4415 3312 4445 ι
3350 4395 3597 4462 ἣλιιικιιοιιι
3621 4398 3781 4448 etiam

2193 4463 2430 4516 officmm
2464 4463 2794 4530 descriptum
2831 4463 2994 4516 habes
3043 4465 3092 4516 itt
3123 4481 3256 4518 mss.
3289 4466 3784 4520 Consuetudiuibus

2196 4533 2379 4588 Sancti
2413 4535 2633 4602 Benigni
2677 4547 2724 4586 c.
2759 4535 2866 4588 45:
2903 4536 2952 4586 in
2985 4534 3209 4587 Statutis
3241 4536 3526 4589 Lanfranci
3572 4551 3620 4589 c.
3656 4537 3706 4599 ’ῑ9
3730 4549 3786 4588 et

511 4612 837 4673 mentorum,
862 4603 1168 4656 utensilium
1197 4605 1460 4671 pra-cipue
1483 4601 1647 4673 416
1665 4603 1880 4672 quidem
1907 4604 2086 4655 unius-
2123 4592 2170 4652 Ι)
2197 4605 2334 4672 apttd
2370 4592 2675 4658 Udalr-icum
2712 4603 2746 4654 l.
2784 4619 2862 4666 ιιι,
2887 4617 2916 4657 c
2967 4602 3051 4657 ll.
3092 4607 3164 4657 Ex
3197 4621 3304 4671 quo
3329 4607 3490 4659 etiam
3517 4595 3780 4660 discimus

510 4672 766 4741 cujusque
811 4676 991 4738 aperis
1045 4673 1303 4727 artiﬁcem
1359 4672 1666 4737 concernit,
1719 4686 1774 4725 ιιι
1819 4675 1921 4726 arti
1976 4689 2088 4726 sua:

510 4743 764 4809 deputata
810 4745 1096 4796 custodiat.
1143 4747 1196 4798 Si
1230 4760 1356 4799 vero
1389 4747 1672 4814 contigerit
1707 4743 1994 4812 aliquando
2032 4754 2088 4796 ut

511 4814 707 4884 aliquid
755 4813 966 4866 illorum
1001 4815 1297 4883 negligatur
1322 4855 1338 4880 ,
1383 4813 1632 4884 tanquam
1664 4829 1946 4868 commune
1973 4830 2088 4867 om-

511 4884 658 4935 nium
688 4883 885 4938 bonum
920 4887 985 4936 ab
1017 4884 1081 4937 iis
1108 4895 1479 4952 competenter
1497 4883 1813 4953 colligatur,
1863 4899 2085 4953 quorum

514 4954 740 5020 primum
762 4957 1072 5022 conspectui
1104 4955 1370 5022 obiectum
1413 4956 1572 5009 fuerit
1604 4973 1615 5006 :
1652 4957 1768 5009 licet
1801 4959 1942 5007 enim
1974 4956 2088 5007 ill0~

512 5038 630 5076 rum
674 5040 800 5078 usus
835 5028 902 5078 sit
931 5038 1239 5092 separatus,
1285 5039 1340 5080 et
1386 5027 1701 5094 quibusdam
1747 5025 2091 5092 peculiariter

503 5095 798 5160 deputatus
820 5134 836 5158 ,
870 5097 1068 5149 utilitas
1118 5106 1294 5150 tamen
1349 5099 1401 5164 ip
1432 5112 1584 5150 orum
1619 5096 1920 5148 communis
1961 5105 2044 5149 est
2072 5112 2085 5148 :

514 5180 636 5236 nam
665 5165 710 5218 si
751 5167 1026 5232 quisquam
1067 5175 1316 5236 tauquam
1355 5169 1419 5219 ad
1467 5181 1529 5220 se
1583 5167 1720 5218 nilnl
1753 5165 2086 5232 pertinentia

512 5235 738 5289 aliarum
795 5238 990 5291 artium
1041 5240 1394 5290 instrumenta
1446 5244 1869 5305 contempserit,
1926 5236 2088 5288 animi

513 5308 727 5376 alienati
763 5316 939 5360 notam
972 5308 1204 5361 habebit.
1239 5307 1422 5376 Neque
1455 5318 1630 5360 tamen
1668 5305 1919 5376 convenit
1957 5307 2092 5358 arti-

504 5375 645 5430 llccs
691 5378 1174 5432 indumentorum
1218 5375 1436 5432 suorum
1485 5377 1777 5429 dominium
1815 5375 1914 5429 sibi
1966 5376 2092 5444 ipsis

516 5449 817 5514 vindicare;
862 5448 937 5502 ita
990 5460 1042 5501 ut
1097 5448 1268 5502 nolint
1321 5449 1554 5515 ipsortnn
1606 5460 1757 5500 usum
1803 5451 2089 5515 praeposito

515 5517 734 5571 fratrum
766 5521 830 5573 ad
874 5533 1248 5587 quamcunque
1284 5533 1395 5571 rem
1447 5518 1534 5569 ille
1565 5518 1698 5570 velit
1733 5519 2086 5584 permittere;

518 5590 600 5640 Vel
629 5590 730 5641 sibi
759 5589 886 5653 ipsis
917 5590 965 5641 id
1002 5589 1280 5656 potestatis
1312 5603 1568 5656 usurpare
1595 5628 1608 5650 ,
1644 5597 1702 5641 ut
1730 5589 1817 5641 illa
1847 5591 1926 5640 vel
1964 5603 2010 5636 vi
2033 5604 2091 5640 n-

510 5658 672 5718 dant.
703 5662 789 5713 Vel
818 5669 1168 5726 ciimtnulcnt,
1203 5670 1294 5710 aut
1322 5659 1428 5711 alio
1468 5673 1785 5725 quocunque
1814 5659 1972 5710 modo
1999 5663 2090 5709 ab-

511 5728 723 5794 jiciant,
749 5733 827 5782 vel
857 5732 956 5781 alia
987 5729 1050 5782 ad
1077 5744 1137 5783 ea
1167 5743 1283 5796 quze
1317 5727 1828 5796 liabentacquirant.
1871 5746 1889 5778 ι

2196 4675 2261 4727 ad
2293 4688 2414 4744 eum
2446 4689 2656 4743 quoque
2699 4675 3015 4740 pertinuisse
3047 4677 3355 4729 monasterii
3389 4673 3642 4743 pecunias
3671 4691 3785 4730 ser-

2198 4743 2324 4814 vare
2355 4762 2369 4797 :
2397 4745 2446 4798 id
2477 4747 2617 4814 quod
2645 4749 2924 4814 conlirmat
2955 4744 3330 4810 Ilildentarus,
3360 4762 3480 4800 cum
3505 4748 3783 4812 explicans

2194 4813 2324 4867 illttd
2351 4813 2520 4869 Sancti
2547 4815 2838 4886 Benedicti,
2867 4813 2947 4866 Ne
2965 4816 3295 4886 dissimulans
3313 4827 3400 4868 aut
3411 4817 3786 4886 parvipendcus

2195 4889 2416 4956 salutem
2461 4887 2772 4948 animarum,
2803 4884 2942 4956 haec
2994 4886 3177 4939 scribit
3232 4884 3457 4955 (Comm.
3500 4887 3556 4938 in
3599 4886 3782 4956 Rrgu'.

2198 4955 2260 5008 S.
2294 4954 2357 5008 Β.
2387 4971 2504 5022 cap.
2529 4957 2625 5021 2):
2658 4973 2676 5005 ι
2717 4954 2896 5009 Abbas
2923 4953 3082 5008 habet
3107 4953 3411 5010 vestiarium
3445 4953 3780 5025 plenum'di-

2197 5025 2361 5087 vitiis.
2394 5035 2450 5079 et
2480 5027 2622 5080 videt
2668 5027 2885 5080 fratrem
2919 5028 3296 5080 necessitatem
3327 5028 3610 5081 habentem
3641 5045 3655 5078 :
3685 5027 3785 5079 iste

2198 5096 2319 5148 talis
2352 5097 2546 5150 timens
2579 5111 2644 5150 ne
2667 5111 2822 5150 suum
2845 5096 3155 5150 vestiarium
3183 5098 3500 5161 mitteretur,
3537 5113 3643 5152 non
3665 5111 3784 5150 suc-

2198 5167 2366 5219 currit
2394 5165 2542 5220 fratri
2577 5167 2796 5234 patienti
2822 5177 3224 5231 necessitatem,
3249 5177 3399 5221 autci
3423 5168 3520 5221 llas
3544 5169 3785 5221 infirmo-

2201 5251 2316 5289 rum
2349 5252 2453 5288 non
2487 5247 2751 5290 restanrat
2785 5247 3006 5306 propter
3033 5237 3312 5292 avaritiam
3341 5255 3354 5301 ;
3379 5238 3477 5291 hic
3505 5239 3627 5291 talis
3671 5251 3782 5289 nia-

2199 5306 2419 5377 nifestat
2438 5323 2495 5360 se
2519 5309 2635 5374 plus
2664 5309 2882 5362 studere
2904 5309 3064 5362 rebus
3089 5310 3316 5362 terrenis
3335 5323 3491 5377 quam
3519 5310 3588 5362 de
3612 5323 3638 5361 s
3658 5307 3782 5360 ilnte

2198 5375 2402 5429 fratris.
2437 5395 2454 5427 ι
2493 5377 2558 5431 Ει
2581 5378 2816 5431 Joannes
2847 5378 3112 5432 Diaconos
3136 5380 3190 5432 itt
3222 5380 3315 5432 lib.
3340 5375 3364 5431 ι’
3381 5380 3451 5433 de
3480 5377 3594 5432 Vita
3615 5378 3781 5430 sancti

2197 5446 2644 5516 Gregorii‘papte,
2674 5463 2723 5501 c.
2761 5448 2847 5512 lt),
2880 5449 2966 5501 ubi
3001 5451 3239 5503 referens
3280 5451 3540 5517 insignem
3574 5451 3626 5500 in
3656 5463 3782 5501 nau—

2200 5517 2404 5586 frugum
2440 5533 2724 5587 pauperem
2755 5520 2925 5573 sancti
2960 5519 3130 5573 Patris
3157 5521 3506 5580 charitatem,
3549 5521 3663 5572 lucc
3691 5517 3784 5569 ba-

2201 5589 2287 5642 bet
2315 5590 2472 5660 (Suec.
2505 5588 2758 5657 iBeued.)
2778 5607 2789 5642 :
2809 5608 2829 5640 ι
2857 5591 2950 5642 Cui
2975 5589 3377 5660 liberalissimus
3401 5589 3576 5652 Pater,
3608 5603 3783 5660 accer-

2201 5660 2306 5711 sito
2329 5659 2619 5719 vestiario.
2654 5661 2759 5712 alia
2781 5675 2874 5713 sex
2917 5659 3238 5714 nomismata
3275 5660 3392 5712 dari
3438 5659 3781 5727 praeipiens,

2200 5732 2451 5799 cognovit
2482 5733 2535 5784 in
2569 5731 2806 5784 vestiario
2855 5731 2982 5784 nihil
3026 5732 3404 5786 numistnatum
3436 5730 3577 5784 unde
3603 5738 3783 5799 posset

578 5839 596 5855 ‘
623 5843 808 5888 Sensus
833 5850 882 5891 et
915 5846 1131 5890 svnlaxis
1165 5839 1371 5888 exigunt
1396 5846 1450 5891 ut
1471 5842 1678 5900 legatur,
1704 5849 2006 5900 rmnpun'ur,
2036 5852 2103 5901 et,
2129 5843 2423 5897 disstumtur.
2459 5847 2524 5897 lin
2543 5865 2586 5898 τ.
