  <div class='ocr_page' id='page_1' title='image "/cluster/home/n/w/nwhite01/storage/ocr_20150623/66/hvd.32044054758701/011.png"; bbox 0 0 4032 6184; ppageno 0'>
   <div class='ocr_carea' id='block_1_1' title="bbox 419 286 1585 319">
    <p class='ocr_par' dir='ltr' id='par_1_1' title="bbox 419 286 1585 319">
     <span class='ocr_line' id='line_1_1' title="bbox 419 286 1585 319; baseline -0.009 -1"><span class='ocrx_word' id='word_1_1' title='bbox 419 286 1585 319; x_wconf 59' lang='lat' dir='ltr'><strong>.2l=======:=====:=::::=:::==::::::</strong></span> 
     </span>
    </p>
   </div>
   <div class='ocr_carea' id='block_1_2' title="bbox 375 286 1475 320">
    <p class='ocr_par' dir='ltr' id='par_1_2' title="bbox 375 286 1475 320">
     <span class='ocr_line' id='line_1_2' title="bbox 375 286 1475 320; baseline -0.009 -1"><span class='ocrx_word' id='word_1_2' title='bbox 375 286 1475 320; x_wconf 50' lang='lat' dir='ltr'><strong>ﬂﬁ3=============================</strong></span> 
     </span>
    </p>
   </div>
   <div class='ocr_carea' id='block_1_3' title="bbox 1486 284 1958 308">
    <p class='ocr_par' dir='ltr' id='par_1_3' title="bbox 1486 284 1958 308">
     <span class='ocr_line' id='line_1_3' title="bbox 1486 284 1958 308; baseline -0.004 0"><span class='ocrx_word' id='word_1_3' title='bbox 1486 284 1958 308; x_wconf 55' lang='grc' dir='ltr'><strong>Μ</strong></span> 
     </span>
    </p>
   </div>
   <div class='ocr_carea' id='block_1_4' title="bbox 1964 268 3584 307">
    <p class='ocr_par' dir='ltr' id='par_1_4' title="bbox 1964 268 3584 307">
     <span class='ocr_line' id='line_1_4' title="bbox 1964 268 3584 307; baseline -0.004 -2"><span class='ocrx_word' id='word_1_4' title='bbox 1964 268 3584 307; x_wconf 57' lang='lat' dir='ltr'><strong>lunasazz==an======2====================ualﬁ==lu.</strong></span> 
     </span>
    </p>
   </div>
   <div class='ocr_carea' id='block_1_5' title="bbox 1178 401 2783 520">
    <p class='ocr_par' dir='ltr' id='par_1_5' title="bbox 1178 401 2783 520">
     <span class='ocr_line' id='line_1_5' title="bbox 1178 401 2783 520; baseline -0.006 0"><span class='ocrx_word' id='word_1_5' title='bbox 1178 402 1965 520; x_wconf 73' lang='lat' dir='ltr'><strong>JOANNIS</strong></span> <span class='ocrx_word' id='word_1_6' title='bbox 2038 402 2570 514; x_wconf 74' lang='lat' dir='ltr'><strong>PAPE</strong></span> <span class='ocrx_word' id='word_1_7' title='bbox 2641 401 2783 511; x_wconf 86' lang='lat' dir='ltr'><strong>II</strong></span> 
     </span>
    </p>
   </div>
   <div class='ocr_carea' id='block_1_6' title="bbox 1618 615 2377 729">
    <p class='ocr_par' dir='ltr' id='par_1_6' title="bbox 1618 615 2377 729">
     <span class='ocr_line' id='line_1_6' title="bbox 1618 615 2377 729; baseline -0.007 -1"><span class='ocrx_word' id='word_1_8' title='bbox 1618 615 2377 729; x_wconf 61' lang='lat' dir='ltr'><strong>EPISTOLAE.</strong></span> 
     </span>
    </p>
   </div>
   <div class='ocr_carea' id='block_1_7' title="bbox 1636 790 2337 858">
    <p class='ocr_par' dir='ltr' id='par_1_7' title="bbox 1636 790 2337 858">
     <span class='ocr_line' id='line_1_7' title="bbox 1636 790 2337 858; baseline -0.01 -15"><span class='ocrx_word' id='word_1_9' title='bbox 1636 795 1727 858; x_wconf 78' lang='lat' dir='ltr'><strong>(Ex</strong></span> <span class='ocrx_word' id='word_1_10' title='bbox 1754 793 1903 841; x_wconf 81' lang='lat' dir='ltr'><strong>Mansi</strong></span> <span class='ocrx_word' id='word_1_11' title='bbox 1930 790 2125 843; x_wconf 86' lang='lat' dir='ltr'><strong>Collect.</strong></span> <span class='ocrx_word' id='word_1_12' title='bbox 2146 790 2337 851; x_wconf 80' lang='lat' dir='ltr'><strong>concil.)</strong></span> 
     </span>
    </p>
   </div>
   <div class='ocr_carea' id='block_1_8' title="bbox 640 1013 1652 1079">
    <p class='ocr_par' dir='ltr' id='par_1_8' title="bbox 640 1013 1652 1079">
     <span class='ocr_line' id='line_1_8' title="bbox 640 1013 1652 1079; baseline -0.013 1"><span class='ocrx_word' id='word_1_13' title='bbox 640 1022 967 1079; x_wconf 75' lang='lat' dir='ltr'><strong>EPISTULA</strong></span> <span class='ocrx_word' id='word_1_14' title='bbox 1006 1016 1419 1073; x_wconf 72' lang='lat' dir='ltr'><strong>ATHALARICI</strong></span> <span class='ocrx_word' id='word_1_15' title='bbox 1450 1013 1652 1069; x_wconf 77' lang='lat' dir='ltr'><strong>REGIS</strong></span> 
     </span>
    </p>
   </div>
   <div class='ocr_carea' id='block_1_9' title="bbox 964 1146 1323 1187">
    <p class='ocr_par' dir='ltr' id='par_1_9' title="bbox 964 1146 1323 1187">
     <span class='ocr_line' id='line_1_9' title="bbox 964 1146 1323 1187; baseline -0.006 0"><span class='ocrx_word' id='word_1_16' title='bbox 964 1150 1029 1187; x_wconf 81' lang='grc' dir='ltr'><strong>Αἰ)</strong></span> <span class='ocrx_word' id='word_1_17' title='bbox 1066 1146 1323 1187; x_wconf 68' lang='grc' dir='ltr'><strong>ιοΑΜιειι.</strong></span> 
     </span>
    </p>
   </div>
   <div class='ocr_carea' id='block_1_10' title="bbox 438 1262 1861 1338">
    <p class='ocr_par' dir='ltr' id='par_1_10' title="bbox 438 1262 1861 1338">
     <span class='ocr_line' id='line_1_10' title="bbox 438 1262 1861 1338; baseline -0.013 -8"><span class='ocrx_word' id='word_1_18' title='bbox 438 1277 667 1330; x_wconf 77' lang='lat' dir='ltr'><strong>Continct</strong></span> <span class='ocrx_word' id='word_1_19' title='bbox 708 1272 1141 1338; x_wconf 76' lang='lat' dir='ltr'><strong>confirmationem</strong></span> <span class='ocrx_word' id='word_1_20' title='bbox 1169 1264 1593 1338; x_wconf 77' lang='lat' dir='ltr'><strong>senatusconsulti</strong></span> <span class='ocrx_word' id='word_1_21' title='bbox 1621 1262 1861 1315; x_wconf 75' lang='lat' dir='ltr'><strong>adversus</strong></span> 
     </span>
    </p>
   </div>
   <div class='ocr_carea' id='block_1_11' title="bbox 901 1337 1387 1396">
    <p class='ocr_par' dir='ltr' id='par_1_11' title="bbox 901 1337 1387 1396">
     <span class='ocr_line' id='line_1_11' title="bbox 901 1337 1387 1396; baseline -0.016 0"><span class='ocrx_word' id='word_1_22' title='bbox 901 1340 1217 1396; x_wconf 84' lang='lat' dir='ltr'><strong>Simoniacos</strong></span> <span class='ocrx_word' id='word_1_23' title='bbox 1245 1337 1387 1391; x_wconf 84' lang='lat' dir='ltr'><strong>editi.</strong></span> 
     </span>
    </p>
   </div>
   <div class='ocr_carea' id='block_1_12' title="bbox 438 1471 1315 1542">
    <p class='ocr_par' dir='ltr' id='par_1_12' title="bbox 438 1471 1315 1542">
     <span class='ocr_line' id='line_1_12' title="bbox 438 1471 1315 1542; baseline -0.011 -11"><span class='ocrx_word' id='word_1_24' title='bbox 438 1477 627 1531; x_wconf 79' lang='lat' dir='ltr'><strong>Joanni</strong></span> <span class='ocrx_word' id='word_1_25' title='bbox 662 1490 809 1542; x_wconf 81' lang='lat' dir='ltr'><strong>papa:</strong></span> <span class='ocrx_word' id='word_1_26' title='bbox 837 1471 1171 1526; x_wconf 84' lang='lat' dir='ltr'><strong>Athalaricus</strong></span> <span class='ocrx_word' id='word_1_27' title='bbox 1200 1484 1315 1524; x_wconf 79' lang='lat' dir='ltr'><strong>rex.</strong></span> 
     </span>
    </p>
   </div>
   <div class='ocr_carea' id='block_1_13' title="bbox 437 1598 1928 1676">
    <p class='ocr_par' dir='ltr' id='par_1_13' title="bbox 437 1598 1928 1676">
     <span class='ocr_line' id='line_1_13' title="bbox 437 1598 1928 1676; baseline -0.007 -14"><span class='ocrx_word' id='word_1_28' title='bbox 437 1609 494 1662; x_wconf 88' lang='lat' dir='ltr'><strong>Si</strong></span> <span class='ocrx_word' id='word_1_29' title='bbox 517 1606 742 1676; x_wconf 81' lang='lat' dir='ltr'><strong>antiquis</strong></span> <span class='ocrx_word' id='word_1_30' title='bbox 758 1604 1085 1675; x_wconf 91' lang='lat' dir='ltr'><strong>principibus</strong></span> <span class='ocrx_word' id='word_1_31' title='bbox 1104 1602 1336 1656; x_wconf 89' lang='lat' dir='ltr'><strong>studium</strong></span> <span class='ocrx_word' id='word_1_32' title='bbox 1356 1600 1453 1654; x_wconf 88' lang='lat' dir='ltr'><strong>fuit</strong></span> <span class='ocrx_word' id='word_1_33' title='bbox 1466 1599 1611 1668; x_wconf 89' lang='lat' dir='ltr'><strong>leges</strong></span> <span class='ocrx_word' id='word_1_34' title='bbox 1627 1598 1928 1668; x_wconf 84' lang='lat' dir='ltr'><strong>exquirere,</strong></span> 
     </span>
    </p>
   </div>
   <div class='ocr_carea' id='block_1_14' title="bbox 373 1690 1933 1769">
    <p class='ocr_par' dir='ltr' id='par_1_14' title="bbox 373 1690 1933 1769">
     <span class='ocr_line' id='line_1_14' title="bbox 373 1690 1933 1769; baseline -0.007 -16"><span class='ocrx_word' id='word_1_35' title='bbox 373 1711 427 1755; x_wconf 85' lang='lat' dir='ltr'><strong>ut</strong></span> <span class='ocrx_word' id='word_1_36' title='bbox 462 1700 688 1769; x_wconf 73' lang='lat' dir='ltr'><strong>subjecti</strong></span> <span class='ocrx_word' id='word_1_37' title='bbox 717 1696 894 1767; x_wconf 83' lang='lat' dir='ltr'><strong>populi</strong></span> <span class='ocrx_word' id='word_1_38' title='bbox 929 1694 1229 1751; x_wconf 86' lang='lat' dir='ltr'><strong>delectabili</strong></span> <span class='ocrx_word' id='word_1_39' title='bbox 1270 1692 1656 1762; x_wconf 71' lang='lat' dir='ltr'><strong>tranquillitate</strong></span> <span class='ocrx_word' id='word_1_40' title='bbox 1686 1690 1933 1745; x_wconf 85' lang='lat' dir='ltr'><strong>frueren-</strong></span> 
     </span>
    </p>
   </div>
   <div class='ocr_carea' id='block_1_15' title="bbox 369 1784 1939 1860">
    <p class='ocr_par' dir='ltr' id='par_1_15' title="bbox 369 1784 1939 1860">
     <span class='ocr_line' id='line_1_15' title="bbox 369 1784 1939 1860; baseline -0.009 -13"><span class='ocrx_word' id='word_1_41' title='bbox 369 1805 475 1860; x_wconf 87' lang='lat' dir='ltr'><strong>tur,</strong></span> <span class='ocrx_word' id='word_1_42' title='bbox 511 1792 677 1845; x_wconf 87' lang='lat' dir='ltr'><strong>multo</strong></span> <span class='ocrx_word' id='word_1_43' title='bbox 706 1788 1043 1859; x_wconf 70' lang='lat' dir='ltr'><strong>praestantius</strong></span> <span class='ocrx_word' id='word_1_44' title='bbox 1084 1795 1169 1840; x_wconf 89' lang='lat' dir='ltr'><strong>est</strong></span> <span class='ocrx_word' id='word_1_45' title='bbox 1196 1786 1319 1839; x_wconf 88' lang='lat' dir='ltr'><strong>talia</strong></span> <span class='ocrx_word' id='word_1_46' title='bbox 1349 1784 1639 1838; x_wconf 83' lang='lat' dir='ltr'><strong>decernere</strong></span> <span class='ocrx_word' id='word_1_47' title='bbox 1667 1796 1788 1851; x_wconf 74' lang='lat' dir='ltr'><strong>quae</strong></span> <span class='ocrx_word' id='word_1_48' title='bbox 1818 1796 1939 1850; x_wconf 85' lang='lat' dir='ltr'><strong>pos-</strong></span> 
     </span>
    </p>
   </div>
   <div class='ocr_carea' id='block_1_16' title="bbox 370 1875 1938 1949">
    <p class='ocr_par' dir='ltr' id='par_1_16' title="bbox 370 1875 1938 1949">
     <span class='ocr_line' id='line_1_16' title="bbox 370 1875 1938 1949; baseline -0.007 -13"><span class='ocrx_word' id='word_1_49' title='bbox 370 1886 477 1938; x_wconf 74' lang='lat' dir='ltr'><strong>sint</strong></span> <span class='ocrx_word' id='word_1_50' title='bbox 513 1884 680 1937; x_wconf 61' lang='grc' dir='ltr'><strong>δεον-ῖς</strong></span> <span class='ocrx_word' id='word_1_51' title='bbox 720 1881 914 1949; x_wconf 77' lang='lat' dir='ltr'><strong>regulis</strong></span> <span class='ocrx_word' id='word_1_52' title='bbox 953 1877 1260 1933; x_wconf 90' lang='lat' dir='ltr'><strong>convenire.</strong></span> <span class='ocrx_word' id='word_1_53' title='bbox 1305 1875 1497 1931; x_wconf 88' lang='lat' dir='ltr'><strong>Absint</strong></span> <span class='ocrx_word' id='word_1_54' title='bbox 1526 1875 1665 1929; x_wconf 90' lang='lat' dir='ltr'><strong>enim</strong></span> <span class='ocrx_word' id='word_1_55' title='bbox 1693 1887 1720 1926; x_wconf 89' lang='lat' dir='ltr'><strong>a</strong></span> <span class='ocrx_word' id='word_1_56' title='bbox 1755 1882 1938 1927; x_wconf 92' lang='lat' dir='ltr'><strong>nostro</strong></span> 
     </span>
    </p>
   </div>
   <div class='ocr_carea' id='block_1_17' title="bbox 370 1966 1938 2037">
    <p class='ocr_par' dir='ltr' id='par_1_17' title="bbox 370 1966 1938 2037">
     <span class='ocr_line' id='line_1_17' title="bbox 370 1966 1938 2037; baseline -0.006 -11"><span class='ocrx_word' id='word_1_57' title='bbox 370 1976 568 2029; x_wconf 62' lang='lat' dir='ltr'><strong>sarculo</strong></span> <span class='ocrx_word' id='word_1_58' title='bbox 593 1974 849 2026; x_wconf 88' lang='lat' dir='ltr'><strong>damnosa</strong></span> <span class='ocrx_word' id='word_1_59' title='bbox 889 1967 1224 2037; x_wconf 90' lang='lat' dir='ltr'><strong>compendia.</strong></span> <span class='ocrx_word' id='word_1_60' title='bbox 1259 1966 1395 2022; x_wconf 94' lang='lat' dir='ltr'><strong>Illud</strong></span> <span class='ocrx_word' id='word_1_61' title='bbox 1422 1974 1625 2020; x_wconf 90' lang='lat' dir='ltr'><strong>tantum</strong></span> <span class='ocrx_word' id='word_1_62' title='bbox 1656 1978 1938 2035; x_wconf 89' lang='lat' dir='ltr'><strong>possumus</strong></span> 
     </span>
    </p>
   </div>
   <div class='ocr_carea' id='block_1_18' title="bbox 373 2055 1937 2131">
    <p class='ocr_par' dir='ltr' id='par_1_18' title="bbox 373 2055 1937 2131">
     <span class='ocr_line' id='line_1_18' title="bbox 373 2055 1937 2131; baseline -0.009 -11"><span class='ocrx_word' id='word_1_63' title='bbox 373 2082 555 2121; x_wconf 85' lang='lat' dir='ltr'><strong>verum</strong></span> <span class='ocrx_word' id='word_1_64' title='bbox 598 2066 801 2119; x_wconf 90' lang='lat' dir='ltr'><strong>lucrum</strong></span> <span class='ocrx_word' id='word_1_65' title='bbox 844 2063 1063 2121; x_wconf 86' lang='lat' dir='ltr'><strong>dicere.</strong></span> <span class='ocrx_word' id='word_1_66' title='bbox 1105 2059 1243 2131; x_wconf 91' lang='lat' dir='ltr'><strong>quod</strong></span> <span class='ocrx_word' id='word_1_67' title='bbox 1282 2064 1492 2113; x_wconf 89' lang='lat' dir='ltr'><strong>constat</strong></span> <span class='ocrx_word' id='word_1_68' title='bbox 1535 2057 1712 2112; x_wconf 88' lang='lat' dir='ltr'><strong>divina</strong></span> <span class='ocrx_word' id='word_1_69' title='bbox 1741 2055 1937 2125; x_wconf 90' lang='lat' dir='ltr'><strong>judicia</strong></span> 
     </span>
    </p>
   </div>
   <div class='ocr_carea' id='block_1_19' title="bbox 370 2147 1934 2225">
    <p class='ocr_par' dir='ltr' id='par_1_19' title="bbox 370 2147 1934 2225">
     <span class='ocr_line' id='line_1_19' title="bbox 370 2147 1934 2225; baseline -0.008 -13"><span class='ocrx_word' id='word_1_70' title='bbox 370 2174 475 2212; x_wconf 91' lang='lat' dir='ltr'><strong>non</strong></span> <span class='ocrx_word' id='word_1_71' title='bbox 502 2159 711 2225; x_wconf 91' lang='lat' dir='ltr'><strong>punire.</strong></span> <span class='ocrx_word' id='word_1_72' title='bbox 745 2154 922 2223; x_wconf 83' lang='lat' dir='ltr'><strong>Nuper</strong></span> <span class='ocrx_word' id='word_1_73' title='bbox 955 2151 1215 2220; x_wconf 83' lang='lat' dir='ltr'><strong>siquidem</strong></span> <span class='ocrx_word' id='word_1_74' title='bbox 1246 2148 1313 2204; x_wconf 91' lang='lat' dir='ltr'><strong>ad</strong></span> <span class='ocrx_word' id='word_1_75' title='bbox 1343 2163 1439 2204; x_wconf 89' lang='lat' dir='ltr'><strong>nos</strong></span> <span class='ocrx_word' id='word_1_76' title='bbox 1466 2147 1718 2203; x_wconf 86' lang='lat' dir='ltr'><strong>defensor</strong></span> <span class='ocrx_word' id='word_1_77' title='bbox 1751 2147 1934 2200; x_wconf 87' lang='lat' dir='ltr'><strong>Eccle-</strong></span> 
     </span>
    </p>
   </div>
   <div class='ocr_carea' id='block_1_20' title="bbox 372 2239 1940 2311">
    <p class='ocr_par' dir='ltr' id='par_1_20' title="bbox 372 2239 1940 2311">
     <span class='ocr_line' id='line_1_20' title="bbox 372 2239 1940 2311; baseline -0.008 -10"><span class='ocrx_word' id='word_1_78' title='bbox 372 2253 467 2303; x_wconf 79' lang='lat' dir='ltr'><strong>sia:</strong></span> <span class='ocrx_word' id='word_1_79' title='bbox 498 2248 749 2301; x_wconf 69' lang='lat' dir='ltr'><strong>Romam:</strong></span> <span class='ocrx_word' id='word_1_80' title='bbox 789 2245 950 2300; x_wconf 90' lang='lat' dir='ltr'><strong>flebili</strong></span> <span class='ocrx_word' id='word_1_81' title='bbox 991 2242 1307 2311; x_wconf 77' lang='lat' dir='ltr'><strong>allegatione</strong></span> <span class='ocrx_word' id='word_1_82' title='bbox 1336 2239 1612 2310; x_wconf 87' lang='lat' dir='ltr'><strong>pervenit,</strong></span> <span class='ocrx_word' id='word_1_83' title='bbox 1658 2253 1779 2292; x_wconf 90' lang='lat' dir='ltr'><strong>cum</strong></span> <span class='ocrx_word' id='word_1_84' title='bbox 1810 2251 1940 2303; x_wconf 82' lang='lat' dir='ltr'><strong>apo-</strong></span> 
     </span>
    </p>
   </div>
   <div class='ocr_carea' id='block_1_21' title="bbox 1957 988 3590 1057">
    <p class='ocr_par' dir='ltr' id='par_1_21' title="bbox 1957 988 3590 1057">
     <span class='ocr_line' id='line_1_21' title="bbox 1957 988 3590 1057; baseline 0 -15"><span class='ocrx_word' id='word_1_85' title='bbox 1957 992 2002 1047; x_wconf 82' lang='lat' dir='ltr'><strong>A</strong></span> <span class='ocrx_word' id='word_1_86' title='bbox 2033 989 2181 1043; x_wconf 88' lang='lat' dir='ltr'><strong>dum.</strong></span> <span class='ocrx_word' id='word_1_87' title='bbox 2213 988 2355 1041; x_wconf 85' lang='lat' dir='ltr'><strong>Alios</strong></span> <span class='ocrx_word' id='word_1_88' title='bbox 2402 1003 2532 1039; x_wconf 85' lang='lat' dir='ltr'><strong>vero</strong></span> <span class='ocrx_word' id='word_1_89' title='bbox 2577 988 2943 1054; x_wconf 84' lang='lat' dir='ltr'><strong>patriarchas,</strong></span> <span class='ocrx_word' id='word_1_90' title='bbox 2996 990 3207 1057; x_wconf 88' lang='lat' dir='ltr'><strong>quando</strong></span> <span class='ocrx_word' id='word_1_91' title='bbox 3248 990 3298 1043; x_wconf 91' lang='lat' dir='ltr'><strong>in</strong></span> <span class='ocrx_word' id='word_1_92' title='bbox 3341 991 3590 1042; x_wconf 76' lang='lat' dir='ltr'><strong>comitatu</strong></span> 
     </span>
    </p>
   </div>
   <div class='ocr_carea' id='block_1_22' title="bbox 2036 1078 3593 1146">
    <p class='ocr_par' dir='ltr' id='par_1_22' title="bbox 2036 1078 3593 1146">
     <span class='ocr_line' id='line_1_22' title="bbox 2036 1078 3593 1146; baseline 0.001 -16"><span class='ocrx_word' id='word_1_93' title='bbox 2036 1087 2217 1132; x_wconf 87' lang='lat' dir='ltr'><strong>nostro</strong></span> <span class='ocrx_word' id='word_1_94' title='bbox 2246 1078 2312 1130; x_wconf 82' lang='lat' dir='ltr'><strong>de</strong></span> <span class='ocrx_word' id='word_1_95' title='bbox 2341 1093 2522 1130; x_wconf 83' lang='lat' dir='ltr'><strong>eorum</strong></span> <span class='ocrx_word' id='word_1_96' title='bbox 2556 1078 2889 1131; x_wconf 76' lang='lat' dir='ltr'><strong>ordinatione</strong></span> <span class='ocrx_word' id='word_1_97' title='bbox 2920 1086 3202 1141; x_wconf 58' lang='lat' dir='ltr'><strong>tractatur,</strong></span> <span class='ocrx_word' id='word_1_98' title='bbox 3252 1079 3304 1131; x_wconf 89' lang='lat' dir='ltr'><strong>in</strong></span> <span class='ocrx_word' id='word_1_99' title='bbox 3351 1079 3593 1146; x_wconf 67' lang='lat' dir='ltr'><strong>supradi2</strong></span> 
     </span>
    </p>
   </div>
   <div class='ocr_carea' id='block_1_23' title="bbox 2028 1167 3585 1236">
    <p class='ocr_par' dir='ltr' id='par_1_23' title="bbox 2028 1167 3585 1236">
     <span class='ocr_line' id='line_1_23' title="bbox 2028 1167 3585 1236; baseline -0.003 -14"><span class='ocrx_word' id='word_1_100' title='bbox 2028 1170 2135 1222; x_wconf 84' lang='lat' dir='ltr'><strong>etis</strong></span> <span class='ocrx_word' id='word_1_101' title='bbox 2179 1169 2567 1221; x_wconf 84' lang='lat' dir='ltr'><strong>conditionibus</strong></span> <span class='ocrx_word' id='word_1_102' title='bbox 2610 1180 2768 1236; x_wconf 86' lang='lat' dir='ltr'><strong>atque</strong></span> <span class='ocrx_word' id='word_1_103' title='bbox 2817 1169 3057 1231; x_wconf 79' lang='lat' dir='ltr'><strong>personis</strong></span> <span class='ocrx_word' id='word_1_104' title='bbox 3103 1169 3237 1221; x_wconf 87' lang='lat' dir='ltr'><strong>intra</strong></span> <span class='ocrx_word' id='word_1_105' title='bbox 3284 1167 3389 1221; x_wconf 78' lang='lat' dir='ltr'><strong>duo</strong></span> <span class='ocrx_word' id='word_1_106' title='bbox 3421 1169 3585 1221; x_wconf 80' lang='lat' dir='ltr'><strong>millia</strong></span> 
     </span>
    </p>
   </div>
   <div class='ocr_carea' id='block_1_24' title="bbox 2034 1258 3591 1327">
    <p class='ocr_par' dir='ltr' id='par_1_24' title="bbox 2034 1258 3591 1327">
     <span class='ocr_line' id='line_1_24' title="bbox 2034 1258 3591 1327; baseline -0.001 -14"><span class='ocrx_word' id='word_1_107' title='bbox 2034 1258 2326 1313; x_wconf 91' lang='lat' dir='ltr'><strong>solidorum</strong></span> <span class='ocrx_word' id='word_1_108' title='bbox 2353 1260 2597 1325; x_wconf 89' lang='lat' dir='ltr'><strong>jubetuus</strong></span> <span class='ocrx_word' id='word_1_109' title='bbox 2628 1260 2931 1327; x_wconf 83' lang='lat' dir='ltr'><strong>expendere</strong></span> <span class='ocrx_word' id='word_1_110' title='bbox 2960 1276 2973 1310; x_wconf 91' lang='lat'><strong>:</strong></span> <span class='ocrx_word' id='word_1_111' title='bbox 3006 1262 3059 1311; x_wconf 91' lang='lat' dir='ltr'><strong>in</strong></span> <span class='ocrx_word' id='word_1_112' title='bbox 3088 1259 3386 1312; x_wconf 83' lang='lat' dir='ltr'><strong>civitatibus</strong></span> <span class='ocrx_word' id='word_1_113' title='bbox 3414 1267 3591 1311; x_wconf 87' lang='lat' dir='ltr'><strong>autem</strong></span> 
     </span>
    </p>
   </div>
   <div class='ocr_carea' id='block_1_25' title="bbox 2036 1349 3593 1418">
    <p class='ocr_par' dir='ltr' id='par_1_25' title="bbox 2036 1349 3593 1418">
     <span class='ocr_line' id='line_1_25' title="bbox 2036 1349 3593 1418; baseline -0.001 -15"><span class='ocrx_word' id='word_1_114' title='bbox 2036 1351 2151 1403; x_wconf 75' lang='lat' dir='ltr'><strong>Suis</strong></span> <span class='ocrx_word' id='word_1_115' title='bbox 2178 1352 2501 1403; x_wconf 90' lang='lat' dir='ltr'><strong>tenuissimae</strong></span> <span class='ocrx_word' id='word_1_116' title='bbox 2528 1349 2665 1414; x_wconf 73' lang='lat' dir='ltr'><strong>plebi</strong></span> <span class='ocrx_word' id='word_1_117' title='bbox 2693 1364 2796 1402; x_wconf 92' lang='lat' dir='ltr'><strong>non</strong></span> <span class='ocrx_word' id='word_1_118' title='bbox 2827 1352 3051 1417; x_wconf 82' lang='lat' dir='ltr'><strong>amplius</strong></span> <span class='ocrx_word' id='word_1_119' title='bbox 3087 1365 3245 1411; x_wconf 88' lang='lat' dir='ltr'><strong>quam</strong></span> <span class='ocrx_word' id='word_1_120' title='bbox 3275 1350 3593 1418; x_wconf 87' lang='lat' dir='ltr'><strong>quingentos</strong></span> 
     </span>
    </p>
   </div>
   <div class='ocr_carea' id='block_1_26' title="bbox 2036 1438 3597 1507">
    <p class='ocr_par' dir='ltr' id='par_1_26' title="bbox 2036 1438 3597 1507">
     <span class='ocr_line' id='line_1_26' title="bbox 2036 1438 3597 1507; baseline -0.003 -12"><span class='ocrx_word' id='word_1_121' title='bbox 2036 1440 2235 1495; x_wconf 84' lang='lat' dir='ltr'><strong>solidos</strong></span> <span class='ocrx_word' id='word_1_122' title='bbox 2278 1454 2337 1494; x_wconf 91' lang='lat' dir='ltr'><strong>se</strong></span> <span class='ocrx_word' id='word_1_123' title='bbox 2379 1439 2749 1492; x_wconf 78' lang='lat' dir='ltr'><strong>distributuros</strong></span> <span class='ocrx_word' id='word_1_124' title='bbox 2797 1453 2915 1493; x_wconf 79' lang='lat' dir='ltr'><strong>esse</strong></span> <span class='ocrx_word' id='word_1_125' title='bbox 2959 1448 3298 1507; x_wconf 81' lang='lat' dir='ltr'><strong>cognoscant.</strong></span> <span class='ocrx_word' id='word_1_126' title='bbox 3348 1438 3597 1507; x_wconf 79' lang='lat' dir='ltr'><strong>Reliquos</strong></span> 
     </span>
    </p>
   </div>
   <div class='ocr_carea' id='block_1_27' title="bbox 2035 1530 3592 1600">
    <p class='ocr_par' dir='ltr' id='par_1_27' title="bbox 2035 1530 3592 1600">
     <span class='ocr_line' id='line_1_27' title="bbox 2035 1530 3592 1600; baseline -0.001 -16"><span class='ocrx_word' id='word_1_127' title='bbox 2035 1532 2355 1600; x_wconf 84' lang='lat' dir='ltr'><strong>accipientes</strong></span> <span class='ocrx_word' id='word_1_128' title='bbox 2381 1542 2431 1584; x_wconf 90' lang='lat' dir='ltr'><strong>et</strong></span> <span class='ocrx_word' id='word_1_129' title='bbox 2461 1530 2617 1584; x_wconf 87' lang='lat' dir='ltr'><strong>edicti</strong></span> <span class='ocrx_word' id='word_1_130' title='bbox 2652 1533 2927 1598; x_wconf 68' lang='lat' dir='ltr'><strong>praesentis</strong></span> <span class='ocrx_word' id='word_1_131' title='bbox 2942 1542 2991 1584; x_wconf 90' lang='lat' dir='ltr'><strong>et</strong></span> <span class='ocrx_word' id='word_1_132' title='bbox 3016 1532 3460 1584; x_wconf 58' lang='lat' dir='ltr'><strong>senatusconsulti</strong></span> <span class='ocrx_word' id='word_1_133' title='bbox 3492 1546 3592 1582; x_wconf 88' lang='lat' dir='ltr'><strong>nu-</strong></span> 
     </span>
    </p>
   </div>
   <div class='ocr_carea' id='block_1_28' title="bbox 2040 1622 3597 1693">
    <p class='ocr_par' dir='ltr' id='par_1_28' title="bbox 2040 1622 3597 1693">
     <span class='ocr_line' id='line_1_28' title="bbox 2040 1622 3597 1693; baseline -0.004 -13"><span class='ocrx_word' id='word_1_134' title='bbox 2040 1640 2136 1693; x_wconf 85' lang='lat' dir='ltr'><strong>per</strong></span> <span class='ocrx_word' id='word_1_135' title='bbox 2168 1624 2328 1677; x_wconf 83' lang='lat' dir='ltr'><strong>habiti</strong></span> <span class='ocrx_word' id='word_1_136' title='bbox 2357 1638 2509 1691; x_wconf 72' lang='lat' dir='ltr'><strong>pmua</strong></span> <span class='ocrx_word' id='word_1_137' title='bbox 2540 1623 2888 1692; x_wconf 80' lang='lat' dir='ltr'><strong>constringat,</strong></span> <span class='ocrx_word' id='word_1_138' title='bbox 2924 1632 2978 1676; x_wconf 89' lang='lat' dir='ltr'><strong>et</strong></span> <span class='ocrx_word' id='word_1_139' title='bbox 3006 1622 3195 1677; x_wconf 81' lang='lat' dir='ltr'><strong>dantes</strong></span> <span class='ocrx_word' id='word_1_140' title='bbox 3220 1636 3479 1675; x_wconf 88' lang='lat' dir='ltr'><strong>canonum</strong></span> <span class='ocrx_word' id='word_1_141' title='bbox 3512 1636 3597 1675; x_wconf 82' lang='lat' dir='ltr'><strong>se-</strong></span> 
     </span>
    </p>
   </div>
   <div class='ocr_carea' id='block_1_29' title="bbox 2038 1717 2631 1787">
    <p class='ocr_par' dir='ltr' id='par_1_29' title="bbox 2038 1717 2631 1787">
     <span class='ocr_line' id='line_1_29' title="bbox 2038 1717 2631 1787; baseline -0.003 -17"><span class='ocrx_word' id='word_1_142' title='bbox 2038 1717 2233 1773; x_wconf 78' lang='lat' dir='ltr'><strong>veritas</strong></span> <span class='ocrx_word' id='word_1_143' title='bbox 2259 1724 2631 1787; x_wconf 85' lang='lat' dir='ltr'><strong>persequatur.</strong></span> 
     </span>
    </p>
   </div>
   <div class='ocr_carea' id='block_1_30' title="bbox 2112 1804 3596 1874">
    <p class='ocr_par' dir='ltr' id='par_1_30' title="bbox 2112 1804 3596 1874">
     <span class='ocr_line' id='line_1_30' title="bbox 2112 1804 3596 1874; baseline -0.005 -13"><span class='ocrx_word' id='word_1_144' title='bbox 2112 1808 2218 1861; x_wconf 84' lang='lat' dir='ltr'><strong>Vos</strong></span> <span class='ocrx_word' id='word_1_145' title='bbox 2268 1816 2469 1868; x_wconf 84' lang='lat' dir='ltr'><strong>autem,</strong></span> <span class='ocrx_word' id='word_1_146' title='bbox 2517 1807 2604 1874; x_wconf 88' lang='lat' dir='ltr'><strong>qui</strong></span> <span class='ocrx_word' id='word_1_147' title='bbox 2660 1806 3074 1874; x_wconf 83' lang='lat' dir='ltr'><strong>patriarcharum</strong></span> <span class='ocrx_word' id='word_1_148' title='bbox 3128 1804 3331 1858; x_wconf 88' lang='lat' dir='ltr'><strong>honore</strong></span> <span class='ocrx_word' id='word_1_149' title='bbox 3376 1804 3596 1872; x_wconf 74' lang='lat' dir='ltr'><strong>reliquis</strong></span> 
     </span>
    </p>
   </div>
   <div class='ocr_carea' id='block_1_31' title="bbox 2040 1894 3599 1967">
    <p class='ocr_par' dir='ltr' id='par_1_31' title="bbox 2040 1894 3599 1967">
     <span class='ocr_line' id='line_1_31' title="bbox 2040 1894 3599 1967; baseline -0.007 -14"><span class='ocrx_word' id='word_1_150' title='bbox 2040 1897 2331 1967; x_wconf 71' lang='lat' dir='ltr'><strong>praesidetis</strong></span> <span class='ocrx_word' id='word_1_151' title='bbox 2370 1897 2636 1958; x_wconf 59' lang='lat' dir='ltr'><strong>I&#39;ch&#39;csiis,</strong></span> <span class='ocrx_word' id='word_1_152' title='bbox 2690 1894 2937 1962; x_wconf 89' lang='lat' dir='ltr'><strong>quoniam</strong></span> <span class='ocrx_word' id='word_1_153' title='bbox 2982 1896 3288 1949; x_wconf 84' lang='lat' dir='ltr'><strong>constitutio</strong></span> <span class='ocrx_word' id='word_1_154' title='bbox 3317 1904 3493 1946; x_wconf 89' lang='lat' dir='ltr'><strong>nostra</strong></span> <span class='ocrx_word' id='word_1_155' title='bbox 3527 1894 3599 1943; x_wconf 83' lang='lat' dir='ltr'><strong>ab</strong></span> 
     </span>
    </p>
   </div>
   <div class='ocr_carea' id='block_1_32' title="bbox 2040 1980 3598 2055">
    <p class='ocr_par' dir='ltr' id='par_1_32' title="bbox 2040 1980 3598 2055">
     <span class='ocr_line' id='line_1_32' title="bbox 2040 1980 3598 2055; baseline -0.004 -12"><span class='ocrx_word' id='word_1_156' title='bbox 2040 1990 2219 2043; x_wconf 90' lang='lat' dir='ltr'><strong>illicita</strong></span> <span class='ocrx_word' id='word_1_157' title='bbox 2275 1986 2629 2055; x_wconf 84' lang='lat' dir='ltr'><strong>promissione</strong></span> <span class='ocrx_word' id='word_1_158' title='bbox 2679 1985 2953 2048; x_wconf 79' lang='lat' dir='ltr'><strong>liberavit,</strong></span> <span class='ocrx_word' id='word_1_159' title='bbox 3001 1994 3166 2038; x_wconf 78' lang='lat' dir='ltr'><strong>restat</strong></span> <span class='ocrx_word' id='word_1_160' title='bbox 3196 1994 3253 2036; x_wconf 90' lang='lat' dir='ltr'><strong>ut</strong></span> <span class='ocrx_word' id='word_1_161' title='bbox 3296 1982 3429 2037; x_wconf 79' lang='lat' dir='ltr'><strong>bona</strong></span> <span class='ocrx_word' id='word_1_162' title='bbox 3479 1980 3598 2039; x_wconf 68' lang='lat' dir='ltr'><strong>inii-</strong></span> 
     </span>
    </p>
   </div>
   <div class='ocr_carea' id='block_1_33' title="bbox 2042 2076 3599 2145">
    <p class='ocr_par' dir='ltr' id='par_1_33' title="bbox 2042 2076 3599 2145">
     <span class='ocr_line' id='line_1_33' title="bbox 2042 2076 3599 2145; baseline -0.004 -12"><span class='ocrx_word' id='word_1_163' title='bbox 2042 2087 2212 2133; x_wconf 89' lang='lat' dir='ltr'><strong>tantes</strong></span> <span class='ocrx_word' id='word_1_164' title='bbox 2236 2078 2511 2145; x_wconf 77' lang='lat' dir='ltr'><strong>exempla,</strong></span> <span class='ocrx_word' id='word_1_165' title='bbox 2560 2077 2675 2132; x_wconf 86' lang='lat' dir='ltr'><strong>sine</strong></span> <span class='ocrx_word' id='word_1_166' title='bbox 2718 2077 2893 2145; x_wconf 89' lang='lat' dir='ltr'><strong>aliquo</strong></span> <span class='ocrx_word' id='word_1_167' title='bbox 2939 2076 3291 2130; x_wconf 87' lang='lat' dir='ltr'><strong>Ecclesiarum</strong></span> <span class='ocrx_word' id='word_1_168' title='bbox 3323 2077 3599 2143; x_wconf 85' lang='lat' dir='ltr'><strong>dispendio</strong></span> 
     </span>
    </p>
   </div>
   <div class='ocr_carea' id='block_1_34' title="bbox 2039 2167 3600 2239">
    <p class='ocr_par' dir='ltr' id='par_1_34' title="bbox 2039 2167 3600 2239">
     <span class='ocr_line' id='line_1_34' title="bbox 2039 2167 3600 2239; baseline -0.003 -14"><span class='ocrx_word' id='word_1_169' title='bbox 2039 2171 2227 2239; x_wconf 83' lang='lat' dir='ltr'><strong>dignos</strong></span> <span class='ocrx_word' id='word_1_170' title='bbox 2283 2171 2558 2238; x_wconf 72' lang='lat' dir='ltr'><strong>majestate</strong></span> <span class='ocrx_word' id='word_1_171' title='bbox 2604 2169 2885 2238; x_wconf 66' lang='lat' dir='ltr'><strong>pontiﬁces</strong></span> <span class='ocrx_word' id='word_1_172' title='bbox 2928 2168 3183 2223; x_wconf 67' lang='lat' dir='ltr'><strong>offeratis.</strong></span> <span class='ocrx_word' id='word_1_173' title='bbox 3234 2167 3472 2237; x_wconf 87' lang='lat' dir='ltr'><strong>Iniquum</strong></span> <span class='ocrx_word' id='word_1_174' title='bbox 3516 2176 3600 2221; x_wconf 91' lang='lat' dir='ltr'><strong>est</strong></span> 
     </span>
    </p>
   </div>
   <div class='ocr_carea' id='block_1_35' title="bbox 2039 2258 3601 2329">
    <p class='ocr_par' dir='ltr' id='par_1_35' title="bbox 2039 2258 3601 2329">
     <span class='ocr_line' id='line_1_35' title="bbox 2039 2258 3601 2329; baseline -0.005 -14"><span class='ocrx_word' id='word_1_175' title='bbox 2039 2264 2184 2316; x_wconf 85' lang='lat' dir='ltr'><strong>enim</strong></span> <span class='ocrx_word' id='word_1_176' title='bbox 2212 2270 2269 2315; x_wconf 92' lang='lat' dir='ltr'><strong>ut</strong></span> <span class='ocrx_word' id='word_1_177' title='bbox 2297 2261 2470 2315; x_wconf 71' lang='lat' dir='ltr'><strong>locum</strong></span> <span class='ocrx_word' id='word_1_178' title='bbox 2517 2260 2651 2329; x_wconf 88' lang='lat' dir='ltr'><strong>apud</strong></span> <span class='ocrx_word' id='word_1_179' title='bbox 2686 2274 2780 2313; x_wconf 89' lang='lat' dir='ltr'><strong>vos</strong></span> <span class='ocrx_word' id='word_1_180' title='bbox 2808 2258 2999 2313; x_wconf 87' lang='lat' dir='ltr'><strong>haheat</strong></span> <span class='ocrx_word' id='word_1_181' title='bbox 3025 2258 3275 2320; x_wconf 66' lang='lat' dir='ltr'><strong>amotus,</strong></span> <span class='ocrx_word' id='word_1_182' title='bbox 3307 2271 3463 2319; x_wconf 90' lang='lat' dir='ltr'><strong>quem</strong></span> <span class='ocrx_word' id='word_1_183' title='bbox 3504 2270 3601 2309; x_wconf 92' lang='lat' dir='ltr'><strong>nos</strong></span> 
     </span>
    </p>
   </div>
   <div class='ocr_carea' id='block_1_36' title="bbox 372 2328 3601 2419">
    <p class='ocr_par' dir='ltr' id='par_1_36' title="bbox 372 2328 3601 2419">
     <span class='ocr_line' id='line_1_36' title="bbox 372 2328 3601 2419; baseline -0.004 -5"><span class='ocrx_word' id='word_1_184' title='bbox 372 2341 577 2395; x_wconf 60' lang='grc' dir='ltr'><strong>δισίεεθ</strong></span> <span class='ocrx_word' id='word_1_185' title='bbox 605 2338 717 2393; x_wconf 69' lang='lat' dir='ltr'><strong>sedi</strong></span> <span class='ocrx_word' id='word_1_186' title='bbox 745 2344 1016 2407; x_wconf 65' lang='grc' dir='ltr'><strong>Ρείθτθίην</strong></span> <span class='ocrx_word' id='word_1_187' title='bbox 1041 2335 1281 2395; x_wconf 68' lang='grc' dir='ltr'><strong>³¹¹¹Ῐδίθει</strong></span> <span class='ocrx_word' id='word_1_188' title='bbox 1310 2332 1566 2401; x_wconf 65' lang='grc' dir='ltr'><strong>αυοδάθω</strong></span> <span class='ocrx_word' id='word_1_189' title='bbox 1598 2328 1796 2385; x_wconf 63' lang='lat' dir='ltr'><strong>neraria</strong></span> <span class='ocrx_word' id='word_1_190' title='bbox 1826 2343 1936 2381; x_wconf 61' lang='lat' dir='ltr'><strong>ma&#39;</strong></span> <span class='ocrx_word' id='word_1_191' title='bbox 1966 2359 2012 2417; x_wconf 81' lang='grc' dir='ltr'><strong>Β</strong></span> <span class='ocrx_word' id='word_1_192' title='bbox 2038 2352 2185 2407; x_wconf 88' lang='lat' dir='ltr'><strong>laicis</strong></span> <span class='ocrx_word' id='word_1_193' title='bbox 2211 2352 2387 2407; x_wconf 85' lang='lat' dir='ltr'><strong>divina</strong></span> <span class='ocrx_word' id='word_1_194' title='bbox 2410 2328 2835 2406; x_wconf 72' lang='lat' dir='ltr'><strong>consideratione</strong></span> <span class='ocrx_word' id='word_1_195' title='bbox 2857 2350 3242 2419; x_wconf 61' lang='lat' dir='ltr'><strong>praeclusimus.</strong></span> <span class='ocrx_word' id='word_1_196' title='bbox 3264 2349 3601 2416; x_wconf 86' lang='lat' dir='ltr'><strong>Quapropter</strong></span> 
     </span>
    </p>
   </div>
   <div class='ocr_carea' id='block_1_37' title="bbox 370 2421 1931 2493">
    <p class='ocr_par' dir='ltr' id='par_1_37' title="bbox 370 2421 1931 2493">
     <span class='ocr_line' id='line_1_37' title="bbox 370 2421 1931 2493; baseline -0.009 -6"><span class='ocrx_word' id='word_1_197' title='bbox 370 2433 676 2487; x_wconf 84' lang='lat' dir='ltr'><strong>chinatioue</strong></span> <span class='ocrx_word' id='word_1_198' title='bbox 714 2428 1087 2485; x_wconf 88' lang='lat' dir='ltr'><strong>necessitatem</strong></span> <span class='ocrx_word' id='word_1_199' title='bbox 1118 2425 1373 2493; x_wconf 87' lang='lat' dir='ltr'><strong>temporis</strong></span> <span class='ocrx_word' id='word_1_200' title='bbox 1398 2432 1688 2492; x_wconf 88' lang='lat' dir='ltr'><strong>aucupatos</strong></span> <span class='ocrx_word' id='word_1_201' title='bbox 1710 2461 1727 2487; x_wconf 97' lang='lat'><strong>,</strong></span> <span class='ocrx_word' id='word_1_202' title='bbox 1760 2421 1830 2475; x_wconf 90' lang='lat' dir='ltr'><strong>ita</strong></span> <span class='ocrx_word' id='word_1_203' title='bbox 1853 2421 1931 2475; x_wconf 84' lang='lat' dir='ltr'><strong>fa-</strong></span> 
     </span>
    </p>
   </div>
   <div class='ocr_carea' id='block_1_38' title="bbox 370 2515 1937 2591">
    <p class='ocr_par' dir='ltr' id='par_1_38' title="bbox 370 2515 1937 2591">
     <span class='ocr_line' id='line_1_38' title="bbox 370 2515 1937 2591; baseline -0.008 -12"><span class='ocrx_word' id='word_1_204' title='bbox 370 2526 601 2579; x_wconf 71' lang='lat' dir='ltr'><strong>cultates</strong></span> <span class='ocrx_word' id='word_1_205' title='bbox 629 2537 914 2591; x_wconf 87' lang='lat' dir='ltr'><strong>pauperum</strong></span> <span class='ocrx_word' id='word_1_206' title='bbox 945 2517 1167 2574; x_wconf 84' lang='lat' dir='ltr'><strong>extortis</strong></span> <span class='ocrx_word' id='word_1_207' title='bbox 1197 2516 1636 2587; x_wconf 90' lang='lat' dir='ltr'><strong>promissionibus</strong></span> <span class='ocrx_word' id='word_1_208' title='bbox 1667 2515 1937 2583; x_wconf 88' lang='lat' dir='ltr'><strong>ingravas-</strong></span> 
     </span>
    </p>
   </div>
   <div class='ocr_carea' id='block_1_39' title="bbox 371 2608 1939 2684">
    <p class='ocr_par' dir='ltr' id='par_1_39' title="bbox 371 2608 1939 2684">
     <span class='ocr_line' id='line_1_39' title="bbox 371 2608 1939 2684; baseline -0.01 -13"><span class='ocrx_word' id='word_1_209' title='bbox 371 2634 454 2684; x_wconf 86' lang='lat' dir='ltr'><strong>se,</strong></span> <span class='ocrx_word' id='word_1_210' title='bbox 501 2626 560 2670; x_wconf 93' lang='lat' dir='ltr'><strong>ut</strong></span> <span class='ocrx_word' id='word_1_211' title='bbox 602 2614 763 2684; x_wconf 90' lang='lat' dir='ltr'><strong>(quod</strong></span> <span class='ocrx_word' id='word_1_212' title='bbox 802 2614 945 2667; x_wconf 89' lang='lat' dir='ltr'><strong>dictu</strong></span> <span class='ocrx_word' id='word_1_213' title='bbox 976 2610 1125 2665; x_wconf 89' lang='lat' dir='ltr'><strong>nefas</strong></span> <span class='ocrx_word' id='word_1_214' title='bbox 1170 2608 1273 2679; x_wconf 84' lang='lat' dir='ltr'><strong>est)</strong></span> <span class='ocrx_word' id='word_1_215' title='bbox 1304 2608 1462 2662; x_wconf 91' lang='lat' dir='ltr'><strong>etiam</strong></span> <span class='ocrx_word' id='word_1_216' title='bbox 1491 2621 1640 2661; x_wconf 89' lang='lat' dir='ltr'><strong>sacra</strong></span> <span class='ocrx_word' id='word_1_217' title='bbox 1670 2618 1794 2659; x_wconf 89' lang='lat' dir='ltr'><strong>vasa</strong></span> <span class='ocrx_word' id='word_1_218' title='bbox 1822 2618 1939 2658; x_wconf 89' lang='lat' dir='ltr'><strong>em-</strong></span> 
     </span>
    </p>
   </div>
   <div class='ocr_carea' id='block_1_40' title="bbox 370 2692 1942 2773">
    <p class='ocr_par' dir='ltr' id='par_1_40' title="bbox 370 2692 1942 2773">
     <span class='ocr_line' id='line_1_40' title="bbox 370 2692 1942 2773; baseline -0.012 -12"><span class='ocrx_word' id='word_1_219' title='bbox 370 2707 539 2773; x_wconf 87' lang='lat' dir='ltr'><strong>ptioni</strong></span> <span class='ocrx_word' id='word_1_220' title='bbox 564 2704 787 2773; x_wconf 69' lang='lat' dir='ltr'><strong>publica:</strong></span> <span class='ocrx_word' id='word_1_221' title='bbox 818 2701 1120 2754; x_wconf 85' lang='lat' dir='ltr'><strong>viderentur</strong></span> <span class='ocrx_word' id='word_1_222' title='bbox 1141 2698 1403 2765; x_wconf 83' lang='lat' dir='ltr'><strong>exposita.</strong></span> <span class='ocrx_word' id='word_1_223' title='bbox 1430 2694 1542 2747; x_wconf 84' lang='lat' dir='ltr'><strong>Hoc</strong></span> <span class='ocrx_word' id='word_1_224' title='bbox 1565 2703 1820 2762; x_wconf 90' lang='lat' dir='ltr'><strong>quantum</strong></span> <span class='ocrx_word' id='word_1_225' title='bbox 1843 2692 1942 2743; x_wconf 92' lang='lat' dir='ltr'><strong>fuit</strong></span> 
     </span>
    </p>
   </div>
   <div class='ocr_carea' id='block_1_41' title="bbox 372 2782 1944 2858">
    <p class='ocr_par' dir='ltr' id='par_1_41' title="bbox 372 2782 1944 2858">
     <span class='ocr_line' id='line_1_41' title="bbox 372 2782 1944 2858; baseline -0.007 -9"><span class='ocrx_word' id='word_1_226' title='bbox 372 2798 589 2850; x_wconf 83' lang='lat' dir='ltr'><strong>crudele</strong></span> <span class='ocrx_word' id='word_1_227' title='bbox 612 2792 889 2858; x_wconf 89' lang='lat' dir='ltr'><strong>committi,</strong></span> <span class='ocrx_word' id='word_1_228' title='bbox 912 2798 1115 2844; x_wconf 90' lang='lat' dir='ltr'><strong>tantum</strong></span> <span class='ocrx_word' id='word_1_229' title='bbox 1139 2788 1444 2857; x_wconf 86' lang='lat' dir='ltr'><strong>religiosum</strong></span> <span class='ocrx_word' id='word_1_230' title='bbox 1461 2794 1543 2840; x_wconf 88' lang='lat' dir='ltr'><strong>est</strong></span> <span class='ocrx_word' id='word_1_231' title='bbox 1568 2784 1805 2838; x_wconf 88' lang='lat' dir='ltr'><strong>adhibita</strong></span> <span class='ocrx_word' id='word_1_232' title='bbox 1832 2782 1944 2852; x_wconf 83' lang='lat' dir='ltr'><strong>pie—</strong></span> 
     </span>
    </p>
   </div>
   <div class='ocr_carea' id='block_1_42' title="bbox 373 2874 1943 2950">
    <p class='ocr_par' dir='ltr' id='par_1_42' title="bbox 373 2874 1943 2950">
     <span class='ocr_line' id='line_1_42' title="bbox 373 2874 1943 2950; baseline -0.008 -10"><span class='ocrx_word' id='word_1_233' title='bbox 373 2896 483 2940; x_wconf 86' lang='lat' dir='ltr'><strong>tate</strong></span> <span class='ocrx_word' id='word_1_234' title='bbox 529 2898 795 2939; x_wconf 80' lang='lat' dir='ltr'><strong>resecare.</strong></span> <span class='ocrx_word' id='word_1_235' title='bbox 838 2886 1009 2950; x_wconf 80' lang='lat' dir='ltr'><strong>Atque</strong></span> <span class='ocrx_word' id='word_1_236' title='bbox 1050 2880 1171 2934; x_wconf 91' lang='lat' dir='ltr'><strong>ideo</strong></span> <span class='ocrx_word' id='word_1_237' title='bbox 1201 2883 1454 2931; x_wconf 83' lang='lat' dir='ltr'><strong>sanctitas</strong></span> <span class='ocrx_word' id='word_1_238' title='bbox 1485 2884 1661 2929; x_wconf 86' lang='lat' dir='ltr'><strong>vestra</strong></span> <span class='ocrx_word' id='word_1_239' title='bbox 1692 2874 1943 2928; x_wconf 83' lang='lat' dir='ltr'><strong>statuisse</strong></span> 
     </span>
    </p>
   </div>
   <div class='ocr_carea' id='block_1_43' title="bbox 375 2964 1941 3045">
    <p class='ocr_par' dir='ltr' id='par_1_43' title="bbox 375 2964 1941 3045">
     <span class='ocr_line' id='line_1_43' title="bbox 375 2964 1941 3045; baseline -0.01 -12"><span class='ocrx_word' id='word_1_240' title='bbox 375 2993 475 3033; x_wconf 82' lang='lat' dir='ltr'><strong>nos</strong></span> <span class='ocrx_word' id='word_1_241' title='bbox 516 2976 763 3045; x_wconf 62' lang='lat' dir='ltr'><strong>prmsenti</strong></span> <span class='ocrx_word' id='word_1_242' title='bbox 794 2973 1101 3028; x_wconf 88' lang='lat' dir='ltr'><strong>deﬁnitione</strong></span> <span class='ocrx_word' id='word_1_243' title='bbox 1143 2981 1465 3041; x_wconf 75' lang='lat' dir='ltr'><strong>cognoscat,</strong></span> <span class='ocrx_word' id='word_1_244' title='bbox 1496 2967 1636 3038; x_wconf 88' lang='lat' dir='ltr'><strong>quod</strong></span> <span class='ocrx_word' id='word_1_245' title='bbox 1676 2968 1834 3023; x_wconf 88' lang='lat' dir='ltr'><strong>etiam</strong></span> <span class='ocrx_word' id='word_1_246' title='bbox 1874 2964 1941 3019; x_wconf 89' lang='lat' dir='ltr'><strong>ad</strong></span> 
     </span>
    </p>
   </div>
   <div class='ocr_carea' id='block_1_44' title="bbox 377 3056 1945 3136">
    <p class='ocr_par' dir='ltr' id='par_1_44' title="bbox 377 3056 1945 3136">
     <span class='ocr_line' id='line_1_44' title="bbox 377 3056 1945 3136; baseline -0.005 -17"><span class='ocrx_word' id='word_1_247' title='bbox 377 3068 656 3123; x_wconf 83' lang='lat' dir='ltr'><strong>univer-os</strong></span> <span class='ocrx_word' id='word_1_248' title='bbox 684 3063 1016 3136; x_wconf 85' lang='lat' dir='ltr'><strong>patriarchas</strong></span> <span class='ocrx_word' id='word_1_249' title='bbox 1044 3072 1205 3132; x_wconf 89' lang='lat' dir='ltr'><strong>atque</strong></span> <span class='ocrx_word' id='word_1_250' title='bbox 1233 3059 1666 3129; x_wconf 84' lang='lat' dir='ltr'><strong>metropo‘itanas</strong></span> <span class='ocrx_word' id='word_1_251' title='bbox 1689 3056 1945 3112; x_wconf 81' lang='lat' dir='ltr'><strong>ecclesias</strong></span> 
     </span>
    </p>
   </div>
   <div class='ocr_carea' id='block_1_45' title="bbox 373 3151 1943 3226">
    <p class='ocr_par' dir='ltr' id='par_1_45' title="bbox 373 3151 1943 3226">
     <span class='ocr_line' id='line_1_45' title="bbox 373 3151 1943 3226; baseline -0.006 -13"><span class='ocrx_word' id='word_1_252' title='bbox 373 3161 619 3214; x_wconf 79' lang='lat' dir='ltr'><strong>volumus</strong></span> <span class='ocrx_word' id='word_1_253' title='bbox 657 3158 958 3226; x_wconf 84' lang='lat' dir='ltr'><strong>pertinere,</strong></span> <span class='ocrx_word' id='word_1_254' title='bbox 999 3163 1114 3209; x_wconf 89' lang='lat' dir='ltr'><strong>uta</strong></span> <span class='ocrx_word' id='word_1_255' title='bbox 1148 3165 1383 3222; x_wconf 88' lang='lat' dir='ltr'><strong>tempore</strong></span> <span class='ocrx_word' id='word_1_256' title='bbox 1426 3151 1753 3207; x_wconf 85' lang='lat' dir='ltr'><strong>sanctissimi</strong></span> <span class='ocrx_word' id='word_1_257' title='bbox 1793 3164 1943 3219; x_wconf 86' lang='lat' dir='ltr'><strong>papae</strong></span> 
     </span>
    </p>
   </div>
   <div class='ocr_carea' id='block_1_46' title="bbox 374 3242 1944 3316">
    <p class='ocr_par' dir='ltr' id='par_1_46' title="bbox 374 3242 1944 3316">
     <span class='ocr_line' id='line_1_46' title="bbox 374 3242 1944 3316; baseline -0.007 -9"><span class='ocrx_word' id='word_1_258' title='bbox 374 3253 654 3316; x_wconf 82' lang='lat' dir='ltr'><strong>Bonitacii,</strong></span> <span class='ocrx_word' id='word_1_259' title='bbox 682 3265 803 3303; x_wconf 91' lang='lat' dir='ltr'><strong>cum</strong></span> <span class='ocrx_word' id='word_1_260' title='bbox 840 3250 907 3303; x_wconf 84' lang='lat' dir='ltr'><strong>tle</strong></span> <span class='ocrx_word' id='word_1_261' title='bbox 938 3248 1133 3303; x_wconf 82' lang='lat' dir='ltr'><strong>talibus</strong></span> <span class='ocrx_word' id='word_1_262' title='bbox 1164 3245 1505 3316; x_wconf 90' lang='lat' dir='ltr'><strong>prohibendis</strong></span> <span class='ocrx_word' id='word_1_263' title='bbox 1544 3243 1812 3313; x_wconf 73' lang='lat' dir='ltr'><strong>suffragiis</strong></span> <span class='ocrx_word' id='word_1_264' title='bbox 1840 3242 1944 3296; x_wconf 86' lang='lat' dir='ltr'><strong>Pa-</strong></span> 
     </span>
    </p>
   </div>
   <div class='ocr_carea' id='block_1_47' title="bbox 378 3336 1944 3410">
    <p class='ocr_par' dir='ltr' id='par_1_47' title="bbox 378 3336 1944 3410">
     <span class='ocr_line' id='line_1_47' title="bbox 378 3336 1944 3410; baseline -0.008 -9"><span class='ocrx_word' id='word_1_265' title='bbox 378 3357 490 3401; x_wconf 86' lang='lat' dir='ltr'><strong>tres</strong></span> <span class='ocrx_word' id='word_1_266' title='bbox 518 3342 805 3410; x_wconf 87' lang='lat' dir='ltr'><strong>conscripti</strong></span> <span class='ocrx_word' id='word_1_267' title='bbox 827 3339 1343 3395; x_wconf 87' lang='lat' dir='ltr'><strong>senatusconsultum</strong></span> <span class='ocrx_word' id='word_1_268' title='bbox 1369 3336 1661 3391; x_wconf 88' lang='lat' dir='ltr'><strong>nobilitatis</strong></span> <span class='ocrx_word' id='word_1_269' title='bbox 1693 3350 1805 3391; x_wconf 84' lang='lat' dir='ltr'><strong>suae</strong></span> <span class='ocrx_word' id='word_1_270' title='bbox 1834 3349 1944 3389; x_wconf 88' lang='lat' dir='ltr'><strong>me-</strong></span> 
     </span>
    </p>
   </div>
   <div class='ocr_carea' id='block_1_48' title="bbox 378 3433 948 3492">
    <p class='ocr_par' dir='ltr' id='par_1_48' title="bbox 378 3433 948 3492">
     <span class='ocr_line' id='line_1_48' title="bbox 378 3433 948 3492; baseline -0.012 0"><span class='ocrx_word' id='word_1_271' title='bbox 378 3450 556 3492; x_wconf 84' lang='lat' dir='ltr'><strong>mores</strong></span> <span class='ocrx_word' id='word_1_272' title='bbox 576 3433 948 3490; x_wconf 88' lang='lat' dir='ltr'><strong>condiderunt.</strong></span> 
     </span>
    </p>
   </div>
   <div class='ocr_carea' id='block_1_49' title="bbox 448 3519 1941 3595">
    <p class='ocr_par' dir='ltr' id='par_1_49' title="bbox 448 3519 1941 3595">
     <span class='ocr_line' id='line_1_49' title="bbox 448 3519 1941 3595; baseline -0.005 -16"><span class='ocrx_word' id='word_1_273' title='bbox 448 3526 757 3595; x_wconf 79' lang='lat' dir='ltr'><strong>Quicunque</strong></span> <span class='ocrx_word' id='word_1_274' title='bbox 784 3524 839 3578; x_wconf 86' lang='lat' dir='ltr'><strong>in</strong></span> <span class='ocrx_word' id='word_1_275' title='bbox 878 3524 1186 3593; x_wconf 85' lang='lat' dir='ltr'><strong>episcopatu</strong></span> <span class='ocrx_word' id='word_1_276' title='bbox 1216 3519 1505 3574; x_wconf 88' lang='lat' dir='ltr'><strong>obtinendo</strong></span> <span class='ocrx_word' id='word_1_277' title='bbox 1533 3560 1550 3585; x_wconf 88' lang='lat'><strong>,</strong></span> <span class='ocrx_word' id='word_1_278' title='bbox 1581 3520 1693 3573; x_wconf 80' lang='lat' dir='ltr'><strong>sive</strong></span> <span class='ocrx_word' id='word_1_279' title='bbox 1723 3534 1813 3588; x_wconf 87' lang='lat' dir='ltr'><strong>per</strong></span> <span class='ocrx_word' id='word_1_280' title='bbox 1841 3533 1899 3573; x_wconf 91' lang='lat' dir='ltr'><strong>se</strong></span> <span class='ocrx_word' id='word_1_281' title='bbox 1927 3558 1941 3579; x_wconf 85' lang='lat'><strong>.</strong></span> 
     </span>
    </p>
   </div>
   <div class='ocr_carea' id='block_1_50' title="bbox 376 3611 1942 3689">
    <p class='ocr_par' dir='ltr' id='par_1_50' title="bbox 376 3611 1942 3689">
     <span class='ocr_line' id='line_1_50' title="bbox 376 3611 1942 3689; baseline -0.008 -14"><span class='ocrx_word' id='word_1_282' title='bbox 376 3621 491 3676; x_wconf 86' lang='lat' dir='ltr'><strong>sive</strong></span> <span class='ocrx_word' id='word_1_283' title='bbox 524 3636 616 3688; x_wconf 90' lang='lat' dir='ltr'><strong>per</strong></span> <span class='ocrx_word' id='word_1_284' title='bbox 641 3617 801 3673; x_wconf 87' lang='lat' dir='ltr'><strong>aliam</strong></span> <span class='ocrx_word' id='word_1_285' title='bbox 830 3629 1197 3689; x_wconf 87' lang='lat' dir='ltr'><strong>quamcunque</strong></span> <span class='ocrx_word' id='word_1_286' title='bbox 1228 3629 1543 3680; x_wconf 89' lang='lat' dir='ltr'><strong>personam,</strong></span> <span class='ocrx_word' id='word_1_287' title='bbox 1577 3611 1773 3680; x_wconf 84' lang='lat' dir='ltr'><strong>aliquid</strong></span> <span class='ocrx_word' id='word_1_288' title='bbox 1820 3625 1942 3679; x_wconf 82' lang='lat' dir='ltr'><strong>pro-</strong></span> 
     </span>
    </p>
   </div>
   <div class='ocr_carea' id='block_1_51' title="bbox 2042 2439 3599 2513">
    <p class='ocr_par' dir='ltr' id='par_1_51' title="bbox 2042 2439 3599 2513">
     <span class='ocr_line' id='line_1_51' title="bbox 2042 2439 3599 2513; baseline -0.003 -18"><span class='ocrx_word' id='word_1_289' title='bbox 2042 2453 2291 2513; x_wconf 89' lang='lat' dir='ltr'><strong>parentes</strong></span> <span class='ocrx_word' id='word_1_290' title='bbox 2319 2442 2472 2496; x_wconf 92' lang='lat' dir='ltr'><strong>nobis</strong></span> <span class='ocrx_word' id='word_1_291' title='bbox 2500 2439 2640 2513; x_wconf 78' lang='lat' dir='ltr'><strong>[nos]</strong></span> <span class='ocrx_word' id='word_1_292' title='bbox 2670 2442 3014 2496; x_wconf 88' lang='lat' dir='ltr'><strong>servientium</strong></span> <span class='ocrx_word' id='word_1_293' title='bbox 3043 2454 3384 2509; x_wconf 88' lang='lat' dir='ltr'><strong>quascunque</strong></span> <span class='ocrx_word' id='word_1_294' title='bbox 3408 2453 3599 2506; x_wconf 82' lang='lat' dir='ltr'><strong>perso-</strong></span> 
     </span>
    </p>
   </div>
   <div class='ocr_carea' id='block_1_52' title="bbox 2042 2531 3607 2602">
    <p class='ocr_par' dir='ltr' id='par_1_52' title="bbox 2042 2531 3607 2602">
     <span class='ocr_line' id='line_1_52' title="bbox 2042 2531 3607 2602; baseline -0.004 -16"><span class='ocrx_word' id='word_1_295' title='bbox 2042 2549 2136 2587; x_wconf 89' lang='lat' dir='ltr'><strong>nas</strong></span> <span class='ocrx_word' id='word_1_296' title='bbox 2158 2535 2331 2602; x_wconf 86' lang='lat' dir='ltr'><strong>aliqua</strong></span> <span class='ocrx_word' id='word_1_297' title='bbox 2377 2532 2608 2600; x_wconf 82' lang='lat' dir='ltr'><strong>suffragii</strong></span> <span class='ocrx_word' id='word_1_298' title='bbox 2646 2531 2932 2586; x_wconf 88' lang='lat' dir='ltr'><strong>crediderit</strong></span> <span class='ocrx_word' id='word_1_299' title='bbox 2974 2531 3261 2585; x_wconf 84' lang='lat' dir='ltr'><strong>ambitione</strong></span> <span class='ocrx_word' id='word_1_300' title='bbox 3290 2543 3607 2597; x_wconf 80' lang='lat' dir='ltr'><strong>promoven—</strong></span> 
     </span>
    </p>
   </div>
   <div class='ocr_carea' id='block_1_53' title="bbox 2041 2619 3605 2688">
    <p class='ocr_par' dir='ltr' id='par_1_53' title="bbox 2041 2619 3605 2688">
     <span class='ocr_line' id='line_1_53' title="bbox 2041 2619 3605 2688; baseline -0.002 -13"><span class='ocrx_word' id='word_1_301' title='bbox 2041 2621 2188 2686; x_wconf 90' lang='lat' dir='ltr'><strong>dum,</strong></span> <span class='ocrx_word' id='word_1_302' title='bbox 2230 2630 2285 2675; x_wconf 88' lang='lat' dir='ltr'><strong>et</strong></span> <span class='ocrx_word' id='word_1_303' title='bbox 2327 2620 2498 2687; x_wconf 89' lang='lat' dir='ltr'><strong>ipsum</strong></span> <span class='ocrx_word' id='word_1_304' title='bbox 2528 2619 2756 2674; x_wconf 89' lang='lat' dir='ltr'><strong>reddere</strong></span> <span class='ocrx_word' id='word_1_305' title='bbox 2801 2628 3015 2688; x_wconf 88' lang='lat' dir='ltr'><strong>accepta</strong></span> <span class='ocrx_word' id='word_1_306' title='bbox 3044 2619 3354 2683; x_wconf 89' lang='lat' dir='ltr'><strong>deﬁnimus,</strong></span> <span class='ocrx_word' id='word_1_307' title='bbox 3381 2624 3437 2673; x_wconf 83' lang='lat' dir='ltr'><strong>e‘t</strong></span> <span class='ocrx_word' id='word_1_308' title='bbox 3465 2619 3605 2687; x_wconf 89' lang='lat' dir='ltr'><strong>quod</strong></span> 
     </span>
    </p>
   </div>
   <div class='ocr_carea' id='block_1_54' title="bbox 2046 2708 3607 2769">
    <p class='ocr_par' dir='ltr' id='par_1_54' title="bbox 2046 2708 3607 2769">
     <span class='ocr_line' id='line_1_54' title="bbox 2046 2708 3607 2769; baseline 0 -7"><span class='ocrx_word' id='word_1_309' title='bbox 2046 2718 2129 2763; x_wconf 92' lang='lat' dir='ltr'><strong>cst</strong></span> <span class='ocrx_word' id='word_1_310' title='bbox 2175 2708 2467 2761; x_wconf 75' lang='lat' dir='ltr'><strong>canonihus</strong></span> <span class='ocrx_word' id='word_1_311' title='bbox 2509 2716 2787 2769; x_wconf 87' lang='lat' dir='ltr'><strong>statutum,</strong></span> <span class='ocrx_word' id='word_1_312' title='bbox 2834 2724 2952 2761; x_wconf 90' lang='lat' dir='ltr'><strong>eum</strong></span> <span class='ocrx_word' id='word_1_313' title='bbox 2999 2708 3171 2762; x_wconf 91' lang='lat' dir='ltr'><strong>modis</strong></span> <span class='ocrx_word' id='word_1_314' title='bbox 3198 2709 3443 2761; x_wconf 90' lang='lat' dir='ltr'><strong>omnibus</strong></span> <span class='ocrx_word' id='word_1_315' title='bbox 3486 2721 3607 2763; x_wconf 88' lang='lat' dir='ltr'><strong>esse</strong></span> 
     </span>
    </p>
   </div>
   <div class='ocr_carea' id='block_1_55' title="bbox 2044 2797 3634 2867">
    <p class='ocr_par' dir='ltr' id='par_1_55' title="bbox 2044 2797 3634 2867">
     <span class='ocr_line' id='line_1_55' title="bbox 2044 2797 3634 2867; baseline 0.006 -20"><span class='ocrx_word' id='word_1_316' title='bbox 2044 2810 2344 2864; x_wconf 83' lang='lat' dir='ltr'><strong>passurum.</strong></span> <span class='ocrx_word' id='word_1_317' title='bbox 2373 2797 2429 2851; x_wconf 91' lang='lat' dir='ltr'><strong>Si</strong></span> <span class='ocrx_word' id='word_1_318' title='bbox 2459 2800 2577 2866; x_wconf 91' lang='lat' dir='ltr'><strong>quis</strong></span> <span class='ocrx_word' id='word_1_319' title='bbox 2606 2812 2735 2852; x_wconf 87' lang='lat' dir='ltr'><strong>vero</strong></span> <span class='ocrx_word' id='word_1_320' title='bbox 2774 2813 2892 2867; x_wconf 76' lang='lat' dir='ltr'><strong>qua:</strong></span> <span class='ocrx_word' id='word_1_321' title='bbox 2928 2797 3136 2853; x_wconf 88' lang='lat' dir='ltr'><strong>dederit</strong></span> <span class='ocrx_word' id='word_1_322' title='bbox 3160 2807 3251 2853; x_wconf 90' lang='lat' dir='ltr'><strong>aut</strong></span> <span class='ocrx_word' id='word_1_323' title='bbox 3278 2799 3634 2866; x_wconf 80' lang='lat' dir='ltr'><strong>promiserit...</strong></span> 
     </span>
    </p>
   </div>
   <div class='ocr_carea' id='block_1_56' title="bbox 2044 2888 3606 2957">
    <p class='ocr_par' dir='ltr' id='par_1_56' title="bbox 2044 2888 3606 2957">
     <span class='ocr_line' id='line_1_56' title="bbox 2044 2888 3606 2957; baseline -0.003 -11"><span class='ocrx_word' id='word_1_324' title='bbox 2044 2890 2233 2946; x_wconf 81' lang='lat' dir='ltr'><strong>eodem</strong></span> <span class='ocrx_word' id='word_1_325' title='bbox 2262 2889 2575 2957; x_wconf 86' lang='lat' dir='ltr'><strong>superstite,</strong></span> <span class='ocrx_word' id='word_1_326' title='bbox 2608 2889 2847 2943; x_wconf 87' lang='lat' dir='ltr'><strong>timuerit</strong></span> <span class='ocrx_word' id='word_1_327' title='bbox 2880 2889 3171 2957; x_wconf 85' lang='lat' dir='ltr'><strong>publicare,</strong></span> <span class='ocrx_word' id='word_1_328' title='bbox 3201 2890 3270 2944; x_wconf 84' lang='lat' dir='ltr'><strong>ab</strong></span> <span class='ocrx_word' id='word_1_329' title='bbox 3301 2888 3606 2943; x_wconf 53' lang='lat' dir='ltr'><strong>heredibus</strong></span> 
     </span>
    </p>
   </div>
   <div class='ocr_carea' id='block_1_57' title="bbox 2044 2978 3607 3051">
    <p class='ocr_par' dir='ltr' id='par_1_57' title="bbox 2044 2978 3607 3051">
     <span class='ocr_line' id='line_1_57' title="bbox 2044 2978 3607 3051; baseline -0.001 -16"><span class='ocrx_word' id='word_1_330' title='bbox 2044 2982 2126 3037; x_wconf 84' lang='lat' dir='ltr'><strong>vel</strong></span> <span class='ocrx_word' id='word_1_331' title='bbox 2143 2980 2541 3051; x_wconf 66' lang='lat' dir='ltr'><strong>prohazredibus</strong></span> <span class='ocrx_word' id='word_1_332' title='bbox 2557 2980 2673 3050; x_wconf 84' lang='lat' dir='ltr'><strong>ejus</strong></span> <span class='ocrx_word' id='word_1_333' title='bbox 2690 2980 2922 3035; x_wconf 86' lang='lat' dir='ltr'><strong>Ecc&#39;esia</strong></span> <span class='ocrx_word' id='word_1_334' title='bbox 2939 2988 3164 3050; x_wconf 87' lang='lat' dir='ltr'><strong>repetat,</strong></span> <span class='ocrx_word' id='word_1_335' title='bbox 3181 2979 3331 3047; x_wconf 89' lang='lat' dir='ltr'><strong>cujus</strong></span> <span class='ocrx_word' id='word_1_336' title='bbox 3356 2978 3607 3047; x_wconf 78' lang='lat' dir='ltr'><strong>suffragio</strong></span> 
     </span>
    </p>
   </div>
   <div class='ocr_carea' id='block_1_58' title="bbox 2044 3070 3610 3141">
    <p class='ocr_par' dir='ltr' id='par_1_58' title="bbox 2044 3070 3610 3141">
     <span class='ocr_line' id='line_1_58' title="bbox 2044 3070 3610 3141; baseline -0.001 -14"><span class='ocrx_word' id='word_1_337' title='bbox 2044 3074 2268 3127; x_wconf 87' lang='lat' dir='ltr'><strong>antistes</strong></span> <span class='ocrx_word' id='word_1_338' title='bbox 2283 3071 2695 3141; x_wconf 89' lang='lat' dir='ltr'><strong>deprehenditur</strong></span> <span class='ocrx_word' id='word_1_339' title='bbox 2705 3071 2976 3125; x_wconf 88' lang='lat' dir='ltr'><strong>ordinatus</strong></span> <span class='ocrx_word' id='word_1_340' title='bbox 2997 3088 3011 3126; x_wconf 87' lang='lat'><strong>:</strong></span> <span class='ocrx_word' id='word_1_341' title='bbox 3032 3082 3152 3125; x_wconf 91' lang='lat' dir='ltr'><strong>nota</strong></span> <span class='ocrx_word' id='word_1_342' title='bbox 3167 3070 3271 3126; x_wconf 88' lang='lat' dir='ltr'><strong>infa</strong></span> <span class='ocrx_word' id='word_1_343' title='bbox 3281 3071 3397 3126; x_wconf 66' lang='lat' dir='ltr'><strong>mia!</strong></span> <span class='ocrx_word' id='word_1_344' title='bbox 3414 3071 3610 3125; x_wconf 82' lang='lat' dir='ltr'><strong>nihilo-</strong></span> 
     </span>
    </p>
   </div>
   <div class='ocr_carea' id='block_1_59' title="bbox 2044 3163 3607 3235">
    <p class='ocr_par' dir='ltr' id='par_1_59' title="bbox 2044 3163 3607 3235">
     <span class='ocr_line' id='line_1_59' title="bbox 2044 3163 3607 3235; baseline 0 -16"><span class='ocrx_word' id='word_1_345' title='bbox 2044 3167 2218 3220; x_wconf 88' lang='lat' dir='ltr'><strong>minus</strong></span> <span class='ocrx_word' id='word_1_346' title='bbox 2245 3165 2559 3235; x_wconf 84' lang='lat' dir='ltr'><strong>superstites</strong></span> <span class='ocrx_word' id='word_1_347' title='bbox 2600 3165 2862 3227; x_wconf 88' lang='lat' dir='ltr'><strong>iourente,</strong></span> <span class='ocrx_word' id='word_1_348' title='bbox 2889 3165 3122 3233; x_wconf 86' lang='lat' dir='ltr'><strong>reliquos</strong></span> <span class='ocrx_word' id='word_1_349' title='bbox 3156 3178 3367 3235; x_wconf 89' lang='lat' dir='ltr'><strong>quoque</strong></span> <span class='ocrx_word' id='word_1_350' title='bbox 3391 3163 3607 3219; x_wconf 81' lang='lat' dir='ltr'><strong>ordines</strong></span> 
     </span>
    </p>
   </div>
   <div class='ocr_carea' id='block_1_60' title="bbox 2044 3253 3602 3329">
    <p class='ocr_par' dir='ltr' id='par_1_60' title="bbox 2044 3253 3602 3329">
     <span class='ocr_line' id='line_1_60' title="bbox 2044 3253 3602 3329; baseline -0.001 -19"><span class='ocrx_word' id='word_1_351' title='bbox 2044 3257 2144 3310; x_wconf 85' lang='lat' dir='ltr'><strong>sub</strong></span> <span class='ocrx_word' id='word_1_352' title='bbox 2161 3256 2344 3311; x_wconf 89' lang='lat' dir='ltr'><strong>eadem</strong></span> <span class='ocrx_word' id='word_1_353' title='bbox 2367 3255 2479 3309; x_wconf 87' lang='lat' dir='ltr'><strong>ﬁeri</strong></span> <span class='ocrx_word' id='word_1_354' title='bbox 2496 3254 2835 3309; x_wconf 90' lang='lat' dir='ltr'><strong>distinctione</strong></span> <span class='ocrx_word' id='word_1_355' title='bbox 2853 3253 3227 3329; x_wconf 80' lang='lat' dir='ltr'><strong>[districtione]</strong></span> <span class='ocrx_word' id='word_1_356' title='bbox 3245 3256 3399 3323; x_wconf 74' lang='lat' dir='ltr'><strong>prteci</strong></span> <span class='ocrx_word' id='word_1_357' title='bbox 3408 3256 3602 3325; x_wconf 88' lang='lat' dir='ltr'><strong>pimus.</strong></span> 
     </span>
    </p>
   </div>
   <div class='ocr_carea' id='block_1_61' title="bbox 2114 3345 3605 3414">
    <p class='ocr_par' dir='ltr' id='par_1_61' title="bbox 2114 3345 3605 3414">
     <span class='ocr_line' id='line_1_61' title="bbox 2114 3345 3605 3414; baseline 0.001 -16"><span class='ocrx_word' id='word_1_358' title='bbox 2114 3347 2263 3414; x_wconf 83' lang='lat' dir='ltr'><strong>Quod</strong></span> <span class='ocrx_word' id='word_1_359' title='bbox 2308 3347 2351 3399; x_wconf 89' lang='lat' dir='ltr'><strong>si</strong></span> <span class='ocrx_word' id='word_1_360' title='bbox 2392 3348 2613 3400; x_wconf 88' lang='lat' dir='ltr'><strong>forsitan</strong></span> <span class='ocrx_word' id='word_1_361' title='bbox 2643 3346 2848 3400; x_wconf 74' lang='lat' dir='ltr'><strong>dolosm</strong></span> <span class='ocrx_word' id='word_1_362' title='bbox 2894 3345 3299 3400; x_wconf 89' lang='lat' dir='ltr'><strong>machinationis</strong></span> <span class='ocrx_word' id='word_1_363' title='bbox 3348 3348 3605 3410; x_wconf 86' lang='lat' dir='ltr'><strong>invento.</strong></span> 
     </span>
    </p>
   </div>
   <div class='ocr_carea' id='block_1_62' title="bbox 2044 3437 3607 3507">
    <p class='ocr_par' dir='ltr' id='par_1_62' title="bbox 2044 3437 3607 3507">
     <span class='ocr_line' id='line_1_62' title="bbox 2044 3437 3607 3507; baseline -0.002 -13"><span class='ocrx_word' id='word_1_364' title='bbox 2044 3439 2389 3494; x_wconf 82' lang='lat' dir='ltr'><strong>sacramentis</strong></span> <span class='ocrx_word' id='word_1_365' title='bbox 2422 3453 2650 3507; x_wconf 90' lang='lat' dir='ltr'><strong>persona</strong></span> <span class='ocrx_word' id='word_1_366' title='bbox 2678 3437 3128 3492; x_wconf 85' lang='lat' dir='ltr'><strong>intercedentibus</strong></span> <span class='ocrx_word' id='word_1_367' title='bbox 3154 3437 3303 3491; x_wconf 91' lang='lat' dir='ltr'><strong>fuerit</strong></span> <span class='ocrx_word' id='word_1_368' title='bbox 3351 3437 3607 3506; x_wconf 75' lang='lat' dir='ltr'><strong>obligata,</strong></span> 
     </span>
    </p>
   </div>
   <div class='ocr_carea' id='block_1_63' title="bbox 2044 3528 3608 3596">
    <p class='ocr_par' dir='ltr' id='par_1_63' title="bbox 2044 3528 3608 3596">
     <span class='ocr_line' id='line_1_63' title="bbox 2044 3528 3608 3596; baseline -0.003 -12"><span class='ocrx_word' id='word_1_369' title='bbox 2044 3542 2102 3585; x_wconf 93' lang='lat' dir='ltr'><strong>ut</strong></span> <span class='ocrx_word' id='word_1_370' title='bbox 2130 3531 2276 3584; x_wconf 89' lang='lat' dir='ltr'><strong>salvo</strong></span> <span class='ocrx_word' id='word_1_371' title='bbox 2301 3538 2443 3583; x_wconf 86' lang='lat' dir='ltr'><strong>statu</strong></span> <span class='ocrx_word' id='word_1_372' title='bbox 2474 3528 2664 3582; x_wconf 81' lang='lat' dir='ltr'><strong>animae</strong></span> <span class='ocrx_word' id='word_1_373' title='bbox 2691 3528 3025 3582; x_wconf 85' lang='lat' dir='ltr'><strong>commissam</strong></span> <span class='ocrx_word' id='word_1_374' title='bbox 3064 3528 3393 3596; x_wconf 86' lang='lat' dir='ltr'><strong>iniquitatem</strong></span> <span class='ocrx_word' id='word_1_375' title='bbox 3435 3543 3608 3596; x_wconf 82' lang='lat' dir='ltr'><strong>neque</strong></span> 
     </span>
    </p>
   </div>
   <div class='ocr_carea' id='block_1_64' title="bbox 2044 3616 3611 3689">
    <p class='ocr_par' dir='ltr' id='par_1_64' title="bbox 2044 3616 3611 3689">
     <span class='ocr_line' id='line_1_64' title="bbox 2044 3616 3611 3689; baseline -0.004 -14"><span class='ocrx_word' id='word_1_376' title='bbox 2044 3621 2339 3689; x_wconf 87' lang='lat' dir='ltr'><strong>approbare</strong></span> <span class='ocrx_word' id='word_1_377' title='bbox 2367 3618 2551 3688; x_wconf 87' lang='lat' dir='ltr'><strong>possit,</strong></span> <span class='ocrx_word' id='word_1_378' title='bbox 2586 3632 2755 3687; x_wconf 88' lang='lat' dir='ltr'><strong>neque</strong></span> <span class='ocrx_word' id='word_1_379' title='bbox 2787 3616 2979 3671; x_wconf 82' lang='lat' dir='ltr'><strong>audeat</strong></span> <span class='ocrx_word' id='word_1_380' title='bbox 3003 3630 3253 3671; x_wconf 83' lang='lat' dir='ltr'><strong>accusare</strong></span> <span class='ocrx_word' id='word_1_381' title='bbox 3285 3634 3299 3671; x_wconf 89' lang='lat'><strong>:</strong></span> <span class='ocrx_word' id='word_1_382' title='bbox 3333 3619 3521 3671; x_wconf 77' lang='lat' dir='ltr'><strong>damus</strong></span> <span class='ocrx_word' id='word_1_383' title='bbox 3549 3618 3611 3671; x_wconf 83' lang='lat' dir='ltr'><strong>li-</strong></span> 
     </span>
    </p>
   </div>
   <div class='ocr_carea' id='block_1_65' title="bbox 382 3705 3614 3793">
    <p class='ocr_par' dir='ltr' id='par_1_65' title="bbox 382 3705 3614 3793">
     <span class='ocr_line' id='line_1_65' title="bbox 382 3705 3614 3793; baseline -0.005 -26"><span class='ocrx_word' id='word_1_384' title='bbox 382 3714 591 3767; x_wconf 88' lang='lat' dir='ltr'><strong>misisse</strong></span> <span class='ocrx_word' id='word_1_385' title='bbox 628 3711 950 3773; x_wconf 86' lang='lat' dir='ltr'><strong>declaratur,</strong></span> <span class='ocrx_word' id='word_1_386' title='bbox 994 3716 1050 3761; x_wconf 92' lang='lat' dir='ltr'><strong>ut</strong></span> <span class='ocrx_word' id='word_1_387' title='bbox 1096 3705 1442 3760; x_wconf 76' lang='lat' dir='ltr'><strong>exsecrabilis</strong></span> <span class='ocrx_word' id='word_1_388' title='bbox 1482 3716 1785 3758; x_wconf 86' lang='lat' dir='ltr'><strong>contractus</strong></span> <span class='ocrx_word' id='word_1_389' title='bbox 1814 3718 1941 3756; x_wconf 88' lang='lat' dir='ltr'><strong>cun-</strong></span> <span class='ocrx_word' id='word_1_390' title='bbox 1972 3733 2019 3793; x_wconf 65' lang='grc' dir='ltr'>ο</span> <span class='ocrx_word' id='word_1_391' title='bbox 2049 3713 2275 3769; x_wconf 47' lang='lat' dir='ltr'><strong>centiam</strong></span> <span class='ocrx_word' id='word_1_392' title='bbox 2306 3712 2625 3781; x_wconf 55' lang='lat' dir='ltr'><strong>quiumnbe;</strong></span> <span class='ocrx_word' id='word_1_393' title='bbox 2651 3710 2889 3764; x_wconf 59' lang='lat' dir='ltr'><strong>honestis</strong></span> <span class='ocrx_word' id='word_1_394' title='bbox 2911 3708 3152 3779; x_wconf 72' lang='lat' dir='ltr'><strong>personis</strong></span> <span class='ocrx_word' id='word_1_395' title='bbox 3180 3710 3230 3763; x_wconf 69' lang='lat' dir='ltr'><strong>in</strong></span> <span class='ocrx_word' id='word_1_396' title='bbox 3255 3709 3614 3777; x_wconf 61' lang='grc' dir='ltr'><strong>είηαυιῑςαυξ-</strong></span> 
     </span>
    </p>
   </div>
   <div class='ocr_carea' id='block_1_66' title="bbox 379 3790 1946 3870">
    <p class='ocr_par' dir='ltr' id='par_1_66' title="bbox 379 3790 1946 3870">
     <span class='ocr_line' id='line_1_66' title="bbox 379 3790 1946 3870; baseline -0.006 -13"><span class='ocrx_word' id='word_1_397' title='bbox 379 3806 479 3857; x_wconf 85' lang='lat' dir='ltr'><strong>etis</strong></span> <span class='ocrx_word' id='word_1_398' title='bbox 508 3803 707 3856; x_wconf 89' lang='lat' dir='ltr'><strong>viribus</strong></span> <span class='ocrx_word' id='word_1_399' title='bbox 734 3812 1020 3856; x_wconf 77' lang='lat' dir='ltr'><strong>exue:etur</strong></span> <span class='ocrx_word' id='word_1_400' title='bbox 1050 3797 1373 3870; x_wconf 72' lang='lat' dir='ltr'><strong>[efferretur,</strong></span> <span class='ocrx_word' id='word_1_401' title='bbox 1400 3797 1471 3852; x_wconf 68' lang='grc' dir='ltr'><strong>αἱ.</strong></span> <span class='ocrx_word' id='word_1_402' title='bbox 1510 3790 1859 3864; x_wconf 74' lang='grc' dir='ltr'><strong>θῐῆςθιθιυτ].</strong></span> <span class='ocrx_word' id='word_1_403' title='bbox 1892 3793 1946 3848; x_wconf 90' lang='lat' dir='ltr'><strong>Si</strong></span> 
     </span>
    </p>
   </div>
   <div class='ocr_carea' id='block_1_67' title="bbox 382 3887 1950 3966">
    <p class='ocr_par' dir='ltr' id='par_1_67' title="bbox 382 3887 1950 3966">
     <span class='ocr_line' id='line_1_67' title="bbox 382 3887 1950 3966; baseline -0.004 -21"><span class='ocrx_word' id='word_1_404' title='bbox 382 3896 500 3966; x_wconf 81' lang='lat' dir='ltr'><strong>quis</strong></span> <span class='ocrx_word' id='word_1_405' title='bbox 534 3904 707 3948; x_wconf 89' lang='lat' dir='ltr'><strong>autem</strong></span> <span class='ocrx_word' id='word_1_406' title='bbox 738 3894 790 3948; x_wconf 90' lang='lat' dir='ltr'><strong>iu</strong></span> <span class='ocrx_word' id='word_1_407' title='bbox 824 3892 923 3946; x_wconf 88' lang='lat' dir='ltr'><strong>hoc</strong></span> <span class='ocrx_word' id='word_1_408' title='bbox 950 3893 1151 3947; x_wconf 85' lang='lat' dir='ltr'><strong>scelere</strong></span> <span class='ocrx_word' id='word_1_409' title='bbox 1192 3888 1609 3955; x_wconf 76' lang='lat' dir='ltr'><strong>deprehenditur</strong></span> <span class='ocrx_word' id='word_1_410' title='bbox 1641 3887 1807 3941; x_wconf 56' lang='lat' dir='ltr'><strong>fuisse</strong></span> <span class='ocrx_word' id='word_1_411' title='bbox 1833 3901 1950 3939; x_wconf 88' lang='lat' dir='ltr'><strong>ver-</strong></span> 
     </span>
    </p>
   </div>
   <div class='ocr_carea' id='block_1_68' title="bbox 382 3979 1950 4053">
    <p class='ocr_par' dir='ltr' id='par_1_68' title="bbox 382 3979 1950 4053">
     <span class='ocr_line' id='line_1_68' title="bbox 382 3979 1950 4053; baseline -0.006 -12"><span class='ocrx_word' id='word_1_412' title='bbox 382 3998 549 4052; x_wconf 82' lang='lat' dir='ltr'><strong>satus,</strong></span> <span class='ocrx_word' id='word_1_413' title='bbox 592 3987 788 4041; x_wconf 79' lang='lat' dir='ltr'><strong>nullam</strong></span> <span class='ocrx_word' id='word_1_414' title='bbox 836 3985 1186 4053; x_wconf 86' lang='lat' dir='ltr'><strong>relinquimus</strong></span> <span class='ocrx_word' id='word_1_415' title='bbox 1218 3997 1435 4037; x_wconf 87' lang='lat' dir='ltr'><strong>vocem:</strong></span> <span class='ocrx_word' id='word_1_416' title='bbox 1472 3996 1653 4033; x_wconf 85' lang='lat' dir='ltr'><strong>verum</strong></span> <span class='ocrx_word' id='word_1_417' title='bbox 1698 3980 1859 4033; x_wconf 85' lang='lat' dir='ltr'><strong>etiam</strong></span> <span class='ocrx_word' id='word_1_418' title='bbox 1906 3979 1950 4032; x_wconf 92' lang='lat' dir='ltr'><strong>si</strong></span> 
     </span>
    </p>
   </div>
   <div class='ocr_carea' id='block_1_69' title="bbox 382 4069 1953 4143">
    <p class='ocr_par' dir='ltr' id='par_1_69' title="bbox 382 4069 1953 4143">
     <span class='ocr_line' id='line_1_69' title="bbox 382 4069 1953 4143; baseline -0.006 -12"><span class='ocrx_word' id='word_1_419' title='bbox 382 4090 474 4133; x_wconf 84' lang='lat' dir='ltr'><strong>aut</strong></span> <span class='ocrx_word' id='word_1_420' title='bbox 502 4076 886 4141; x_wconf 86' lang='lat' dir='ltr'><strong>repetendum,</strong></span> <span class='ocrx_word' id='word_1_421' title='bbox 919 4086 1008 4128; x_wconf 91' lang='lat' dir='ltr'><strong>aut</strong></span> <span class='ocrx_word' id='word_1_422' title='bbox 1054 4073 1194 4143; x_wconf 88' lang='lat' dir='ltr'><strong>quod</strong></span> <span class='ocrx_word' id='word_1_423' title='bbox 1242 4082 1516 4142; x_wconf 88' lang='lat' dir='ltr'><strong>acceptum</strong></span> <span class='ocrx_word' id='word_1_424' title='bbox 1548 4083 1651 4139; x_wconf 74' lang='grc' dir='ltr'><strong>ρει,</strong></span> <span class='ocrx_word' id='word_1_425' title='bbox 1684 4085 1787 4123; x_wconf 92' lang='lat' dir='ltr'><strong>non</strong></span> <span class='ocrx_word' id='word_1_426' title='bbox 1829 4069 1953 4123; x_wconf 71' lang='lat' dir='ltr'><strong>rud-</strong></span> 
     </span>
    </p>
   </div>
   <div class='ocr_carea' id='block_1_70' title="bbox 382 4160 1952 4233">
    <p class='ocr_par' dir='ltr' id='par_1_70' title="bbox 382 4160 1952 4233">
     <span class='ocr_line' id='line_1_70' title="bbox 382 4160 1952 4233; baseline -0.006 -10"><span class='ocrx_word' id='word_1_427' title='bbox 382 4169 613 4223; x_wconf 84' lang='lat' dir='ltr'><strong>dendum</strong></span> <span class='ocrx_word' id='word_1_428' title='bbox 639 4182 758 4222; x_wconf 88' lang='lat' dir='ltr'><strong>esse</strong></span> <span class='ocrx_word' id='word_1_429' title='bbox 778 4165 1101 4231; x_wconf 88' lang='lat' dir='ltr'><strong>crediderit,</strong></span> <span class='ocrx_word' id='word_1_430' title='bbox 1139 4165 1402 4233; x_wconf 80' lang='lat' dir='ltr'><strong>sacrilegii</strong></span> <span class='ocrx_word' id='word_1_431' title='bbox 1433 4179 1556 4219; x_wconf 89' lang='lat' dir='ltr'><strong>reus</strong></span> <span class='ocrx_word' id='word_1_432' title='bbox 1588 4162 1829 4231; x_wconf 85' lang='lat' dir='ltr'><strong>protinus</strong></span> <span class='ocrx_word' id='word_1_433' title='bbox 1855 4160 1952 4214; x_wconf 60' lang='lat' dir='ltr'><strong>hac</strong></span> 
     </span>
    </p>
   </div>
   <div class='ocr_carea' id='block_1_71' title="bbox 390 4254 1953 4328">
    <p class='ocr_par' dir='ltr' id='par_1_71' title="bbox 390 4254 1953 4328">
     <span class='ocr_line' id='line_1_71' title="bbox 390 4254 1953 4328; baseline -0.001 -19"><span class='ocrx_word' id='word_1_434' title='bbox 390 4263 595 4324; x_wconf 89' lang='lat' dir='ltr'><strong>heatur,</strong></span> <span class='ocrx_word' id='word_1_435' title='bbox 626 4268 842 4328; x_wconf 83' lang='lat' dir='ltr'><strong>accepta</strong></span> <span class='ocrx_word' id='word_1_436' title='bbox 864 4258 1148 4313; x_wconf 85' lang='lat' dir='ltr'><strong>restituens</strong></span> <span class='ocrx_word' id='word_1_437' title='bbox 1178 4255 1544 4325; x_wconf 84' lang='lat' dir='ltr'><strong>compulsione</strong></span> <span class='ocrx_word' id='word_1_438' title='bbox 1569 4254 1766 4322; x_wconf 87' lang='lat' dir='ltr'><strong>judicis</strong></span> <span class='ocrx_word' id='word_1_439' title='bbox 1806 4268 1953 4307; x_wconf 88' lang='lat' dir='ltr'><strong>com-</strong></span> 
     </span>
    </p>
   </div>
   <div class='ocr_carea' id='block_1_72' title="bbox 388 4352 640 4420">
    <p class='ocr_par' dir='ltr' id='par_1_72' title="bbox 388 4352 640 4420">
     <span class='ocr_line' id='line_1_72' title="bbox 388 4352 640 4420; baseline -0.004 -15"><span class='ocrx_word' id='word_1_440' title='bbox 388 4352 640 4420; x_wconf 85' lang='lat' dir='ltr'><strong>petentis.</strong></span> 
     </span>
    </p>
   </div>
   <div class='ocr_carea' id='block_1_73' title="bbox 460 4434 1953 4510">
    <p class='ocr_par' dir='ltr' id='par_1_73' title="bbox 460 4434 1953 4510">
     <span class='ocr_line' id='line_1_73' title="bbox 460 4434 1953 4510; baseline -0.007 -12"><span class='ocrx_word' id='word_1_441' title='bbox 460 4442 776 4498; x_wconf 73' lang='lat' dir='ltr'><strong>.Instissitnze</strong></span> <span class='ocrx_word' id='word_1_442' title='bbox 796 4440 1009 4510; x_wconf 80' lang='lat' dir='ltr'><strong>quidem</strong></span> <span class='ocrx_word' id='word_1_443' title='bbox 1027 4440 1171 4509; x_wconf 80' lang='lat' dir='ltr'><strong>leges</strong></span> <span class='ocrx_word' id='word_1_444' title='bbox 1188 4447 1243 4491; x_wconf 89' lang='lat' dir='ltr'><strong>ttt</strong></span> <span class='ocrx_word' id='word_1_445' title='bbox 1265 4437 1415 4491; x_wconf 91' lang='lat' dir='ltr'><strong>bonis</strong></span> <span class='ocrx_word' id='word_1_446' title='bbox 1438 4434 1705 4501; x_wconf 89' lang='lat' dir='ltr'><strong>aperiunt,</strong></span> <span class='ocrx_word' id='word_1_447' title='bbox 1724 4435 1791 4488; x_wconf 86' lang='lat' dir='ltr'><strong>ita</strong></span> <span class='ocrx_word' id='word_1_448' title='bbox 1815 4436 1953 4491; x_wconf 89' lang='lat' dir='ltr'><strong>clau-</strong></span> 
     </span>
    </p>
   </div>
   <div class='ocr_carea' id='block_1_74' title="bbox 388 4527 1953 4597">
    <p class='ocr_par' dir='ltr' id='par_1_74' title="bbox 388 4527 1953 4597">
     <span class='ocr_line' id='line_1_74' title="bbox 388 4527 1953 4597; baseline -0.007 -7"><span class='ocrx_word' id='word_1_449' title='bbox 388 4538 520 4590; x_wconf 88' lang='lat' dir='ltr'><strong>dunt</strong></span> <span class='ocrx_word' id='word_1_450' title='bbox 543 4534 694 4589; x_wconf 87' lang='lat' dir='ltr'><strong>malis</strong></span> <span class='ocrx_word' id='word_1_451' title='bbox 717 4534 953 4587; x_wconf 90' lang='lat' dir='ltr'><strong>moribus</strong></span> <span class='ocrx_word' id='word_1_452' title='bbox 973 4531 1237 4584; x_wconf 87' lang='lat' dir='ltr'><strong>actionem</strong></span> <span class='ocrx_word' id='word_1_453' title='bbox 1268 4546 1282 4582; x_wconf 89' lang='lat'><strong>:</strong></span> <span class='ocrx_word' id='word_1_454' title='bbox 1314 4537 1595 4597; x_wconf 82' lang='lat' dir='ltr'><strong>propterea</strong></span> <span class='ocrx_word' id='word_1_455' title='bbox 1625 4527 1876 4596; x_wconf 82' lang='lat' dir='ltr'><strong>quidquid</strong></span> <span class='ocrx_word' id='word_1_456' title='bbox 1901 4527 1953 4579; x_wconf 87' lang='lat' dir='ltr'><strong>in</strong></span> 
     </span>
    </p>
   </div>
   <div class='ocr_carea' id='block_1_75' title="bbox 389 4619 1952 4689">
    <p class='ocr_par' dir='ltr' id='par_1_75' title="bbox 389 4619 1952 4689">
     <span class='ocr_line' id='line_1_75' title="bbox 389 4619 1952 4689; baseline -0.006 -6"><span class='ocrx_word' id='word_1_457' title='bbox 389 4629 483 4683; x_wconf 82' lang='lat' dir='ltr'><strong>illo</strong></span> <span class='ocrx_word' id='word_1_458' title='bbox 526 4637 741 4682; x_wconf 80' lang='lat' dir='ltr'><strong>senatus</strong></span> <span class='ocrx_word' id='word_1_459' title='bbox 782 4627 1054 4680; x_wconf 85' lang='lat' dir='ltr'><strong>decretum</strong></span> <span class='ocrx_word' id='word_1_460' title='bbox 1086 4632 1170 4678; x_wconf 88' lang='lat' dir='ltr'><strong>est</strong></span> <span class='ocrx_word' id='word_1_461' title='bbox 1210 4622 1490 4686; x_wconf 86' lang='lat' dir='ltr'><strong>consulto,</strong></span> <span class='ocrx_word' id='word_1_462' title='bbox 1530 4619 1867 4689; x_wconf 67' lang='lat' dir='ltr'><strong>prmeipimus</strong></span> <span class='ocrx_word' id='word_1_463' title='bbox 1899 4619 1952 4673; x_wconf 87' lang='lat' dir='ltr'><strong>in</strong></span> 
     </span>
    </p>
   </div>
   <div class='ocr_carea' id='block_1_76' title="bbox 389 4710 1954 4789">
    <p class='ocr_par' dir='ltr' id='par_1_76' title="bbox 389 4710 1954 4789">
     <span class='ocr_line' id='line_1_76' title="bbox 389 4710 1954 4789; baseline -0.008 -13"><span class='ocrx_word' id='word_1_464' title='bbox 389 4736 484 4777; x_wconf 89' lang='lat' dir='ltr'><strong>eos</strong></span> <span class='ocrx_word' id='word_1_465' title='bbox 513 4720 685 4789; x_wconf 90' lang='lat' dir='ltr'><strong>modis</strong></span> <span class='ocrx_word' id='word_1_466' title='bbox 714 4717 960 4773; x_wconf 90' lang='lat' dir='ltr'><strong>omnibus</strong></span> <span class='ocrx_word' id='word_1_467' title='bbox 1014 4713 1304 4780; x_wconf 91' lang='lat' dir='ltr'><strong>custodiri,</strong></span> <span class='ocrx_word' id='word_1_468' title='bbox 1348 4714 1435 4782; x_wconf 92' lang='lat' dir='ltr'><strong>qui</strong></span> <span class='ocrx_word' id='word_1_469' title='bbox 1481 4727 1539 4767; x_wconf 91' lang='lat' dir='ltr'><strong>se</strong></span> <span class='ocrx_word' id='word_1_470' title='bbox 1578 4710 1954 4781; x_wconf 89' lang='lat' dir='ltr'><strong>quoquomodo</strong></span> 
     </span>
    </p>
   </div>
   <div class='ocr_carea' id='block_1_77' title="bbox 390 4806 1957 4883">
    <p class='ocr_par' dir='ltr' id='par_1_77' title="bbox 390 4806 1957 4883">
     <span class='ocr_line' id='line_1_77' title="bbox 390 4806 1957 4883; baseline -0.01 -14"><span class='ocrx_word' id='word_1_471' title='bbox 390 4829 486 4883; x_wconf 92' lang='lat' dir='ltr'><strong>per</strong></span> <span class='ocrx_word' id='word_1_472' title='bbox 502 4812 841 4882; x_wconf 87' lang='lat' dir='ltr'><strong>interpositas</strong></span> <span class='ocrx_word' id='word_1_473' title='bbox 857 4822 1197 4880; x_wconf 84' lang='lat' dir='ltr'><strong>quascunque</strong></span> <span class='ocrx_word' id='word_1_474' title='bbox 1216 4820 1466 4874; x_wconf 89' lang='lat' dir='ltr'><strong>personas</strong></span> <span class='ocrx_word' id='word_1_475' title='bbox 1486 4806 1726 4860; x_wconf 83' lang='lat' dir='ltr'><strong>scelestis</strong></span> <span class='ocrx_word' id='word_1_476' title='bbox 1745 4811 1957 4860; x_wconf 72' lang='lat' dir='ltr'><strong>cutura-</strong></span> 
     </span>
    </p>
   </div>
   <div class='ocr_carea' id='block_1_78' title="bbox 388 4902 946 4960">
    <p class='ocr_par' dir='ltr' id='par_1_78' title="bbox 388 4902 946 4960">
     <span class='ocr_line' id='line_1_78' title="bbox 388 4902 946 4960; baseline -0.004 0"><span class='ocrx_word' id='word_1_477' title='bbox 388 4905 564 4960; x_wconf 88' lang='lat' dir='ltr'><strong>ctibus</strong></span> <span class='ocrx_word' id='word_1_478' title='bbox 593 4902 946 4959; x_wconf 86' lang='lat' dir='ltr'><strong>miscuerunt.</strong></span> 
     </span>
    </p>
   </div>
   <div class='ocr_carea' id='block_1_79' title="bbox 462 4989 1956 5067">
    <p class='ocr_par' dir='ltr' id='par_1_79' title="bbox 462 4989 1956 5067">
     <span class='ocr_line' id='line_1_79' title="bbox 462 4989 1956 5067; baseline -0.007 -16"><span class='ocrx_word' id='word_1_479' title='bbox 462 4995 528 5051; x_wconf 82' lang='lat' dir='ltr'><strong>Et</strong></span> <span class='ocrx_word' id='word_1_480' title='bbox 575 4996 915 5067; x_wconf 86' lang='lat' dir='ltr'><strong>quiaomnia</strong></span> <span class='ocrx_word' id='word_1_481' title='bbox 962 4995 1114 5051; x_wconf 84' lang='lat' dir='ltr'><strong>decet</strong></span> <span class='ocrx_word' id='word_1_482' title='bbox 1152 4994 1250 5050; x_wconf 88' lang='lat' dir='ltr'><strong>sub</strong></span> <span class='ocrx_word' id='word_1_483' title='bbox 1292 4992 1495 5046; x_wconf 87' lang='lat' dir='ltr'><strong>ratione</strong></span> <span class='ocrx_word' id='word_1_484' title='bbox 1541 4989 1827 5055; x_wconf 78' lang='lat' dir='ltr'><strong>moderari,</strong></span> <span class='ocrx_word' id='word_1_485' title='bbox 1859 5003 1956 5042; x_wconf 88' lang='lat' dir='ltr'><strong>nec</strong></span> 
     </span>
    </p>
   </div>
   <div class='ocr_carea' id='block_1_80' title="bbox 2052 3799 3611 3875">
    <p class='ocr_par' dir='ltr' id='par_1_80' title="bbox 2052 3799 3611 3875">
     <span class='ocr_line' id='line_1_80' title="bbox 2052 3799 3611 3875; baseline -0.006 -13"><span class='ocrx_word' id='word_1_486' title='bbox 2052 3807 2254 3875; x_wconf 88' lang='lat' dir='ltr'><strong>busque</strong></span> <span class='ocrx_word' id='word_1_487' title='bbox 2273 3804 2574 3859; x_wconf 89' lang='lat' dir='ltr'><strong>civitatibus</strong></span> <span class='ocrx_word' id='word_1_488' title='bbox 2599 3802 2736 3870; x_wconf 90' lang='lat' dir='ltr'><strong>apud</strong></span> <span class='ocrx_word' id='word_1_489' title='bbox 2762 3801 2966 3871; x_wconf 89' lang='lat' dir='ltr'><strong>judices</strong></span> <span class='ocrx_word' id='word_1_490' title='bbox 2992 3809 3353 3868; x_wconf 86' lang='lat' dir='ltr'><strong>competentes</strong></span> <span class='ocrx_word' id='word_1_491' title='bbox 3380 3799 3479 3853; x_wconf 90' lang='lat' dir='ltr'><strong>hoc</strong></span> <span class='ocrx_word' id='word_1_492' title='bbox 3498 3801 3611 3853; x_wconf 85' lang='lat' dir='ltr'><strong>cri-</strong></span> 
     </span>
    </p>
   </div>
   <div class='ocr_carea' id='block_1_81' title="bbox 2053 3891 3619 3962">
    <p class='ocr_par' dir='ltr' id='par_1_81' title="bbox 2053 3891 3619 3962">
     <span class='ocr_line' id='line_1_81' title="bbox 2053 3891 3619 3962; baseline -0.004 -9"><span class='ocrx_word' id='word_1_493' title='bbox 2053 3914 2174 3953; x_wconf 90' lang='lat' dir='ltr'><strong>men</strong></span> <span class='ocrx_word' id='word_1_494' title='bbox 2201 3897 2430 3957; x_wconf 84' lang='lat' dir='ltr'><strong>deferre,</strong></span> <span class='ocrx_word' id='word_1_495' title='bbox 2456 3904 2509 3950; x_wconf 90' lang='lat' dir='ltr'><strong>et</strong></span> <span class='ocrx_word' id='word_1_496' title='bbox 2530 3894 2780 3962; x_wconf 90' lang='lat' dir='ltr'><strong>quidquid</strong></span> <span class='ocrx_word' id='word_1_497' title='bbox 2803 3908 2867 3948; x_wconf 78' lang='lat' dir='ltr'><strong>ex</strong></span> <span class='ocrx_word' id='word_1_498' title='bbox 2905 3907 2965 3947; x_wconf 90' lang='lat' dir='ltr'><strong>ea</strong></span> <span class='ocrx_word' id='word_1_499' title='bbox 2988 3892 3219 3961; x_wconf 87' lang='lat' dir='ltr'><strong>potuerit</strong></span> <span class='ocrx_word' id='word_1_500' title='bbox 3243 3891 3619 3961; x_wconf 80' lang='lat' dir='ltr'><strong>reprobatione</strong></span> 
     </span>
    </p>
   </div>
   <div class='ocr_carea' id='block_1_82' title="bbox 2053 3981 3615 4057">
    <p class='ocr_par' dir='ltr' id='par_1_82' title="bbox 2053 3981 3615 4057">
     <span class='ocr_line' id='line_1_82' title="bbox 2053 3981 3615 4057; baseline -0.002 -15"><span class='ocrx_word' id='word_1_501' title='bbox 2053 3989 2245 4057; x_wconf 83' lang='lat' dir='ltr'><strong>colligi,</strong></span> <span class='ocrx_word' id='word_1_502' title='bbox 2279 3996 2337 4041; x_wconf 91' lang='lat' dir='ltr'><strong>ut</strong></span> <span class='ocrx_word' id='word_1_503' title='bbox 2358 3986 2793 4056; x_wconf 81' lang='lat' dir='ltr'><strong>approbationem</strong></span> <span class='ocrx_word' id='word_1_504' title='bbox 2825 3981 3246 4055; x_wconf 69' lang='lat' dir='ltr'><strong>[approbatione]</strong></span> <span class='ocrx_word' id='word_1_505' title='bbox 3275 3984 3615 4053; x_wconf 87' lang='lat' dir='ltr'><strong>insequentes</strong></span> 
     </span>
    </p>
   </div>
   <div class='ocr_carea' id='block_1_83' title="bbox 2052 4073 3614 4144">
    <p class='ocr_par' dir='ltr' id='par_1_83' title="bbox 2052 4073 3614 4144">
     <span class='ocr_line' id='line_1_83' title="bbox 2052 4073 3614 4144; baseline -0.003 -11"><span class='ocrx_word' id='word_1_506' title='bbox 2052 4079 2351 4133; x_wconf 87' lang='lat' dir='ltr'><strong>animemus</strong></span> <span class='ocrx_word' id='word_1_507' title='bbox 2377 4095 2388 4128; x_wconf 94' lang='lat'>:</span> <span class='ocrx_word' id='word_1_508' title='bbox 2416 4077 2621 4130; x_wconf 87' lang='lat' dir='ltr'><strong>tertiam</strong></span> <span class='ocrx_word' id='word_1_509' title='bbox 2645 4086 2847 4144; x_wconf 88' lang='lat' dir='ltr'><strong>partem</strong></span> <span class='ocrx_word' id='word_1_510' title='bbox 2866 4073 3113 4143; x_wconf 72' lang='lat' dir='ltr'><strong>judicatae</strong></span> <span class='ocrx_word' id='word_1_511' title='bbox 3130 4073 3207 4127; x_wconf 87' lang='lat' dir='ltr'><strong>rei</strong></span> <span class='ocrx_word' id='word_1_512' title='bbox 3227 4073 3311 4127; x_wconf 85' lang='lat' dir='ltr'><strong>ille</strong></span> <span class='ocrx_word' id='word_1_513' title='bbox 3336 4074 3614 4143; x_wconf 89' lang='lat' dir='ltr'><strong>percipiat,</strong></span> 
     </span>
    </p>
   </div>
   <div class='ocr_carea' id='block_1_84' title="bbox 2052 4163 3618 4240">
    <p class='ocr_par' dir='ltr' id='par_1_84' title="bbox 2052 4163 3618 4240">
     <span class='ocr_line' id='line_1_84' title="bbox 2052 4163 3618 4240; baseline -0.002 -18"><span class='ocrx_word' id='word_1_514' title='bbox 2052 4171 2141 4240; x_wconf 82' lang='lat' dir='ltr'><strong>qui</strong></span> <span class='ocrx_word' id='word_1_515' title='bbox 2170 4169 2273 4223; x_wconf 73' lang='lat' dir='ltr'><strong>tale</strong></span> <span class='ocrx_word' id='word_1_516' title='bbox 2301 4168 2505 4221; x_wconf 80' lang='lat' dir='ltr'><strong>facinus</strong></span> <span class='ocrx_word' id='word_1_517' title='bbox 2526 4166 2755 4221; x_wconf 87' lang='lat' dir='ltr'><strong>voluerit</strong></span> <span class='ocrx_word' id='word_1_518' title='bbox 2778 4166 3077 4235; x_wconf 86' lang='lat' dir='ltr'><strong>publicare;</strong></span> <span class='ocrx_word' id='word_1_519' title='bbox 3110 4165 3310 4234; x_wconf 90' lang='lat' dir='ltr'><strong>reliqua</strong></span> <span class='ocrx_word' id='word_1_520' title='bbox 3334 4178 3462 4218; x_wconf 79' lang='lat' dir='ltr'><strong>vero</strong></span> <span class='ocrx_word' id='word_1_521' title='bbox 3484 4163 3618 4231; x_wconf 90' lang='lat' dir='ltr'><strong>ipsis</strong></span> 
     </span>
    </p>
   </div>
   <div class='ocr_carea' id='block_1_85' title="bbox 2055 4256 3618 4327">
    <p class='ocr_par' dir='ltr' id='par_1_85' title="bbox 2055 4256 3618 4327">
     <span class='ocr_line' id='line_1_85' title="bbox 2055 4256 3618 4327; baseline -0.006 -11"><span class='ocrx_word' id='word_1_522' title='bbox 2055 4262 2296 4316; x_wconf 89' lang='lat' dir='ltr'><strong>ecclesiis</strong></span> <span class='ocrx_word' id='word_1_523' title='bbox 2329 4258 2609 4327; x_wconf 88' lang='lat' dir='ltr'><strong>proﬁciant</strong></span> <span class='ocrx_word' id='word_1_524' title='bbox 2634 4272 2750 4324; x_wconf 74' lang='lat' dir='ltr'><strong>qua:</strong></span> <span class='ocrx_word' id='word_1_525' title='bbox 2780 4256 3023 4309; x_wconf 90' lang='lat' dir='ltr'><strong>videntur</strong></span> <span class='ocrx_word' id='word_1_526' title='bbox 3051 4264 3255 4310; x_wconf 72' lang='lat' dir='ltr'><strong>extorta</strong></span> <span class='ocrx_word' id='word_1_527' title='bbox 3277 4296 3292 4320; x_wconf 95' lang='lat'><strong>,</strong></span> <span class='ocrx_word' id='word_1_528' title='bbox 3323 4265 3412 4309; x_wconf 91' lang='lat' dir='ltr'><strong>aut</strong></span> <span class='ocrx_word' id='word_1_529' title='bbox 3442 4256 3493 4308; x_wconf 92' lang='lat' dir='ltr'><strong>in</strong></span> <span class='ocrx_word' id='word_1_530' title='bbox 3544 4257 3618 4308; x_wconf 84' lang='lat' dir='ltr'><strong>fa-</strong></span> 
     </span>
    </p>
   </div>
   <div class='ocr_carea' id='block_1_86' title="bbox 2055 4348 3616 4417">
    <p class='ocr_par' dir='ltr' id='par_1_86' title="bbox 2055 4348 3616 4417">
     <span class='ocr_line' id='line_1_86' title="bbox 2055 4348 3616 4417; baseline -0.003 -9"><span class='ocrx_word' id='word_1_531' title='bbox 2055 4354 2203 4409; x_wconf 87' lang='lat' dir='ltr'><strong>brica</strong></span> <span class='ocrx_word' id='word_1_532' title='bbox 2222 4368 2427 4416; x_wconf 90' lang='lat' dir='ltr'><strong>earum,</strong></span> <span class='ocrx_word' id='word_1_533' title='bbox 2451 4360 2539 4405; x_wconf 89' lang='lat' dir='ltr'><strong>aut</strong></span> <span class='ocrx_word' id='word_1_534' title='bbox 2557 4351 2608 4405; x_wconf 92' lang='lat' dir='ltr'><strong>in</strong></span> <span class='ocrx_word' id='word_1_535' title='bbox 2626 4350 2923 4405; x_wconf 88' lang='lat' dir='ltr'><strong>ministerio</strong></span> <span class='ocrx_word' id='word_1_536' title='bbox 2949 4348 3288 4403; x_wconf 88' lang='lat' dir='ltr'><strong>nihilominus</strong></span> <span class='ocrx_word' id='word_1_537' title='bbox 3322 4351 3616 4417; x_wconf 83' lang='lat' dir='ltr'><strong>profutura.</strong></span> 
     </span>
    </p>
   </div>
   <div class='ocr_carea' id='block_1_87' title="bbox 2056 4440 3619 4506">
    <p class='ocr_par' dir='ltr' id='par_1_87' title="bbox 2056 4440 3619 4506">
     <span class='ocr_line' id='line_1_87' title="bbox 2056 4440 3619 4506; baseline -0.003 -8"><span class='ocrx_word' id='word_1_538' title='bbox 2056 4444 2218 4498; x_wconf 80' lang='lat' dir='ltr'><strong>Decet</strong></span> <span class='ocrx_word' id='word_1_539' title='bbox 2256 4445 2399 4498; x_wconf 88' lang='lat' dir='ltr'><strong>enim</strong></span> <span class='ocrx_word' id='word_1_540' title='bbox 2430 4443 2494 4496; x_wconf 90' lang='lat' dir='ltr'><strong>ad</strong></span> <span class='ocrx_word' id='word_1_541' title='bbox 2541 4456 2667 4496; x_wconf 88' lang='lat' dir='ltr'><strong>usus</strong></span> <span class='ocrx_word' id='word_1_542' title='bbox 2716 4442 2884 4496; x_wconf 89' lang='lat' dir='ltr'><strong>bonos</strong></span> <span class='ocrx_word' id='word_1_543' title='bbox 2928 4451 3265 4502; x_wconf 85' lang='lat' dir='ltr'><strong>convertere,</strong></span> <span class='ocrx_word' id='word_1_544' title='bbox 3305 4455 3423 4506; x_wconf 68' lang='lat' dir='ltr'><strong>quae</strong></span> <span class='ocrx_word' id='word_1_545' title='bbox 3451 4440 3619 4493; x_wconf 86' lang='lat' dir='ltr'><strong>voluit</strong></span> 
     </span>
    </p>
   </div>
   <div class='ocr_carea' id='block_1_88' title="bbox 2056 4531 3616 4605">
    <p class='ocr_par' dir='ltr' id='par_1_88' title="bbox 2056 4531 3616 4605">
     <span class='ocr_line' id='line_1_88' title="bbox 2056 4531 3616 4605; baseline -0.003 -16"><span class='ocrx_word' id='word_1_546' title='bbox 2056 4538 2374 4605; x_wconf 88' lang='lat' dir='ltr'><strong>perversitas</strong></span> <span class='ocrx_word' id='word_1_547' title='bbox 2403 4534 2615 4588; x_wconf 86' lang='lat' dir='ltr'><strong>inimice</strong></span> <span class='ocrx_word' id='word_1_548' title='bbox 2656 4532 2917 4588; x_wconf 84' lang='lat' dir='ltr'><strong>fraudare.</strong></span> <span class='ocrx_word' id='word_1_549' title='bbox 2972 4531 3219 4598; x_wconf 85' lang='lat' dir='ltr'><strong>Quiescat</strong></span> <span class='ocrx_word' id='word_1_550' title='bbox 3262 4532 3419 4598; x_wconf 76' lang='lat' dir='ltr'><strong>igitur</strong></span> <span class='ocrx_word' id='word_1_551' title='bbox 3459 4533 3616 4585; x_wconf 84' lang='lat' dir='ltr'><strong>tuati-</strong></span> 
     </span>
    </p>
   </div>
   <div class='ocr_carea' id='block_1_89' title="bbox 2057 4622 3617 4699">
    <p class='ocr_par' dir='ltr' id='par_1_89' title="bbox 2057 4622 3617 4699">
     <span class='ocr_line' id='line_1_89' title="bbox 2057 4622 3617 4699; baseline -0.003 -19"><span class='ocrx_word' id='word_1_552' title='bbox 2057 4629 2328 4699; x_wconf 83' lang='lat' dir='ltr'><strong>gnantiutn</strong></span> <span class='ocrx_word' id='word_1_553' title='bbox 2356 4641 2514 4695; x_wconf 88' lang='lat' dir='ltr'><strong>prava</strong></span> <span class='ocrx_word' id='word_1_554' title='bbox 2544 4624 2823 4694; x_wconf 86' lang='lat' dir='ltr'><strong>cupiditas.</strong></span> <span class='ocrx_word' id='word_1_555' title='bbox 2869 4626 2983 4688; x_wconf 80' lang='lat' dir='ltr'><strong>Quo</strong></span> <span class='ocrx_word' id='word_1_556' title='bbox 3012 4623 3233 4677; x_wconf 87' lang='lat' dir='ltr'><strong>tendunt</strong></span> <span class='ocrx_word' id='word_1_557' title='bbox 3260 4622 3350 4692; x_wconf 88' lang='lat' dir='ltr'><strong>qui</strong></span> <span class='ocrx_word' id='word_1_558' title='bbox 3394 4638 3422 4675; x_wconf 91' lang='lat' dir='ltr'><strong>a</strong></span> <span class='ocrx_word' id='word_1_559' title='bbox 3472 4624 3617 4676; x_wconf 84' lang='lat' dir='ltr'><strong>fonte</strong></span> 
     </span>
    </p>
   </div>
   <div class='ocr_carea' id='block_1_90' title="bbox 2057 4713 3618 4788">
    <p class='ocr_par' dir='ltr' id='par_1_90' title="bbox 2057 4713 3618 4788">
     <span class='ocr_line' id='line_1_90' title="bbox 2057 4713 3618 4788; baseline -0.006 -16"><span class='ocrx_word' id='word_1_560' title='bbox 2057 4716 2302 4788; x_wconf 65' lang='lat' dir='ltr'><strong>praeclusi</strong></span> <span class='ocrx_word' id='word_1_561' title='bbox 2326 4717 2489 4770; x_wconf 86' lang='lat' dir='ltr'><strong>sunt?</strong></span> <span class='ocrx_word' id='word_1_562' title='bbox 2533 4715 2814 4769; x_wconf 74' lang='lat' dir='ltr'><strong>[iecolatur</strong></span> <span class='ocrx_word' id='word_1_563' title='bbox 2851 4724 2905 4768; x_wconf 91' lang='lat' dir='ltr'><strong>et</strong></span> <span class='ocrx_word' id='word_1_564' title='bbox 2939 4714 3186 4767; x_wconf 89' lang='lat' dir='ltr'><strong>timeatur</strong></span> <span class='ocrx_word' id='word_1_565' title='bbox 3210 4713 3443 4767; x_wconf 86' lang='lat' dir='ltr'><strong>Simonis</strong></span> <span class='ocrx_word' id='word_1_566' title='bbox 3473 4713 3618 4781; x_wconf 85' lang='lat' dir='ltr'><strong>justa</strong></span> 
     </span>
    </p>
   </div>
   <div class='ocr_carea' id='block_1_91' title="bbox 2056 4803 3621 4875">
    <p class='ocr_par' dir='ltr' id='par_1_91' title="bbox 2056 4803 3621 4875">
     <span class='ocr_line' id='line_1_91' title="bbox 2056 4803 3621 4875; baseline -0.006 -13"><span class='ocrx_word' id='word_1_567' title='bbox 2056 4809 2346 4868; x_wconf 83' lang='lat' dir='ltr'><strong>dantnatio,</strong></span> <span class='ocrx_word' id='word_1_568' title='bbox 2379 4806 2469 4875; x_wconf 91' lang='lat' dir='ltr'><strong>qui</strong></span> <span class='ocrx_word' id='word_1_569' title='bbox 2495 4805 2776 4860; x_wconf 81' lang='lat' dir='ltr'><strong>emendum</strong></span> <span class='ocrx_word' id='word_1_570' title='bbox 2799 4805 3024 4859; x_wconf 83' lang='lat' dir='ltr'><strong>credidit</strong></span> <span class='ocrx_word' id='word_1_571' title='bbox 3049 4803 3209 4858; x_wconf 88' lang='lat' dir='ltr'><strong>totius</strong></span> <span class='ocrx_word' id='word_1_572' title='bbox 3238 4803 3497 4871; x_wconf 80' lang='lat' dir='ltr'><strong>largitatis</strong></span> <span class='ocrx_word' id='word_1_573' title='bbox 3524 4817 3621 4855; x_wconf 77' lang='lat' dir='ltr'><strong>au—</strong></span> 
     </span>
    </p>
   </div>
   <div class='ocr_carea' id='block_1_92' title="bbox 2057 4914 2279 4957">
    <p class='ocr_par' dir='ltr' id='par_1_92' title="bbox 2057 4914 2279 4957">
     <span class='ocr_line' id='line_1_92' title="bbox 2057 4914 2279 4957; baseline -0.018 0"><span class='ocrx_word' id='word_1_574' title='bbox 2057 4914 2279 4957; x_wconf 85' lang='lat' dir='ltr'><strong>ctorem.</strong></span> 
     </span>
    </p>
   </div>
   <div class='ocr_carea' id='block_1_93' title="bbox 2129 4984 3618 5058">
    <p class='ocr_par' dir='ltr' id='par_1_93' title="bbox 2129 4984 3618 5058">
     <span class='ocr_line' id='line_1_93' title="bbox 2129 4984 3618 5058; baseline -0.009 -13"><span class='ocrx_word' id='word_1_575' title='bbox 2129 4993 2289 5046; x_wconf 87' lang='lat' dir='ltr'><strong>Orate</strong></span> <span class='ocrx_word' id='word_1_576' title='bbox 2322 4990 2479 5058; x_wconf 75' lang='lat' dir='ltr'><strong>igitur</strong></span> <span class='ocrx_word' id='word_1_577' title='bbox 2509 5004 2602 5055; x_wconf 88' lang='lat' dir='ltr'><strong>pro</strong></span> <span class='ocrx_word' id='word_1_578' title='bbox 2630 4987 2801 5050; x_wconf 86' lang='lat' dir='ltr'><strong>nobis,</strong></span> <span class='ocrx_word' id='word_1_579' title='bbox 2826 4988 2997 5042; x_wconf 78' lang='lat' dir='ltr'><strong>edicta</strong></span> <span class='ocrx_word' id='word_1_580' title='bbox 3028 4996 3206 5040; x_wconf 88' lang='lat' dir='ltr'><strong>nostra</strong></span> <span class='ocrx_word' id='word_1_581' title='bbox 3234 4984 3618 5041; x_wconf 74' lang='lat' dir='ltr'><strong>custodientes,</strong></span> 
     </span>
    </p>
   </div>
   <div class='ocr_carea' id='block_1_94' title="bbox 394 5078 3625 5161">
    <p class='ocr_par' dir='ltr' id='par_1_94' title="bbox 394 5078 3625 5161">
     <span class='ocr_line' id='line_1_94' title="bbox 394 5078 3625 5161; baseline -0.004 -22"><span class='ocrx_word' id='word_1_582' title='bbox 394 5096 617 5158; x_wconf 77' lang='lat' dir='ltr'><strong>possunt</strong></span> <span class='ocrx_word' id='word_1_583' title='bbox 634 5088 737 5141; x_wconf 90' lang='lat' dir='ltr'><strong>dici</strong></span> <span class='ocrx_word' id='word_1_584' title='bbox 757 5086 895 5156; x_wconf 86' lang='lat' dir='ltr'><strong>justa</strong></span> <span class='ocrx_word' id='word_1_585' title='bbox 924 5102 1042 5157; x_wconf 65' lang='lat' dir='ltr'><strong>quae</strong></span> <span class='ocrx_word' id='word_1_586' title='bbox 1065 5087 1224 5140; x_wconf 89' lang='lat' dir='ltr'><strong>nimia</strong></span> <span class='ocrx_word' id='word_1_587' title='bbox 1251 5094 1369 5139; x_wconf 90' lang='lat' dir='ltr'><strong>sunt</strong></span> <span class='ocrx_word' id='word_1_588' title='bbox 1402 5098 1558 5136; x_wconf 88' lang='lat' dir='ltr'><strong>:cum</strong></span> <span class='ocrx_word' id='word_1_589' title='bbox 1586 5080 1653 5136; x_wconf 90' lang='lat' dir='ltr'><strong>de</strong></span> <span class='ocrx_word' id='word_1_590' title='bbox 1679 5079 1952 5149; x_wconf 88' lang='lat' dir='ltr'><strong>apostolici</strong></span> <span class='ocrx_word' id='word_1_591' title='bbox 1983 5099 2039 5161; x_wconf 67' lang='grc' dir='ltr'><strong>ι)</strong></span> <span class='ocrx_word' id='word_1_592' title='bbox 2059 5084 2179 5152; x_wconf 91' lang='lat' dir='ltr'><strong>quia</strong></span> <span class='ocrx_word' id='word_1_593' title='bbox 2210 5083 2400 5137; x_wconf 86' lang='lat' dir='ltr'><strong>divinis</strong></span> <span class='ocrx_word' id='word_1_594' title='bbox 2428 5084 2661 5136; x_wconf 88' lang='lat' dir='ltr'><strong>noscitur</strong></span> <span class='ocrx_word' id='word_1_595' title='bbox 2702 5082 2989 5136; x_wconf 86' lang='lat' dir='ltr'><strong>convenire</strong></span> <span class='ocrx_word' id='word_1_596' title='bbox 3033 5080 3317 5150; x_wconf 77' lang='lat' dir='ltr'><strong>mysteriis.</strong></span> <span class='ocrx_word' id='word_1_597' title='bbox 3364 5078 3467 5133; x_wconf 89' lang='lat' dir='ltr'><strong>Sed</strong></span> <span class='ocrx_word' id='word_1_598' title='bbox 3518 5091 3625 5145; x_wconf 88' lang='lat' dir='ltr'><strong>quo</strong></span> 
     </span>
    </p>
   </div>
   <div class='ocr_carea' id='block_1_95' title="bbox 390 5170 1956 5245">
    <p class='ocr_par' dir='ltr' id='par_1_95' title="bbox 390 5170 1956 5245">
     <span class='ocr_line' id='line_1_95' title="bbox 390 5170 1956 5245; baseline -0.006 -13"><span class='ocrx_word' id='word_1_599' title='bbox 390 5177 794 5233; x_wconf 84' lang='lat' dir='ltr'><strong>consecratione</strong></span> <span class='ocrx_word' id='word_1_600' title='bbox 823 5176 1084 5245; x_wconf 84' lang='lat' dir='ltr'><strong>pontiﬁcis</strong></span> <span class='ocrx_word' id='word_1_601' title='bbox 1117 5175 1339 5229; x_wconf 87' lang='lat' dir='ltr'><strong>intentio</strong></span> <span class='ocrx_word' id='word_1_602' title='bbox 1366 5174 1591 5227; x_wconf 79' lang='lat' dir='ltr'><strong>fortasse</strong></span> <span class='ocrx_word' id='word_1_603' title='bbox 1637 5170 1956 5239; x_wconf 81' lang='lat' dir='ltr'><strong>praevenerit</strong></span> 
     </span>
    </p>
   </div>
   <div class='ocr_carea' id='block_1_96' title="bbox 393 5262 1957 5341">
    <p class='ocr_par' dir='ltr' id='par_1_96' title="bbox 393 5262 1957 5341">
     <span class='ocr_line' id='line_1_96' title="bbox 393 5262 1957 5341; baseline -0.004 -18"><span class='ocrx_word' id='word_1_604' title='bbox 393 5264 769 5341; x_wconf 81' lang='lat' dir='ltr'><strong>[pervenerit],</strong></span> <span class='ocrx_word' id='word_1_605' title='bbox 818 5276 873 5322; x_wconf 90' lang='lat' dir='ltr'><strong>et</strong></span> <span class='ocrx_word' id='word_1_606' title='bbox 908 5267 971 5321; x_wconf 86' lang='lat' dir='ltr'><strong>ad</strong></span> <span class='ocrx_word' id='word_1_607' title='bbox 1000 5268 1251 5336; x_wconf 89' lang='lat' dir='ltr'><strong>palatium</strong></span> <span class='ocrx_word' id='word_1_608' title='bbox 1282 5274 1520 5320; x_wconf 89' lang='lat' dir='ltr'><strong>nostrmn</strong></span> <span class='ocrx_word' id='word_1_609' title='bbox 1557 5263 1808 5332; x_wconf 81' lang='lat' dir='ltr'><strong>producta</strong></span> <span class='ocrx_word' id='word_1_610' title='bbox 1840 5262 1957 5316; x_wconf 87' lang='lat' dir='ltr'><strong>fue-</strong></span> 
     </span>
    </p>
   </div>
   <div class='ocr_carea' id='block_1_97' title="bbox 393 5352 1956 5427">
    <p class='ocr_par' dir='ltr' id='par_1_97' title="bbox 393 5352 1956 5427">
     <span class='ocr_line' id='line_1_97' title="bbox 393 5352 1956 5427; baseline -0.004 -14"><span class='ocrx_word' id='word_1_611' title='bbox 393 5361 464 5413; x_wconf 88' lang='lat' dir='ltr'><strong>rit</strong></span> <span class='ocrx_word' id='word_1_612' title='bbox 484 5358 756 5414; x_wconf 86' lang='lat' dir='ltr'><strong>altercatio</strong></span> <span class='ocrx_word' id='word_1_613' title='bbox 784 5358 1121 5427; x_wconf 89' lang='lat' dir='ltr'><strong>p0pulorum,</strong></span> <span class='ocrx_word' id='word_1_614' title='bbox 1150 5366 1493 5426; x_wconf 76' lang='lat' dir='ltr'><strong>suggerentes</strong></span> <span class='ocrx_word' id='word_1_615' title='bbox 1520 5354 1671 5408; x_wconf 65' lang='lat' dir='ltr'><strong>nobis</strong></span> <span class='ocrx_word' id='word_1_616' title='bbox 1700 5354 1835 5407; x_wconf 84' lang='lat' dir='ltr'><strong>intra</strong></span> <span class='ocrx_word' id='word_1_617' title='bbox 1858 5352 1956 5407; x_wconf 89' lang='lat' dir='ltr'><strong>tria</strong></span> 
     </span>
    </p>
   </div>
   <div class='ocr_carea' id='block_1_98' title="bbox 397 5447 1957 5506">
    <p class='ocr_par' dir='ltr' id='par_1_98' title="bbox 397 5447 1957 5506">
     <span class='ocr_line' id='line_1_98' title="bbox 397 5447 1957 5506; baseline -0.005 -1"><span class='ocrx_word' id='word_1_618' title='bbox 397 5449 561 5505; x_wconf 88' lang='lat' dir='ltr'><strong>millia</strong></span> <span class='ocrx_word' id='word_1_619' title='bbox 590 5450 884 5506; x_wconf 86' lang='lat' dir='ltr'><strong>solidorum</strong></span> <span class='ocrx_word' id='word_1_620' title='bbox 929 5464 1049 5504; x_wconf 91' lang='lat' dir='ltr'><strong>cum</strong></span> <span class='ocrx_word' id='word_1_621' title='bbox 1082 5448 1393 5504; x_wconf 88' lang='lat' dir='ltr'><strong>collectione</strong></span> <span class='ocrx_word' id='word_1_622' title='bbox 1420 5447 1723 5500; x_wconf 88' lang='lat' dir='ltr'><strong>chartarum</strong></span> <span class='ocrx_word' id='word_1_623' title='bbox 1766 5459 1957 5498; x_wconf 85' lang='lat' dir='ltr'><strong>cense-</strong></span> 
     </span>
    </p>
   </div>
   <div class='ocr_carea' id='block_1_99' title="bbox 396 5535 1956 5611">
    <p class='ocr_par' dir='ltr' id='par_1_99' title="bbox 396 5535 1956 5611">
     <span class='ocr_line' id='line_1_99' title="bbox 396 5535 1956 5611; baseline -0.004 -15"><span class='ocrx_word' id='word_1_624' title='bbox 396 5556 515 5596; x_wconf 87' lang='lat' dir='ltr'><strong>mus</strong></span> <span class='ocrx_word' id='word_1_625' title='bbox 541 5542 804 5611; x_wconf 89' lang='lat' dir='ltr'><strong>accipere,</strong></span> <span class='ocrx_word' id='word_1_626' title='bbox 831 5556 861 5595; x_wconf 91' lang='lat' dir='ltr'><strong>a</strong></span> <span class='ocrx_word' id='word_1_627' title='bbox 889 5540 1079 5611; x_wconf 89' lang='lat' dir='ltr'><strong>quibus</strong></span> <span class='ocrx_word' id='word_1_628' title='bbox 1103 5548 1275 5593; x_wconf 87' lang='lat' dir='ltr'><strong>tamen</strong></span> <span class='ocrx_word' id='word_1_629' title='bbox 1308 5555 1496 5592; x_wconf 85' lang='lat' dir='ltr'><strong>omnes</strong></span> <span class='ocrx_word' id='word_1_630' title='bbox 1520 5537 1793 5591; x_wconf 86' lang='lat' dir='ltr'><strong>inidoneos</strong></span> <span class='ocrx_word' id='word_1_631' title='bbox 1822 5535 1956 5607; x_wconf 81' lang='lat' dir='ltr'><strong>[ido-</strong></span> 
     </span>
    </p>
   </div>
   <div class='ocr_carea' id='block_1_100' title="bbox 400 5630 1958 5702">
    <p class='ocr_par' dir='ltr' id='par_1_100' title="bbox 400 5630 1958 5702">
     <span class='ocr_line' id='line_1_100' title="bbox 400 5630 1958 5702; baseline 0 -18"><span class='ocrx_word' id='word_1_632' title='bbox 400 5630 549 5702; x_wconf 86' lang='lat' dir='ltr'><strong>neos]</strong></span> <span class='ocrx_word' id='word_1_633' title='bbox 577 5631 655 5685; x_wconf 87' lang='lat' dir='ltr'><strong>rei</strong></span> <span class='ocrx_word' id='word_1_634' title='bbox 687 5632 850 5699; x_wconf 84' lang='lat' dir='ltr'><strong>ipsius</strong></span> <span class='ocrx_word' id='word_1_635' title='bbox 876 5630 1302 5686; x_wconf 80' lang='lat' dir='ltr'><strong>consideratione</strong></span> <span class='ocrx_word' id='word_1_636' title='bbox 1329 5644 1666 5684; x_wconf 86' lang='lat' dir='ltr'><strong>removemus</strong></span> <span class='ocrx_word' id='word_1_637' title='bbox 1697 5645 1712 5683; x_wconf 89' lang='lat'><strong>:</strong></span> <span class='ocrx_word' id='word_1_638' title='bbox 1743 5632 1864 5699; x_wconf 89' lang='lat' dir='ltr'><strong>quia</strong></span> <span class='ocrx_word' id='word_1_639' title='bbox 1889 5630 1958 5684; x_wconf 89' lang='lat' dir='ltr'><strong>de</strong></span> 
     </span>
    </p>
   </div>
   <div class='ocr_carea' id='block_1_101' title="bbox 400 5722 1962 5794">
    <p class='ocr_par' dir='ltr' id='par_1_101' title="bbox 400 5722 1962 5794">
     <span class='ocr_line' id='line_1_101' title="bbox 400 5722 1962 5794; baseline 0.001 -17"><span class='ocrx_word' id='word_1_640' title='bbox 400 5724 755 5778; x_wconf 75' lang='lat' dir='ltr'><strong>ecclesiastico</strong></span> <span class='ocrx_word' id='word_1_641' title='bbox 798 5738 1019 5780; x_wconf 84' lang='lat' dir='ltr'><strong>munere</strong></span> <span class='ocrx_word' id='word_1_642' title='bbox 1049 5722 1361 5794; x_wconf 84' lang='lat' dir='ltr'><strong>pauperibus</strong></span> <span class='ocrx_word' id='word_1_643' title='bbox 1390 5732 1469 5777; x_wconf 88' lang='lat' dir='ltr'><strong>cst</strong></span> <span class='ocrx_word' id='word_1_644' title='bbox 1492 5725 1662 5792; x_wconf 87' lang='lat' dir='ltr'><strong>potius</strong></span> <span class='ocrx_word' id='word_1_645' title='bbox 1683 5724 1962 5779; x_wconf 78' lang='lat' dir='ltr'><strong>consulen-</strong></span> 
     </span>
    </p>
   </div>
   <div class='ocr_carea' id='block_1_102' title="bbox 2060 5169 3625 5241">
    <p class='ocr_par' dir='ltr' id='par_1_102' title="bbox 2060 5169 3625 5241">
     <span class='ocr_line' id='line_1_102' title="bbox 2060 5169 3625 5241; baseline -0.006 -13"><span class='ocrx_word' id='word_1_646' title='bbox 2060 5173 2266 5229; x_wconf 83' lang='lat' dir='ltr'><strong>facilius</strong></span> <span class='ocrx_word' id='word_1_647' title='bbox 2295 5174 2548 5241; x_wconf 91' lang='lat' dir='ltr'><strong>principis</strong></span> <span class='ocrx_word' id='word_1_648' title='bbox 2569 5181 2748 5226; x_wconf 92' lang='lat' dir='ltr'><strong>votum</strong></span> <span class='ocrx_word' id='word_1_649' title='bbox 2780 5173 3147 5225; x_wconf 81' lang='lat' dir='ltr'><strong>universorum</strong></span> <span class='ocrx_word' id='word_1_650' title='bbox 3179 5170 3441 5224; x_wconf 90' lang='lat' dir='ltr'><strong>mentibus</strong></span> <span class='ocrx_word' id='word_1_651' title='bbox 3471 5169 3625 5223; x_wconf 86' lang='lat' dir='ltr'><strong>inno-</strong></span> 
     </span>
    </p>
   </div>
   <div class='ocr_carea' id='block_1_103' title="bbox 2061 5259 3622 5333">
    <p class='ocr_par' dir='ltr' id='par_1_103' title="bbox 2061 5259 3622 5333">
     <span class='ocr_line' id='line_1_103' title="bbox 2061 5259 3622 5333; baseline -0.005 -13"><span class='ocrx_word' id='word_1_652' title='bbox 2061 5275 2246 5331; x_wconf 83' lang='lat' dir='ltr'><strong>tescat,</strong></span> <span class='ocrx_word' id='word_1_653' title='bbox 2276 5268 2373 5319; x_wconf 91' lang='lat' dir='ltr'><strong>hoc</strong></span> <span class='ocrx_word' id='word_1_654' title='bbox 2399 5268 2627 5331; x_wconf 79' lang='lat' dir='ltr'><strong>senatui,</strong></span> <span class='ocrx_word' id='word_1_655' title='bbox 2660 5265 2759 5317; x_wconf 89' lang='lat' dir='ltr'><strong>hoc</strong></span> <span class='ocrx_word' id='word_1_656' title='bbox 2796 5264 3004 5332; x_wconf 83' lang='lat' dir='ltr'><strong>pepulis</strong></span> <span class='ocrx_word' id='word_1_657' title='bbox 3029 5279 3119 5332; x_wconf 88' lang='lat' dir='ltr'><strong>per</strong></span> <span class='ocrx_word' id='word_1_658' title='bbox 3141 5263 3445 5333; x_wconf 64' lang='lat' dir='ltr'><strong>praefectum</strong></span> <span class='ocrx_word' id='word_1_659' title='bbox 3474 5259 3622 5314; x_wconf 86' lang='lat' dir='ltr'><strong>urbis</strong></span> 
     </span>
    </p>
   </div>
   <div class='ocr_carea' id='block_1_104' title="bbox 2063 5352 3622 5426">
    <p class='ocr_par' dir='ltr' id='par_1_104' title="bbox 2063 5352 3622 5426">
     <span class='ocr_line' id='line_1_104' title="bbox 2063 5352 3622 5426; baseline -0.004 -16"><span class='ocrx_word' id='word_1_660' title='bbox 2063 5355 2395 5426; x_wconf 62' lang='lat' dir='ltr'><strong>praecipimus</strong></span> <span class='ocrx_word' id='word_1_661' title='bbox 2417 5355 2668 5419; x_wconf 89' lang='lat' dir='ltr'><strong>intimari,</strong></span> <span class='ocrx_word' id='word_1_662' title='bbox 2687 5364 2745 5409; x_wconf 90' lang='lat' dir='ltr'><strong>ut</strong></span> <span class='ocrx_word' id='word_1_663' title='bbox 2762 5355 3082 5423; x_wconf 83' lang='lat' dir='ltr'><strong>generalitas</strong></span> <span class='ocrx_word' id='word_1_664' title='bbox 3102 5362 3350 5424; x_wconf 84' lang='lat' dir='ltr'><strong>agnoscat</strong></span> <span class='ocrx_word' id='word_1_665' title='bbox 3377 5367 3475 5406; x_wconf 87' lang='lat' dir='ltr'><strong>nos</strong></span> <span class='ocrx_word' id='word_1_666' title='bbox 3498 5352 3622 5405; x_wconf 88' lang='lat' dir='ltr'><strong>illos</strong></span> 
     </span>
    </p>
   </div>
   <div class='ocr_carea' id='block_1_105' title="bbox 2063 5446 3622 5519">
    <p class='ocr_par' dir='ltr' id='par_1_105' title="bbox 2063 5446 3622 5519">
     <span class='ocr_line' id='line_1_105' title="bbox 2063 5446 3622 5519; baseline -0.003 -16"><span class='ocrx_word' id='word_1_667' title='bbox 2063 5451 2311 5518; x_wconf 90' lang='lat' dir='ltr'><strong>prosequi</strong></span> <span class='ocrx_word' id='word_1_668' title='bbox 2339 5449 2427 5519; x_wconf 88' lang='lat' dir='ltr'><strong>qui</strong></span> <span class='ocrx_word' id='word_1_669' title='bbox 2464 5448 2722 5517; x_wconf 86' lang='lat' dir='ltr'><strong>majestati</strong></span> <span class='ocrx_word' id='word_1_670' title='bbox 2753 5450 2943 5501; x_wconf 71' lang='lat' dir='ltr'><strong>divina:</strong></span> <span class='ocrx_word' id='word_1_671' title='bbox 2992 5449 3161 5514; x_wconf 83' lang='lat' dir='ltr'><strong>potius</strong></span> <span class='ocrx_word' id='word_1_672' title='bbox 3196 5447 3501 5499; x_wconf 81' lang='lat' dir='ltr'><strong>viderentur</strong></span> <span class='ocrx_word' id='word_1_673' title='bbox 3526 5446 3622 5499; x_wconf 82' lang='lat' dir='ltr'><strong>ad-</strong></span> 
     </span>
    </p>
   </div>
   <div class='ocr_carea' id='block_1_106' title="bbox 2065 5539 3626 5610">
    <p class='ocr_par' dir='ltr' id='par_1_106' title="bbox 2065 5539 3626 5610">
     <span class='ocr_line' id='line_1_106' title="bbox 2065 5539 3626 5610; baseline -0.002 -15"><span class='ocrx_word' id='word_1_674' title='bbox 2065 5542 2222 5597; x_wconf 88' lang='lat' dir='ltr'><strong>versi.</strong></span> <span class='ocrx_word' id='word_1_675' title='bbox 2259 5543 2363 5597; x_wconf 83' lang='lat' dir='ltr'><strong>Vos</strong></span> <span class='ocrx_word' id='word_1_676' title='bbox 2389 5556 2595 5610; x_wconf 88' lang='lat' dir='ltr'><strong>quoque</strong></span> <span class='ocrx_word' id='word_1_677' title='bbox 2623 5541 2723 5593; x_wconf 90' lang='lat' dir='ltr'><strong>hoc</strong></span> <span class='ocrx_word' id='word_1_678' title='bbox 2760 5539 3041 5603; x_wconf 87' lang='lat' dir='ltr'><strong>universis,</strong></span> <span class='ocrx_word' id='word_1_679' title='bbox 3072 5554 3205 5608; x_wconf 92' lang='lat' dir='ltr'><strong>quos</strong></span> <span class='ocrx_word' id='word_1_680' title='bbox 3248 5539 3355 5592; x_wconf 79' lang='lat' dir='ltr'><strong>Deo</strong></span> <span class='ocrx_word' id='word_1_681' title='bbox 3396 5539 3626 5607; x_wconf 86' lang='lat' dir='ltr'><strong>propitio</strong></span> 
     </span>
    </p>
   </div>
   <div class='ocr_carea' id='block_1_107' title="bbox 2068 5630 3613 5702">
    <p class='ocr_par' dir='ltr' id='par_1_107' title="bbox 2068 5630 3613 5702">
     <span class='ocr_line' id='line_1_107' title="bbox 2068 5630 3613 5702; baseline -0.003 -15"><span class='ocrx_word' id='word_1_682' title='bbox 2068 5634 2270 5701; x_wconf 87' lang='lat' dir='ltr'><strong>regitis,</strong></span> <span class='ocrx_word' id='word_1_683' title='bbox 2304 5634 2566 5702; x_wconf 72' lang='lat' dir='ltr'><strong>episcopis</strong></span> <span class='ocrx_word' id='word_1_684' title='bbox 2593 5631 2858 5693; x_wconf 83' lang='lat' dir='ltr'><strong>intimate;</strong></span> <span class='ocrx_word' id='word_1_685' title='bbox 2889 5647 3059 5699; x_wconf 76' lang='lat' dir='ltr'><strong>neque</strong></span> <span class='ocrx_word' id='word_1_686' title='bbox 3085 5632 3150 5685; x_wconf 88' lang='lat' dir='ltr'><strong>sit</strong></span> <span class='ocrx_word' id='word_1_687' title='bbox 3174 5632 3383 5685; x_wconf 77' lang='lat' dir='ltr'><strong>alienus</strong></span> <span class='ocrx_word' id='word_1_688' title='bbox 3410 5645 3438 5684; x_wconf 84' lang='lat' dir='ltr'><strong>a</strong></span> <span class='ocrx_word' id='word_1_689' title='bbox 3464 5630 3613 5702; x_wconf 82' lang='lat' dir='ltr'><strong>culpa</strong></span> 
     </span>
    </p>
   </div>
   <div class='ocr_carea' id='block_1_108' title="bbox 2070 5721 3028 5796">
    <p class='ocr_par' dir='ltr' id='par_1_108' title="bbox 2070 5721 3028 5796">
     <span class='ocr_line' id='line_1_108' title="bbox 2070 5721 3028 5796; baseline -0.004 -18"><span class='ocrx_word' id='word_1_690' title='bbox 2070 5726 2156 5796; x_wconf 85' lang='lat' dir='ltr'><strong>qui</strong></span> <span class='ocrx_word' id='word_1_691' title='bbox 2188 5740 2220 5795; x_wconf 94' lang='lat' dir='ltr'><strong>p</strong></span> <span class='ocrx_word' id='word_1_692' title='bbox 2244 5725 2362 5779; x_wconf 50' lang='lat' dir='ltr'><strong>.tuit</strong></span> <span class='ocrx_word' id='word_1_693' title='bbox 2389 5738 2705 5791; x_wconf 81' lang='lat' dir='ltr'><strong>cognoscere</strong></span> <span class='ocrx_word' id='word_1_694' title='bbox 2731 5721 3028 5777; x_wconf 76' lang='lat' dir='ltr'><strong>constituta.</strong></span> 
     </span>
    </p>
   </div>
  </div>
