4032 6184
438 344 505 400 i5
1538 344 1809 401 JUANNIS
1848 346 2001 401 PAP}

2112 345 2125 397 1
2173 346 2540 403 EPISTOL/E.
3605 359 3667 413 α

839 450 1161 509 EPISTULA
1202 455 1596 509 CASSIODORI

926 564 989 599 AD
1028 562 1261 600 JOANNEII
1315 559 1509 601 ΡΔΡΑΙ.

431 636 563 691 Cum
606 654 638 689 α
680 653 792 705 rege
834 640 1102 704 praefectus
1143 638 1366 705 prwton’i
1396 637 1696 689 constitutus
1727 646 1872 699 esset,
1913 652 2004 701 pro

502 710 632 761 bono
655 708 893 777 regimine
923 724 1089 776 preces
1114 708 1368 778 pontiﬁcis
1392 708 1460 759 ad
1485 706 1647 761 Deum
1670 707 1933 777 implorat.

500 796 917 867 Supplicandum
954 795 1097 849 vobis
1123 806 1222 858 est,
1263 794 1571 850 beatissime
1611 804 1793 864 pater,
1825 802 1883 848 ut
1910 796 2005 848 lte-

432 889 602 943 titiam
640 905 795 958 quam
821 904 913 958 per
943 903 1058 954 vos,
1087 888 1194 942 Deo
1218 887 1491 956 largiente,
1522 887 1877 957 percepimus,
1908 905 2004 944 cu-

428 981 623 1036 stodiri
646 980 797 1034 nobis
819 980 1010 1034 vestris
1032 980 1359 1034 orationibus
1385 981 1694 1034 sentiamus.
1714 979 1843 1045 Quis
1862 980 2005 1034 enim

430 1072 637 1124 dubitet
668 1072 1071 1140 prosperitatem
1106 1080 1342 1125 nostram
1380 1070 1569 1124 vestris
1599 1069 1803 1124 meritis
1830 1069 2005 1138 appli-

428 1165 677 1228 candam,
700 1164 913 1234 quando
937 1163 1194 1217 honorem
1220 1162 1586 1230 adipiscimur,
1611 1161 1699 1232 qui
1726 1177 1753 1215 a
1780 1162 2005 1217 Domino

428 1256 575 1324 diligi
605 1271 709 1308 non
751 1270 1051 1319 meremur;
1099 1263 1149 1308 et
1200 1256 1590 1323 permutatione
1622 1253 1823 1308 efficaci
1868 1254 2005 1308 bona

431 1349 739 1415 recipimus,
768 1348 893 1400 dum
933 1348 1054 1399 talia
1078 1362 1183 1400 non
1214 1346 1472 1416 agamus?
1509 1345 1901 1400 Ecclesiasticis
1926 1346 2002 1398 si-

426 1440 642 1495 quidem
666 1438 884 1506 jejuniis
914 1436 1082 1491 fames
1112 1446 1194 1490 est
1227 1437 1440 1490 exclusa
1475 1436 1762 1504 popularis,
1795 1437 2003 1490 decoris

430 1532 680 1601 lacrymis
703 1531 916 1584 tristitia
948 1529 1085 1583 fmda
1110 1529 1386 1593 discessit;
1421 1538 1475 1581 et
1506 1543 1597 1596 per
1625 1539 1841 1581 sanctos
1861 1530 2003 1582 viros

426 1625 781 1679 acceleratum
812 1633 894 1677 est
920 1664 936 1688 ,
970 1638 1036 1678 ne
1077 1623 1375 1678 traheretur
1406 1623 1601 1677 diutius
1628 1624 1769 1693 quod
1815 1640 2005 1692 grava-

428 1717 539 1770 bat.
570 1716 636 1769 Et
665 1715 786 1769 ideo
830 1714 1067 1769 salutans
1111 1714 1446 1768 officiositate
1491 1730 1595 1784 qua
1641 1716 1856 1783 dignum
1895 1726 1995 1781 est,

2027 463 2080 518 Α
2108 456 2265 510 homo
2287 466 2495 511 constat
2520 474 2582 512 ex
2607 460 2877 526 dualitate,
2908 464 2977 517 ita
3002 463 3122 519 boni
3148 467 3418 533 patrisrest
3442 477 3666 539 utraque

2110 549 2378 603 refovere.
2413 548 2644 603 Primum
2673 554 2943 619 penuriam
2971 557 3182 623 quidem
3211 560 3487 627 temporis,
3509 576 3666 628 quam

2107 635 2297 691 delicta
2326 650 2733 706 promerentur,
2781 644 3108 700 orationibus
3151 648 3348 702 sanctis
3397 664 3664 705 amovere.

2107 725 2162 780 Si
2193 727 2315 794 quid
2349 737 2524 783 tamen
2556 731 2717 798 (quod
2743 731 2903 801 absit)
2932 736 3218 801 acciderit,
3250 748 3376 794 tunc
3412 740 3547 795 bene
3573 758 3669 796 ne-

2106 819 2328 873 cessitas
2353 821 2677 888 excluditur,
2706 824 3125 893 quandoicoutra
3148 845 3264 884 eam
3292 833 3391 886 sub
3418 834 3663 889 ubertate

2110 920 2382 963 tractatur.

2178 1001 2386 1056 Monete
2413 1017 2498 1057 me
2518 1019 2636 1072 quae
2660 1014 2782 1059 sunt
2809 1009 3037 1076 gerenda
3066 1010 3316 1076 sollicite;
3348 1014 3484 1070 bene
3510 1032 3671 1087 agere

2108 1093 2187 1144 vel
2216 1105 2492 1160 correptus
2520 1104 2711 1163 exepto
2744 1114 2755 1146 :
2787 1097 2909 1166 quia
2938 1097 3200 1155 difﬁcilius
3236 1112 3377 1157 errat
3407 1105 3520 1160 ovis
3551 1123 3669 1176 quas

2107 1198 2266 1239 voces
2295 1185 2563 1240 desiderat
2598 1189 2784 1243 audire
2825 1192 3073 1260 pastoris,
3108 1209 3205 1247 nec
3241 1195 3394 1250 facile
3439 1198 3671 1253 efﬁcitur

2105 1277 2330 1331 vitiosus
2352 1278 2435 1332 cui
2462 1279 2764 1334 admonitor
2789 1282 2989 1336 insiSIit
3014 1285 3277 1339 assiduus.
3306 1287 3431 1342 Sum
3453 1290 3667 1357 quidem

2100 1366 2262 1434 judex
2308 1369 2588 1437 palatinus,
2622 1371 2716 1425 sed
2745 1382 2924 1427 vester
2959 1389 3061 1428 non
3092 1376 3328 1431 desinam
3360 1393 3479 1434 esse
3508 1381 3671 1435 disci-

2107 1460 2307 1528 pulus;
2356 1477 2473 1515 nam
2521 1471 2644 1517 tunc
2685 1464 2781 1517 ista
2825 1475 2969 1521 recte
3013 1468 3265 1535 gerimus,
3317 1471 3361 1524 si
3409 1485 3440 1526 a
3486 1474 3671 1527 vestris

2106 1553 2301 1622 regulis
2346 1553 2563 1608 minime
2609 1555 2965 1611 discedamus.
3016 1559 3119 1613 Sed
3164 1576 3282 1614 cum
3329 1577 3413 1616 me
3457 1579 3485 1617 a
3521 1566 3671 1620 vobis

2103 1645 2402 1698 desiderem
2448 1653 2501 1699 et
2535 1648 2741 1701 moneri
2769 1648 3030 1715 consiliis,
3062 1663 3115 1705 et
3151 1654 3480 1708 orationibus
3520 1657 3673 1727 adju-

2102 1735 2236 1800 vari,
2263 1736 2370 1801 jam
2398 1738 2546 1791 vobis
2572 1747 2655 1792 est
2679 1741 3073 1806 applicandum,
3107 1743 3148 1794 si
3182 1743 3230 1796 in
3266 1759 3349 1798 me
3380 1746 3537 1801 fuerit
3564 1748 3669 1803 ali-

428 1825 621 1879 precor
649 1810 886 1864 vivacius
915 1809 1078 1864 oretis
1118 1824 1215 1875 pro
1255 1808 1425 1863 salute
1456 1808 1785 1876 regnantium
1819 1825 1832 1860 :
1873 1824 2001 1869 una—

2107 1839 2185 1881 ter
2214 1844 2371 1897 qttant
2408 1832 2690 1898 optabatur
2728 1832 3019 1887 inventum.
3064 1835 3231 1889 Sedes
3272 1838 3359 1892 illa
3400 1848 3507 1895 toto
3535 1845 3667 1896 orlie

427 1913 584 1955 tenus
604 1916 790 1955 eorum
821 1901 981 1954 vitam
1008 1900 1249 1954 omlestis
1281 1899 1525 1968 princeps
1557 1899 1709 1953 faciat
1732 1915 1851 1954 esse
1880 1900 1995 1952 lon-

424 2005 662 2060 gaevam,
698 1991 948 2043 Romanae
978 1991 1282 2059 reipublicae
1314 1993 1495 2045 hostes
1524 1991 1834 2057 immittunt,
1860 2001 1997 2046 tem-

428 2096 559 2149 pora
591 2080 874 2149 tranquilla
905 2080 1198 2144 concedat;
1231 2081 1423 2135 deinde
1449 2081 1591 2151 quod
1615 2090 1770 2135 ornat
1792 2097 1996 2149 pacem,

408 2175 788 2227 necessariam
826 2173 977 2225 nobis
1003 2173 1208 2239 capiam
1248 2172 1316 2227 de
1355 2173 1695 2227 abundantiae
1736 2190 1845 2228 sua:
1878 2174 1999 2227 hor-

424 2266 537 2319 reis
563 2265 846 2334 largiatur;
877 2262 1115 2332 mibique
1138 2263 1248 2318 tilio
1284 2274 1460 2319 vestro
1483 2263 1842 2333 intelligentiae
1872 2279 1996 2320 sen-

425 2372 521 2411 sus
547 2356 775 2425 aperiat,
814 2366 870 2408 ut
896 2371 1014 2424 qua:
1039 2370 1163 2410 vere
1194 2363 1316 2409 sunt
1344 2357 1493 2410 utilia
1531 2371 1743 2426 sequar,
1778 2372 1895 2425 qua!
1923 2357 2000 2411 vi-

424 2450 587 2503 tanda
612 2450 901 2519 refugiam;
936 2448 1084 2517 vigor
1128 2448 1217 2503 ille
1247 2449 1576 2503 rationabilis
1615 2450 1807 2503 anima:
1846 2450 2000 2504 nobis

404 2544 708 2596 consilium
738 2552 981 2610 praestet;
1017 2541 1181 2597 facies
1206 2542 1445 2596 veritatis
1471 2542 1729 2605 albescat,
1759 2558 1823 2596 ne
1851 2558 2001 2596 men-

428 2646 538 2691 tem
587 2646 819 2689 nostram
866 2636 1128 2690 innubilet
1170 2634 1342 2703 caligo
1379 2649 1636 2701 corporea
1670 2651 1683 2687 :
1718 2648 2001 2704 sequamur

424 2728 567 2791 quod
596 2730 739 2781 intus
760 2736 860 2789 est,
898 2743 964 2782 ne
991 2727 1118 2781 foris
1139 2727 1345 2780 a-nobis
1372 2728 1568 2791 simus;
1603 2726 1831 2780 instruat
1858 2727 1998 2795 quod

404 2820 495 2872 de
522 2835 647 2873 vera
670 2820 928 2890 sapientia
962 2821 1120 2886 sapit,
1154 2819 1417 2873 illuminet
1441 2818 1581 2886 quod
1615 2819 1824 2873 ccclein
1845 2819 2001 2873 clari-

427 2921 537 2965 tate
562 2909 906 2977 resplendet:
940 2910 1095 2963 talem
1125 2909 1355 2977 denique
1380 2908 1613 2975 iudicem
1644 2908 1876 2976 excipiat
1902 2924 2001 2978 pu-

427 3006 602 3058 blicus
628 3012 799 3064 actus,
826 3004 1035 3070 qualem
1067 3002 1233 3055 filium
1259 3000 1519 3055 catholica
1546 3001 1707 3054 mittit
1737 3000 1995 3055 Ecclesia.

429 3098 486 3151 ln
513 3096 624 3149 suis
648 3110 743 3149 nos
770 3095 928 3149 etiam
961 3094 1272 3148 muneribus
1300 3094 1467 3147 virtus
1489 3102 1669 3147 sancta
1700 3092 1996 3146 custodiat:

403 3189 550 3257 .quia
580 3186 849 3256 graviores
878 3185 1095 3241 insidias
1125 3187 1327 3255 antiqui
1370 3185 1663 3241 adversarii
1705 3196 1831 3239 tunc
1868 3186 1995 3238 sub-
2024 3202 2069 3262 ρ

428 3282 589 3339 imus,
615 3279 827 3346 quando
853 3277 970 3346 ejus
997 3277 1136 3330 dona
1166 3278 1501 3344 suscipimus.

501 3369 673 3423 Nolite
695 3370 748 3422 in
775 3382 861 3422 me
883 3376 1085 3421 tantum
1117 3366 1338 3434 rejicere
1358 3368 1588 3421 civitatis
1617 3368 1758 3421 illius
1788 3383 1992 3431 curam,

402 3479 549 3526 qua:
582 3462 757 3531 potius
786 3470 960 3514 vestra
1006 3459 1161 3514 laude
1184 3473 1372 3513 secura
1416 3468 1518 3514 est.
1572 3459 1675 3514 Vos
1702 3460 1845 3513 enim
1875 3475 1995 3521 soe-

427 3557 695 3609 culatores
742 3552 1044 3608 Christiano
1088 3552 1281 3619 papqu
1310 3551 1607 3621 praesidetis
1633 3593 1648 3615 ,
1696 3568 1792 3605 vos
1837 3553 1997 3617 patris

428 3647 646 3701 nomine
692 3646 933 3699 universa
979 3643 1215 3712 diligitis.
1247 3643 1521 3698 Securitas
1550 3657 1678 3713 ergo
1725 3643 1893 3711 plebis
1929 3644 1995 3696 ad

406 3749 658 3792 «vestram
692 3735 909 3805 respicit
951 3735 1145 3790 famam
1169 3779 1184 3803 ,
1217 3735 1302 3790 cui
1332 3735 1585 3790 divinitus
1612 3745 1695 3789 est
1718 3736 2000 3790 commissa

428 3830 690 3883 custodia.
718 3830 1055 3899 Quapmpter
1084 3841 1181 3881 nos
1205 3828 1360 3882 decet
1388 3826 1658 3881 custodire
1679 3828 1875 3897 aliqua,
1905 3828 1997 3880 sed

431 3938 537 3975 non
565 3921 764 3974 omnia.
798 3920 1017 3975 l’a~citis
1044 3918 1256 3989 quidem
1281 3918 1630 3987 Spiritualiter
1653 3920 1995 3973 commissum

410 4015 583 4067 vobis
603 4028 846 4081 gregem;
876 4022 1055 4066 tamen
1085 4026 1181 4066 nec
1201 4012 1300 4065 ista
1325 4010 1546 4077 potestis
1572 4009 1857 4080 negligere,
1881 4025 1999 4080 quae

406 4106 670 4170 corporis
696 4106 943 4158 videntur
972 4103 1319 4157 substantiam
1350 4104 1625 4157 continere
1658 4122 1671 4156 :
1700 4119 1818 4157 nam
1852 4107 1991 4157 sicut

505 4231 530 4260 ι
573 4222 717 4275 Hanc
745 4221 964 4276 Joannis
1002 4234 1149 4288 papae
1191 4227 1247 4272 et
1285 4217 1677 4288 praecedentem
1717 4217 1997 4272 Justiniani

432 4292 773 4359 imperatoris
788 4289 1071 4357 epistolam
1098 4331 1114 4352 ,
1148 4289 1550 4343 llothomanuus
1584 4289 1997 4357 iurisconsultus

434 4366 572 4416 libro
602 4362 774 4431 primo
810 4361 984 4429 capite
1012 4360 1185 4427 primo
1228 4361 1488 4425 Respous.
1522 4359 1879 4431 anticabilium
1900 4402 1916 4424 ,
1943 4370 1998 4412 et

431 4449 553 4486 cum
583 4428 646 4487 eo
674 4434 852 4499 plures
882 4428 985 4484 alii
1031 4440 1313 4484 uovatores
1356 4428 1564 4497 leguleii
1597 4430 1832 4484 haeretici
1870 4446 1994 4498 ger-

432 4519 621 4555 manas
650 4519 769 4557 esse
810 4503 971 4567 impie
998 4511 1050 4555 et
1079 4501 1326 4568 imperite
1373 4511 1589 4565 negant.
1626 4500 1698 4552 De
1728 4499 1825 4553 hac
1853 4502 1993 4553 enini

430 4574 657 4640 epistola
703 4573 937 4625 Joannes
983 4572 1226 4625 scribens
1269 4571 1560 4623 illustribus
1588 4569 1732 4622 viris
1769 4572 1995 4635 Avieno,

429 4644 698 4707 Senatori,
722 4643 954 4703 Liberio,
983 4653 1089 4695 etc.
1121 4658 1135 4695 :
1167 4641 1516 4704 Justiniauus,
1549 4640 1747 4710 inquit,
1780 4642 2003 4706 impera—

432 4726 533 4775 tor,
566 4724 620 4767 ut
645 4730 705 4766 ea:
728 4713 951 4782 epistolis
980 4714 1087 4783 ejus
1114 4723 1279 4765 tenore
1302 4712 1625 4783 cognovistis,
1650 4711 1721 4783 de
1738 4712 1817 4764 his
1844 4712 2005 4764 tribus

429 4780 789 4852 questionibus
808 4793 923 4835 orta
944 4780 1219 4836 certamina
1238 4782 1397 4850 fuisse
1408 4783 1657 4849 signavit-
1678 4780 1859 4834 Utrum
1874 4797 2004 4834 unus

408 4851 495 4908 ea:
514 4855 741 4907 trinitate
759 4851 990 4907 Christus
1013 4866 1057 4905 et
1082 4852 1219 4905 Deus
1236 4860 1405 4903 noster
1428 4852 1528 4902 dici
1548 4853 1722 4916 possit,
1748 4863 1850 4906 etc.
1875 4852 2004 4918 Quae

428 4927 477 4979 si
510 4925 736 4993 leguleio
776 4924 1016 4977 novatori
1051 4925 1428 4984 innotuissent,
1475 4921 1792 4993 erubuisset,
1819 4924 2001 4988 credo,

429 4991 585 5048 aliter
614 4994 754 5065 loqui
801 4993 1142 5065 vel_seutire.
1190 4991 2003 5065 D‘octissimusiurisconsultus

430 5061 999 5133 Cujacius'secnndam
1048 5062 1327 5133 epistolam
1366 5064 1609 5125 Joannis,
1662 5077 1818 5130 quam
1866 5061 2003 5116 infra

429 5132 720 5204 subjungo,
750 5136 993 5201 adeptus,
1026 5132 1093 5189 ex’
1112 5132 1310 5189 eadem
1338 5133 1606 5202 cognovit.
1636 5135 1804 5186 dictas
1834 5133 2002 5186 Justi-

432 5206 579 5258 niani
612 5219 666 5259 et
711 5205 934 5259 Joannis
977 5205 1231 5274 epistolas
1276 5206 1533 5272 genuinas
1574 5217 1725 5274 esse,
1774 5218 2004 5272 vereque

422 5291 734 5342 germanas,
768 5287 979 5329 secutus
1015 5279 1110 5328 hac
1134 5278 1185 5328 in
1219 5290 1275 5328 re
1308 5274 1625 5327 sententiam
1664 5273 2003 5328 disertissimi

428 5348 656 5409 Alriatt,
691 5348 778 5414 qui
809 5347 877 5398 de
921 5346 1002 5399 his
1049 5347 1183 5399 libro
1217 5360 1388 5413 primo
1437 5343 1703 5411 Parergon
1750 5360 1866 5409 cap.
1901 5345 1998 5407 55,

429 5416 549 5469 Ιιενε
580 5417 806 5469 scribit:
842 5416 978 5468 Sunt
1018 5427 1066 5469 et
1110 5418 1196 5485 qui
1240 5416 1744 5485 suspectant‘hubent
1784 5415 2002 5485 Joannis

428 5488 686 5554 pontiﬁcis
709 5488 968 5556 epistolam
998 5482 1226 5553 qutc'sub
1257 5485 1404 5537 titulo
1429 5486 1491 5537 de
1516 5482 1768 5536 Trinitate
1797 5487 1845 5556 in
1876 5483 2000 5556 Jus-

425 5559 615 5610 tiniani
643 5560 813 5611 codice
852 5559 951 5610 sita
978 5570 1073 5619 est,
1108 5559 1378 5626 dicuntque
1414 5556 1468 5607 in
1497 5556 1718 5626 antiquis
1747 5555 2001 5607 codicibus

426 5644 532 5679 non
564 5629 772 5680 inveniri
800 5644 817 5681 :
846 5630 1009 5695 quod,
1042 5641 1096 5680 ut
1124 5629 1359 5689 arbitror,
1393 5626 1507 5679 ideo
1542 5625 1757 5693 faciunt,
1791 5637 1842 5677 ut
1882 5626 2004 5678 illos

423 5699 674 5769 adjuvant
693 5701 778 5768 qui
801 5699 1053 5766 pontiﬁcis
1077 5698 1291 5752 Romani
1308 5697 1661 5769 auctoritatem
1680 5698 2001 5763 deprimunt:

421 5768 543 5838 quo:
568 5773 770 5822 nomine
793 5769 920 5822 alios
942 5786 1142 5838 quoque
1166 5779 1399 5821 auctores
1421 5768 1481 5819 ub
1502 5768 1564 5819 iis
1586 5768 1885 5838 (lepravgtos
1908 5771 1999 5819 de-

424 5835 697 5907 prehendi,
727 5849 778 5893 ut
810 5835 1021 5892 Othonis
1052 5835 1391 5911 Frisingemis
1416 5835 1673 5906 chronica,
1695 5848 1742 5890 et
1769 5835 1998 5907 Ligurini

2010 4592 2013 4595 μ
2030 4543 2078 4603 Ι)

2111 1922 2368 1977 mirabilis
2394 1927 2635 1992 proprios
2660 1934 2799 1995 tegat
2825 1926 3103 1982 aﬂ‘ectione
3131 1933 3380 1997 cultores,
3404 1948 3521 2000 qua:
3546 1934 3672 1989 licet

2097 2015 2363 2082 generalis
2410 2018 2610 2070 mundo
2653 2018 2721 2071 sit
2765 2021 3020 2087 praestita,
3075 2022 3224 2075 nobis
3273 2022 3464 2095 [vobis]
3507 2027 3662 2079 etiam

2098 2106 2441 2176 cognoscitur
2471 2118 2525 2162 et
2558 2108 2794 2164 localiter
2821 2112 3089 2165 attributa.

2190 2195 2456 2250 Tenemus
2513 2198 2707 2267 aliquid
2767 2209 3068 2255 sanctorum
3127 2204 3488 2271 apostolorum
3542 2221 3672 2275 pro—

2101 2287 2293 2356 prium,
2334 2288 2380 2342 si
2424 2291 2652 2357 peccatis
2696 2290 3051 2346 dividentibus
3097 2309 3199 2347 non
3249 2294 3498 2349 reddatur
3538 2299 3669 2354 alie—

2098 2394 2226 2432 num
2250 2419 2266 2445 ,
2295 2380 2506 2449 quando
2536 2381 2901 2436 confessiones
2932 2384 3047 2437 illas
3078 2399 3208 2453 quas
3240 2386 3418 2439 videre
3448 2390 3666 2443 univer-

2099 2471 2229 2523 sitas
2267 2470 2495 2538 appetit,
2528 2470 2695 2523 Roma
2740 2473 2962 2525 feliciter
2999 2474 3050 2527 in
3081 2474 3192 2526 suis
3234 2476 3427 2531 ﬁnibus
3474 2478 3607 2532 habe
3640 2500 3670 2533 υ

2100 2563 2410 2629 promeruit.
2468 2562 2609 2617 Nihil
2641 2578 2769 2634 ergo
2802 2565 3069 2630 timemus,
3118 2567 3305 2623 talibus
3334 2573 3589 2638 patronis,
3622 2590 3665 2623 si

2097 2652 2270 2704 oratio
2315 2667 2419 2704 non
2469 2652 2689 2706 desistat
2734 2652 3010 2707 antistitis.
3066 2656 3299 2709 Arduum
3347 2660 3557 2726 quidem
3590 2674 3673 2715 est

2101 2744 2383 2797 multorum
2421 2742 2706 2798 desideriis
2743 2745 3081 2809 satisfacere;
3114 2749 3208 2801 sed
3240 2750 3383 2802 novit
3412 2749 3671 2804 Diviuitus

2100 2851 2284 2904 magna
2328 2845 2578 2901 prasstare
2611 2854 2624 2889 :
2659 2838 2770 2905 ipsa
2803 2837 3051 2891 rctundat
3084 2838 3323 2904 invidos;
3372 2842 3484 2909 ipsa
3516 2843 3673 2893 uoltis

2100 2924 2256 2979 faciat
2296 2928 2442 2982 cives
2472 2928 2675 2982 ctelesti
2705 2929 3029 2995 aspiratione
3053 2930 3404 2997 gratissimos,
3449 2940 3502 2984 et
3545 2949 3674 2997 sup.

2103 3018 2471 3083 plicatiunibus
2496 3019 2685 3073 \‘CStriS
2715 3028 2952 3087 tempora
2985 3020 3202 3086 tribuat,
3228 3022 3417 3087 quibus
3440 3035 3671 3091 superna

2099 3110 2263 3177 gratia
2294 3109 2614 3177 przedicetur
2647 3106 2870 3162 indulta.

2243 3261 2571 3316 EPISTOLA
2584 3268 2620 3296 ³
2663 3260 2689 3314 J
2702 3260 3030 3316 USTINIANl
3062 3264 3511 3319 l\lPEllATORlS

2606 3413 2671 3450 tto
2697 3410 2930 3451 JOMINE!
2975 3414 3162 3461 PAPAI,

2105 3536 2268 3602 Quam
2303 3533 2565 3611 Hypatius
2580 3542 2629 3611 et
2655 3532 2937 3611 Demetrius
2981 3539 3203 3606 episcopi
3225 3541 3475 3611 legatione
3506 3542 3664 3611 impe-

2346 3608 2537 3657 ratoria
2563 3609 2825 3676 fungentes
2864 3606 3082 3661 Romam
3116 3606 3413 3665 attulerunt.

2180 3736 2359 3791 Victor
2384 3736 2735 3799 Justinianus,
2768 3737 2907 3804 pius,
2926 3735 3073 3802 felix,
3102 3739 3352 3808 inclytus,
3378 3740 3673 3810 triumpha-

2104 3839 2218 3895 tor,
2242 3843 2455 3897 sem-per
2485 3830 2753 3897 Augustus
2774 3872 2787 3894 ,
2815 3827 3370 3886 Joannisanctissimo
3403 3831 3670 3902 archiepi-

2103 3935 2267 3988 scopo
2288 3920 2439 3971 almm
2471 3919 2616 3970 urbis
2648 3917 2831 3973 Romae
2856 3930 2908 3973 et
2938 3920 3276 3989 patriarchaz.

2178 4009 2477 4063 Reddentes
2498 4007 2755 4063 honorem
2782 4011 3089 4076 apostolica:
3114 4012 3225 4067 sedi
3252 4023 3307 4066 et
3335 4023 3525 4069 vestra
3548 4030 3671 4071 san-

2094 4101 2284 4168 ctitati,
2316 4097 2455 4168 quod
2487 4112 2702 4167 semper
2755 4100 2908 4153 nobis
2951 4100 3008 4153 in
3051 4111 3176 4157 voto
3209 4103 3390 4159 fuitet
3419 4114 3501 4160 est
3542 4106 3621 4176 (ut
3652 4110 3666 4137 ί

2104 4221 2266 4282 poeta
2287 4212 2512 4288 carmina
2538 4215 2792 4288 qumdom.
2829 4212 3019 4288 Egoin
3049 4218 3270 4288 antiquis
3294 4221 3530 4288 plurimis
3556 4237 3668 4275 eam

2100 4283 2461 4357 esstarezscio,
2490 4298 2580 4357 nec
2624 4284 2732 4357 ulla
2771 4286 3056 4357 suspicione
3083 4283 3489 4357 convelliposse.
3522 4293 3671 4357 Quod

2103 4355 2146 4407 si
2178 4370 2308 4427 unus
2337 4362 2423 4427 aut
2460 4352 2591 4427 alter
2619 4355 2779 4408 codex
2811 4352 2911 4409 non
2948 4356 3151 4423 habeat,
3178 4360 3235 4412 id
3269 4352 3569 4427 scriptorum
3596 4365 3673 4417 in-

2101 4425 2258 4477 curitz
2286 4424 2629 4500 tribuendum,
2659 4428 2744 4500 qui
2764 4429 3205 4500 (remouendaque
3236 4424 3511 4492 omiserint,
3535 4437 3673 4500 quod

2102 4512 2203 4548 non
2234 4492 2547 4568 multuntad
2581 4496 2773 4568 legalis
2819 4492 3338 4553 scientitcnt'ateriant
3382 4492 3672 4568 pertineret,

2106 4582 2204 4617 non
2236 4573 2405 4639 tanien
2427 4565 2542 4639 ideo
2571 4563 2911 4639 hwsitondum
2938 4577 3031 4629 est,
3054 4574 3175 4636 quin
3198 4563 3445 4639 genuinus
3466 4563 3668 4639 σοι-θηρσί

2108 4651 2297 4703 nusque
2321 4634 2541 4688 Joannis
2564 4639 2631 4686 sit
2652 4634 2799 4701 (etus.
2830 4638 2961 4691 Sev.
2992 4634 3211 4694 litatus.‘

2175 4705 2739 4777 Epistoladlustiniani
2768 4709 2830 4759 ad
2868 4709 3168 4771 pontiﬁcem
3195 4712 3389 4777 scripta
3422 4725 3500 4766 est
3529 4730 3671 4769 anno

2106 4774 2312 4851 Domini
2340 4775 2466 4851 5:35,
2495 4776 2595 4851 sub
2616 4787 2681 4851 te_~
2700 4778 2770 4829 tio
2793 4782 3067 4833 coosulatu
3096 4774 3333 4848 ejusdem
3361 4785 3669 4851 Ju~tiniaui,

2105 4846 2314 4913 quando
2345 4845 2412 4898 ab
2448 4845 2634 4899 eodem
2667 4846 2986 4916 imperatore
3014 4845 3172 4903 missa
3206 4864 3287 4905 est
3328 4852 3547 4909 Romam
3589 4845 3668 4911 Ie;

2104 4916 2267 4984 gatio,
2302 4918 2370 4970 de
2399 4931 2500 4984 qua
2527 4916 2662 4968 intra
2692 4918 2743 4970 in
2774 4918 2912 4971 notis
2936 4921 3149 4974 concilii
3174 4922 3417 4978 Romani.
3450 4925 3667 4981 Etiamsi

2104 4987 2244 5041 enim
2276 4985 2503 5041 hicsine
2526 4985 2614 5039 die
2638 4995 2689 5041 et
2721 4988 2940 5042 consule
2970 4991 3188 5053 epistola
3223 4991 3441 5048 Joannis
3472 4998 3670 5052 intexta

2106 5058 2421 5133 reperiatur,
2454 5065 2628 5110 tamen
2658 5060 2791 5110 infra
2829 5059 2882 5111 in
2910 5060 3139 5133 quadam
3175 5064 3396 5129 epistula
3438 5066 3668 5133 impera-

2104 5126 2238 5179 toris
2265 5125 2328 5177 ad
2362 5130 2652 5249 Agapetum
2688 5125 2942 5197 expressa
2982 5125 3347 5187 habetur‘data
3378 5137 3477 5188 sub
3509 5125 3666 5189 {crtus

2104 5197 2381 5249 consulatu
2444 5197 2709 5249 ustiniani.
2741 5199 2957 5249 Accedit
2984 5202 3123 5249 uttod
3152 5201 3390 5249 eimdem
3429 5206 3665 5249 εηῐςιηιιις

2104 5197 2381 5272 consulatu
2410 5197 2709 5272 Justiniani.
2741 5199 2957 5253 Accedit
2984 5202 3123 5268 quod
3152 5201 3390 5271 ejusdem
3429 5206 3665 5272 epistolae

2106 5268 2427 5343 mentionem
2464 5267 2648 5343 fecerit
2677 5270 2966 5343 imperator
3004 5267 3057 5324 in
3101 5267 3477 5328 constitutione}
3504 5292 3663 5343 quam

2104 5336 2319 5412 scripsit
2360 5339 2425 5390 ad
2478 5338 2833 5412 Epiphanium
2876 5336 3535 5412 Constantinopolitauum'
3564 5351 3665 5398 sub

2103 5409 2383 5483 consulatu
2414 5410 2705 5483 suoiertio
2728 5450 2742 5471 ,
2793 5425 2863 5463 vtt
2907 5412 3157 5483 calendas
3199 5409 3393 5483 Aprilis
3428 5415 3667 5474 praedii-ti

2102 5477 2232 5554 anui
2282 5476 2414 5554 555.
2454 5477 2686 5544 Epistola
2709 5492 2885 5533 autem
2918 5481 3133 5536 Joannis
3162 5476 3310 5554 papa:
3340 5485 3551 5541 reddita
3583 5500 3664 5541 est

2102 5547 2169 5621 ad
2202 5547 2773 5621 i-psumﬂimperatorem
2820 5554 2921 5605 Sub
2946 5547 3220 5608 consulatu
3236 5547 3452 5609 'Pauliui
3473 5599 3488 5621 ,
3522 5574 3663 5611 anno

2104 5613 2300 5670 Christi
2340 5619 2443 5673 554
2463 5613 2495 5682 ,“
2525 5620 2736 5688 quando
2767 5621 2922 5692 legati
2949 5621 3229 5677 Justiniani
3259 5626 3424 5680 Roma
3457 5613 3662 5682 dimissi

2177 5767 2192 5797 ¹
2238 5767 2312 5820 Ex
2347 5784 2399 5822 v.
2431 5785 2479 5823 c.
2529 5772 2735 5837 corrige
2761 5770 2960 5825 sublata
2990 5773 3294 5839 parenthesi
3324 5797 3334 5832 :
3371 5790 3424 5835 ut
3450 5790 3497 5834 et
3520 5778 3663 5832 decor

2108 5849 2317 5908 patrem,
2350 5841 2649 5895 honorantcs
2681 5853 2890 5900 restrain
2918 5846 3293 5903 beatitudinem.
