4032 6184
352 323 417 377 15
1699 311 1925 369 ΙΟΑΝΝΙ

2033 310 2206 365 ἈΡᾸΞ
2246 308 2306 364 llo
3516 307 3575 358 lﬁ

355 442 507 494 decet
558 414 812 509 patrem),
856 439 1178 490 honorantes
1228 446 1455 489 vestram
1492 429 1873 487 beatitudinem
1894 475 1906 491 .
1944 436 1983 489 Α
2015 431 2303 498 apostolica
2334 439 2524 484 vestra:
2549 431 2841 510 sanctitatis
2872 430 3001 486 sede
3026 420 3220 495 ‘,nihil
3248 430 3452 499 [.euitus
3481 431 3577 483 ini-

353 533 528 585 cinnia
559 544 677 597 quae
698 529 761 580 ad
791 528 1134 581 ecclesiarum
1156 535 1349 579 statum
1379 527 1662 590 pertinent,
1694 524 1911 576 festina-

356 621 527 672 viinus
558 616 911 691 [festinamus]
959 617 1024 669 ad
1065 616 1303 670 notitiam
1336 614 1547 668 deferre
1577 623 1766 668 vestrm
1794 627 1917 665 san-

350 713 554 765 ctitatis
581 730 591 764 :
622 712 869 780 quoniam
914 724 1123 776 semper
1162 708 1315 761 nobis
1364 707 1460 760 luit
1513 721 1758 775 magnum
1803 716 1917 757 sui-

355 806 537 866 dium,
592 805 846 856 unitatem
894 810 1085 854 vestrae
1126 800 1433 867 apostolica;
1473 797 1614 851 sedis
1642 808 1691 849 et
1722 806 1916 848 statum

358 907 658 948 sanctarum
713 892 800 945 Dei
848 892 1198 945 Et'clcsiarum
1250 892 1555 948 custodire;
1617 903 1735 957 qua:
1784 887 1918 960 [qui]

361 985 616 1037 hactenus
645 984 871 1043 obtinet,
903 993 955 1035 et
986 980 1308 1034 incommote
1334 988 1636 1048 permanet,
1671 978 1814 1032 nulla
1840 978 1919 1031 in-

364 1075 664 1128 tercedente
716 1072 1111 1126 contrarietate.
1174 1072 1352 1138 Itaque
1390 1085 1574 1123 omnes
1614 1068 1920 1123 sacerdotes

364 1164 595 1217 universi
630 1163 904 1217 orientalis
943 1170 1140 1216 tractus
1170 1174 1224 1216 et
1245 1160 1507 1228 subjicere
1536 1169 1591 1214 et
1623 1160 1771 1215 unire
1806 1160 1920 1215 sedi

360 1266 551 1307 vestra:
596 1253 888 1308 sanetitatis
939 1254 1361 1321 properavimus.
1415 1252 1472 1306 ln
1522 1252 1768 1319 praiseuti
1796 1266 1922 1318 ergo

360 1360 480 1411 quia
504 1342 630 1414 [hic]
660 1354 922 1396 commota
951 1351 1092 1410 sunt,
1122 1345 1361 1411 quamvis
1388 1341 1658 1395 manifesta
1690 1348 1744 1396 et
1773 1341 1923 1394 indu-

361 1434 524 1485 hiiata
554 1434 683 1498 sint,
716 1445 768 1487 et
791 1434 1077 1486 secundum
1108 1431 1418 1501 apostolicae
1439 1442 1628 1486 vestra:
1665 1432 1807 1487 sedis
1831 1431 1926 1485 do-

361 1526 585 1577 ctrinam
608 1524 674 1577 ab
702 1522 949 1578 omnibus
992 1538 1200 1591 semper
1223 1523 1586 1577 sacerdotibus
1621 1522 1775 1577 ﬁrme
1795 1522 1924 1594 [ler-

360 1613 469 1686 me]
492 1615 751 1668 cnsmdita
775 1624 829 1669 et
861 1614 1176 1682 praedicata,
1207 1615 1568 1669 necessarium
1603 1615 1850 1669 duximus
1872 1625 1928 1667 ut

361 1712 426 1759 :nl
452 1706 688 1759 notitiam
722 1714 915 1760 vestrae
942 1706 1239 1760 sanctitatis
1270 1706 1606 1774 perveniant.
1653 1704 1759 1759 Nec
1785 1707 1925 1760 enim

2023 530 2284 576 mutantes
2333 521 2400 576 de
2428 521 2793 576 ecclesiasuco
2841 531 3009 586 statu,
3041 521 3130 589 qui
3166 521 3418 575 hactenus
3443 522 3578 574 obti-

2023 614 2139 667 nuit
2180 621 2340 680 atque
2396 612 2628 677 obtinet,
2680 627 2786 666 uno
2837 628 3100 667 consensu
3148 616 3469 665 conlitentur
3526 625 3579 666 et

2021 704 2354 772 gloriﬁcent,
2408 704 2756 773 praedicantes
2787 704 3065 758 Dominum
3113 712 3350 757 nostrum
3403 703 3578 758 Iesum

2020 793 2290 848 Christum
2320 794 2645 863 unigenitum
2690 792 2880 847 Filium
2912 803 2964 848 et
3010 794 3242 849 Verbum
3282 792 3373 847 Dei
3401 803 3453 847 et
3481 794 3583 845 Do-

2021 887 2221 939 minum
2247 896 2483 940 nostrum
2511 894 2632 939 ante
2662 885 2851 939 saecla
2883 893 2938 939 et
2973 886 3093 938 sine
3125 895 3364 952 tempore
3392 882 3459 936 de
3489 884 3581 936 Pu-

2023 987 2102 1031 tre
2131 987 2309 1031 natum
2332 1020 2347 1042 ,
2391 978 2443 1032 in
2485 977 2688 1031 ultimis
2718 976 2905 1031 diebus
2933 976 3276 1031 descendisse
3314 978 3381 1030 de
3408 975 3581 1037 caelis,

2022 1080 2074 1122 et
2105 1068 2437 1122 incarnatum
2468 1068 2534 1122 de
2564 1068 2761 1135 Spiritu
2797 1078 3011 1131 sancto,
3044 1077 3098 1121 et
3127 1082 3191 1122 ex
3220 1076 3400 1120 sancta
3429 1076 3585 1134 atque

2023 1157 2256 1226 gloriosa
2285 1156 2498 1227 Virgine
2528 1157 2622 1212 Dei
2665 1156 2934 1212 Gcnitrice
2962 1156 3127 1211 Maria
3152 1168 3327 1210 natum
3346 1200 3361 1224 ,
3413 1166 3468 1210 et
3493 1159 3585 1211 ho-

2025 1251 2226 1304 minem
2257 1250 2472 1311 lactum.
2504 1259 2558 1303 et
2600 1249 2939 1313 cruciﬁxum,
2978 1264 3140 1303 unum
3171 1262 3295 1303 esse
3318 1261 3514 1302 sancta:
3535 1260 3589 1302 et

2025 1340 2490 1395 coriSuhstantialis
2514 1339 2807 1402 Trinitatis,
2850 1349 2904 1394 et
2930 1338 3321 1393 coadorandum
3349 1351 3399 1392 et
3428 1339 3589 1409 glori-

2026 1432 2289 1486 ﬁcanilum
2322 1431 2465 1486 Patri
2486 1442 2540 1487 et
2564 1441 2749 1487 sancto
2789 1432 3031 1500 Spiritui.
3086 1431 3195 1484 Nec
3237 1431 3376 1484 enim
3429 1429 3588 1483 alium

2029 1521 2124 1575 Dei
2172 1521 2402 1575 Verbum
2458 1530 2510 1575 et
2538 1522 2698 1575 alium
2748 1520 3017 1576 Christum
3045 1521 3452 1588 cognoscimus;
3496 1523 3587 1575 sed

2026 1626 2187 1663 unum
2213 1621 2371 1679 atque
2401 1610 2645 1665 eumdem
2683 1611 2852 1679 ipsum
2897 1611 3402 1665 consubstantialem
3450 1610 3590 1664 Patri

2028 1702 2317 1755 secundum
2367 1702 2733 1766 divinitatem,
2800 1711 2854 1756 et
2887 1702 3393 1755 consubstantialem
3439 1703 3593 1755 nobis

360 1798 593 1864 palilltur
620 1797 908 1864 quidquam
936 1796 1075 1865 quod
1098 1796 1162 1849 ad
1200 1796 1557 1850 Ecclesiarum
1584 1804 1776 1850 statum
1811 1812 1927 1865 per-
1957 1811 2001 1871 Β
2028 1792 2273 1846 eumdem
2298 1794 2469 1862 ipsum
2499 1792 2791 1847 secundum
2824 1792 3205 1848 humanitatem
3225 1835 3241 1861 ,
3290 1793 3590 1863 passibilem

362 1894 527 1947 tiuct,
559 1888 805 1954 quamvis
834 1885 1167 1939 manifestum
1190 1895 1243 1939 ct
1268 1885 1617 1939 indubitatum
1638 1886 1739 1950 sit,
1782 1886 1921 1954 quod

366 1987 611 2030 movetur
632 2016 648 2040 ,
706 1988 759 2028 ul.
778 1992 881 2029 non
911 1977 1071 2030 etiam
1087 1985 1278 2030 vestrae
1307 1976 1602 2030 innotescat
1637 1976 1919 2040 sanctitati,

361 2082 482 2133 quae
510 2063 674 2136 [quia]
701 2074 857 2134 taput
876 2076 956 2120 est
981 2067 1215 2120 omnium
1228 2077 1529 2120 sanctarum
1549 2065 1924 2120 Ecclesiarum.

364 2159 468 2213 Per
489 2175 668 2211 omnia
692 2158 834 2213 enim
860 2160 940 2229 (ut
959 2158 1157 2213 dictum
1180 2160 1282 2227 est)
1301 2173 1646 2227 properamus
1671 2158 1926 2212 honorem

366 2250 812 2301 etauctoritatem
857 2261 1102 2302 crescere
1138 2254 1332 2302 vesme
1376 2246 1537 2301 sedis.
1597 2245 1928 2300 Manifestum

363 2338 524 2408 igitur
572 2336 792 2392 facimus
822 2348 1011 2391 vestra:
1040 2338 1341 2403 sanctitati,
1366 2336 1503 2404 quod
1534 2335 1684 2404 pauci
1714 2335 1928 2404 quidam

363 2426 607 2482 inﬁdeles
627 2426 855 2481 ctalieni
886 2437 1087 2480 sancta:
1112 2426 1205 2481 Dei
1253 2422 1410 2497 [sedi]
1462 2426 1738 2479 catholica:
1774 2437 1931 2493 atque

364 2517 671 2587 apostolica:
704 2516 954 2571 Ecclesia:
978 2516 1349 2571 contradicere
1375 2515 1593 2570 Judaice
1626 2528 1782 2584 atque
1804 2531 1932 2585 apu-

360 2608 555 2665 Staiice
582 2609 695 2662 ausi
729 2606 870 2680 [visi]
910 2617 1033 2661 sunt
1068 2608 1323 2662 adversus
1350 2623 1410 2662 ea
1443 2622 1560 2677 qua:
1588 2610 1654 2661 ab
1683 2608 1930 2661 omnibus

366 2700 735 2755 sacerdotibus
764 2697 1055 2753 secundum
1087 2706 1316 2751 vestram
1360 2696 1653 2751 doctrinam
1689 2705 1833 2751 recte
1857 2709 1931 2749 te-

367 2801 578 2854 nentur,
603 2799 657 2843 et
684 2789 1076 2858 glorilicantur,
1128 2798 1285 2857 atque
1326 2787 1719 2855 praedicantur;
1764 2786 1932 2840 dene-

367 2890 556 2950 gantes
586 2878 868 2932 Dominum
912 2888 1149 2930 nostrum
1178 2875 1360 2930 Jesum
1398 2874 1664 2929 Christum
1698 2874 1933 2944 unigeni-

368 2985 477 3027 tum
511 2972 701 3025 Filium
729 2969 827 3025 Dei
849 2980 904 3025 et
937 2970 1217 3024 Dominum
1240 2979 1482 3022 nostrum
1509 2967 1840 3021 incarnatum
1865 2967 1933 3021 de

367 3078 554 3120 sancto
582 3065 800 3133 Spiritu,
832 3073 885 3119 et
913 3078 979 3118 ex
1004 3070 1189 3117 sancta
1214 3069 1375 3130 atque
1394 3058 1771 3130 gloriosissima
1795 3073 1934 3113 sem-

372 3172 466 3225 per
498 3155 710 3224 Virgine
758 3154 851 3207 Dei
889 3151 1159 3209 Gcnitrice
1197 3149 1357 3204 Maria
1413 3149 1680 3203 hominem
1736 3149 1930 3203 factum
1958 3184 2004 3248 ϐ

369 3257 529 3315 atque
552 3245 860 3298 cruciﬁxum
884 3284 897 3307 ,
926 3256 1088 3297 unum
1117 3254 1239 3296 esse
1275 3248 1472 3293 sanctas
1499 3250 1553 3293 et
1579 3240 1932 3295 consubstan-

372 3338 512 3391 tialis
536 3336 830 3400 Trinitatis,
853 3345 907 3389 et
928 3332 1318 3389 coadoranduin
1344 3338 1397 3384 et
1420 3329 1927 3399 congloriﬁcandum

370 3429 516 3484 Patri
562 3438 616 3482 et
655 3426 874 3495 Spiritui
906 3435 1119 3490 sancto,
1147 3420 1649 3477 consubstantialem
1677 3420 1821 3476 Patri
1848 3435 1933 3476 se.

367 3520 601 3575 cundum
621 3518 968 3584 divinitatem,
992 3527 1046 3573 et
1073 3514 1576 3571 consubstantialem
1601 3514 1754 3569 nobis
1784 3529 1934 3569 eum-

372 3614 494 3667 dem
522 3613 690 3679 ipsum
711 3612 997 3665 secundum
1016 3608 1414 3669 humanitatem,
1436 3606 1735 3675 passibilem
1749 3620 1931 3671 carne,

365 3703 724 3770 .eumdemque
744 3703 914 3772 ipsum
943 3700 1321 3769 impassibilem
1343 3700 1561 3756 deitate.
1615 3698 1937 3754 Recusantes

366 3800 516 3850 enim
549 3793 822 3847 Dominum
855 3802 1092 3847 nostrum
1113 3791 1292 3847 Jesum
1316 3791 1585 3846 Christum
1614 3791 1937 3860 unigenitum

371 3885 570 3940 Filium
617 3883 707 3936 Dei
733 3893 787 3936 et
833 3881 1115 3936 Dominum
1162 3892 1400 3937 nostrum
1453 3881 1602 3935 lateri
1633 3897 1796 3935 unum
1822 3897 1941 3935 esse

368 3988 575 4033 sanctae
590 3982 649 4028 .el
667 3973 1441 4039 consulistatitialisTrinitatis,
1458 3975 1701 4027 videntur
1715 3973 1941 4027 Nestorii

378 4065 571 4117 malam
601 4063 750 4129 sequi
773 4060 1067 4114 doctrinam
1087 4103 1102 4127 ,
1134 4060 1425 4115 secundum
1452 4065 1677 4131 gratiam
1719 4062 1943 4117 dicentis

379 4170 540 4206 unum
570 4151 757 4205 Filium
789 4145 879 4205 Dei
899 4191 914 4214 ,
961 4159 1015 4205 et
1038 4151 1202 4206 alium
1230 4152 1458 4207 dicentis
1484 4153 1577 4208 Dei
1610 4153 1860 4220 Verbum,
1891 4166 1943 4208 et

373 4247 534 4299 alium
564 4242 851 4298 Christum.
881 4242 1079 4296 Omnes
1128 4258 1254 4295 vero
1284 4242 1594 4299 sacerdotes
1638 4253 1839 4299 sancta:
1865 4260 1948 4299 ca-

378 4338 589 4393 ιΙιοιὶειε
613 4349 771 4406 atque
797 4335 1103 4406 apostolica:
1130 4336 1411 4399 Ecclesiae,
1432 4345 1486 4389 et
1515 4335 1945 4391 revereudissimi

380 4428 808 4482 archimandritas
844 4437 1145 4481 sanctorum
1184 4432 1631 4481 monasteriorum
1662 4438 1945 4498 sequentes

382 4522 714 4574 sanctitatem
735 4527 964 4573 vestram
984 4559 1000 4584 ,
1021 4527 1077 4572 et
1094 4518 1455 4573 custodientes
1479 4526 1671 4572 statum
1693 4530 1746 4573 ct
1774 4522 1943 4574 unita-

383 4624 491 4667 tem
516 4620 819 4666 sanctarum
850 4609 940 4664 Dei
988 4608 1375 4675 Ecclesiarum,
1415 4625 1571 4679 quam
1622 4610 1818 4667 habent
1868 4615 1934 4665 ah

2027 1896 2211 1946 carne,
2238 1882 2482 1936 eumdem
2500 1882 2670 1950 ipsum
2698 1882 3072 1951 impassibilem
3101 1881 3320 1937 deitate.
3352 1882 3422 1938 Ut
3450 1882 3591 1936 enim

2025 1982 2107 2027 est
2130 1973 2181 2027 in
2210 1973 2487 2029 divinitate
2511 1974 2779 2044 perfectus
2798 2019 2813 2042 ,
2846 1974 2920 2028 ita
2944 1974 3081 2029 idem
3118 1974 3233 2044 ipse
3257 1982 3310 2030 et
3349 1976 3591 2030 humani-

2028 2074 2134 2117 tate
2164 2064 2427 2132 perlectus
2456 2074 2577 2119 est:
2616 2065 2668 2118 in
2698 2078 2801 2118 una
2827 2065 2970 2119 enim
3013 2064 3309 2119 substantia
3338 2064 3592 2120 deitatem

2026 2154 2349 2221 suscipimus
2376 2163 2430 2208 et
2456 2152 2793 2220 conﬁtemur,
2825 2156 2965 2226 quod
2994 2154 3167 2212 Crmci
3196 2156 3380 2210 dicunt
3408 2156 3593 2226 ὁμοσύ-

2027 2264 2145 2298 σιον
2173 2245 2215 2297 ².
2267 2244 2333 2297 Et
2358 2246 2607 2312 quoniam
2634 2246 2930 2314 nnigenitus
2956 2246 3140 2311 Filius,
3166 2256 3219 2301 et
3248 2246 3478 2301 Verbum
3503 2250 3593 2301 Dei

2029 2344 2153 2390 ante
2182 2336 2374 2412 sarcula
2417 2345 2471 2390 et
2497 2337 2614 2390 sine
2664 2346 2903 2406 tempore
2932 2338 2997 2391 de
3028 2337 3183 2392 Patre
3221 2347 3395 2403 natus,
3455 2338 3593 2392 idem

2031 2428 2145 2497 ipse
2171 2436 2225 2482 et
2249 2426 2301 2481 iu
2334 2427 2531 2481 ultimis
2555 2428 2743 2482 diebus
2771 2428 3103 2484 descendens
3143 2428 3210 2484 de
3247 2430 3396 2485 ccelis
3427 2430 3595 2484 incar-

2032 2533 2184 2572 natus
2212 2518 2279 2571 de
2309 2518 2510 2585 Spiritu
2533 2527 2750 2588 sancto,
2791 2529 2846 2574 et
2872 2535 2934 2574 ex
2966 2529 3145 2574 sancta
3178 2529 3335 2591 atque
3368 2521 3594 2589 gloriosa
3673 2541 3677 2544 ’

2031 2623 2245 2678 semper
2271 2608 2482 2676 Virgine
2522 2617 2575 2663 et
2608 2609 2700 2663 Dei
2725 2609 2995 2665 Genitrice
3016 2610 3175 2664 Maria
3197 2652 3211 2676 ,
3246 2611 3404 2664 homo
3430 2610 3598 2665 factus

2032 2700 2288 2754 Dominus
2328 2710 2511 2754 noster
2536 2698 2692 2754 Iesus
2716 2701 2957 2755 Christus
2980 2701 3193 2769 proprie
3224 2711 3278 2755 et
3309 2715 3438 2755 vere
3461 2701 3598 2756 Deus

2029 2798 2148 2854 est;
2191 2788 2313 2844 ideo
2339 2800 2392 2843 et
2420 2798 2655 2843 sanctam
2678 2798 2836 2859 atque
2865 2790 3151 2858 gloriosam
3185 2789 3455 2859 Virginem
3485 2791 3595 2844 Ma-

2031 2882 2164 2935 riam
2187 2880 2401 2951 pr0prie
2429 2889 2483 2935 et
2505 2896 2634 2935 vere
2662 2881 2757 2935 Dei
2789 2880 3011 2934 Matrem
3042 2895 3164 2935 esse
3188 2882 3446 2945 dicimus;
3493 2897 3598 2935 non

2031 2972 2154 3041 quia
2203 2971 2344 3026 Deus
2398 2971 2625 3025 Verbum
2686 2972 2999 3040 principium
3032 2987 3097 3027 cx
3132 2974 3242 3038 ipsa
3291 2972 3597 3041 sumpserit,

2033 3062 2127 3116 sed
2144 3061 2266 3130 quia
2294 3061 2346 3115 in
2378 3060 2577 3115 ultimis
2602 3061 2789 3116 diebus
2834 3062 3110 3118 descendit
3137 3063 3205 3119 de
3231 3063 3402 3127 caelis,
3450 3075 3503 3117 et
3528 3078 3595 3118 ex

2033 3148 2146 3220 ipsa
2173 3152 2513 3219 incarnatus,
2543 3160 2598 3205 et
2627 3152 2784 3205 homo
2811 3150 3009 3218 lactus,
3035 3161 3089 3206 et
3114 3163 3269 3206 natus
3292 3161 3395 3219 est,
3443 3166 3599 3221 quem

2033 3240 2350 3297 conﬁtemur
2374 3248 2429 3295 et
2468 3241 2737 3295 credimus
2779 3240 2944 3309 (sicut
2988 3242 3185 3295 dictum
3233 3244 3351 3310 est)
3381 3243 3599 3295 consul».

2031 3332 2334 3385 stantialem
2364 3346 2485 3386 esse
2517 3331 2660 3385 Patri
2689 3332 2981 3385 secundum
3008 3331 3282 3393 deitatem,
3304 3339 3358 3384 et
3384 3331 3603 3384 consub-

2032 3427 2335 3482 stantialem
2368 3428 2522 3482 nobis
2559 3424 2807 3480 eumdem
2834 3426 3005 3495 ipsum
3042 3426 3331 3479 secundum
3364 3425 3605 3478 humani-

2036 3528 2195 3573 tatem
2230 3535 2245 3583 ;
2275 3517 2514 3589 ejusdem
2542 3517 2797 3572 miracula
2823 3528 2878 3572 et
2908 3516 3212 3584 passiones,
3243 3531 3377 3585 quas
3414 3526 3603 3585 sponte

2043 3611 2100 3666 in
2128 3626 2289 3665 carne
2318 3612 2569 3667 sustinuit
2592 3610 2634 3677 ³,
2658 3620 3027 3681 agnoscentes.
3069 3610 3400 3678 Suscipimus
3427 3620 3604 3665 autem

2039 3710 2223 3755 sancta
2245 3710 2472 3771 quatuor
2499 3679 2833 3765 concilia,'id
2858 3709 2941 3755 est
2970 3709 3325 3754 trecentorum
3344 3701 3524 3756 decem
3556 3711 3611 3753 et

2041 3803 2162 3849 octo
2185 3807 2491 3847 sanctorum
2518 3792 2736 3845 Patrum
2763 3793 2850 3861 qui
2883 3791 2937 3846 in
2966 3791 3175 3845 Nicaaua
3218 3792 3346 3846 urbe
3386 3805 3609 3860 congre-

2041 3885 2149 3956 gati
2176 3895 2327 3947 sunt;
2355 3895 2408 3938 et
2431 3893 2646 3939 centum
2666 3885 3047 3953 quinquaginta
3069 3892 3372 3937 sanctorum
3394 3883 3606 3938 Patrum

2040 3978 2156 4049 (qui
2190 3978 2242 4030 in
2272 3976 2367 4030 huc
2414 3977 2556 4045 regia
2589 3976 2718 4029 urbe
2746 3985 3111 4029 convenerunt
3138 3991 3152 4039 ;
3199 3984 3256 4029 et
3302 3985 3604 4028 sanctorum

2050 4068 2265 4124 Patrum
2291 4071 2340 4138 ‘)
2379 4070 2465 4138 qui
2494 4072 2545 4123 in
2575 4069 2782 4136 Epheso
2811 4068 2983 4137 primo
3011 4069 3311 4137 congregati
3338 4079 3460 4122 sunt
3491 4084 3507 4129 ;
3557 4080 3612 4122 et

2046 4169 2351 4215 sanctorum
2385 4159 2601 4214 Patrum
2630 4159 2717 4227 qui
2767 4161 2818 4213 in
2847 4159 3182 4214 Chalcedone
3227 4170 3610 4221 Convenerunt,

2046 4250 2185 4304 sicut
2225 4260 2401 4304 vestra
2430 4249 2722 4317 apostolica
2760 4250 2917 4304 sedes
2944 4250 3101 4303 docet
3134 4260 3293 4319 atque
3340 4250 3609 4315 praedicat.

2048 4342 2246 4396 Omnes
2272 4356 2400 4410 ergo
2431 4336 2701 4411 [namque]
2745 4341 3049 4395 sacerdotes
3087 4352 3373 4410 sequentes
3416 4341 3615 4394 doctri~

2050 4449 2171 4488 nam
2193 4432 2500 4500 aposuilicat
2521 4434 2662 4487 sedis
2689 4441 2881 4487 vedra:
2908 4433 2978 4485 ita
3007 4434 3230 4486 credunt
3265 4443 3321 4485 et
3359 4433 3615 4486 conﬁten-

2052 4533 2139 4577 tur
2169 4537 2221 4578 et
2245 4525 2555 4592 praedicant,
2573 4527 2712 4579 unde
2734 4524 3136 4593 properavimus
3161 4527 3259 4577 hoc
3286 4526 3351 4576 ad
3372 4526 3612 4577 notitiam

2043 4616 2253 4670 deferie
2300 4626 2493 4670 vestra:
2537 4616 2832 4669 sanctitatis
2862 4631 2957 4685 per
3000 4616 3283 4687 Hypatium
3330 4628 3384 4669 et
3418 4618 3608 4671 Deme—

383 4792 655 4868 fuerunt_.__
679 4802 1055 4868 acceptamqnc
1086 4799 1212 4868 ante
1238 4804 1441 4868 sacram
1469 4790 1519 4842 in
1548 4791 1728 4868 codice
1749 4792 1919 4868 _Jusii-
1955 4799 2001 4856 D
2025 4798 2281 4868 rographo
2310 4801 2515 4868 proprio
2544 4800 2611 4851 ad
2638 4806 2807 4851 sedem
2846 4799 3181 4864 apostolicam
3220 4814 3308 4865 per
3339 4801 3605 4868 episcoyios

386 4864 575 4914 niaueo
602 4861 738 4914 libro
763 4862 987 4927 septimo
1019 4860 1117 4911 sub
1147 4858 1298 4911 titulo
1333 4860 1404 4913 De
1432 4874 1636 4913 summa
1667 4862 1928 4916 'l'rinitate

384 4945 431 4981 ei
466 4932 565 4983 ﬁde
585 4931 839 4984 catholica
867 4929 1093 4983 fortasse
1121 4928 1364 4999 intexuit.
1402 4933 1548 4983 Unde
1574 4946 1729 4999 quam
1755 4934 1934 4999 inepte

386 5001 783 5055 llothomauuus
829 5000 1089 5070 ohjectam
1135 4997 1189 5053 in
1240 5006 1477 5062 tempore
1522 4997 1930 5069 discrepantiam

384 5074 676 5138 prmteudat
694 5110 708 5135 ,
738 5080 897 5140 atque
921 5084 986 5123 ex
1007 5084 1071 5124 ea
1093 5077 1368 5136 utramque
1388 5072 1660 5140 epistolam
1688 5074 1934 5140 supposi-

386 5144 553 5195 titiam
585 5155 702 5194 esse
732 5139 967 5208 colligat,
1019 5154 1174 5193 nemo
1213 5155 1316 5192 non
1363 5139 1624 5209 intelligit.
1670 5139 1820 5207 Quod
1862 5143 1937 5198 ait

392 5221 580 5274 ιιντιιιθτ
608 5225 807 5263 morem
837 5219 889 5270 et
912 5209 1105 5277 stylum
1128 5209 1407 5263 JuStiuiani
1439 5210 1774 5278 imperatoris
1794 5226 1933 5278 esse,

388 5281 676 5333 liniiiauam
703 5280 994 5333 Ecclesiain
1032 5278 1210 5332 sedem
1249 5280 1589 5346 apostolicam
1635 5281 1932 5344 nominare,

386 5352 717 5404 mendacium
762 5364 879 5402 esse
914 5358 1057 5415 patet
1084 5364 1148 5403 ex
1177 5350 1413 5415 epistolis
1454 5350 1732 5405 Justiniani
1758 5392 1771 5414 ,
1804 5368 1935 5418 quas

386 5420 679 5485 scripsitad
716 5420 1044 5472 llormisilam
1076 5430 1127 5471 et
1153 5420 1437 5487 Agapetum
1467 5422 1761 5487 pontiﬁces.
1795 5422 1932 5475 Nihil

387 5490 552 5549 igitur
596 5491 923 5556 prmtendcre
966 5498 1137 5557 potest
1164 5489 1417 5552 iiupostor
1445 5490 1726 5544 haereticus
1750 5531 1765 5553 ,
1793 5494 1930 5562 quod

387 5563 756 5614 auctoritatem
791 5563 971 5611 harum
1004 5563 1345 5624 eplstofaruni
1377 5562 1631 5613 tlilninuut
1660 5570 1816 5627 atque
1839 5564 1932 5613 oh-

386 5642 582 5684 scuret.
636 5631 896 5683 l‘rofcssio
946 5630 1065 5682 ﬁdei
1111 5642 1227 5697 quia
1271 5633 1573 5685 continetur
1618 5632 1666 5683 in
1708 5633 1928 5699 cpistola

387 5700 666 5753 Justoniani
711 5705 773 5753 ail
809 5700 1103 5765 pontiﬁcem
1137 5701 1326 5763 scripta
1373 5702 1455 5753 illa
1487 5712 1562 5751 est
1604 5701 1669 5752 de
1709 5717 1807 5768 qua
1838 5719 1931 5754 an-

387 5782 502 5823 cttrr
544 5771 859 5824 PontiliCuIis
889 5773 960 5823 ait
994 5790 1001 5821 :
1037 5768 1176 5823 Misit
1204 5770 1352 5837 {idem
1380 5787 1519 5823 suum
1564 5777 1796 5841 scrptuiu
1829 5775 1930 5826 clit-

2040 4866 2321 4937 Ηυριιιίιιηι
2363 4880 2409 4920 et
2458 4866 2790 4922 Demetrium.
2825 4868 2974 4924 Unile
2997 4869 3192 4923 falsum
3238 4866 3608 4922 esseconstat

2035 4941 2173 5005 quod
2202 4939 2431 4991 edictum
2468 4939 2749 4991 Justiniani
2789 4941 3049 4992 adversus
3077 4942 3172 4992 tria
3204 4940 3429 5005 capitula
3477 4949 3611 4991 tem—

2040 5022 2166 5088 pOre
2212 5007 2558 5088 Vigiliipupa:
2579 5018 2947 5088 conscriptum
3003 5010 3066 5088 ad
3116 5010 3376 5088 Joannem
3426 5008 3609 5088 (prout

2037 5078 2091 5131 in
2116 5079 2503 5147 antiquioribus
2525 5079 2845 5132 eilitionihus
2870 5079 3119 5131 mendosa
3142 5078 3415 5143 lthl'lpllO
3434 5079 3608 5131 eidem

2040 5146 2255 5215 praeﬁxa
2305 5146 2484 5215 habet)
2537 5151 2903 5201 transmisuuu
2951 5149 3126 5201 luerit.
3172 5150 3298 5201 Vide
3338 5164 3456 5211 quae
3496 5148 3609 5200 dixi

2039 5232 2196 5284 supra
2226 5220 2276 5271 itt
2308 5220 2445 5271 notis
2471 5218 2536 5272 ad
2568 5218 2739 5271 Vitam
2770 5218 3007 5272 Joannis.
3042 5220 3215 5272 verbis
3243 5236 3257 5271 ;
3293 5216 3432 5270 Misit
3459 5218 3610 5282 ﬁdem

2039 5303 2214 5345 suam.
2250 5300 2387 5349 etc.;
2436 5287 2557 5342 item
2598 5304 2718 5355 qua:
2762 5288 2895 5341 infra
2941 5291 3238 5343 notavimus
3267 5290 3366 5340 sub
3403 5287 3609 5357 Vigiho.

2044 5360 2170 5411 ch.
2205 5359 2396 5412 BINIUS.

2116 5429 2128 5457 ³
2174 5427 2249 5478 Ad
2278 5427 2617 5494 apostolicam
2645 5437 2835 5480 vestra:
2859 5428 3155 5482 sanctitatis
3182 5429 3389 5483 sedem.

2111 5499 2130 5568 ξ
2172 5500 2277 5551 Καϐ*
2305 5499 2587 5553 ὑπόστασιν
2609 5498 2966 5568 ὁμολογοῦμεν.

2112 5566 2130 5594 ³
2171 5571 2440 5635 Suscepit,
2474 5566 2880 5637 cognoscente.

2109 5704 2615 5827 *RAnsuli‘sliuclusa
2641 5707 2690 5760 in
2739 5705 2949 5759 Lahch
2977 5705 3174 5759 omissa
3206 5705 3448 5774 suppleta
3472 5714 3597 5759 sunt

2184 5793 2292 5827 om.
2326 5791 2354 5827 e
2399 5789 2455 5827 ll.

2042 5787 2102 5830 ex
2138 5787 2292 5831 ltum.
2326 5787 2455 5828 eun.
