4032 6184
478 320 546 372 (7
1875 296 2249 353 EPISTULE.
3632 262 3693 358 (ﬂ

478 411 638 463 tri-nn
671 412 1006 469 beatis-imos
1034 416 1313 485 episcopos
1334 459 1346 478 ,
1375 425 1430 469 ιιι
1459 431 1557 470 nec
1589 427 1814 468 vestram
1846 416 2036 467 sancti-
2066 417 2116 473 Α
2145 416 2334 484 religio
2367 435 2378 469 :
2415 433 2532 471 nam
2563 433 2680 471 cum
2704 430 2973 473 auctorem
2999 418 3117 474 vitai
3138 419 3212 474 vel
3242 419 3453 473 luminis
3480 431 3701 488 utraque

474 515 633 554 tatem
668 505 895 570 lareant,
930 523 1047 574 quae
1099 524 1127 559 a
1175 508 1488 576 quibusdam
1540 508 1717 575 paucis
1767 506 2038 557 nmnachis

472 595 614 647 male
639 606 693 648 et
713 594 931 651 Judaice
971 598 1260 651 secundum
1303 598 1532 651 NcStorii
1577 597 1846 666 perﬁdiam
1875 597 2039 648 dene-

471 697 589 753 gata
621 697 761 740 sunt.
793 688 1024 743 Petimus
1052 706 1177 757 ergo
1198 703 1432 745 vesnum
1467 704 1739 759 paternum
1764 689 2035 752 alTecrutn,

474 788 533 831 ut
560 782 749 834 vestris
778 782 843 834 ad
868 797 963 837 nos
993 783 1266 837 destinatis
1311 784 1533 850 litteris,
1565 794 1618 836 et
1657 783 1722 836 ad
1764 782 2041 834 sanctissi-

474 890 619 925 mum
648 874 957 942 episcopum
999 876 1153 942 hujus
1187 876 1340 929 almte
1362 876 1542 939 urbis,
1592 885 1645 928 et
1687 872 2037 939 patriarcbam

474 963 700 1017 fratrem
736 975 969 1017 vestrum
1015 966 1300 1034 (quoniam
1338 978 1389 1021 et
1410 967 1523 1034 ipse
1548 980 1641 1035 per
1666 965 1881 1019 eosdem
1911 964 2042 1017 scri-

475 1060 580 1121 psit
613 1056 677 1106 ad
706 1065 938 1109 vestram
968 1059 1301 1111 sanctitatem
1328 1099 1342 1122 ,
1392 1057 1653 1110 festinans
1690 1056 1741 1108 in
1797 1054 2044 1109 omnibus

473 1150 621 1216 sequi
653 1150 831 1202 sedem
863 1142 1204 1216 apostolicam
1226 1147 1565 1203 beatitudinis
1593 1146 1843 1215 vestrae),
1874 1144 2044 1199 maui-

475 1239 669 1292 festum
698 1239 853 1291 nobis
884 1238 1110 1301 faciatis,
1137 1237 1277 1307 quod
1302 1252 1486 1291 omnes
1511 1239 1598 1305 qui
1626 1236 1869 1301 prmdicta
1900 1244 2047 1289 recte

473 1333 794 1385 conﬁtentur
834 1330 1056 1398 suscipit
1095 1342 1267 1383 vestra
1300 1330 1586 1389 sanctitas,
1628 1335 1683 1380 et
1729 1341 1912 1379 eorum
1954 1324 2041 1391 qui

473 1422 695 1477 Judaice
736 1423 847 1474 ausi
880 1432 1005 1475 sunt
1031 1431 1229 1476 rectam
1252 1421 1513 1489 denegare
1540 1419 1692 1473 ﬁdem
1727 1417 2046 1473 condemnat

475 1516 746 1584 perﬁdiam
779 1532 793 1568 :
829 1518 943 1583 plus
966 1516 1105 1568 ettim
1151 1515 1223 1568 ita
1251 1524 1301 1569 et
1335 1514 1472 1567 circa
1506 1527 1598 1566 vos
1630 1511 1863 1565 omnium
1893 1524 2046 1562 amor

474 1620 528 1662 ιιι
554 1618 744 1662 vestrae
773 1608 915 1661 sedis
943 1618 1145 1662 crescet
1169 1605 1454 1659 auctoritas
1479 1621 1492 1656 :
1526 1616 1578 1657 et
1608 1618 1722 1671 quae
1743 1602 1810 1655 ad
1840 1616 1933 1655 vos
1960 1611 2043 1655 est

475 1703 648 1752 uni‘as
674 1710 973 1752 sanctarum
1019 1698 1371 1752 Ecclesiarum
1410 1695 1671 1748 inturbata
1706 1692 2039 1756 servabitur,

2143 510 2460 574 respiciant,
2517 521 2657 563 recte
2689 522 2741 564 et
2773 513 3018 566 tenebras
3046 522 3321 581 respuunt,
3370 522 3425 565 et
3461 513 3703 567 nesciunt

2139 602 2417 667 sultjacere
2447 602 2698 657 defecttti.
2733 604 3087 670 Quamobrem
3108 644 3121 667 ,
3153 604 3393 672 gloriosis
3426 604 3529 658 itne
3563 607 3701 669 prin-

2142 694 2340 762 cipum,
2371 698 2506 748 votis
2529 696 2773 749 omnibus
2818 698 3124 751 exorabitur
3153 698 3327 750 divina
3358 698 3611 766 potentia,
3651 707 3706 750 nt

2142 787 2390 853 pietatem
2416 798 2643 839 vestram
2677 789 2727 840 in
2762 788 2860 841 hoc
2884 788 3072 840 ardore
3106 787 3253 852 ﬁdei,
3314 789 3363 842 in
3397 788 3493 841 hac
3542 789 3706 840 devo-

2144 878 2287 931 tione
2329 880 2555 944 mentis,
2608 882 2658 933 in
2688 880 2787 933 hoc
2821 881 3039 949 integra?
3071 882 3344 951 religionis
3384 882 3558 936 studio
3592 883 3709 937 siue

2141 969 2353 1021 deft-ctu
2380 970 2462 1023 sui
2491 971 2540 1023 in
2567 971 2802 1039 longiora
2829 983 3062 1041 tempora
3084 984 3382 1027 conservet.
3429 974 3538 1026 lloc
3565 973 3707 1027 enim

2143 1070 2196 1113 et
2224 1062 2426 1114 sanctis
2448 1062 2714 1115 credimus
2747 1062 2997 1118 Ecclesiis
3024 1063 3313 1132 expedire;
3352 1068 3606 1131 scriptum
3630 1076 3712 1117 est

2142 1151 2283 1205 enim
2315 1151 2528 1207 :Labiis
2562 1155 2692 1226 regit
2735 1171 2826 1207 rex
2879 1155 2900 1225 (
2942 1158 3096 1213 Prov.
3156 1168 3244 1207 xvr
3288 1157 3334 1224 );
3381 1165 3436 1209 et
3470 1157 3658 1209 iterum
3695 1173 3710 1207 :

2146 1240 2245 1295 Cor
2266 1245 2397 1313 regis
2419 1244 2469 1295 in
2501 1260 2655 1295 mauu
2691 1241 2784 1296 Dei
2814 1254 2907 1307 est,
2940 1255 2987 1298 et
3018 1243 3103 1297 ubi
3127 1245 3339 1298 voluerit
3363 1245 3624 1298 inclinabit
3648 1245 3715 1297 il-

2143 1332 2233 1385 lud
2265 1332 2444 1402 (Prov.
2476 1333 2616 1403 xxi):
2670 1335 2767 1388 hoc
2797 1345 2878 1389 est
2915 1337 3054 1388 enim
3096 1334 3237 1404 quod
3276 1346 3507 1390 vestrum
3542 1337 3715 1389 ﬁrmat

2146 1425 2447 1493 imperium,
2484 1424 2584 1479 hoc
2628 1425 2765 1494 quod
2796 1436 2971 1481 vestra
3022 1442 3181 1495 regna
3216 1436 3517 1482 conservat.
3581 1428 3711 1480 Nam

2148 1532 2245 1584 pax
2278 1515 2554 1581 Ecclesiae,
2582 1517 2850 1586 religionis
2872 1517 3071 1583 unitas,
3095 1525 3365 1571 auctorem
3395 1518 3515 1570 facti
3549 1519 3599 1571 in
3623 1534 3716 1570 -ιι-

2147 1610 2307 1663 blime
2335 1620 2644 1678 provectum
2697 1622 2841 1678 grata
2884 1611 2985 1664 sibi
3038 1612 3417 1680 tranquillitate
3461 1610 3713 1664 custodit.

2148 1699 2328 1771 Neque
2349 1700 2490 1755 enim
2525 1716 2682 1771 parva
2726 1703 2772 1757 ei
2821 1701 3131 1756 vicissitudo
3180 1718 3210 1755 a
3261 1701 3493 1770 potentia
3538 1702 3717 1756 divina

477 1792 693 1860 quando
722 1807 814 1858 per
847 1805 943 1843 vos
974 1789 1257 1844 didicerint
1286 1802 1471 1843 omnes
1497 1785 1788 1841 beatissimi
1814 1784 2046 1855 episcopi
2076 1784 2124 1844 Β
2153 1792 2432 1859 tribuitur,
2464 1808 2555 1862 per
2601 1808 2757 1862 quem
2797 1793 2956 1847 nullis
2987 1792 3129 1863 rugis
3180 1794 3411 1847 Ecc'esia
3440 1794 3605 1846 divisa
3635 1808 3719 1847 se-

476 1897 658 1935 eorum
694 1896 814 1947 qua:
846 1880 911 1933 ad
940 1894 1032 1933 vos
1070 1880 1233 1934 relata
1262 1887 1387 1933 sunt
1413 1877 1678 1931 sinceram
1703 1884 1894 1930 vestrae
1920 1890 2046 1927 san-

473 1972 667 2029 ctizatis
695 1970 1009 2025 doctrinam.
1043 1970 1277 2025 Petimus
1302 1980 1476 2024 autem
1501 1979 1730 2023 vestram
1763 1965 2044 2021 beatitudi-

478 2076 602 2114 nem
629 2076 782 2114 orare
806 2076 900 2127 pro
929 2060 1103 2124 nobis,
1156 2070 1208 2115 et
1253 2059 1349 2115 Dei
1390 2058 1545 2113 nobis
1566 2057 1844 2126 acquirere
1870 2056 2047 2127 provi-

477 2152 732 2205 dentiam.
768 2152 895 2205 ltem
925 2150 1227 2220 subscriptio
1256 2151 1301 2204 ¹.
1348 2150 1525 2205 Deitas
1549 2159 1600 2203 te
1641 2159 1923 2203 conservet
1954 2163 2049 2218 per

477 2243 674 2296 multos
702 2257 893 2306 annos,
918 2252 1102 2296 sancte
1128 2255 1191 2295 ac
1214 2240 1610 2311 religiosissime
1641 2249 1788 2308 pater
1815 2240 1863 2291 ¹.

665 2419 985 2474 EPlSTOLA
1017 2418 1162 2490 (olim
1192 2418 1259 2490 ιι)
1299 2418 1577 2473 JOANNIS
1609 2416 1805 2472 Parta
1833 2417 1876 2471 ιι

1031 2547 1098 2585 AD
1145 2544 1502 2585 JUSTINIANUM.

484 2667 687 2719 Laudat
728 2664 963 2718 catholici
997 2664 1318 2735 imperatoris
1351 2663 1606 2735 egregiam
1645 2662 1882 2735 pietatem
1916 2659 2055 2713 debi-

555 2750 759 2800 tumque
785 2737 945 2801 ipsius
977 2734 1269 2803 religionis,
1315 2731 1415 2804 quo
1440 2731 1606 2786 sedem
1635 2731 1990 2804 apostolicam,
2022 2746 2055 2782 α

552 2824 651 2876 qua
677 2806 961 2875 requirebat
987 2800 1627 2876 evangelicam'veritatem,
1644 2800 2055 2876 prosequebatur.

561 2871 724 2947 Rogat
742 2871 1053 2949 Angustum,
1086 2871 1141 2929 ut
1171 2892 1303 2949 quos
1325 2892 1355 2927 α
1384 2885 1519 2949 recto
1540 2873 1661 2949 fidei
1683 2871 1951 2949 catholicae
1972 2871 2059 2949 iti-

555 2943 671 2999 nere
699 2943 929 3000 aberrare
948 2948 1127 3010 sciret,
1162 2943 1296 2999 omni
1326 2946 1496 2999 studio
1521 2943 1746 2995 adhibito
1777 2948 2056 3004 revocaret,

555 3032 601 3071 et
634 3020 759 3068 inter
790 3018 917 3069 alios
946 3019 1083 3086 ipsos
1108 3017 1300 3087 legatos
1328 3034 1359 3069 a
1386 3013 1643 3069 monachis
1669 3012 1928 3065 Acwmetis
1954 3010 2059 3065 Ro-

558 3104 695 3140 mam
721 3104 920 3141 ιιιιεειδ.

558 3244 957 3297 Gloriosissimo
973 3252 1025 3296 et
1047 3240 1466 3296 clementissimo
1494 3240 1602 3295 ﬁlio
1625 3239 1923 3295 Justiniano
1949 3238 2056 3291 Au-

486 3347 671 3399 μυριο,
730 3334 958 3389 Joannes
988 3334 1273 3401 episcopus
1299 3330 1446 3387 urbis
1486 3329 1667 3384 Roma:
1710 3331 1933 3383 salutem
1961 3327 2058 3381 do-

488 3434 581 3476 ttat
604 3423 645 3476 ³.

563 3537 702 3589 Inter
740 3534 912 3587 claras
963 3534 1237 3603 sapientiae
1290 3547 1352 3588 ac
1401 3531 1821 3587 mansuetudinis
1865 3542 2058 3587 vestra:

490 3628 701 3691 laudes,
732 3625 1185 3679 Cltristianissime
1207 3625 1523 3695 principum,
1558 3623 1769 3693 puriore
1799 3624 1915 3678 luce
1944 3632 2057 3676 tan-

487 3732 649 3786 quam
680 3717 888 3785 aiiquod
918 3715 1063 3769 sidus
1089 3714 1306 3769 irradiat
1329 3759 1342 3781 ,
1369 3716 1506 3783 quod
1536 3729 1717 3768 amore
1744 3714 1887 3778 ﬁdei,
1917 3715 2057 3783 quod

485 3808 765 3863 cbaritatis
818 3808 1035 3872 studio,
1082 3808 1256 3862 edocti
1310 3807 1690 3863 ecclesiastics
1736 3807 2055 3874 disciplinis,

490 3900 745 3954 Romana:
771 3902 912 3955 sedis
944 3899 1298 3954 reverentiam
1326 3902 1684 3964 conservatis,
1715 3908 1768 3953 et
1788 3901 1837 3952 ei
1870 3910 2057 3952 cuncta

487 3991 771 4060 sultjicitis,
823 4001 877 4045 et
921 3991 987 4045 ad
1034 3993 1147 4057 ejus
1194 3992 1453 4046 deducitis
1484 3991 1762 4054 unitatem,
1814 3992 1879 4045 ad
1910 3992 2060 4057 cujus

487 4095 787 4145 auctorem,
818 4083 917 4135 hoc
946 4093 1029 4136 est
1058 4087 1416 4150 apostolorum
1443 4084 1687 4150 primunt,
1730 4081 1951 4135 Domino
1979 4084 2059 4135 Io-

486 4185 687 4240 queute
712 4184 1030 4240 praeceptum
1053 4173 1134 4227 est
1167 4191 1179 4225 :
1211 4172 1369 4227 Pasce
1401 4190 1513 4227 oves
1545 4190 1680 4227 meas
1708 4172 1886 4244 (Joan.
1925 4181 2057 4241 χχι),

490 4283 651 4332 quam
684 4282 804 4319 esse
849 4265 1083 4319 omnium
1133 4281 1257 4320 vere
1290 4265 1645 4321 Ecclesiarum
1683 4276 1836 4334 caput
1874 4276 1926 4319 et
1962 4266 2060 4318 Pa-

491 4367 635 4409 trum
667 4357 859 4425 regulae
896 4365 950 4411 et
979 4358 1269 4426 principum
1294 4367 1484 4411 statuta
1515 4358 1807 4423 declarant,
1866 4371 1918 4411 et
1951 4375 2062 4425 pte-

495 4453 619 4503 tatis
650 4459 838 4503 vestra:
880 4452 1305 4504 reverendissirni
1352 4459 1611 4504 testantur
1648 4450 1854 4503 aﬁ'atus.
1912 4450 2064 4504 Patet

2147 1884 2406 1946 cernitur,
2455 1882 2611 1937 nullis
2642 1884 2853 1938 insertis
2885 1884 3105 1937 maculis
3126 1884 3360 1938 variatur
3388 1902 3402 1937 :
3458 1887 3716 1952 scripturn

2148 1986 2229 2031 est
2249 1975 2389 2029 enim
2415 1975 2561 2043 quia,
2589 1991 2705 2028 cum
2731 1992 2819 2029 rex
2830 1978 3005 2045 justus
3030 1976 3212 2030 sederit
3233 1992 3382 2045 super
3406 1977 3592 2039 sedem,
3614 1994 3717 2029 um

2151 2065 2496 2119 adversabitur
2524 2068 2567 2119 ei
2590 2066 2859 2136 quidquam
2890 2065 3170 2138 malignum
3200 2066 3382 2137 (Prov.
3418 2070 3528 2135 tu).
3587 2068 3715 2119 l‘ro-

2152 2158 2277 2214 inde
2325 2159 2627 2213 serenitatis
2656 2169 2846 2213 vestrae
2885 2158 3061 2228 apices
3092 2174 3184 2228 per
3221 2158 3500 2231 Hypatium
3551 2169 3709 2229 atque

2156 2250 2485 2305 Demetrium
2524 2252 2890 2306 sanctissimos
2919 2253 3097 2320 viros,
3149 2252 3340 2308 fratres
3368 2263 3421 2306 et
3446 2256 3721 2318 cocp'sco-

2153 2356 2250 2411 pos
2281 2357 2450 2405 meos,
2490 2343 2785 2397 reverentia
2815 2354 3070 2398 consueta
3101 2345 3430 2411 suscepimus
3462 2359 3721 2412 :quorunt

2154 2436 2315 2489 etiam
2348 2436 2608 2491 relatione
2646 2437 3007 2505 comperimus
3027 2479 3042 2501 ,
3065 2438 3204 2507 quod
3233 2418 3477 2491 ﬁdelibus
3517 2419 3723 2505 pbpnlis

2157 2526 2509 2594 pr0posuistis
2532 2527 2761 2581 edictum
2794 2536 2818 2564 ι
2848 2543 3033 2582 amore
3062 2528 3206 2591 ﬁdei,
3236 2543 3332 2596 pro
3362 2528 3722 2581 submovenda

2157 2615 2525 2669 hereticorum
2551 2617 2875 2685 intentione,
2921 2619 3210 2672 secundum
3239 2618 3584 2685 apostolicmn
3623 2619 3722 2670 do-

2157 2708 2407 2769 ctrinam,
2437 2706 2657 2760 fratrum
2681 2717 2735 2761 et
2763 2707 3200 2777 coepiscoporum
3231 2718 3530 2761 nastrorum
3563 2710 3723 2760 inter-

2159 2802 2405 2852 veniente
2425 2812 2690 2854 consensu
2719 2799 2744 2837 ιτ
2779 2818 2793 2853 :
2844 2802 2981 2870 quod
3034 2802 3154 2871 quia
3196 2802 3501 2870 apostolica:
3531 2802 3724 2855 doctri-

2161 2903 2241 2941 na:
2265 2891 2535 2953 romcnit,
2560 2899 2741 2945 nostra
2770 2894 3086 2947 auctoritate
3116 2895 3513 2948 conﬁrmamus.

2232 2975 2423 3031 Textus
2450 2989 2618 3032 autem
2662 2982 2890 3051 epistola:
2922 2981 3036 3035 talis
3066 2990 3138 3035 est
3170 2998 3188 3036 ε
3232 2981 3531 3037 Ιῖιιιιιειιιθδ
3564 2985 3724 3039 hono-

2164 3080 2277 3121 rem
2298 3070 2605 3136 apostolica:
2632 3071 2761 3125 sedi.
2797 3080 2851 3123 ut
2876 3088 3033 3140 supra
3060 3073 3362 3144 prwcedenti
3387 3076 3621 3145 epistola.

2087 3143 2135 3205 ο
2238 3156 2425 3225 Liquet
2457 3158 2637 3228 igitur,
2664 3161 2952 3229 imperator
2978 3164 3378 3231 gloriosissime,
3406 3143 3461 3218 ut
3489 3167 3728 3220 lectionis

2169 3256 2321 3303 tenor
2353 3258 2409 3303 et
2436 3250 2731 3319 legatorum
2755 3263 3053 3307 vestrorum
3082 3255 3269 3307 relatio
3300 3256 3540 3323 ιιοιρῐιιι-ἱι
3564 3257 3718 3328 (pate.

2167 3336 2354 3409 iacis],
2391 3355 2487 3394 vos
2534 3341 2837 3410 apostolicis
2880 3343 3264 3398 eruditionibus
3302 3345 3555 3411 studere,
3610 3364 3728 3401 cunt

2162 3434 2229 3487 de
2254 3434 2524 3501 religionis
2548 3435 2821 3488 catholica:
2852 3436 2953 3489 ﬁde
2981 3453 3041 3490 ea
3078 3452 3174 3504 sap
3202 3438 3267 3489 tis
3286 3478 3300 3499 ,
3352 3456 3412 3490 ea
3441 3439 3730 3505 scripsistis

2164 3524 2416 3597 [sciibitis
2446 3537 2499 3580 et
2522 3524 2853 3598 publicatis],
2889 3543 2951 3581 ea
2984 3543 3076 3596 pro
3104 3528 3310 3588 ulistis.
3342 3545 3401 3581 ea
3438 3530 3644 3597 pOpnIis
3670 3532 3729 3582 li-

2161 3624 2369 3679 delibus
2396 3624 2725 3693 publicastis,
2748 3641 2865 3695 quin
2900 3625 3056 3696 (sicut
3083 3625 3337 3692 diximus)
3368 3639 3418 3678 et
3443 3627 3730 3694 scdisapn-

2163 3715 2366 3770 stolicm
2397 3715 2419 3745 δ
2447 3715 2685 3769 doctrina
2706 3756 2721 3780 ,
2768 3724 2819 3769 et
2848 3724 3150 3769 sanctorum
3183 3714 3396 3767 Patrum
3426 3718 3728 3769 veneranda

2164 3807 2403 3861 decernit
2442 3807 2762 3869 auctoritas,
2802 3815 2856 3860 et
2897 3820 2994 3859 nos
3037 3808 3416 3860 conﬁrmamus
3456 3806 3505 3858 in
3557 3807 3729 3859 otnni-

2165 3900 2282 3953 bus.
2313 3902 2680 3966 Opportunum
2707 3906 2787 3951 est
2816 3912 2942 3967 ergo
2970 3912 3097 3950 voce
3142 3901 3469 3966 proclamare
3501 3901 3732 3966 prophe-

2165 3992 2263 4044 tica
2296 4007 2309 4041 :
2349 3988 2463 4042 Tibi
2493 3990 2710 4041 abundet
2740 3990 2919 4042 cretum
2944 3988 3159 4058 desuper
3178 4030 3193 4054 ,
3223 3998 3269 4042 et
3296 3987 3561 4053 elfundant
3592 4006 3732 4045 mou-

2165 4091 2235 4135 tes
2270 4082 2661 4147 iucunditatem,
2719 4090 2764 4134 et
2792 4082 2945 4134 colles
2986 4080 3165 4134 latitia
3206 4080 3514 4132 lwtabuntur
3560 4080 3733 4145 (I'sul.

2166 4176 2311 4240 xcv).
2366 4172 2491 4225 llaec
2527 4172 2685 4240 igitur
2737 4172 2788 4226 in
2821 4171 3015 4225 tabulis
3043 4171 3220 4225 cordis
3260 4172 3485 4226 ﬁdeliter
3538 4174 3735 4224 scribe-

2166 4280 2246 4327 re,
2304 4268 2415 4317 ltatc
2445 4274 2499 4317 ut
2531 4264 2754 4332 pupillas
2806 4265 3081 4318 oculorum
3127 4264 3372 4318 convenit
3407 4264 3690 4319 observate
3723 4282 3736 4318 :

2166 4370 2338 4422 neque
2384 4355 2525 4407 enim
2566 4355 2843 4424 quisquam
2886 4361 2970 4407 est
3017 4354 3069 4407 in
3126 4368 3229 4421 quo
3283 4353 3475 4407 Christi
3506 4352 3738 4407 char.t.ts

2167 4447 2353 4510 fervet,
2388 4449 2476 4515 qui
2506 4458 2613 4499 tam
2642 4455 2833 4508 rectm,
2869 4455 2975 4497 tam
3005 4458 3144 4498 verae
3167 4442 3520 4498 confessionis
3548 4457 3739 4495 vestra:

490 4541 657 4607 igitur
689 4541 738 4593 in
768 4539 1203 4607 vobisitnpletum
1231 4542 1339 4595 fore
1366 4540 1504 4609 quod
1523 4542 1806 4609 Scriptum
1836 4539 2058 4605 loquun-
2085 4532 2139 4591 D
2163 4536 2284 4589 ﬁdei
2324 4536 2620 4605 refragatur
2667 4536 2861 4589 existat
2889 4551 2902 4587 :
2936 4548 3057 4588 cum
3102 4533 3378 4588 evidenter
3414 4533 3738 4601 impietatem

494 4645 581 4684 tur
618 4649 631 4683 :
686 4630 785 4683 Per
820 4647 897 4684 me
928 4648 1068 4698 reges
1103 4641 1314 4696 regnant
1345 4673 1359 4696 ,
1411 4641 1457 4684 et
1485 4641 1710 4699 potentes
1730 4632 1954 4685 scribunt
1968 4634 2060 4701 ju-

487 4725 684 4776 stitiam
706 4722 886 4788 (Prov.
919 4722 1056 4790 vm).
1108 4722 1244 4775 Nihil
1272 4732 1354 4777 est
1377 4723 1515 4775 enim
1543 4723 1683 4792 quod
1716 4723 1911 4775 lumine
1946 4725 2058 4775 cla-

494 4817 638 4868 riore
664 4813 988 4882 przefnlgeat,
1018 4829 1174 4882 quam
1211 4823 1349 4867 recta
1380 4815 1509 4867 lides
1531 4814 1582 4867 in
1616 4813 1851 4882 principe
1882 4830 1896 4878 ;
1925 4812 2060 4867 nihil

491 4906 736 4974 estquod
768 4909 833 4957 ita
867 4916 1092 4974 nequeat
1141 4906 1353 4961 occasui
1383 4906 1685 4975 subiacere,
1734 4921 1891 4975 quam
1940 4921 2066 4962 vera

567 5070 591 5096 ι·
637 5060 881 5121 Ιηιυιίςζίι
922 5059 1044 5111 iliud
1089 5058 1225 5123 apud
1265 5059 1506 5113 Contium
1549 5068 1770 5112 esstans
1800 5058 2051 5124 edictum,

493 5147 600 5197 quo
642 5131 1023 5199 Eutychetem,
1077 5128 1413 5190 Nestorium,
1464 5143 1753 5195 eorumque
1797 5129 2055 5183 sectarios

493 5201 813 5254 condemnat
843 5214 905 5252 ea
937 5200 1230 5253 intentione
1262 5209 1317 5251 ut
1346 5214 1556 5252 omnem
1587 5199 1941 5252 calumniandi
1964 5214 2058 5252 oc-

493 5274 763 5323 casionem
790 5271 892 5321 tlLis
913 5270 1127 5333 adimat,
1151 5285 1238 5332 ne,
1262 5271 1306 5322 si
1331 5270 1624 5322 Nestorium
1649 5270 2050 5332 condemnaret,

494 5356 524 5393 a
557 5340 881 5393 Nestorianis
906 5349 982 5401 (ιιι
1015 5343 1320 5408 plerumque
1367 5341 1544 5405 ﬁebat)
1579 5338 1935 5406 Eutychianus
1968 5341 2050 5392 vel

495 5408 871 5479 Apotlinatista
903 5410 1290 5473 nominaretur;
1319 5420 1502 5463 contra
1534 5424 1681 5463 vero.
1710 5410 1753 5462 si
1791 5408 2051 5479 Eutyche-

496 5477 604 5534 te'm
630 5482 1027 5544 condmnnaret,
1057 5481 1122 5532 ab
1143 5481 1380 5547 ejusdem
1403 5480 1755 5534 sectatoribus
1784 5477 2051 5531 Nestoriu-

496 5568 598 5604 nus
626 5551 1000 5616 appellaretur.
1033 5551 1159 5604 Sev.
1194 5549 1389 5603 thlus.

567 5622 595 5658 δ
627 5622 731 5673 lloc
762 5622 877 5673 loco
913 5620 1158 5689 intelligis
1183 5621 1532 5674 Justinianum
1574 5620 1941 5687 imperatorem
1968 5633 2033 5671 ex

494 5692 759 5746 sententia
818 5688 1185 5757 episcoporum
1233 5704 1416 5745 cuncta
1472 5692 1539 5743 de
1579 5690 1679 5743 ﬁde
1724 5688 1893 5743 edicta
1926 5697 2035 5739 sta-

500 5766 666 5818 tuisse
702 5773 753 5817 et
792 5762 1166 5830 promulgasse,
1201 5762 1473 5831 ipsumth
1499 5761 1751 5814 .liotnante
1789 5758 2035 5812 Ecclesia:

2161 4630 2392 4684 Nestorii
2439 4628 2854 4699 Eutychetisque
2894 4636 2948 4681 et
2970 4626 3208 4681 omnium
3242 4626 3611 4680 haereticorum
3645 4624 3739 4678 da-

2163 4735 2429 4788 mnantes,
2461 4737 2617 4776 unam
2648 4736 2830 4775 veram
2860 4721 3175 4775 catholicam
3221 4719 3377 4772 ﬁdem
3432 4718 3637 4770 Domini
3687 4725 3740 4771 et

2166 4815 2259 4869 Dei
2284 4813 2449 4869 nostri
2476 4813 2765 4869 Salvatoris
2800 4811 2927 4867 Jesn
2957 4812 3151 4867 Christi
3198 4809 3502 4879 magisterio
3532 4810 3736 4863 insutu-

2175 4916 2303 4973 tam,
2359 4916 2415 4962 et
2466 4905 2790 4977 propheticis
2818 4903 3229 4974 aposttlicisque
3278 4902 3737 4972 praedicationibus

2163 5061 2472 5129 episcopum
2500 5060 2642 5112 velut
2669 5057 2977 5128 primarium
3008 5058 3285 5111 catholica:
3319 5056 3569 5112 l-Icclesite
3600 5057 3736 5109 :ouli-

2162 5134 2338 5185 stitent
2369 5133 2722 5192 consuluisse,
2756 5145 2881 5182 num
2910 5129 3086 5183 omnia
3121 5129 3225 5195 pie,
3254 5139 3437 5181 sancte
3478 5138 3531 5181 et
3554 5129 3736 5177 ortho-

2162 5202 2315 5255 doxze
2367 5201 2489 5254 lidci
2537 5199 2937 5254 convenienter
2970 5203 3258 5252 constituta
3314 5200 3553 5251 fuissent.
3604 5201 3737 5250 Su.

2163 5272 2359 5324 Btsrcs.

2236 5344 2249 5371 ¹
2298 5341 2360 5392 Et
2386 5340 2488 5392 alia
2515 5356 2691 5406 manu,
2724 5338 2985 5394 Divinitas
3009 5350 3058 5394 lc
3080 5353 3280 5392 servet.

2230 5412 2249 5442 ³
2290 5412 2475 5464 Datum
2506 5426 2598 5463 vin
2631 5413 2701 5463 id.
2728 5409 2891 5462 Junii.

2226 5481 2246 5511 ⁸
2286 5483 2341 5535 In
2371 5497 2422 5534 v.
2451 5496 2501 5533 c.
2533 5481 2713 5533 titulus
2746 5479 2891 5533 hisce
2916 5479 3090 5533 verbis
3120 5477 3415 5541 concipitur
3447 5494 3458 5527 :
3484 5476 3729 5529 Constan-

2153 5554 2259 5604 tino
2280 5551 2573 5604 Iustiniano
2604 5548 2669 5602 Ρ.
2699 5547 2762 5601 F.
2790 5558 3016 5620 Augusto
3058 5564 3110 5602 ιιι
3143 5548 3339 5601 consuli
3361 5545 3587 5601 Joannes
3618 5550 3725 5614 cpi-

2149 5639 2347 5687 scapus.

2217 5693 2235 5721 ⁸
2276 5692 2439 5747 Sedes
2462 5691 2744 5758 apostolica
2774 5689 2945 5742 docet.
