4032 6184
311 354 371 407 τῦ
1240 360 1243 363 ‘
1622 331 1893 392 JOANNIS

1997 330 2122 385 ιΡιΕ
2161 331 2201 385 ll
3450 323 3536 377 20‘

298 464 497 535 ubique
542 463 817 528 diliusam,
868 471 923 517 et
965 467 1269 515 sanctorum
1324 469 1416 524 per
1462 460 1625 507 totum
1674 450 1855 503 orbem
1888 443 2194 507 ASpit‘ilus
2244 452 2314 495 sn
2339 456 2547 510 semper
2581 439 2881 504 vobiscum,
2926 436 3159 506 piissime
3189 435 3280 489 ﬁli.
3326 435 3518 496 Anien,

304 554 722 612 confessionibus
750 554 1088 616 roboratam,
1134 547 1346 601 Patrum
1395 551 1549 611 atque
1584 541 1857 593 doctorum

304 647 581 701 sententiis
624 647 937 708 adunatam,
971 651 1028 696 et
1056 651 1253 695 nostra:
1285 636 1543 690 doctrinm
1578 641 1858 687 consenta-

308 755 459 792 neam
490 741 802 792 inconcusse
846 745 1002 804 atque
1043 729 1419 786 inviolabiliter
1457 726 1644 781 devota
1678 726 1863 777 Deoet

313 831 394 892 pia
424 839 599 882 mente
646 827 893 881 servatis.
944 824 1051 880 Soli
1078 822 1274 877 etenim
1306 818 1725 888 professionibus
1772 830 1863 866 no-

309 920 437 974 stris
457 919 805 973 adversantur
826 960 840 982 ,
873 916 940 971 de
962 915 1150 984 quibus
1184 913 1363 966 divina
1393 908 1663 977 Scriptura
1699 905 1865 972 loqui-

309 1023 415 1074 tur,
431 1009 642 1063 dicens:
670 1005 957 1060 Posuerunt
978 1004 1293 1058 mendacium
1313 1016 1453 1071 spem
1474 1015 1639 1061 suam,
1661 1006 1707 1049 et
1730 1011 1868 1047 men-

311 1104 460 1154 dacio
492 1100 679 1171 aperiri
704 1107 1022 1170 speraverant
1050 1096 1180 1164 (lsa.
1205 1093 1391 1163 xxvut)
1418 1110 1432 1157 ;
1463 1104 1516 1146 et
1546 1092 1756 1156 iterum,
1775 1089 1865 1157 qui

311 1192 597 1247 secundum
615 1191 918 1260 prophetam
936 1189 1119 1243 dicunt
1142 1185 1365 1241 Domino
1393 1201 1405 1236 :
1432 1182 1626 1235 Recede
1648 1199 1678 1232 α
1702 1180 1865 1241 nobis,

313 1287 419 1339 rias
448 1295 560 1337 tuas
610 1284 740 1336 scire
777 1280 1057 1357 nolumus}
1092 1278 1213 1334 Job.
1252 1294 1343 1333 xm
1398 1277 1437 1345 ).
1485 1276 1705 1342 Pr0pter
1731 1272 1869 1342 quod

315 1377 566 1430 Salomon
596 1376 722 1430 dicit
754 1394 765 1427 :
821 1373 921 1428 Per
949 1373 1150 1428 semitas
1180 1371 1401 1441 praprice
1439 1370 1651 1422 cultnrw
1679 1382 1871 1421 errave—

313 1478 453 1532 runt,
486 1469 728 1540 colligunt
759 1476 926 1520 autem
954 1464 1188 1518 manibus
1214 1463 1535 1532 infructuosa
1563 1458 1740 1531 (Prov.
1794 1458 1868 1528 v).

316 1564 440 1618 llmc
465 1572 545 1618 est
575 1565 734 1633 igitur
764 1576 890 1616 vera
912 1571 1089 1615 veStra
1122 1557 1276 1621 ﬁdes,
1308 1559 1419 1610 Inec
1445 1565 1591 1609 certa
1639 1554 1826 1621 religio
1855 1570 1868 1605 :

318 1656 418 1709 hoc
458 1655 625 1709 beata:
650 1651 1033 1709 recordationis
1054 1650 1141 1721 (ut
1166 1647 1417 1719 diximus)
1468 1648 1649 1701 Patres
1688 1659 1872 1698 omnes

1966 539 2097 593 Item
2119 538 2416 609 subscriptio
2438 553 2457 590 :
2495 536 2839 606 Omnipotens
2871 533 3007 587 Deus
3038 546 3254 600 regnum
3286 539 3518 582 vestrum

1964 640 2019 685 et
2057 630 2281 683 salutem
2323 636 2549 682 vestram
2594 635 2844 694 perpetua
2876 622 3200 692 protectione
3236 618 3516 682 custodiat,

1962 721 2345 792 gloriosissime
2372 728 2425 773 et
2447 715 2863 772 clementissime
2899 712 2971 766 ﬁli
3002 715 3290 779 imperator
3343 706 3521 777 Augu-

1964 823 2067 868 ste.
2098 812 2224 865 Data
2252 811 2437 863 Roma:
2465 822 2554 859 vui
2584 804 2833 859 kalendas
2856 802 3074 871 Aprilis,
3097 799 3311 854 domino
3339 808 3522 849 nostro

1971 906 2269 961 Justiniano
2312 903 2372 957 P.
2398 900 2459 956 Ρ.
2491 900 2729 969 Augusto
2756 913 2807 951 tv
2854 907 2907 951 et
2933 895 3154 950 Paulino
3181 892 3307 946 viris
3335 888 3523 944 claris-

1966 997 2115 1052 simis
2143 992 2452 1049 consulibus
2471 991 2650 1064 [Anno
2685 987 2887 1042 Christi
2914 984 3062 1056 554].

2156 1104 2479 1160 EPISTOLA
2515 1104 2660 1173 (olim
2699 1101 2785 1169 ut)
2827 1096 3102 1155 JUANMS
3141 1093 3338 1150 ΡΑριιΕ

2538 1213 2604 1251 ΑΒ
2640 1210 2959 1250 SENATORES.

1971 1313 2152 1367 Fidem
2178 1313 2240 1365 de
2259 1310 2449 1367 Christi
2480 1311 2742 1363 divinitate
2774 1318 2821 1362 et
2851 1307 3199 1360 incarnatione
3227 1303 3535 1368 conﬁrmat:

2041 1391 2313 1438 Acwmetas
2343 1384 2613 1435 monachos
2638 1378 2863 1434 Nestorii
2889 1389 3156 1431 sectatores
3175 1376 3405 1427 vitandos
3424 1387 3532 1426 esse

2040 1464 2224 1507 monet.

2040 1549 2272 1603 Joannes
2298 1546 2579 1613 episcopus
2602 1542 2889 1603 Romanus,
2924 1537 3214 1592 illustribus
3238 1550 3299 1587 ac
3327 1532 3530 1596 magni-

1971 1643 2084 1696 ﬁcis
2126 1641 2254 1696 viris
2290 1639 2515 1702 Avieno,
2550 1636 2811 1697 Seuatori,
2856 1632 3087 1692 Liberio,
3128 1629 3402 1689 Severino,
3448 1624 3530 1677 Fi-

319 1747 674 1816 praesulesque
700 1745 949 1798 Romana:
980 1740 1248 1807 Ecclesiae,
1278 1754 1411 1810 quos
1434 1739 1485 1793 in
1515 1737 1762 1791 omnibus
1789 1748 1872 1791 se—
1903 1802 1950 1816 ﬁ
1975 1733 2103 1797 deli,
2136 1732 2310 1795 Avito,
2339 1728 2597 1799 Opilioni,
2626 1724 2836 1792 Joanni,
2869 1723 3112 1785 Silverio,
3146 1718 3525 1777 Clementiano,

320 1840 554 1908 qlllmlll‘,
586 1838 686 1892 hoc
711 1837 866 1891 sedes
912 1834 1213 1904 apostolica.
1244 1831 1551 1903 praedicavit
1597 1830 1872 1889 hactenus,
1903 1802 1953 1863 Β
1978 1834 2030 1880 et
2058 1821 2316 1891 Ampelio.

320 1942 375 1985 et
395 1931 709 1984 inconcusse
737 1926 1056 1983 custodivit:
1088 1918 1210 1978 huic
1236 1922 1580 1988 confessioni,
1617 1921 1736 1973 huic
1758 1919 1875 1973 ﬁdei

322 2022 556 2090 quisquis
585 2019 944 2074 contradictor
990 2016 1251 2071 exstiterit
1276 2058 1290 2079 ,
1334 2016 1562 2067 alienum
1590 2012 1820 2080 seipsum
1847 2025 1876 2064 a

322 2123 499 2166 sancta
514 2110 905 2173 communione,
921 2108 1150 2163 alienum
1162 2107 1229 2160 ab
1243 2106 1483 2161 Ecclesia
1491 2104 1749 2174 judicabit
1762 2117 1879 2157 esse

323 2203 603 2257 catholica.
656 2200 763 2255 Nos
790 2200 932 2255 enim
956 2198 1154 2270 Cyrum
1176 2212 1295 2253 cum
1333 2195 1646 2263 sequacibus
1692 2194 1800 2248 suis
1826 2192 1877 2246 in

326 2294 562 2348 ltomana
596 2290 893 2346 invenimus
912 2288 1149 2352 civitate,
1183 2288 1271 2357 qui
1292 2288 1358 2341 de
1381 2283 1673 2339 Cumiteusi
1704 2281 1879 2353 [Acm-

326 2380 574 2453 metensi]
595 2378 918 2435 monasterio
940 2377 1039 2433 fuit
1068 2396 1081 2430 :
1109 2392 1240 2447 quos
1269 2374 1575 2446 apostolicis
1615 2372 1880 2429 suasioni-

325 2474 423 2527 bus
452 2473 516 2526 ad
544 2482 739 2525 rectam
787 2469 985 2534 ﬁdem,
1018 2477 1072 2522 et
1120 2468 1267 2522 velut
1289 2479 1416 2520 oves
1461 2479 1577 2534 quae
1616 2466 1883 2533 perierant

325 2574 564 2617 errantes
588 2562 652 2615 ad
683 2559 823 2615 ovile
864 2556 1232 2614 contendimus
1260 2570 1509 2611 revocare
1536 2553 1880 2618 dominicum,

329 2662 687 2723 ntagnoscant
712 2650 1002 2707 secundum
1030 2649 1341 2719 pr0pbetam
1370 2647 1562 2716 lingua:
1587 2644 1883 2699 balbutien-

328 2754 409 2800 tes
436 2746 577 2812 loqui
602 2760 721 2814 qua:
749 2743 815 2797 ad
845 2756 1031 2813 pacem
1060 2750 1200 2795 sunt.
1246 2739 1327 2792 Ad
1355 2754 1458 2792 ttott
1484 2736 1765 2792 credentes
1791 2751 1886 2788 auo

330 2853 436 2892 rem
477 2852 569 2904 per
622 2851 717 2890 nos
757 2835 958 2903 primus
998 2830 1359 2901 apostolorum
1412 2829 1562 2904 Isaiae
1617 2826 1886 2897 prophetat

332 2930 353 3000 [τ
373 2900 534 2982 Isaias
558 2900 843 2997 propheta]
882 2900 1101 2981 verbum
1129 2922 1257 2978 dicit
1286 2939 1298 2975 :
1357 2900 1562 2992 Pergite.
1596 2921 1650 2973 in
1694 2919 1887 2973 lumine

332 3023 469 3086 armis
489 3021 657 3085 uestri,
684 3030 729 3073 et
749 3021 968 3089 flammae
987 3033 1141 3089 quam
1170 3015 1465 3070 accendistis
1492 3012 1629 3084 (Isa.
1662 3012 1736 3083 ι).
1782 3011 1887 3068 Sed

334 3114 649 3168 obduratum
672 3120 755 3167 est
796 3127 888 3166 cor
912 3125 1097 3166 eorum
1129 3110 1213 3178 (ut
1255 3108 1509 3174 scriptum
1540 3108 1646 3175 est)
1697 3115 1753 3159 ut
1785 3121 1887 3159 non

336 3205 690 3273 intelligerent
718 3212 810 3259 :et
832 3202 1059 3271 pastoris
1087 3215 1270 3255 vocem
1299 3213 1448 3264 oves,
1478 3214 1597 3268 qua:
1626 3214 1757 3251 mete
1784 3212 1889 3251 non

334 3305 510 3362 erant,
542 3295 726 3349 audire
748 3294 965 3349 minime
986 3289 1278 3347 voluerunt.
1310 3290 1365 3343 lu
1394 3289 1583 3358 quibus
1603 3290 1894 3343 observan-

339 3402 418 3444 tes
445 3405 506 3444 ca
536 3403 651 3458 qua:
678 3387 744 3440 ab
766 3386 997 3456 ipsorum
1021 3394 1143 3439 sunt
1162 3391 1355 3437 statuta
1384 3380 1651 3452 pontiﬁce,
1679 3394 1772 3433 eos
1798 3380 1896 3433 mi-

339 3482 482 3535 nime
509 3481 558 3533 in
593 3488 769 3534 nostra
804 3477 1178 3532 communione
1204 3475 1532 3544 recepimus,
1577 3482 1631 3526 et
1664 3472 1729 3526 ab
1753 3473 1895 3525 omni

344 3572 579 3627 Ecclesia
610 3570 868 3625 catholica
908 3583 1027 3624 esse
1045 3568 1299 3638 jussimus
1326 3567 1557 3630 alienos;
1587 3564 1686 3618 nisi
1715 3578 1899 3618 errore

343 3667 615 3728 damnato,
639 3662 933 3716 doctrinam
962 3668 1195 3715 nostram
1219 3657 1531 3727 quantocius
1554 3656 1701 3725 sequi
1722 3657 1899 3709 habita

346 3756 571 3828 regulari
603 3752 933 3822 professione
962 3751 1305 3820 signaverint.
1355 3745 1585 3816 IEquum
1608 3746 1800 3815 quippe
1822 3754 1903 3799 est

348 3859 403 3901 ut
421 3848 508 3917 qui
533 3848 727 3900 nostris
750 3844 965 3898 minime
990 3842 1344 3898 obedientiam
1372 3838 1773 3893 accommodant
1795 3849 1902 3891 sta-

347 3940 492 4005 tutis,
524 3940 591 3992 ab
613 3936 862 3993 Ecclesiis
892 3935 1186 3989 habeantur
1206 3943 1466 3989 extorres.
1515 3931 1619 3988 Sed
1646 3934 1765 4000 quia
1789 3945 1905 3999 gre-

350 4032 513 4085 mium
542 4044 695 4083 suum
726 4041 996 4095 nunquam
1027 4024 1372 4080 redeuntibus
1407 4024 1605 4079 claudit
1644 4022 1902 4087 Ecclesia,

351 4122 575 4174 obsecro
602 4117 941 4172 clementiam
962 4124 1191 4169 vestram
1225 4124 1282 4167 ut
1313 4115 1356 4169 si
1379 4156 1394 4179 ,
1428 4115 1640 4185 proprio
1665 4114 1907 4185 deposito

350 4226 555 4275 errore,
590 4217 644 4263 et
675 4222 832 4277 prava
855 4206 1150 4262 intentione
1176 4206 1417 4275 depulsa,
1444 4207 1509 4260 ad
1532 4208 1783 4261 unitatem
1808 4205 1908 4258 Ec-

350 4302 531 4356 clesia:
552 4298 744 4354 reverti
769 4297 1071 4362 voluerint,
1099 4297 1151 4349 in
1198 4305 1372 4349 vestra
1402 4298 1774 4350 communione
1820 4310 1909 4350 re-

352 4393 521 4460 ceptis
553 4388 931 4459 indignationis
969 4394 1162 4442 vestra:
1204 4384 1523 4439 removeatis
1571 4389 1803 4450 aculeos,
1858 4396 1914 4440 et

357 4482 509 4533 nobis
535 4476 984 4533 intercedentibus
1013 4475 1223 4545 benigni
1268 4474 1427 4527 animi
1456 4475 1679 4542 gratiam
1708 4476 1908 4530 condo-

356 4571 511 4625 netis.
558 4568 723 4622 Deum
750 4576 924 4620 autem
972 4575 1028 4621 et
1072 4566 1399 4620 Salvatorem
1452 4575 1691 4619 nostrum
1730 4566 1911 4621 Jesum

356 4661 623 4714 Christum
646 4672 961 4718 exoramus,
1013 4664 1272 4725 quatenus
1314 4655 1567 4726 longaevis
1603 4664 1657 4710 et
1684 4657 1914 4725 pacificis

358 4768 454 4805 vos
482 4751 727 4820 dignetur
747 4748 1017 4802 custodire
1046 4746 1374 4813 temporibus
1414 4747 1464 4799 in
1496 4747 1595 4800 hac
1618 4762 1744 4801 vera
1787 4748 1915 4802 reli-

362 4841 523 4908 gione
561 4851 613 4894 ct
642 4840 843 4894 unitate
885 4847 939 4893 et
984 4840 1328 4892 veneratione
1378 4835 1686 4907 apostolicae
1728 4839 1913 4902 sedis;

362 4932 515 5002 cujus
544 4934 917 5002 principatum,
949 4940 1003 4985 ut
1033 4928 1468 4985 Cbristianissimi
1495 4940 1548 4985 et
1584 4930 1675 4999 pii,
1705 4944 1919 4985 conser-

361 5024 498 5078 vatis
520 5025 573 5077 in
598 5021 862 5077 omnibus.
894 5022 1178 5086 Prmterea,
1224 5021 1564 5075 screnissime
1602 5022 1920 5091 principum,

364 5116 643 5171 laudamus
688 5115 981 5184 legatorum
1022 5123 1316 5168 vestrorum
1344 5128 1598 5182 personas
1624 5115 1840 5183 'Hypatii
1872 5124 1928 5171 et

365 5207 624 5263 Demetrii
656 5206 876 5260 fratrum
911 5214 965 5259 et
999 5204 1432 5273 coepiscoporum
1455 5214 1928 5274 nostrorum,quos

365 5298 663 5353 clementiae
679 5305 867 5351 vestra:
895 5305 1073 5365 gratos
1091 5296 1203 5351 I'orc
1222 5296 1332 5364 ipsa
1346 5296 1696 5349 maniiestavit
1715 5297 1925 5351 electio.

370 5389 501 5443 Nam
543 5399 706 5443 tanta:
730 5403 903 5442 causa:
927 5386 1130 5456 pondus
1159 5403 1263 5441 non
1293 5388 1392 5440 nisi
1425 5386 1671 5455 perfectis
1702 5389 1754 5442 in
1777 5387 1928 5443 Chri-

371 5491 456 5537 sto
481 5484 738 5551 pomisset
770 5480 966 5550 injungi
994 5497 1009 5544 ;
1053 5488 1211 5533 tanta:
1240 5495 1369 5533 vero
1396 5480 1625 5549 pietatis,
1661 5489 1819 5534 tantae
1847 5496 1932 5535 re-

374 5571 627 5625 verentiae
656 5574 839 5638 plenos
862 5570 1074 5632 aﬂatus,
1097 5568 1193 5622 nisi
1224 5584 1317 5635 per
1341 5579 1578 5623 amantes
1610 5570 1823 5626 minime
1852 5571 1933 5625 di-

376 5661 671 5732 gnarentini
695 5663 977 5717 destinare.
1008 5660 1185 5716 Gratia
1210 5660 1416 5714 Domini
1441 5663 1606 5715 nostri
1634 5662 1757 5717 Jesu
1778 5663 1932 5717 Chri-

376 5755 465 5823 sti,
494 5765 547 5810 et
575 5753 809 5809 Charitas
862 5754 951 5809 Dei
982 5752 1171 5815 Patris.
1205 5760 1258 5805 et
1305 5753 1713 5808 communicatio
1764 5760 1931 5813 sancti

2046 1919 2183 1971 ()liiu
2223 1914 2456 1985 quidem,
2496 1912 2730 1966 illustres
2770 1917 2822 1962 et
2858 1903 3121 1974 magniﬁci
3160 1901 3279 1967 ﬁlii,
3323 1899 3388 1954 ad
3432 1898 3531 1951 hoc

1978 2007 2254 2065 sententire
2277 2021 2408 2061 mete
2429 2017 2633 2058 summa
2658 2000 2985 2060 constiterat,
3016 2006 3074 2049 ut
3099 2003 3219 2048 ante
3240 1991 3537 2061 jussionemt

1976 2112 2238 2162 vestram,
2278 2104 2551 2166 postquam
2591 2092 2825 2161 epistola
2868 2090 2952 2142 vel
2990 2084 3248 2154 dogmatis
3296 2096 3531 2137 tenorem

1977 2207 2166 2252 cuncta
2195 2193 2449 2256 Ecclesia,
2478 2190 2577 2243 hoc
2612 2198 2694 2243 est
2729 2183 3061 2240 sacerdotum
3091 2188 3321 2240 senatus,
3354 2184 3410 2230 et
3440 2188 3535 2242 po-

1978 2286 2087 2358 puli
2125 2284 2364 2356 probavit
2391 2293 2660 2347 assensus,
2694 2276 2790 2330 sub
2825 2272 3053 2345 paginali
3088 2269 3318 2338 alloquio
3346 2264 3533 2321 vestris

1979 2355 2140 2437 etiam
2185 2375 2429 2431 sensibus
2480 2369 2767 2427 intimauda
2815 2366 3133 2434 dirigerem;
3188 2363 3279 2414 sed
3327 2355 3533 2412 consilii

1980 2469 2221 2526 ordinem
2268 2466 2359 2520 illa
2408 2478 2496 2518 res
2545 2462 2725 2526 vertit,
2774 2457 2893 2527 quia
2928 2464 2983 2509 et
3025 2454 3251 2523 dogmati
3297 2465 3389 2517 per
3423 2448 3537 2501 dies

1982 2560 2219 2630 singulos
2250 2556 2443 2612 divina:
2471 2553 2757 2620 Scriptura:
2795 2547 3111 2607 subduutur,
3143 2552 3196 2597 et
3232 2539 3536 2608 imperfecta

1983 2629 2234 2707 destinari
2263 2662 2367 2700 non
2399 2651 2659 2713 poterant,
2686 2651 2739 2694 et
2762 2654 2823 2693 ea
2846 2652 2963 2706 quae
2988 2648 3081 2703 per
3108 2635 3303 2701 legatos
3330 2629 3531 2683 direCta

1983 2751 2133 2810 sunt,
2188 2739 2342 2809 prius:
2370 2750 2472 2790 non
2523 2740 2765 2802 poterant
2804 2731 2855 2783 in
2904 2724 3293 2793 exemplaribus
3342 2720 3538 2786 scripta

1986 2831 2291 2891 transmitti.
2344 2828 2593 2884 Novimus
2628 2823 2821 2879 etenim
2853 2819 3014 2889 quod,
3045 2817 3267 2871 Domino
3293 2813 3547 2876 docente,

1988 2934 2308 2998 preceptum
2345 2930 2446 2987 est,
2483 2916 2624 2988 quod
2663 2925 2841 2985 pastor
2878 2912 3101 2981 diligens
3136 2920 3347 2977 gregem
3401 2903 3544 2958 salu-

1990 2992 2101 3074 bria
2133 2992 2275 3071 ultro
2311 3027 2416 3066 non
2454 3010 2678 3065 desistat
2715 3006 2958 3074 ingerere
2986 3019 3000 3054 :
3028 3000 3150 3069 quia
3190 3013 3277 3051 res
3320 3009 3437 3065 qua:
3479 2992 3546 3046 ad

1991 3110 2213 3165 salutem
2243 3106 2433 3159 anima:
2461 3099 2705 3172 pertinet,
2737 3095 2983 3151 omnibus
3012 3104 3228 3146 necesse
3256 3098 3339 3143 est
3373 3085 3548 3141 sensi-

1994 3204 2091 3259 bus
2136 3197 2391 3255 intimari.
2451 3193 2697 3255 Proinde,
2750 3190 2979 3245 illustres
3023 3194 3074 3240 et
3122 3181 3385 3249 magniﬁci
3432 3178 3549 3242 ﬁlii,

1992 3295 2110 3365 quia
2134 3289 2400 3347 festinatio
2422 3301 2528 3342 non
2549 3282 2766 3353 pertulit
2787 3280 3085 3350 portitores,
3119 3284 3176 3328 ut
3203 3289 3264 3327 ea
3302 3270 3462 3325 scribi
3498 3277 3554 3324 et

1993 3358 2147 3453 dirigi
2183 3378 2507 3448 potuissent,
2541 3369 2886 3429 incontiueuti
2920 3377 3119 3429 tamen,
3147 3363 3191 3417 si
3221 3363 3390 3415 dictus
3420 3358 3555 3413 divi-

1997 3448 2290 3531 nusvfavor
2336 3465 2594 3530 arriserit,
2646 3474 2750 3517 tam
2806 3457 3047 3528 epistolae
3093 3469 3248 3522 quam
3294 3448 3556 3519 dogmatis

1996 3567 2318 3635 exemplaria
2354 3559 2756 3616 destinabimus.
2810 3553 2960 3607 Nunc
2998 3559 3194 3613 tamen,
3236 3559 3302 3598 ne
3340 3542 3460 3613 quid
3491 3541 3559 3594 de

1998 3634 2193 3719 vestris
2213 3656 2455 3713 sensibus
2479 3653 2803 3720 relinquatur
2822 3645 3148 3713 ambiguum,
3172 3637 3295 3709 quid
3320 3634 3559 3705 epistolae

2000 3763 2154 3808 tenor
2180 3748 2398 3808 habeat,
2428 3742 2568 3812 quod
2612 3749 2784 3794 textus
2820 3733 3081 3803 dogmatis
3116 3730 3404 3793 contineat,
3437 3724 3560 3778 bre-

2002 3846 2137 3899 viter
2176 3841 2444 3896 insinuare
2484 3832 2686 3889 curavi.
2731 3827 3053 3885 Justiuianus
3095 3822 3355 3889 siquidem
3396 3817 3565 3885 impe-

2003 3944 2149 3989 rator
2180 3931 2317 3985 ﬁlius
2352 3934 2555 3986 noster,
2584 3930 2644 3976 ut
2682 3919 2798 3987 ejus
2836 3913 3074 3982 epistola:
3105 3921 3289 3966 tenore
3318 3904 3565 3976 cognovi-

2004 4026 2121 4087 stis,
2143 4021 2319 4076 dehis
2347 4017 2513 4071 tribus
2540 4007 2921 4081 quaestionibus
2948 4012 3066 4059 orta
3090 3998 3377 4056 certamina
3401 3995 3569 4050 fuisse

2005 4115 2252 4186 signavit,
2285 4120 2459 4164 utrum
2498 4119 2635 4159 unus
2676 4118 2740 4158 ex
2768 4100 3027 4156 Triuitate
3053 4095 3298 4151 Christus
3335 4101 3391 4147 et
3429 4090 3570 4145 Deus

2009 4181 2190 4264 noster
2230 4203 2332 4259 dici
2378 4198 2545 4269 possit
2576 4214 2587 4248 :
2616 4196 2717 4249 hoc
2759 4204 2842 4248 est
2882 4206 2984 4246 una
3022 4188 3087 4245 de
3126 4188 3295 4242 tribus
3330 4181 3572 4253 personis

2010 4310 2205 4357 sancta:
2230 4296 2501 4352 Trinitatis
2528 4298 2708 4346 sancta
2737 4301 2981 4357 persona.
3044 4285 3126 4337 An
3157 4281 3295 4335 Deus
3325 4276 3573 4333 Christus

2010 4409 2170 4451 carne
2214 4388 2492 4460 pertulerit
2537 4380 2847 4451 impassibili
2887 4378 3103 4432 deitate.
3156 4371 3237 4427 An
3275 4366 3487 4437 proprie
3520 4374 3576 4419 et

2012 4483 2273 4539 veraciter
2298 4479 2462 4533 Mater
2489 4473 2694 4528 Domini
2723 4471 2814 4525 Dei
2845 4469 3009 4524 nostri
3035 4463 3229 4519 Christi
3254 4460 3413 4514 Maria
3438 4471 3579 4511 sem-

2016 4590 2111 4646 per
2135 4575 2284 4641 virgo
2308 4569 2500 4624 debeat
2528 4564 2803 4634 appellari.
2831 4557 3178 4613 Probavimus
3207 4554 3261 4606 in
3292 4552 3373 4604 his
3398 4547 3579 4603 catho-

2019 4639 2176 4720 licam
2215 4639 2550 4729 imperatoris
2589 4653 2770 4715 ﬁdem,
2811 4659 2862 4705 et
2902 4649 2973 4702 ita
3013 4661 3132 4701 esse
3168 4639 3491 4713 propheticis
3526 4645 3582 4690 et

2020 4753 2327 4827 apostolicis
2360 4750 2444 4804 vel
2474 4749 2689 4804 Patrum
2726 4742 2991 4808 exemplis
3030 4739 3303 4793 evidenter
3343 4730 3581 4788 ostendi—

2022 4862 2141 4904 mus
2169 4863 2181 4898 :
2216 4857 2375 4899 unum
2406 4840 2548 4895 enim
2576 4852 2639 4892 ex
2668 4844 2845 4888 sancta
2864 4831 3122 4886 Triuitatc
3145 4827 3410 4881 Christum
3440 4834 3580 4885 esse,

2022 4938 2126 4993 hoc
2158 4946 2241 4991 est
2284 4948 2443 4988 unam
2487 4929 2555 4984 de
2603 4927 2771 4981 tribus
2810 4933 3005 4978 sancta:
3044 4918 3317 4975 Trinitatis
3345 4910 3586 4983 personis

2029 5035 2265 5084 sanctam
2308 5037 2429 5078 esse
2467 5032 2765 5090 personam,
2808 5016 2921 5069 sive
2967 5008 3378 5069 subsistentiam,
3428 5017 3585 5071 quam

2031 5117 2201 5176 Grmci
2237 5117 2530 5172 ὑπόστασιν
2559 5110 2763 5176 dicunt,
2805 5108 2858 5160 in
2898 5104 2982 5159 his
3019 5098 3277 5169 exemplis
3316 5093 3588 5152 evidenter

2031 5207 2378 5265 ostendimus.

2102 5297 2160 5351 ln
2190 5295 2327 5350 libro
2350 5292 2574 5349 Genesis
2605 5303 2695 5356 per
2720 5287 2898 5341 Mosen
2927 5280 3159 5337 Trinitas
3188 5279 3298 5347 ipsa
3328 5275 3407 5329 sic
3428 5272 3587 5327 dicit;

2038 5391 2169 5445 Ecce
2180 5387 2341 5441 Adam
2363 5388 2429 5454 {at
2444 5394 2524 5437 tus
2543 5390 2613 5436 est
2633 5390 2872 5449 tanquam
2891 5391 3018 5429 unus
3038 5389 3101 5428 ex
3121 5370 3261 5425 nobis
3283 5366 3482 5435 (Cenes.
3506 5365 3589 5431 tt).

2040 5483 2109 5537 Et
2153 5483 2277 5537 item
2322 5481 2429 5534 Vas
2488 5477 2763 5533 electionis
2810 5471 3003 5527 Paulus
3053 5468 3115 5520 ad
3173 5462 3474 5520 Corinthios
3523 5462 3596 5514 ita

2039 5578 2314 5633 evidenter
2342 5572 2600 5643 expressit
2624 5588 2637 5622 :
2666 5570 2809 5623 Unus
2829 5565 2966 5620 Deus
2991 5563 3162 5625 Pater,
3183 5576 3247 5614 ea:
3272 5574 3371 5629 quo
3401 5556 3591 5619 omnia,

2040 5681 2085 5726 et
2118 5686 2206 5723 nos
2235 5669 2288 5721 in
2309 5668 2450 5736 ipso;
2491 5675 2536 5718 et
2563 5679 2692 5715 unus
2720 5659 2962 5711 Dominus
2989 5650 3153 5708 noster
3172 5650 3322 5705 Iesus
3345 5648 3597 5709 Christus,

2042 5778 2127 5830 per
2148 5774 2290 5831 quem
2314 5756 2497 5821 omnia,
2523 5764 2565 5809 et
2590 5768 2677 5809 nos
2700 5767 2787 5820 per
2812 5751 2974 5818 ipsum
2998 5745 3045 5816 (1
3074 5745 3190 5799 Cor.
3222 5744 3356 5812 Vttt).
