4032 6184
458 421 521 477 21
1888 424 2004 479 El‘l!

2101 422 2262 480 Ἠλίς.
3626 438 3693 490 ω

542 535 605 588 Et
636 537 686 588 in
719 535 962 606 symbolo
992 539 1182 609 synodi
1207 539 1433 596 Nicaeum
1464 558 1478 594 :
1512 540 1771 594 Credimus
1793 542 1842 592 in
1869 557 2024 592 unum
2058 540 2105 599 Α
2205 542 2277 594 Es
2328 543 2462 596 libro
2490 544 2654 598 Exodi
2686 561 2777 614 per
2807 546 3022 618 Moysen
3052 548 3306 605 Dominus
3336 550 3540 605 locutus
3567 565 3689 612 est:

460 624 620 678 Deum
667 624 873 680 Patrem
914 630 1330 699 omnipotentem,
1376 641 1423 685 et
1465 633 1518 684 in
1558 648 1713 684 unum
1754 629 2026 683 Dominum

458 726 685 769 nostrum
712 716 815 771 Jrs‘
841 735 889 770 m
920 718 1175 774 Christum
1207 723 1535 792 unigenitum.

528 809 656 863 item
690 824 906 865 sanctus
934 813 1275 883 Augustinus,
1308 817 1459 883 cuius
1486 814 1802 876 doctrinam,
1833 826 2023 866 secun-

453 901 577 956 dum
611 920 998 969 przccessorum
1037 922 1276 961 meorum
1317 914 1534 969 statuta,
1576 904 1809 957 Romana
1850 903 2024 969 sequi-

453 1002 538 1046 tur
567 1007 618 1048 et
642 1005 818 1048 st-rvat
852 996 1103 1059 Ecclesia,
1139 997 1193 1051 in
1223 997 1360 1052 libro
1387 996 1666 1049 undetimo
1699 994 1766 1048 de
1792 992 2022 1047 Civitate

454 1085 542 1139 Dei
564 1084 722 1139 dicit:
741 1085 1005 1142 Credimus
1027 1099 1075 1143 et
1097 1100 1335 1156 tenemus,
1360 1100 1407 1143 et
1429 1091 1643 1159 ﬁdeliter
1664 1091 2018 1161 praedicamus,

448 1178 581 1242 quod
614 1176 768 1232 Pater
796 1182 1022 1250 genuerit
1055 1180 1290 1248 Verbum,
1326 1182 1424 1236 hoc
1459 1196 1529 1236 est
1562 1182 1899 1251 Sapientiam,
1933 1197 2021 1249 per

448 1283 595 1332 quam
612 1272 747 1336 facta
765 1279 883 1322 sunt
902 1273 1089 1336 onmia,
1111 1289 1240 1325 unus
1262 1290 1437 1337 unum,
1457 1284 1672 1327 veternus
1691 1285 2013 1336 ceteternum,

446 1377 671 1414 summus
712 1364 867 1416 bonus
905 1366 1163 1433 aequaliter
1186 1365 1400 1430 bonum;
1424 1374 1468 1419 et
1490 1366 1623 1435 quod
1640 1366 1865 1436 Spiritus
1898 1382 2019 1418 san-

443 1461 554 1504 ctus
580 1453 732 1505 simul
759 1463 805 1506 et
826 1452 997 1509 Patris
1026 1466 1070 1507 et
1094 1453 1218 1509 Filii
1237 1456 1300 1509 sit
1330 1456 1575 1525 Spiritus,
1598 1467 1643 1509 et
1665 1458 1771 1522 ipse
1799 1454 2016 1509 consub-

443 1545 713 1607 stantialis,
737 1557 783 1597 et
806 1557 1085 1601 coaeternus
1106 1548 1368 1615 ambobus,
1392 1556 1543 1615 atque
1561 1549 1655 1601 hoc
1678 1557 1836 1601 totum
1864 1547 2015 1600 trini-

442 1648 519 1689 tas
556 1637 622 1690 sit
645 1648 849 1706 propter
874 1639 1233 1709 proprietatem
1263 1656 1615 1710 personarum,
1642 1648 1690 1692 et
1718 1655 1846 1693 unus
1875 1636 2015 1692 Deus

442 1742 646 1800 prapter
673 1732 1062 1799 inseparabiltm
1092 1734 1357 1801 unitatem,
1385 1734 1517 1786 sicut
1542 1751 1674 1787 unus
1705 1735 2013 1801 omnipotens

441 1830 645 1888 propter
682 1822 1071 1889 inseparabilem
1109 1824 1525 1891 omnipotentiam
1565 1838 1586 1877 :
1626 1824 1697 1877 ita
1739 1834 1926 1885 tamen,
1956 1833 2011 1876 ut

2134 629 2198 682 Et
2234 632 2459 685 videbitis
2490 636 2639 688 vitam
2668 647 2882 690 vestram
2911 640 2963 691 in
2992 641 3133 709 ligno
3163 646 3458 708 pendentem
3490 644 3507 710 ζ
3528 642 3678 695 Dent.

2131 724 2511 789 xxvnt).Deum
2561 737 2735 779 autem
2784 743 2903 783 esse
2944 732 3101 785 vitam
3130 733 3387 787 Dominus
3416 745 3597 789 noster
3634 739 3688 792 in

2130 808 2416 879 Evangelio
2464 813 2683 868 Joannis
2737 817 2985 885 praedicat
3030 819 3213 875 dicens
3253 839 3265 873 :
3308 819 3420 889 Ego
3449 839 3559 875 sum
3588 828 3691 891 via,

2126 902 2327 964 veritas,
2359 913 2403 956 et
2436 906 2534 956 vita
2567 902 2743 975 (Joan.
2782 905 2913 976 xw).

2198 991 2328 1047 Item
2378 997 2634 1063 praplieta
2680 996 2807 1050 dicit
2839 1014 2851 1049 :
2886 997 2948 1052 Si
2971 999 3125 1068 affigit
3154 1002 3302 1053 homo
3327 999 3489 1055 Deum
3519 1020 3699 1066 suum,

2123 1085 2241 1153 quia
2272 1102 2354 1138 vos
2383 1087 2611 1155 a/ﬁxistis
2641 1102 2717 1141 me
2744 1082 2997 1157 (Malach.
3023 1088 3126 1156 ιιι).

2192 1176 2446 1246 Princeps
2494 1195 2705 1249 quoque
2752 1181 3114 1244 apostolorum
3170 1182 3354 1238 beatus
3396 1184 3586 1239 Petrus
3637 1185 3690 1240 in

2119 1269 2337 1324 Actibus
2378 1271 2447 1325 ita
2478 1271 2636 1336 dicit,
2664 1272 2788 1325 dum
2833 1274 3130 1341 impietates
3157 1272 3460 1328 Judaiorum
3501 1289 3691 1343 arguo-

2118 1371 2199 1414 ret
2228 1376 2241 1411 :
2278 1359 2374 1414 Vos
2402 1372 2567 1414 autem
2594 1362 2755 1414 virum
2780 1361 3086 1414 homicidam
3107 1380 3151 1430 pr
3168 1362 3298 1415 tistis
3321 1365 3504 1417 dimitti
3526 1365 3688 1430 vobis,

2116 1465 2369 1508 auctorem
2394 1472 2507 1509 vero
2532 1456 2647 1509 vita:
2672 1456 2950 1526 peremistis
2979 1456 3115 1517 (Act.
3145 1455 3245 1527 ιιι).

2189 1546 2316 1600 Item
2348 1546 2453 1599 Vas
2483 1546 2762 1601 electionis
2791 1559 2839 1599 et
2873 1548 3068 1601 Doctor
3093 1548 3328 1617 gentium
3375 1549 3452 1603 sic
3497 1550 3688 1618 prredi~

2114 1646 2200 1690 cat
2233 1658 2245 1691 ε
2280 1636 2340 1690 Si
2367 1639 2497 1690 enim
2520 1640 2883 1707 cognovissent.
2915 1655 3173 1707 nunquam
3201 1637 3478 1693 Dominum
3509 1642 3688 1710 glorias

2112 1727 2477 1795 cruciﬁxissenl
2509 1728 2525 1795 (
2545 1728 2567 1780 1
2611 1727 2729 1782 Cor.
2751 1728 2841 1796 ιι).
2881 1728 3137 1783 Dominus
3183 1738 3356 1783 autem
3387 1728 3572 1799 gloriae
3601 1740 3684 1786 est

2115 1819 2275 1874 Deus.
2306 1821 2393 1875 Sic
2420 1821 2866 1889 Psalmograpltus
2889 1830 3013 1875 ante
3038 1821 3282 1891 praedixit
3305 1838 3317 1874 :
3345 1821 3470 1887 Quis
3493 1832 3567 1877 est
3592 1824 3686 1879 iste

437 1926 549 1963 cum
570 1911 631 1963 de
650 1912 862 1984 singulis
884 1914 1149 1980 quteritur,
1176 1914 1517 1983 unusquisque
1536 1928 1707 1967 eorum
1738 1926 1783 1967 et
1805 1912 1942 1968 Deus
1964 1925 2009 1969 et
2041 1910 2087 1969 Β
2113 1928 2201 1966 rex
2231 1913 2408 1983 gloria:
2436 1912 2606 1985 (Psal.
2640 1913 2833 1981 nm)?

436 2004 748 2071 omnipotens
768 2021 874 2059 esse
896 2008 1281 2076 respondeatur.

509 2091 757 2163 Ejusdem
798 2096 852 2149 in
882 2097 1018 2150 libro
1043 2096 1279 2151 secundo
1303 2108 1487 2151 contra
1515 2097 1856 2152 Maximinum
1891 2115 1903 2151 :
1938 2098 2001 2152 Et

437 2181 595 2236 Pater
623 2183 753 2238 Deus
782 2193 872 2249 est,
906 2194 951 2238 et
981 2184 1148 2240 Filius
1184 2186 1316 2240 Deus
1347 2196 1437 2252 est,
1469 2196 1518 2240 et
1547 2185 1771 2259 Spiritus
1798 2200 2002 2243 sanctus

436 2276 573 2329 Deus
603 2286 694 2338 est,
719 2290 763 2329 et
785 2276 840 2329 hi
866 2277 1018 2331 simul
1047 2287 1145 2330 tres
1174 2294 1303 2330 unus
1327 2276 1466 2331 Deus
1490 2288 1581 2338 est,
1609 2293 1700 2331 nec
1726 2278 1878 2349 hujus
1906 2280 2002 2331 tri—

432 2370 609 2421 nitatis
640 2372 785 2422 tertia
814 2386 934 2439 pars
962 2378 1034 2422 est
1066 2385 1220 2433 unus,
1257 2386 1347 2422 nec
1378 2372 1544 2441 major
1574 2386 1693 2439 pars
1723 2369 1827 2424 duo
1852 2387 2003 2440 quam

434 2476 563 2513 unus
589 2470 682 2514 est.

504 2552 556 2605 In
584 2552 720 2606 libro
756 2551 923 2606 sancti
953 2550 1229 2621 Augustini
1260 2552 1470 2606 decimo
1508 2551 1692 2619 quinto
1727 2551 1794 2607 de
1822 2551 2000 2606 Trini-

434 2652 538 2697 tate
568 2661 580 2695 :
607 2643 823 2697 Ratione
854 2643 1005 2696 etiam
1040 2642 1242 2697 reddita
1280 2642 1673 2713 intelligentibus
1723 2643 1891 2712 palam
1925 2650 1999 2697 est

432 2736 715 2791 substantia
743 2738 987 2800 veritatis,
1023 2753 1125 2789 non
1158 2738 1324 2789 solum
1350 2734 1555 2788 Patrem
1581 2735 1719 2789 Filio
1758 2752 1857 2790 non
1898 2753 2004 2792 esse

430 2833 704 2901 majorem,
753 2846 841 2883 nec
879 2828 1051 2882 ambos
1081 2828 1234 2881 simul
1262 2827 1456 2897 aliquid
1498 2843 1603 2881 esse
1641 2831 1810 2899 majus
1848 2844 2001 2891 quam

430 2922 680 2990 Spiritum
700 2931 945 2985 sanctum,
965 2931 1051 2973 aut
1071 2920 1319 2990 quoslibet
1340 2922 1467 2973 duos
1495 2921 1545 2972 in
1571 2920 1747 2973 eadem
1775 2921 2003 2975 trinitate

429 3012 590 3082 majus
619 3027 725 3065 esse
746 3012 941 3081 aliquid
971 3026 1125 3081 quam
1165 3027 1343 3074 unum,
1375 3021 1463 3063 aut
1504 3026 1673 3063 omnes
1708 3011 1861 3063 simul
1900 3021 2001 3065 tres

429 3107 593 3176 majus
614 3103 806 3173 aliquid
832 3119 940 3156 esse
964 3118 1115 3172 quam
1140 3103 1386 3173 singulos.

498 3197 786 3267 Gregorius
815 3196 1183 3250 Nazianzenus
1220 3210 1285 3249 ex
1325 3196 1573 3249 sermone
1604 3194 1672 3252 de
1702 3195 1999 3266 Epiphania

2179 2008 2305 2057 Item
2349 2005 2401 2057 in
2441 2005 2662 2058 Aetibus
2704 2005 3066 2074 apostolorum
3103 2020 3117 2057 :
3151 2003 3404 2058 Attendite
3455 2004 3591 2059 vobis
3633 2015 3682 2059 et

2103 2096 2337 2150 universo
2372 2098 2538 2167 gregi,
2582 2098 2636 2150 in
2671 2112 2771 2167 quo
2805 2112 2890 2149 vos
2920 2095 3146 2164 Spiritus
3185 2108 3387 2150 sanctus
3423 2097 3683 2151 constituit

2103 2190 2366 2259 episcopos
2408 2206 2578 2259 regere
2614 2189 2891 2245 Ecclesium
2923 2189 3039 2259 Dei,
3071 2206 3224 2259 quam
3258 2192 3521 2260 acquisivit
3556 2208 3680 2245 sau-

2104 2279 2257 2350 guine
2298 2297 2393 2334 suo
2423 2282 2561 2350 (Act.
2597 2279 2720 2350 xx).

2174 2370 2467 2441 Cyprianus
2496 2373 2779 2442 episcopus
2819 2381 2873 2426 et
2896 2382 3099 2443 martyr
3142 2374 3194 2428 in
3235 2374 3461 2441 epistola
3491 2374 3558 2428 de
3586 2392 3679 2443 ps-

2104 2462 2287 2516 tientia
2319 2478 2333 2515 :
2360 2460 2633 2516 Iudicatur
2656 2460 3009 2535 judica’urus,
3040 2475 3087 2518 et
3115 2462 3210 2518 Dei
3238 2479 3402 2518 sermo
3434 2468 3501 2518 ad
3537 2468 3679 2521 victi~

2103 2570 2240 2607 mam
2270 2561 2438 2608 tacens
2463 2555 2688 2608 ducitur.

2176 2642 2463 2714 Gregorius
2494 2645 2859 2700 Nazianzenus
2890 2663 2902 2698 :
2934 2644 3002 2698 Et
3029 2646 3341 2720 indiguimus
3374 2648 3480 2702 Deo
3508 2650 3676 2703 incar-

2103 2745 2223 2789 nato
2250 2746 2296 2789 et
2326 2735 2573 2803 morti/ica
2597 2751 2648 2799 ο,
2680 2744 2734 2787 ut
2759 2751 2853 2789 nos
2879 2736 3122 2791 vivamus.

2195 2826 2271 2881 Ex
2300 2826 2438 2881 libro
2468 2827 2637 2881 sancti
2671 2826 2953 2895 Augustini
2980 2827 3046 2882 de
3076 2827 3347 2883 Charitato
3376 2846 3391 2882 :
3424 2828 3522 2883 llte
3543 2830 3678 2883 enim

2102 2918 2188 2985 qui
2218 2918 2347 2970 venit
2382 2933 2473 2986 per
2508 2917 2673 2970 crucis
2709 2917 2967 2971 irrisiones
3012 2919 3181 2972 carnis
3210 2921 3454 2987 perimere
3499 2935 3678 2973 corru-

2102 3008 2350 3079 ptionem,
2381 3016 2429 3061 et
2451 3018 2752 3066 vetustatem
2778 3008 2969 3061 vinculi
2995 3011 3171 3062 mortis
3200 3020 3385 3065 ucstra:
3410 3027 3518 3065 sua:
3542 3027 3676 3065 mor-

2098 3099 2172 3153 tis
2208 3100 2426 3154 novitate
2463 3099 2753 3166 dissolvere,
2794 3102 3035 3154 mandato
3080 3118 3210 3155 novo
3254 3104 3371 3171 fecit
3422 3104 3676 3157 hominem

2103 3207 2286 3246 novum
2316 3207 2336 3246 :
2364 3207 2441 3245 res
2470 3192 2602 3244 enim
2629 3201 2767 3246 vetus
2794 3203 2924 3259 erat,
2958 3203 3012 3247 ut
3037 3196 3187 3248 homo
3214 3208 3510 3261 moreretur,
3542 3196 3677 3265 quod

429 3289 636 3342 Domini
674 3306 687 3339 ε
726 3288 851 3341 Cum
885 3286 1088 3340 omnino
1116 3302 1218 3339 uno
1246 3284 1439 3338 lumine
1476 3285 1818 3350 illustramur,
1848 3286 2000 3339 simul
2025 3293 2073 3357 ο
2106 3302 2169 3339 ne
2191 3301 2385 3356 semper
2404 3284 2590 3339 valeret
2615 3285 2667 3337 in
2691 3285 2910 3350 homine,
2930 3302 3010 3340 res
3035 3302 3160 3340 nova
3184 3290 3319 3355 facta
3341 3296 3433 3353 est,
3461 3299 3513 3341 ut
3538 3288 3677 3342 Deus

426 3391 471 3433 et
500 3383 693 3443 tribus;
727 3380 883 3431 tribus
908 3378 1108 3445 quidem
1137 3376 1413 3430 secundum
1453 3376 1846 3448 uniuscujusque
1884 3394 2004 3448 pro-

427 3474 685 3542 prietates,
713 3473 814 3525 sive
837 3472 1163 3533 substantias,
1186 3472 1316 3525 sicut
1347 3474 1509 3543 placet
1536 3471 1787 3539 aliquibus
1810 3473 1995 3538 dicere,

425 3567 529 3618 sive
559 3580 800 3632 personas
829 3578 850 3617 :
885 3562 1016 3616 nihil
1038 3563 1169 3616 enim
1200 3578 1291 3633 pro
1318 3562 1678 3616 vocabulorum
1715 3563 2003 3617 diversitate

425 3659 770 3713 dissidentium
816 3668 911 3721 est,
951 3672 1066 3709 cum
1104 3657 1171 3707 ad
1216 3657 1448 3708 eumdem
1488 3671 1689 3709 sensum
1737 3656 2000 3709 nominum

424 3750 689 3802 diversitas
717 3757 945 3815 provocet
971 3756 1017 3799 et
1044 3745 1373 3799 intellectum.
1424 3743 1595 3798 Unum
1621 3754 1792 3799 autem
1820 3761 2000 3799 secun-

424 3847 546 3895 dant
583 3841 916 3895 substantiam
953 3839 1029 3893 vel
1057 3839 1256 3892 deitatis
1297 3840 1531 3892 ratione:
1571 3838 1818 3893 dividitur
1852 3856 1994 3909 ergo,

425 3944 481 3987 ut
515 3934 587 3985 ita
625 3933 813 3999 dicam,
854 3930 1245 3995 indivisibiliter,
1290 3932 1616 4003 conjungitur
1657 3931 1994 4000 divisibiliter,

425 4041 528 4077 una
553 4033 626 4077 est
653 4024 706 4075 in
733 4024 892 4075 tribus
920 4022 1103 4074 deitas.

495 4116 623 4170 lieni
664 4131 727 4169 ex
767 4114 987 4183 epistola
1026 4113 1267 4183 Gregorii
1296 4113 1524 4183 Nysseni
1555 4113 1621 4169 ad
1675 4114 1991 4176 Ablavium:

424 4208 667 4262 .Eslimet
704 4207 810 4260 lucc
858 4222 1009 4277 apera
1055 4218 1227 4258 utrum
1273 4208 1360 4258 nni
1402 4207 1727 4278 assignentur
1771 4224 1998 4275 persona:

423 4318 615 4357 eorum.
637 4316 789 4370 quam
809 4298 989 4370 [Forte
1008 4300 1113 4370 qui]
1144 4300 1195 4352 in
1228 4309 1404 4352 sancta
1427 4298 1671 4354 Trinitate
1697 4300 1992 4369 creduntur,

420 4410 487 4444 an
511 4409 597 4460 per
625 4402 723 4444 tres
753 4399 832 4443 eat
862 4391 1056 4443 virtutis
1086 4389 1310 4456 e/Tectus.

492 4484 621 4538 Item
662 4498 727 4536 ex
767 4482 986 4548 epistola
1020 4481 1188 4535 Proc!i
1235 4480 1299 4534 ad
1335 4479 1704 4536 Occidentales
1756 4500 1768 4535 :
1826 4481 1994 4551 Super

420 4574 529 4628 htec
558 4575 704 4625 etiam
735 4572 1031 4640 conﬁtemur
1061 4589 1215 4625 unum
1243 4589 1305 4626 ex
1329 4571 1575 4626 Trinitate
1600 4574 1823 4628 increata
1845 4587 1996 4644 atque

420 4666 665 4733 ineﬂ'abili
691 4665 853 4719 Deum
885 4664 1101 4719 Verbum
1130 4669 1321 4735 factum
1350 4666 1623 4718 hominem.

490 4781 743 4850 Ejusdem
774 4796 791 4837 :
825 4779 960 4845 Quid
994 4779 1127 4833 enim
1166 4794 1258 4832 nos
1294 4780 1521 4848 sapimus
1551 4788 1698 4848 atque
1723 4782 1985 4849 sentimus,

418 4876 538 4945 quia
560 4876 611 4927 in
634 4874 747 4941 ipsa
768 4872 938 4925 divina
963 4880 1168 4935 natura,
1192 4887 1294 4939 qua
1316 4872 1618 4939 coniunctus
1645 4881 1692 4926 et
1719 4874 1891 4927 unitus
1916 4884 1988 4929 est

420 4965 588 5019 Filius
610 4964 758 5018 Patri
784 4973 1054 5033 sanctoque
1080 4961 1320 5033 Spiritui,
1350 4979 1451 5015 non
1483 4962 1700 5017 dicimus
1729 4980 1841 5017 eum
1880 4967 1989 5019 dei-

418 5071 522 5113 tate
550 5076 756 5130 passum
794 5057 971 5127 fuisse,
1001 5056 1090 5109 sed
1118 5071 1289 5115 carne.
1318 5071 1471 5120 quam
1500 5072 1594 5123 pro
1624 5057 1765 5110 nobis
1792 5074 1989 5112 assum-

418 5152 519 5218 psit
550 5167 614 5204 ex
638 5150 804 5202 nobis.
855 5147 1000 5203 Unus
1038 5148 1193 5218 igitur
1235 5164 1295 5201 ea:
1320 5146 1571 5201 Trinitate
1605 5150 1879 5218 cruciﬁxus
1916 5162 1991 5205 est

415 5260 568 5297 carne
592 5259 693 5313 qua
714 5244 878 5311 factus
907 5250 1018 5306 est;
1051 5256 1151 5295 non
1176 5249 1341 5294 tamen
1364 5240 1567 5309 deitate,
1596 5248 1700 5310 qua
1723 5243 1894 5296 unitas
1919 5254 1993 5297 est

420 5334 568 5388 Patri
610 5344 656 5387 et
679 5332 901 5402 Spiritui
932 5342 1126 5398 sancto,
1151 5346 1421 5402 perpessus
1444 5340 1542 5392 est.
1575 5348 1637 5386 ne
1657 5340 1704 5386 et
1731 5332 1847 5387 illos
1875 5350 1990 5388 cru-

416 5425 595 5487 ciﬁzos
618 5424 808 5493 pariter
837 5438 1148 5477 asseramus.

490 5515 615 5568 llmc
645 5515 800 5583 igitur
827 5529 890 5568 ex
923 5511 1169 5582 plurimis
1200 5525 1366 5579 pauca
1395 5510 1737 5579 digessimus.

488 5604 653 5659 Deum
685 5620 810 5658 vero
844 5619 1004 5658 carne
1031 5616 1246 5673 passum
1279 5601 1365 5655 hic
1396 5601 1739 5657 nihilominus
1772 5604 1989 5658 robore-

413 5710 537 5751 mus
572 5696 854 5765 exemplis.

2105 3387 2418 3434 moreretur:
2452 3378 2541 3431 sed
2571 3378 2691 3447 quia
2726 3378 2778 3431 in
2817 3394 2970 3433 carne
3006 3389 3233 3433 mortuus
3261 3390 3353 3446 est,
3381 3397 3482 3435 non
3513 3383 3565 3434 in
3595 3383 3675 3434 di-

2101 3470 2329 3524 vinitate.

2172 3567 2402 3640 Cyrillus
2426 3566 2658 3636 capitqu
2680 3580 2750 3619 χιι
2775 3583 2790 3620 :
2819 3565 2881 3621 Si
2908 3565 3022 3634 quis
3042 3583 3141 3619 non
3160 3566 3424 3635 conﬁtetur
3457 3567 3671 3620 Verbum

2102 3678 2311 3735 passum
2337 3676 2489 3715 carne
2516 3661 2593 3731 (et
2614 3658 2923 3713 crucifixum
2949 3673 3112 3713 carne
3137 3660 3200 3727 ‘),
3225 3667 3271 3712 et
3293 3668 3497 3712 mortem
3518 3675 3671 3712 carne

2099 3762 2350 3826 gustasse,
2391 3756 2678 3823 {actumque
2714 3750 3103 3820 primogenitum
3133 3764 3196 3801 ex
3234 3752 3467 3814 mortuis,
3493 3765 3671 3803 secun-

2100 3846 2223 3899 dum
2251 3844 2388 3916 quod
2413 3843 2515 3895 vita
2546 3852 2593 3895 et
2624 3841 2883 3909 viviﬁcaris
2910 3847 2982 3893 est
3012 3847 3060 3892 et
3093 3838 3247 3905 Deus,
3279 3838 3550 3892 anathema
3577 3839 3666 3892 sit.

2169 3934 2226 3990 In
2271 3932 2495 4003 epistola
2538 3931 2730 3985 Leonis
2776 3928 2845 3984 ad
2885 3930 3195 3986 Juvenalcm
3234 3946 3248 3982 :
3291 3928 3473 3982 Veram
3514 3929 3671 3999 igitur

2096 4025 2472 4097 generationem
2511 4037 2640 4076 crux
2676 4037 2792 4074 vera
2828 4020 3118 4088 conﬁrmat,
3149 4021 3392 4091 quoniam
3429 4022 3483 4072 in
3521 4036 3672 4074 carne

2097 4124 2271 4170 nostra
2300 4116 2548 4180 nascitur,
2573 4113 2659 4181 qui
2687 4113 2739 4164 in
2771 4120 2945 4165 nostra
2968 4126 3118 4164 carne
3142 4109 3477 4180 cruciﬁgitur.

2169 4206 2416 4277 Ejusdem
2447 4221 2513 4260 ex
2543 4203 2771 4273 epistola
2810 4203 2877 4257 ad
2906 4202 3218 4257 Flavianum
3267 4220 3280 4254 :
3331 4200 3671 4269 Impassibilis

2098 4296 2236 4351 Deus
2276 4312 2376 4350 non
2412 4296 2715 4365 dedignatus
2755 4304 2827 4348 est
2855 4294 3003 4347 homo
3046 4309 3152 4347 esse
3177 4294 3453 4363 passibilis,
3484 4303 3532 4346 et
3570 4295 3668 4347 im-

2096 4391 2326 4446 mortalis
2374 4394 2550 4443 mortis
2597 4387 2788 4460 legibus
2834 4388 3113 4459 subjacere.
3184 4388 3263 4442 Ex
3312 4387 3413 4442 hac
3457 4403 3669 4458 quoque

2097 4495 2247 4556 parte
2289 4484 2435 4553 plura
2477 4498 2543 4540 ex
2584 4481 2846 4553 dogmatis
2884 4481 3172 4536 lectionum
3215 4481 3456 4551 poteritis
3496 4496 3662 4550 agno-

2096 4593 2269 4636 scere.

2018 4660 2066 4722 Ῐ)
2166 4676 2463 4732 Glorios-sm
2490 4688 2620 4730 vero
2648 4682 2885 4728 sanctam
2911 4687 3122 4742 semper
3148 4670 3415 4740 Virginem
3443 4671 3665 4725 Mariam

2098 4770 2312 4840 pr0prie
2338 4778 2393 4823 et
2418 4767 2678 4822 veraciter
2712 4765 2805 4820 Dei
2836 4764 3186 4830 Genitricem,
3215 4762 3543 4833 Matremque
3570 4763 3664 4818 Dei

2097 4862 2256 4919 Verbi
2284 4878 2348 4916 ex
2385 4875 2449 4915 ea
2480 4857 2766 4922 incarnati,
2797 4856 2865 4912 ab
2891 4855 3198 4911 hominibus
3230 4853 3513 4911 catholicis
3540 4870 3667 4908 con-

2095 4953 2233 5009 fiteri
2280 4960 2424 5007 recte
2469 4965 2589 5006 esse
2632 4948 2886 5003 docemus
2926 4947 3141 5016 proprie
3185 4955 3239 5002 et
3279 4946 3570 5010 veraciter;
3612 4954 3667 4999 et

2094 5048 2233 5103 idem
2271 5047 2384 5113 ipse
2420 5044 2620 5099 ultimis
2651 5041 2979 5111 temporibus
3016 5041 3347 5107 incarnatus,
3386 5057 3453 5098 ex
3481 5051 3664 5097 sancta

2093 5151 2149 5196 et
2175 5140 2403 5211 gloriosa
2434 5137 2647 5207 Virgine
2674 5144 2842 5191 matre
2870 5133 3015 5189 nasci
3044 5133 3291 5203 dignatus
3318 5143 3421 5189 eat.

2166 5234 2449 5301 Propterea
2504 5243 2652 5299 ergo,
2707 5226 2832 5295 quia
2886 5225 3101 5295 proprie
3146 5233 3204 5281 et
3251 5224 3518 5280 veraciter
3569 5223 3662 5278 Dei

2093 5326 2259 5381 Filius
2294 5340 2358 5379 ex
2388 5339 2451 5378 ea
2487 5322 2793 5377 incarnatus
2821 5328 2934 5386 est,
2972 5318 3093 5374 ideo
3129 5319 3345 5389 pr0prie
3379 5326 3435 5372 et
3460 5320 3666 5371 veraci-

2096 5428 2176 5473 ter
2208 5419 2425 5472 Matrem
2460 5415 2551 5468 Dei
2582 5429 2648 5468 ex
2679 5428 2741 5468 ea
2786 5411 3042 5466 incarnati
3073 5418 3129 5467 et
3155 5413 3263 5468 nati
3293 5425 3414 5467 esse
3440 5409 3662 5463 conﬁte-

2094 5524 2242 5571 mur;
2284 5518 2338 5562 et
2380 5522 2447 5561 ne
2469 5503 2723 5559 Dominus
2749 5502 2905 5558 .lesus
2943 5518 3037 5571 per
3081 5498 3543 5557 honoriﬁcentiam
3573 5500 3658 5554 vel

2090 5600 2311 5671 gratiam
2342 5597 2438 5651 Dei
2469 5610 2659 5648 nomen
2700 5592 2972 5661 accepisse
3005 5592 3273 5655 credatur,
3306 5590 3442 5645 sicut
3472 5590 3660 5644 Nesto-

2092 5698 2201 5749 rius
2228 5689 2390 5745 sentit
2416 5688 2652 5743 insulsus
2682 5702 2694 5736 :
2728 5684 2993 5739 veraciter
3019 5692 3196 5737 autem
3236 5680 3356 5737 ideo
3390 5695 3458 5739 ne
3487 5683 3656 5750 phan-

479 5856 512 5885 ⁸
555 5851 766 5907 Ansnlis
809 5851 1009 5907 inclusa
1057 5851 1295 5922 suppleta
1324 5860 1446 5907 sunt
1484 5865 1548 5907 ex
1591 5846 1825 5908 editione
1854 5850 2110 5922 Romana,
2153 5862 2353 5921 utpote
2384 5853 2434 5904 in
2464 5845 2677 5902 Labbeo
2709 5843 2999 5901 oscitanter
3025 5853 3240 5898 omissa.
