4032 6184
313 393 383 451 ες
1629 371 1902 430 JOANNIS

2036 370 2142 425 ΡᾹΞ
2179 370 2222 422 ιι
3475 355 3539 407 2s

316 522 506 575 tasma,
529 516 620 563 aut
639 507 814 577 aliqua
835 503 990 558 modo
1011 515 1114 554 non
1135 511 1313 553 veram
1344 495 1638 562 sumpsisse
1662 503 1873 543 carnem
1905 487 1954 543 Α
1983 497 2100 536 esse
2141 497 2440 536 commune.
2485 479 2630 546 Quod
2665 478 2783 532 ideo
2814 477 2965 539 facio,
2997 490 3062 528 ne
3094 487 3213 528 reus
3238 469 3430 524 silentii
3465 470 3545 519 in-

318 601 567 656 credatur
595 613 658 654 ex
687 597 924 667 Virgine,
956 595 1094 649 sicut
1119 589 1343 646 asseruit
1372 587 1564 654 impius
1596 582 1879 647 Eutychos.

317 692 416 747 Ctti
450 692 525 745 rei
556 691 896 760 probamenta
926 702 988 740 ex
1018 685 1232 737 Patrum
1282 678 1653 734 traditionibus
1693 687 1883 727 conse—

321 794 547 852 quenter
593 789 806 835 sanctus
838 778 1157 846 Augustinus
1189 775 1241 828 in
1273 774 1408 827 libro
1433 771 1604 838 primo
1635 770 1767 834 (cap.
1795 763 1883 832 15)

321 873 809 932 Prtcdestinationis
831 889 846 925 :
869 869 1266 924 Prwdestinatus
1295 873 1366 918 est
1395 880 1514 933 ergo
1533 861 1699 924 Jesus,
1727 867 1781 911 ut
1808 861 1888 926 fu-

322 981 469 1019 turus
509 967 782 1018 secundum
824 978 1027 1015 carnem
1067 960 1204 1028 [ilius
1241 956 1402 1009 David
1441 965 1586 1017 esset,
1619 955 1672 1005 in
1708 953 1890 1004 virtute

324 1070 493 1111 autem
518 1056 684 1109 Filius
711 1055 803 1108 Dei
832 1053 984 1107 simul
1012 1062 1057 1106 et
1089 1051 1224 1118 ﬁlius
1250 1048 1466 1101 hominis
1494 1056 1695 1116 propter
1719 1060 1890 1097 susce-

326 1159 470 1219 ptum
491 1146 764 1207 hominem,
789 1153 833 1194 et
861 1143 1028 1195 Filius
1051 1138 1146 1193 Dei
1172 1148 1375 1210 prapter
1402 1136 1754 1202 suscipientem
1777 1137 1892 1187 uni-

327 1240 552 1308 genitum
578 1235 778 1288 Domini
807 1233 1012 1301 praprie
1039 1241 1084 1283 et
1111 1231 1351 1283 veraciter
1379 1229 1646 1280 diceretur.

402 1329 657 1398 Leporius
687 1329 737 1381 in
767 1325 986 1395 epistola
1015 1339 1170 1392 quam
1196 1321 1439 1377 Aurelius
1465 1321 1747 1389 cpiscopus
1768 1318 1897 1373 Car-

328 1415 681 1489 thaginensis,
726 1425 776 1469 et
807 1416 989 1470 beatus
1013 1413 1358 1482 Augustinus,
1395 1421 1448 1467 et
1495 1411 1729 1481 synodus
1760 1410 1897 1463 Afri-

331 1523 463 1563 cana
495 1508 724 1561 firmavit
750 1523 764 1559 :
799 1504 1042 1559 Nascitur
1069 1521 1186 1574 ergo
1223 1505 1364 1556 nobis
1386 1504 1592 1572 proprie
1616 1503 1678 1556 de
1701 1502 1901 1571 Spiritu

331 1611 508 1656 sancto
535 1609 581 1656 et
608 1598 777 1652 Maria
806 1613 1001 1666 semper
1024 1596 1214 1667 virgine
1234 1594 1369 1651 Deus
1388 1594 1538 1648 homo
1558 1593 1706 1648 Jesus
1731 1592 1900 1647 Filius

336 1691 455 1744 Dei.

409 1779 651 1836 Gelasius
702 1793 769 1834 ex
817 1778 952 1832 libro
1001 1776 1256 1832 adversus
1306 1775 1604 1830 Nestorium
1651 1785 1706 1831 et
1744 1776 1904 1847 Euty-

336 1874 530 1927 cbem:
578 1891 594 1922 t
634 1869 909 1941 Propterea
945 1869 1079 1935 quod
1105 1885 1168 1922 ea:
1205 1879 1250 1921 te
1279 1870 1502 1921 nascitur
1527 1877 1777 1932 sanctum,
1818 1884 1904 1921 vo—

341 1961 538 2014 cabitur
564 1958 738 2013 Filius
771 1959 860 2011 Dei
888 1959 908 2030 (
946 1954 1073 2012 Lac.
1111 1962 1191 2027 ιι).
1229 1976 1246 2009 ι
1285 1957 1364 2012 Ea:
1384 1967 1430 2011 te
1458 1959 1699 2020 nascitur,
1727 1958 1818 2020 ait,
1852 1969 1906 2012 ut

341 2055 703 2124 proprietatem
732 2053 794 2105 de
824 2061 985 2105 matre
1032 2051 1331 2103 sumendam
1381 2059 1567 2104 nostrtz
1605 2052 1907 2105 conditionis

341 2148 662 2216 exprimeret.
714 2144 808 2199 llis
855 2144 1014 2212 igitur
1041 2142 1319 2198 evidenter
1347 2152 1617 2199 ostensum
1650 2154 1752 2208 est,
1783 2142 1906 2198 illu-

342 2250 482 2292 stres
525 2247 579 2291 et
623 2235 886 2306 magnifici
933 2233 1046 2300 filii,
1093 2233 1217 2303 quid
1264 2235 1558 2303 speraverit
1600 2236 1907 2304 imperator,

343 2328 472 2396 quid
506 2327 743 2380 Romana
776 2335 1027 2395 sequatur
1056 2333 1112 2379 et
1138 2325 1277 2379 colat
1309 2325 1569 2380 Ecclesia.
1619 2326 1792 2395 Atque
1818 2327 1914 2396 igio

346 2431 436 2472 tur
457 2416 726 2472 Christum
751 2415 1033 2471 Dominum
1062 2425 1299 2470 nostrum
1330 2432 1490 2470 unum
1520 2431 1658 2481 esse,
1690 2426 1747 2470 ut
1772 2431 1914 2485 saepe

346 2512 601 2574 diximus,
631 2518 830 2564 sanctae
857 2509 1132 2564 Trinitatis
1159 2523 1227 2563 ex
1255 2508 1455 2563 duabus
1480 2509 1682 2563 naturis
1713 2524 1914 2578 cogno-

347 2604 622 2668 scendum,
646 2602 748 2657 hoc
772 2611 853 2659 est
875 2602 927 2656 in
954 2602 1148 2656 deitate
1170 2612 1224 2656 et
1247 2600 1574 2657 humanitate
1602 2603 1911 2671 perfecmm,

353 2711 457 2749 non
493 2706 647 2749 antea
678 2694 941 2748 existente
985 2708 1174 2759 carne,
1220 2701 1272 2747 et
1316 2703 1496 2761 postea
1546 2695 1688 2747 unita
1722 2694 1914 2759 Verbo,

351 2790 444 2843 sed
484 2790 538 2843 in
577 2789 693 2858 ipso
727 2787 838 2842 Deo
874 2786 1048 2842 Verbo
1084 2787 1291 2840 initium
1334 2796 1392 2841 ut
1430 2797 1572 2841 esset
1610 2787 1914 2856 accipiens:

353 2881 478 2934 inde
521 2879 797 2934 enimvero
843 2893 908 2932 ex
954 2888 1194 2931 materno
1237 2893 1459 2948 corpore
1521 2894 1646 2933 caro
1696 2879 1920 2948 sumpsit

351 2971 582 3039 initium,
619 2970 762 3024 salva
792 2968 1112 3037 proprietate
1141 2969 1223 3022 vel
1261 2969 1483 3024 veritate
1516 2971 1790 3039 utriusque
1823 2985 1918 3023 na-

357 3077 509 3126 turae,
542 3064 642 3115 hoc
677 3069 759 3115 est
788 3059 1079 3114 divinitatis
1119 3068 1278 3126 atque
1309 3059 1679 3125 humanitatis,
1716 3060 1808 3115 Dei
1835 3060 1923 3114 Fi-

357 3157 480 3208 tium
525 3155 800 3208 Dominum
851 3164 1091 3207 nostrum
1132 3151 1313 3207 Jesum
1355 3150 1623 3206 Christum
1670 3153 1919 3208 catholici

359 3248 697 3314 confitemur,
729 3247 872 3302 omni
904 3245 1124 3315 posthac
1154 3247 1582 3301 commutationis
1613 3246 1922 3301 confusione

359 3343 624 3397 submota.
673 3341 853 3412 Neque
891 3340 1034 3396 enim
1059 3351 1274 3394 naturas
1316 3342 1368 3394 in
1404 3353 1469 3394 eo
1497 3339 1650 3393 aliter
1679 3340 1922 3409 agnosci-

364 3449 512 3500 mus,
561 3435 662 3488 nisi
709 3431 1060 3488 difl'erentiam
1115 3430 1465 3500 intelligentes
1513 3438 1567 3484 et
1612 3429 1926 3484 confitentes

363 3528 652 3580 divinitatis
683 3533 840 3595 atque
863 3523 1223 3578 humanitatis.
1257 3523 1360 3577 Sed
1393 3537 1490 3576 nec
1516 3522 1648 3577 duas
1677 3537 1926 3590 personas

366 3621 419 3670 in
449 3618 659 3670 lihristo
691 3615 1029 3684 intelligimus
1055 3631 1150 3684 per
1174 3614 1225 3668 id
1253 3614 1392 3684 quod
1421 3614 1650 3668 dicimus
1678 3615 1808 3668 duas
1837 3629 1929 3667 na-

365 3721 532 3770 turas.
578 3719 634 3764 ut
671 3709 1004 3762 adunationis
1047 3707 1362 3761 divisionem
1408 3706 1584 3760 facere
1622 3705 1926 3768 videamur;

366 3810 420 3853 rt
459 3799 547 3865 sit,
591 3798 733 3868 quod
778 3797 934 3860 absit,
979 3797 1336 3866 quaternitas,
1379 3811 1484 3850 non
1525 3794 1751 3858 trinitas,
1795 3795 1933 3848 sicut

367 3893 641 3948 Nestorius
671 3893 833 3946 sentit
873 3892 1120 3955 insanus;
1164 3904 1263 3944 nec
1300 3890 1672 3944 contundimus
1719 3889 1931 3942 easdem

369 3986 543 4039 unitas
576 3995 810 4050 naturas,
841 3997 962 4036 cum
993 3996 1148 4035 unam
1179 3996 1459 4050 personam
1489 3981 1683 4035 Christi
1715 3982 1937 4034 confite-

373 4089 510 4139 mur,
545 4085 601 4128 ut
633 4073 894 4143 Eutyches
932 4073 1121 4141 impius
1159 4073 1349 4126 credit.
1381 4072 1602 4126 Tomum
1632 4087 1760 4125 vero
1789 4085 1937 4139 papae

373 4167 587 4231 Leonis,
619 4179 906 4231 omnesque
949 4163 1222 4233 epistolas,
1253 4179 1351 4218 nec
1379 4179 1480 4216 non
1513 4174 1565 4218 et
1594 4173 1819 4232 quatuor
1847 4175 1939 4230 sy-

374 4257 563 4322 nodos,
591 4257 879 4319 Nicaenam,
912 4265 964 4309 et
988 4255 1648 4322 Constantltmpolitanam,
1681 4262 1736 4308 et
1763 4253 1940 4321 Ephe-

375 4351 542 4401 sinam
589 4349 832 4415 primam,
874 4356 927 4400 et
972 4345 1478 4409 Cbalcedonensem,
1530 4345 1668 4399 sicut
1703 4345 1941 4399 Romana

379 4443 631 4493 hactenus
666 4439 900 4507 suscepit
935 4448 989 4491 et
1028 4447 1309 4492 veneratur
1344 4435 1603 4501 Ecclesia,
1645 4437 1938 4505 sequimur,

377 4531 747 4600 amplectimur
793 4540 950 4599 atque
979 4544 1273 4583 servamus.
1326 4527 1436 4582 Hoc
1464 4537 1545 4582 est
1571 4528 1711 4581 enim
1744 4536 1942 4582 nostra:

380 4623 502 4677 ﬁdei
549 4623 961 4686 firmamentum,
994 4620 1107 4674 hazc
1149 4620 1272 4674 ﬁdei
1318 4629 1516 4674 nostra:
1557 4628 1698 4686 petra
1751 4618 1942 4672 firmis-

380 4714 534 4768 sima.
589 4713 712 4767 Haec
757 4723 955 4776 autem,
1008 4711 1241 4766 illustres
1291 4719 1345 4764 et
1396 4709 1572 4778 magni
1613 4709 1725 4772 filii,
1781 4723 1945 4777 agens

381 4804 582 4867 gratias
643 4802 981 4857 sollicitudini
1049 4811 1240 4855 vestite
1295 4801 1542 4855 intimare
1599 4800 1943 4854 curavimus:

383 4898 594 4965 plenius
625 4905 798 4949 tamen
834 4895 1051 4950 directis
1081 4893 1472 4963 exemplaribus
1502 4891 1742 4961 poteritis
1781 4906 1947 4961 agno-

384 5004 556 5043 scere.
591 4989 891 5042 Acmmetas
919 5002 1066 5052 vero,
1107 4987 1196 5056 qui
1225 5000 1283 5040 se
1309 4984 1597 5039 monachos
1625 4984 1826 5048 dicunt,
1857 4982 1947 5054 qui

385 5079 686 5134 Nestoriani
711 5078 983 5134 evidenter
1007 5083 1383 5146 apparuerunt,
1411 5076 1646 5128 Romana
1672 5075 1831 5128 etiam
1861 5088 1953 5128 eos

389 5176 605 5226 damnat
634 5169 897 5235 Ecclesia;
937 5183 967 5222 a
996 5169 1188 5238 quibus
1217 5183 1312 5222 vos
1339 5177 1552 5236 promer
1580 5181 1838 5220 canonem
1862 5167 1948 5234 qui

391 5281 512 5316 eum
564 5262 1034 5318 excommunicatis
1081 5260 1440 5314 Christianum
1512 5273 1608 5312 nec
1666 5257 1806 5327 loqui
1859 5272 1955 5311 nec

392 5355 786 5409 communicare
834 5352 1124 5422 permittit,
1167 5351 1432 5420 diligentia
1481 5349 1727 5419 pastorali
1777 5349 1956 5402 admo-

395 5463 523 5502 nere
581 5463 686 5502 non
734 5447 940 5511 desino,
987 5455 1042 5499 ut
1069 5459 1251 5500 eorum
1282 5443 1440 5498 etiam
1472 5443 1764 5512 simplicem
1794 5441 1955 5495 collo—

401 5538 668 5595 cntionem
707 5538 905 5606 vitetis,
955 5538 1189 5607 nihilque
1227 5538 1378 5592 vobis
1420 5552 1540 5592 cum
1571 5537 1647 5590 eis
1693 5535 1965 5590 aestimetis

483 5699 690 5766 Illujus
723 5699 962 5767 epistolae
1015 5698 1066 5752 in
1106 5699 1291 5753 codice
1336 5699 1596 5753 Lirinensi
1657 5695 1958 5765 bujusmodi

406 5781 486 5821 est
511 5770 784 5836 inscriptio
820 5788 830 5818 :
869 5769 1185 5839 Praeceptum
1215 5767 1430 5821 Joannis
1467 5786 1612 5834 paper
1655 5773 1719 5819 ad
1759 5768 1958 5834 presby-

404 5851 554 5904 teros,
580 5839 816 5893 diaconos
837 5883 849 5904 ,
873 5851 917 5894 et
950 5851 1180 5895 cunctum
1214 5841 1399 5893 clerum
1437 5841 1671 5911 liv‘gensis
1702 5840 1958 5893 Ecclesia.

1989 573 2190 633 veniar,
2223 572 2264 625 si
2301 572 2410 623 haec
2440 569 2506 623 ad
2547 583 2770 622 vestram
2813 567 3062 628 minime,
3111 559 3548 615 Christianissimi

1990 662 2117 725 filii,
2174 662 2413 714 notitiam
2466 659 2819 725 pertulissem.
2877 655 3196 709 Incolumem
3231 645 3550 717 magnitudi-

1991 770 2110 806 nem
2165 764 2393 806 vestratn
2445 752 2580 804 Deus
2628 759 2806 802 noster
2857 747 3140 808 custodiat,
3183 741 3383 796 domini
3426 739 3550 804 lilii,

1992 847 2178 901 merito
2224 846 2450 897 illustres
2489 852 2644 910 atque
2685 839 2965 911 magnifici.

2196 954 2516 1009 ILPISTULA
2553 953 2692 1022 (olim
2736 949 2822 1018 IV)
2851 946 3128 1004 JUANNIS
3157 942 3357 999 PAPE

2446 1082 2474 1117 Λ
2487 1082 2512 1113 lt
2553 1075 2823 1116 EPISCOPOS
2860 1075 3065 1114 GALLlA-Z

1997 1177 2428 1231 Contumeliosum
2459 1173 2644 1228 Gallia:
2671 1173 2958 1241 episcopum
2988 1169 3560 1241 episcOpatu_privat_um

2066 1251 2117 1299 in
2141 1247 2497 1299 monasterium
2544 1237 2732 1311 redegit
2764 1237 2849 1293 ad'
2870 1241 3246 1308 paenitentiam:
3279 1237 3559 1311 Ecclesium

2066 1320 2174 1388 ejus
2200 1328 2370 1370 sancto
2389 1316 2608 1369 Ca’sario
2632 1307 2907 1366 Arelatensi
2928 1311 3158 1380 episcopo
3173 1307 3558 1362 commendavit.

2072 1427 2442 1482 Dilectissimis
2507 1424 2758 1479 fratribus
2815 1421 3078 1476 universis
3144 1419 3404 1490 episcOpis
3471 1433 3564 1488 per

2001 1518 2197 1574 Gallias
2222 1516 2522 1572 constitutis
2551 1515 2784 1570 Joannes

2074 1610 2306 1665 lttnotuit
2336 1609 2486 1662 nobis
2514 1622 2543 1660 a
2585 1605 2916 1660 fraternitate
2943 1612 3120 1657 vestra
3149 1601 3306 1655 missa
3346 1599 3562 1661 relatio,

2005 1709 2056 1762 in
2081 1720 2181 1774 qua
2205 1699 2634 1756 Contumeliosus
2664 1697 2842 1750 multis
2866 1694 3057 1764 legitur
3079 1692 3389 1746 criminibus
3416 1693 3568 1743 invo-

2007 1800 2168 1854 lutus.
2203 1794 2267 1848 Et
2295 1793 2415 1862 quia
2449 1788 2747 1859 bujusmodi
2780 1800 3007 1857 persona
3046 1784 3211 1838 sacris
3258 1799 3359 1835 non
3393 1789 3569 1850 potest

2012 1889 2274 1944 inhaerere
2330 1882 2599 1955 mysteriis
2628 1920 2646 1947 ,
2687 1880 2754 1934 ab
2803 1878 3061 1932 hodierno
3104 1877 3186 1929 vel
3229 1874 3402 1928 officio
3445 1888 3568 1927 eum

2008 1987 2190 2035 nostra
2219 1987 2401 2032 censet
2430 1986 2706 2029 removere
2729 1971 3018 2024 auctoritas
3037 2006 3052 2034 ,
3079 1978 3137 2021 ut
3162 1967 3214 2021 itt
3247 1965 3572 2020 monasterio

2011 2071 2328 2126 constitutus
2378 2062 2560 2119 delicti
2606 2062 2815 2116 veniam
2874 2076 2904 2114 a
2957 2059 3180 2112 Domino
3234 2066 3411 2125 petere
3464 2072 3572 2109 non

2010 2161 2237 2218 omittat.
2272 2158 2415 2214 Nihil
2446 2166 2526 2211 est
2573 2155 2713 2209 enim
2743 2151 3072 2222 impossibile
3111 2152 3228 2216 ejus
3275 2147 3572 2202 clementia:

2011 2254 2101 2323 qui
2139 2261 2318 2323 potest
2369 2258 2557 2304 cuncta
2587 2248 2831 2300 relaxare
2867 2258 2986 2313 quae
3027 2242 3160 2296 facta
3188 2249 3330 2295 sunt.
3373 2239 3475 2294 Sed
3507 2253 3576 2292 ne

2014 2345 2128 2413 ejus
2169 2341 2404 2396 Ecclesia
2436 2337 2686 2392 destituta
2725 2334 2986 2398 videatur,
3015 2333 3066 2385 in
3093 2332 3206 2400 ejus
3250 2333 3365 2384 loco
3395 2330 3576 2383 visita-

2020 2446 2185 2487 totem
2216 2431 2330 2485 dari
2379 2430 2628 2499 praesenti
2657 2426 2970 2478 auctoritate
2990 2423 3322 2476 decernimus
3346 2462 3361 2485 ,
3409 2420 3499 2490 qui
3543 2435 3575 2473 a

2017 2540 2077 2579 se
2106 2525 2176 2577 ita
2204 2521 2411 2577 noverit
2440 2519 2616 2573 omnia
2645 2515 2962 2580 exhibenda,
2987 2523 3043 2566 ut
3064 2513 3190 2567 nihil
3212 2514 3277 2566 de
3303 2511 3579 2566 ordinibus

2018 2617 2354 2676 clericorum,
2378 2610 2506 2665 nihil
2533 2609 2600 2662 de
2621 2606 2976 2662 ecclesiastica
3005 2602 3253 2657 facultate
3274 2609 3578 2672 prazsumat,

2019 2709 2114 2763 sed
2140 2722 2201 2761 ea
2229 2720 2347 2774 quae
2371 2703 2437 2756 ad
2467 2708 2806 2756 sacrosancta
2845 2696 3097 2765 mysteria
3129 2695 3392 2763 pertinent
3427 2705 3582 2746 exse-

2021 2809 2237 2871 quatur.
2267 2795 2586 2850 Praadictum
2610 2799 2784 2844 autem
2810 2786 3286 2848 Contumeliosum,
3311 2798 3365 2838 ut
3394 2785 3583 2839 habeat

2022 2887 2314 2963 pmnitendi
2366 2885 2631 2939 licentiam
2653 2924 2667 2946 ,
2719 2880 3019 2949 petitorium
3054 2876 3182 2930 dare
3212 2877 3359 2929 vobis
3399 2889 3586 2929 cense-

2028 2997 2167 3045 mus,
2199 2978 2285 3033 ubi
2316 2990 2553 3032 errorem
2606 2988 2760 3026 suum
2791 2970 3063 3024 evidenter
3093 2968 3327 3036 allegatis
3357 2967 3456 3020 sub
3499 2965 3589 3020 die

2029 3072 2340 3144 profiteatur
2369 3077 2420 3122 et
2439 3064 2678 3120 consule.
2711 3062 2964 3115 Dominus
2988 3074 3081 3113 vos
3105 3057 3394 3111 inciilutnes
3412 3065 3591 3108 custo-

2031 3163 2162 3227 diat,
2192 3160 2382 3213 fratres
2409 3153 2693 3211 carissimi.
2731 3153 2859 3205 Data
2889 3165 2961 3202 vn
2993 3150 3107 3202 idus
3134 3148 3326 3215 Aprilis
3346 3187 3358 3208 ,
3411 3145 3592 3198 Flavio

2030 3255 2249 3310 Paulino
2271 3251 2484 3322 juniore
2506 3247 2622 3300 viro
2643 3244 2938 3300 clarissimo
2965 3240 3181 3295 consule
3199 3237 3373 3309 [Anno
3394 3236 3593 3291 Christi

2028 3342 2152 3414 551]

2243 3451 2572 3509 EPISTULA
2613 3449 2758 3518 (olim
2790 3447 2852 3516 γ)
2881 3442 3156 3500 JOANNIS
3187 3439 3385 3495 ΡΑΡᾹΞ

2028 3589 2096 3630 Δι)
2127 3581 2480 3625 PRESBYTEROS
2522 3581 2588 3619 ΕΤ
2628 3576 2879 3616 DltCthOS
2914 3571 3293 3613 CONTUNELIOSI
3337 3567 3596 3608 EPL‘COPI-

2100 3686 2337 3739 Joannes
2375 3676 2704 3750 presbyteris
2727 3715 2742 3738 ,
2789 3671 3200 3741 diacouibusct
3228 3675 3417 3720 cuncto
3454 3665 3602 3720 clero

2037 3775 2294 3831 Ecclesia:
2325 3772 2376 3824 in
2408 3784 2510 3839 qua
2541 3767 2640 3820 fuit
2668 3761 3089 3819 Contumeliosus
3118 3758 3416 3825 episcOpus.

2104 3887 2350 3944 Pervenit
2378 3895 2402 3921 η
2433 3883 2501 3936 ad
2526 3897 2622 3936 nos
2643 3896 2673 3932 a
2704 3879 2952 3932 fratribus
2975 3884 3029 3929 et
3049 3874 3376 3941 coepiscopis
3402 3868 3604 3923 nostris

2035 3981 2196 4035 missa
2243 3977 2428 4032 relatio
2459 3974 2547 4027 ubi
2578 3970 3010 4026 Contumeliosus
3036 3965 3101 4018 de
3139 3962 3449 4016 criminibus
3493 3961 3606 4014 suis

2037 4072 2312 4128 confessus
2341 4067 2529 4137 legitur
2551 4075 2707 4133 atque
2737 4061 3030 4115 convictus.
3058 4058 3122 4110 Et
3151 4055 3272 4124 quia
3299 4053 3603 4122 bujusmodi

2040 4163 2331 4218 sceleribus
2353 4159 2649 4227 implicatus
2672 4152 2954 4208 sacerdotii
2979 4165 3081 4202 non
3105 4158 3275 4216 potest
3299 4145 3594 4199 ministeria

2037 4257 2146 4325 jam
2177 4263 2403 4306 tractare
2421 4289 2435 4312 ,
2463 4245 2764 4302 necessaria
2792 4242 2943 4296 vobis
2968 4241 3154 4293 solatia
3181 4236 3454 4291 credimus
3479 4235 3580 4288 visi
3605 4270 3609 4274 -

2045 4345 2233 4400 latoris
2280 4343 2598 4410 adjungerc;
2630 4346 2684 4390 et
2713 4334 2832 4389 ideo
2862 4334 2913 4386 in
2946 4331 3181 4385 Ecclesia
3223 4329 3337 4396 ejus
3369 4327 3610 4381 visitata-

2046 4454 2160 4494 rem
2189 4437 2302 4491 dari
2333 4442 2514 4488 nostra
2546 4429 2783 4484 decrevit
2809 4426 3126 4490 auctoritas,
3159 4433 3213 4475 ut
3244 4420 3474 4473 Ecclesia
3513 4432 3610 4472 suo

2050 4529 2250 4600 privata
2299 4525 2525 4595 praesule
2573 4521 2766 4574 summi
2822 4527 3048 4586 nequeat
3099 4511 3358 4582 pontificis
3405 4507 3612 4562 solatiis

2049 4598 2288 4688 indigere
2316 4633 2330 4669 :
2360 4615 2443 4669 cui
2469 4626 2561 4666 vos
2585 4613 2635 4665 in
2659 4609 2905 4664 omnibus
2938 4620 3124 4675 parere
3149 4603 3512 4660 decernimus.
3543 4598 3609 4651 ad

2051 4726 2112 4767 ea
2143 4706 2506 4764 tantummodo
2537 4718 2655 4773 quas
2685 4700 2852 4754 sacris
2899 4707 3020 4752 sunt
3055 4695 3285 4766 gerenda
3313 4691 3610 4761 mysteriis,

2050 4805 2122 4859 ita
2153 4812 2325 4855 tamen
2367 4807 2425 4852 ut
2453 4797 2587 4852 nihil
2617 4794 2684 4848 de
2723 4789 3081 4846 ecclesiastica
3123 4785 3372 4840 facultate
3416 4795 3616 4850 pI'JBSU-

2053 4905 2190 4957 mat,
2223 4904 2276 4946 et
2305 4893 2481 4944 clerus
2520 4889 2574 4941 iu
2601 4902 2665 4940 eo
2693 4899 2796 4953 quo
2821 4897 2960 4937 nunc
2988 4889 3067 4935 est
3091 4879 3277 4932 ordine
3295 4876 3613 4930 constitutus

2057 4983 2219 5039 nullis
2269 4981 2520 5051 gradibus
2575 4981 2981 5044 promoveatur,
3021 4969 3192 5023 donec
3231 4964 3497 5034 pr0prium
3528 4975 3616 5014 sa-

2060 5074 2332 5130 cerdotem
2356 5073 2522 5142 possit
2552 5069 2766 5121 habere.
2791 5066 3014 5118 Omnem
3047 5074 3174 5115 vero
3202 5061 3338 5111 hanc
3358 5054 3618 5108 sollicitu-

2060 5167 2241 5221 dinem
2272 5141 2503 5219 Ctesario
2547 5159 2696 5213 fratri
2724 5165 2774 5210 et
2808 5154 3124 5222 coepiscopo
3159 5157 3341 5203 nostro
3384 5141 3620 5214 iniungi-

2064 5271 2181 5310 mus
2210 5295 2223 5314 .
2279 5253 2344 5307 ad
2398 5251 2545 5319 cujus
2602 5261 2781 5304 curam
2832 5253 3018 5297 cuneta
3067 5256 3184 5310 quas
3246 5250 3464 5293 necesse
3515 5234 3622 5286 sint

2065 5345 2329 5417 pertinere
2353 5339 2680 5396 censuimus.
2714 5335 2964 5388 Dominus
2988 5347 3080 5386 vos
3111 5330 3405 5384 incolumes
3439 5335 3622 5378 custo-

2066 5440 2196 5503 diat,
2224 5431 2552 5492 dilectissimi
2581 5429 2693 5483 filii.
2730 5428 2854 5481 Data
2878 5442 2946 5478 vn
2980 5426 3096 5478 idus
3142 5422 3336 5490 Aprilis
3360 5461 3374 5484 ,
3400 5419 3622 5503 Paulino

2069 5501 2281 5602 juniore
2324 5528 2434 5584 viro
2470 5521 2763 5579 clarissimo
2803 5519 3020 5572 consule
3052 5517 3228 5588 [Auno
3249 5512 3443 5566 Christi
3475 5501 3631 5574 534].

2065 5694 2178 5759 Quo
2210 5690 2404 5746 indicto
2430 5680 2710 5759 didicimus
2740 5696 2844 5748 quo
2883 5679 2934 5730 in
2989 5680 3104 5733 loco
3135 5674 3417 5746 episcopus
3469 5673 3621 5730 fuerit

2062 5754 2506 5819 Continneliosus.
2533 5755 2645 5810 .ltc.
2679 5754 2992 5807 Smnesocs.
