4032 6184
503 377 574 431 95
1928 377 2075 432 El'lS

2174 375 2301 433 ωε.
3661 375 3732 428 τω

724 487 1050 547 EPISTULA
1074 490 1216 562 (olim
1242 490 1335 557 Vl)
1361 489 1635 546 JOANNlS
1664 488 1859 546 PAPIE

893 623 961 663 AD
988 621 1257 662 CESARIUI
1286 619 1682 669 ARELATENSEM,

506 719 637 773 Cum
665 720 901 792 subjectis
928 718 1201 792 rationibus
1223 719 1283 770 ab
1312 734 1373 792 eo
1395 720 1561 792 missis
1585 718 1648 770 ad
1677 716 2064 792 examinandum

845 806 1052 844 causam
1090 789 1452 843 Contumeliosi
1482 790 1724 854 episcopi.

582 901 936 957 Dilectissimo
962 901 1113 955 fratri
1144 900 1378 955 Cmsario
1400 900 1654 955 Joannes.

580 1019 869 1075 Charitatis
904 1028 1009 1073 tute
1048 1018 1253 1072 litteras
1280 1019 1459 1071 animo
1489 1017 1665 1071 libenti
1703 1016 2065 1085 suscepimus,

511 1114 561 1165 in
628 1112 817 1179 quibus
863 1125 1149 1179 corporeas
1206 1109 1553 1164 necessitates
1596 1109 1863 1177 allegans,
1908 1106 2065 1159 etiam

506 1220 627 1273 qum
661 1204 866 1257 sacrius
897 1203 913 1233 ¹
957 1202 1044 1256 ille
1073 1202 1159 1271 qui
1192 1204 1367 1268 lapsus
1405 1210 1488 1253 est
1532 1199 1749 1265 fecerit,
1805 1197 2065 1252 indicasti.

510 1296 758 1349 Dolemus
787 1295 853 1348 de
884 1293 1171 1347 amissione
1204 1291 1498 1361 pontificis,
1526 1291 1754 1359 rigorem
1784 1299 1955 1343 tamen
1981 1305 2069 1342 Cu-

508 1402 705 1440 nonnm
732 1400 947 1440 servare
970 1399 1188 1439 necesse
1209 1394 1310 1438 est.
1340 1385 1512 1452 Atque
1534 1382 1652 1437 ideo
1673 1383 1978 1450 pra'dictnm
2001 1382 2069 1435 ab

505 1481 846 1548 episcopatus
885 1478 1071 1533 ordine
1101 1487 1280 1531 nostra
1310 1476 1583 1545 suspendit
1624 1476 1929 1529 auctoritas.
1961 1474 2070 1528 Ne-

507 1586 608 1641 que
634 1572 777 1625 enim
826 1570 904 1623 fas
934 1579 1018 1625 est
1068 1569 1325 1639 pollutum
1360 1568 1671 1622 criminibus
1710 1568 1876 1621 sacris
1910 1566 2069 1621 mini-

509 1663 688 1717 steriis
736 1662 1027 1717 deservire.
1077 1662 1180 1718 Sed
1231 1673 1283 1716 te
1325 1662 1603 1716 ordinante
1650 1661 1700 1713 in
1751 1658 2072 1713 monasterio

510 1751 809 1820 dirigatur,
838 1751 927 1804 ubi
966 1751 1280 1806 delictorum
1310 1766 1512 1805 memor
1559 1750 1610 1804 itt
1650 1749 1953 1819 pmnitentia
1996 1751 2071 1801 Ia-

2098 491 2140 543 A
2174 488 2313 539 enim
2373 485 2565 540 lmtitim
2614 485 2901 554 sp‘ritualis
2954 501 3088 542 unus
3140 487 3240 542 fuit
3281 487 3531 552 affectus,
3578 504 3732 556 agt-ro

2167 578 2362 646 gratias
2406 578 2753 641 omnipotenti
2792 576 2933 643 Deo,
2967 577 3117 644 cujus
3161 578 3327 642 gratia
3362 579 3733 645 peccatoribus

2166 670 2280 720 sine
2305 668 2507 721 meritis
2532 682 2752 734 operum
2786 671 2958 730 datur,
2988 677 3040 721 et
3060 668 3353 722 antidotum
3383 669 3503 722 fidei
3535 670 3734 721 saluta-

2168 758 2242 812 ris
2271 773 2437 826 nuper
2466 758 2822 812 reconciliatis
2853 758 3117 812 haereticis
3146 760 3436 814 obtinetur.

2242 849 2647 904 Deﬁttitinnibtts
2694 860 2868 902 autc-tu
2923 850 3121 904 Nion-ni
3165 852 3373 905 concilii
3413 854 3612 920 publica
3658 853 3733 907 le-

2167 942 2346 996 ctione
2363 942 2701 1007 transcursis,
2735 942 2872 996 inter
2900 942 3005 996 alia
3034 943 3101 997 de
3141 945 3330 1013 quibus
3357 946 3595 1000 nancisci
3634 948 3730 1002 de-

2168 1030 2321 1095 buit,
2378 1031 2734 1100 disputatione
2785 1030 2981 1099 requiri
3023 1030 3133 1099 jam
3176 1042 3412 1101 cmperat
3462 1036 3732 1103 quomodo

2169 1126 2485 1179 Arianorum
2532 1125 2839 1178 sacerdotes
2881 1123 2946 1177 ad
2977 1123 3289 1177 catholicam
3337 1126 3489 1180 fidem
3532 1127 3734 1194 suscipi

2176 1227 2465 1285 oporteat,
2517 1228 2763 1270 utrumne
2794 1218 2845 1269 in
2895 1218 3004 1271 suis
3048 1216 3366 1281 honoribus,
3395 1235 3461 1271 an
3509 1222 3559 1274 in
3601 1220 3734 1275 laica

2169 1314 2575 1371 eomtnunione,
2609 1311 2685 1361 sic
2730 1306 2976 1360 omnibus
3018 1309 3168 1361 nobis
3212 1311 3529 1363 unanimiter
3559 1311 3734 1365 subito

2170 1401 2362 1468 placuit
2387 1399 2643 1453 sciscitari
2673 1400 2918 1468 primitus
2942 1400 3283 1453 beatitudinis
3304 1410 3493 1455 vestra:
3520 1411 3736 1455 senten-

2172 1492 2322 1546 tiam.
2351 1490 2531 1544 Potest
2560 1492 2700 1545 enim
2724 1491 2877 1546 sedes
2906 1492 3216 1558 apostolica,
3251 1503 3502 1562 quantum
3554 1508 3736 1560 spera-
3782 1498 3793 1513 '

2174 1595 2331 1644 ntus,
2386 1584 2487 1635 tale
2533 1583 2686 1635 nobis
2736 1582 3184 1650 interrogantibus
3226 1583 3355 1636 dare
3386 1599 3733 1653 responsum,

2170 1675 2328 1738 quale
2380 1688 2478 1727 nos
2506 1674 2801 1740 approbare
2844 1673 3181 1727 concorditer
3218 1675 3489 1742 explorata
3541 1676 3738 1729 veritas

2172 1762 2347 1817 faciat.
2377 1762 2447 1813 Ex
2474 1766 2710 1815 omnium
2730 1763 2941 1830 quidem
2964 1762 3284 1832 collegarum
3310 1765 3480 1817 tacitis
3502 1765 3736 1819 motibus

507 1857 718 1915 CI'Y'MS
741 1843 1012 1898 επυηάενθ
1034 1860 1139 1899 που
1167 1844 1405 1908 ominati
1428 1854 1486 1897 ιιι
1510 1843 1578 1897 ab
1602 1858 1666 1898 θο
1696 1845 1785 1911 (ιιιὶ
1825 1842 2069 1897 omnibus
2100 1865 2146 1924 B
2174 1854 2368 1908 nemini
2399 1853 2607 1922 placere
2633 1857 2898 1907 sensimus
2920 1863 2976 1908 ut
3003 1854 3053 1907 in
3102 1855 3213 1908 suis
3238 1856 3523 1909 honoribus
3547 1857 3727 1910 Ariani

508 1933 790 1986 miseretur
818 1933 1040 1986 Domino
1067 1942 1249 1987 nostro
1272 1932 1626 1987 JesuChristo
1649 1933 2064 1987 misericordiam

509 2025 679 2079 valeat
703 2026 1015 2090 promereri.
1045 2024 1100 2077 ln
1131 2026 1282 2091 cujus
1314 2026 1486 2079 locum
1515 2026 1839 2079 visitatorern
1872 2026 2074 2080 consti-

511 2114 673 2178 tnite,
726 2114 897 2169 donec
946 2116 1211 2184 proprium
1253 2116 1489 2171 Ecclesia
1541 2133 1660 2185 quae
1696 2127 1943 2172 evacuata
1989 2126 2071 2172 est

512 2206 628 2274 ejus
656 2208 953 2261 sacerdotio
982 2223 1187 2263 merere
1212 2210 1383 2262 valeat
1424 2210 1778 2265 sacerdotem.
1822 2211 2072 2265 Commu-

511 2296 668 2350 nibus
695 2307 871 2350 tamen
907 2300 1150 2369 precibus
1177 2314 1400 2355 exorare
1432 2300 1592 2355 Deum
1635 2311 1878 2355 uOstrum
1908 2302 2071 2357 debe-

512 2401 665 2453 mus,
723 2399 779 2440 ut
828 2403 987 2455 puros
1035 2398 1255 2443 cunctus
1296 2398 1509 2458 pra-stet
1539 2392 1827 2448 antistites.
1881 2394 1935 2448 Si
1980 2396 2070 2464 qui

511 2486 691 2529 tamen
716 2479 1051 2544 pontiﬁcatus
1073 2479 1410 2535 immemores
1427 2480 1737 2537 criminibus
1759 2498 1816 2537 se
1834 2484 2072 2539 fortassis

516 2568 870 2631 involverint,
918 2580 971 2622 et
1011 2586 1196 2624 eorum
1237 2587 1489 2638 personas
1518 2577 1704 2645 vulgus
1741 2589 2068 2646 cognoscat:

516 2660 719 2713 facilius
745 2660 884 2714 enim
911 2678 938 2713 a
973 2663 1183 2717 delictis
1204 2677 1427 2727 cavent,
1461 2666 1505 2719 si
1530 2683 1633 2721 non
1677 2668 1889 2722 videant
1914 2672 2072 2723 etiam

516 2750 820 2805 hominibus
866 2762 1070 2808 secreta
1098 2767 1215 2807 esse
1254 2771 1371 2823 qum
1403 2756 1643 2810 fecerint.
1686 2758 1813 2823 Quae
1846 2774 1972 2814 vero
2008 2761 2075 2817 de

517 2840 602 2895 bis
630 2855 863 2897 canones
907 2845 1249 2913 praecipiunt,
1302 2846 1482 2901 subter
1502 2849 1822 2916 adjecintus,
1856 2864 1911 2905 ut
1958 2870 2075 2923 qua:

515 2932 755 2987 facienda
781 2942 906 2987 sunt
937 2936 1147 3003 possitis
1174 2952 1445 3005 agnoscer.
1469 2977 1482 2988 .
1517 2939 1650 2992 Deus
1677 2952 1726 2993 te
1759 2943 2077 2999 incolumem

514 3024 800 3087 custodiat,
823 3024 986 3080 frater
1010 3029 1281 3082 carissime
1307 3026 1481 3098 [Anno
1506 3030 1699 3085 Christi
1730 3032 1873 3104 554].

623 3160 950 3215 EPISTULA
976 3162 1461 3222 AFRICANORUM
1504 3167 1974 3225 EPISCUPORUM

554 3291 619 3329 AD
643 3291 877 3331 JOANNEI
901 3293 1066 3345 DATA,
1089 3294 1184 3333 SE1)
1213 3296 1277 3334 ΑΒ
1302 3298 1537 3336 ΑΟΑΡΕΤΟ
1567 3299 1685 3338 EJUS
1721 3300 2043 3342 ευοεεδεοιιε

1168 3366 1424 3405 ACCEPTA.
1952 3378 1955 3381 ‘

676 3436 980 3509 Ponti/icem
1009 3441 1072 3496 de
1100 3443 1266 3496 dubiis
1296 3445 1597 3515 quibusdam
1628 3447 1917 3502 consulunt.

596 3547 813 3604 Domino
848 3551 1160 3607 beatissimo
1195 3563 1248 3607 et
1273 3556 1569 3610 honorabili
1619 3568 1809 3612 sancto
1841 3561 1988 3614 fratri
2027 3570 2081 3616 et

517 3640 883 3695 consacerdoti
938 3642 1166 3709 Joanni,
1224 3643 1557 3714 Reparatus,
1613 3649 2076 3720 Florentinianus,

521 3731 806 3799 Datianus,
852 3745 907 3790 et
943 3739 1121 3791 casteri
1152 3737 1257 3791 2l7
1285 3740 1561 3808 episc0pi,
1603 3743 1694 3811 qui
1724 3743 1777 3797 in
1821 3745 2080 3800 universis

517 3823 764 3877 conciliis
784 3825 924 3893 apud
961 3827 1310 3885 .lustinianam
1338 3830 1805 3903 Carthaginensem
1837 3836 2081 3907 [Cartha-

518 3913 718 3989 ginem]
747 3917 958 3972 fuimus.

593 4007 854 4076 Optimam
881 4014 1315 4070 consuetudinem
1339 4018 1589 4086 praeteriti
1614 4023 1889 4091 temporis,
1918 4040 2077 4094 quam

520 4098 754 4153 violenta
801 4102 1079 4170 captivitas
1134 4122 1227 4174 per
1273 4123 1441 4163 annos
1481 4122 1728 4179 centum,
1779 4114 2079 4171 dolentibus

520 4190 726 4242 cunctis
747 4230 763 4254 ,
812 4192 1140 4263 abstulerat,
1190 4181 1379 4251 iterum
1410 4214 1625 4256 servare
1654 4208 1930 4272 cupientes
1950 4247 1965 4271 ,
2011 4208 2078 4261 ad

520 4278 877 4336 universalem
928 4285 1091 4339 totius
1118 4288 1307 4342 Africa:
1354 4292 1613 4361 synodum
1640 4292 1761 4348 fidei
1797 4297 2080 4353 devotione

522 4370 890 4436 convenimus,
916 4372 970 4427 in
998 4376 1088 4429 illa
1117 4375 1430 4435 Justiniana:
1468 4380 1902 4455 Carthaginensis
1932 4388 2082 4462 [Car-

523 4458 773 4531 thaginis]
825 4461 1042 4519 basilica
1091 4472 1517 4538 congregationis
1574 4486 1769 4532 nostra:
1821 4458 2083 4548 primitias

522 4551 751 4641 pumilio
779 4567 1174 4625 consecrantes,
1209 4562 1347 4617 unde
1374 4575 1583 4620 nostros
1623 4580 1800 4633 patres
1826 4581 2082 4641 tyrannus

522 4639 822 4698 liunericus
842 4648 1139 4714 expulerat.
1173 4651 1298 4708 Hmc
1327 4654 1542 4711 basilica
1583 4658 1762 4714 Fausti
1797 4639 1936 4730 apud
1985 4679 2084 4719 nos

522 4733 738 4800 dicitur,
776 4738 957 4793 multis
979 4755 1271 4812 martyrum
1299 4750 1614 4817 corporibus
1654 4753 1925 4825 insignita,
1955 4772 2087 4826 quo-

529 4840 645 4915 rnm
682 4827 817 4883 Deus
842 4834 1113 4888 exaudivit
1139 4838 1406 4894 orationes
1426 4881 1440 4902 ,
1467 4849 1523 4895 ut
1546 4842 1698 4897 daret
1734 4845 1887 4915 hujus
1917 4852 1993 4903 rei
2027 4850 2087 4902 ﬁ-

526 4914 739 4969 duciam
771 4920 1156 4979 sacerdotibus.
1192 4924 1265 4981 lbi
1294 4929 1454 4998 igitur
1483 4942 1736 5001 quantum
1777 4914 1969 5006 singuli
2009 4940 2089 4995 la-

525 5013 890 5077 crymantibus
936 5017 1141 5083 gaudiis
1191 5018 1321 5075 ﬂere
1375 5024 1688 5093 potuerint,
1750 5031 2084 5100 cogitandunt

526 5100 702 5165 ponus
741 5102 1053 5184 beatitudini
1097 5117 1290 5165 vestra:
1335 5110 1649 5170 dimittimus
1693 5135 1704 5168 :
1740 5117 1792 5171 in
1840 5122 2086 5177 omnibus

604 5236 619 5263 ⁸
650 5233 763 5287 Hoc
783 5248 879 5302 est,
905 5243 1253 5299 exsecratius.
1279 5246 1447 5303 Hann.

602 5305 622 5335 ²
642 5303 891 5391 ACittgptur
939 5322 1036 5391 Ista
1087 5314 1219 5391 in_v.
1252 5330 1301 5370 c.
1337 5333 1409 5391 ex,
1449 5322 1674 5391 epistola
1722 5325 1824 5381 217
1872 5327 2087 5385 l‘atrum

532 5376 718 5449 δηιοῷ
744 5376 1175 5449 Carthaginensis
1198 5400 1338 5442 anno
1365 5376 1490 5445 554:

563 5441 572 5450 ’
600 5444 622 5475 ⁸
647 5446 842 5505 Sancto
866 5441 1067 5522 Spiritu
1089 5455 1316 5513 fervens.

2174 1944 2547 2010 suscipiantur.
2580 1942 2952 1997 Verumtamen
2984 1948 3270 1997 convenire
3295 1944 3540 1998 charitati
3565 1945 3740 1998 credi-

2172 2033 2371 2098 dimus,
2402 2044 2459 2087 ut
2481 2034 2606 2101 quid
2632 2035 3029 2088 habeatsensus
3053 2044 3235 2088 uoster
3265 2034 3316 2087 in
3345 2034 3605 2103 publicam
3638 2051 3739 2087 tto-

2174 2126 2344 2179 titiam
2394 2141 2549 2179 nemo
2576 2127 2927 2195 perduceret.
2968 2127 3067 2179 nisi
3101 2127 3245 2195 prius
3278 2127 3363 2180 vel
3409 2127 3738 2180 consuetudo

2173 2217 2325 2270 nobis
2355 2256 2373 2282 ,
2405 2217 2486 2271 vel
2532 2216 2779 2271 difﬁnitio
2823 2217 3072 2270 Romana:
3106 2218 3359 2271 Ecclesia:
3398 2217 3736 2286 proderetur.

2174 2308 2284 2362 Hac
2327 2308 2483 2376 igitur
2513 2318 2708 2361 nostrae
2753 2307 3081 2361 salutationis
3125 2308 3345 2374 epistola
3403 2323 3495 2376 per
3549 2308 3739 2361 fratres

2173 2400 2577 2454 consacerdotes
2601 2413 2810 2454 nostros
2835 2398 3017 2453 Caium
3042 2409 3093 2453 et
3122 2400 3355 2461 Petrum,
3379 2411 3431 2454 et
3455 2415 3546 2468 per
3569 2400 3732 2453 filiuni

2178 2502 2421 2547 nostrum
2476 2490 2777 2544 Liberatutn
2826 2492 3106 2544 diaconum
3151 2491 3402 2543 continuo
3450 2492 3733 2543 destinavi-

2176 2598 2312 2645 mus,
2344 2594 2395 2637 et
2423 2585 2442 2613 ’
2466 2584 2833 2637 auctoritatem
2858 2594 3049 2635 vestrae
3076 2581 3413 2635 beatitudinis
3441 2590 3495 2632 et
3513 2583 3737 2649 gratiam

2176 2674 2367 2729 debitis
2390 2672 2658 2741 obsequiis
2682 2674 2799 2723 hom
2822 2682 3000 2725 rantes
3025 2689 3038 2725 :
3066 2672 3186 2725 talis
3207 2673 3399 2739 quippe
3418 2686 3496 2738 es,
3525 2672 3735 2739 qualem

2177 2775 2359 2818 sancta
2416 2763 2571 2817 sedes
2618 2761 2759 2816 Petri
2810 2763 3111 2815 tut-rebatur
3155 2761 3350 2815 habere
3396 2762 3737 2829 pontiﬁcem,

2178 2857 2369 2925 dignus
2397 2856 2755 2918 veneratione,
2788 2855 2972 2923 plenus
2998 2854 3279 2908 dilectione
3304 2895 3319 2918 ,
3356 2854 3575 2922 loquens
3598 2853 3741 2907 veri-

2179 2959 2337 3003 tatem
2361 2950 2475 3002 siue
2503 2947 2800 3013 mendacio,
2835 2946 2963 3000 nihil
2995 2947 3190 2999 faciens
3220 2958 3546 3017 arroganter.
3590 2945 3740 3001 Unde

2178 3042 2339 3095 etiam
2368 3040 2532 3092 libera
2556 3038 2788 3092 cltaritas
2815 3039 3072 3091 universa:
3100 3037 3444 3090 fraternitatis
3468 3038 3740 3103 requiren-

2178 3132 2301 3185 dum
2334 3132 2538 3199 putavit
2578 3129 2855 3183 consilium
2892 3140 3058 3183 tuum.
3110 3127 3466 3196 Respondeat,
3492 3127 3738 3190 obsecro,

2104 3243 2150 3304 ρ
2183 3237 2334 3276 tuens
2382 3222 2471 3275 illa
2522 3229 2705 3274 sancto
2756 3221 2975 3289 Spiritui
3020 3220 3041 3251 ³
3089 3221 3327 3274 serxieus
3375 3219 3653 3273 aifabiliter
3688 3230 3743 3273 et

2182 3312 2440 3367 veraciter
2469 3310 2511 3365 ⁸.
2539 3310 2652 3365 Νοη
2684 3311 2854 3365 solum
2880 3310 3019 3364 enim
3051 3312 3117 3364 de
3148 3310 3530 3373 sacerdotibus,
3555 3310 3645 3363 sed
3673 3312 3742 3364 de

2183 3408 2309 3474 ipsis
2359 3419 2568 3474 quoque
2622 3404 2852 3472 parvulis
2887 3405 3023 3473 apud
3070 3418 3163 3457 eos
3203 3403 3513 3471 baptizatis,
3564 3410 3738 3455 utrum

2180 3500 2389 3553 soleant
2413 3497 2497 3551 vel
2539 3497 2765 3553 debeant
2794 3498 2857 3551 ad
2885 3496 3216 3564 clericatum,
3249 3498 3291 3548 si
3322 3493 3599 3564 petierint,
3648 3510 3745 3563 ap-

2182 3588 2368 3658 plicari
2397 3587 2744 3642 consulimus.
2770 3586 2946 3641 Multis
2974 3586 3113 3639 enim
3140 3585 3320 3639 facere
3344 3585 3471 3638 istas
3498 3584 3744 3654 frequen-

2181 3690 2261 3749 ter
2292 3679 2577 3750 petitiones
2600 3678 2975 3739 concedimus.
3007 3691 3106 3731 nec
3132 3690 3389 3745 negamus
3408 3716 3422 3741 ,
3451 3675 3622 3729 donec
3647 3674 3741 3730 ba-

2180 3770 2291 3825 hito
2341 3769 2618 3824 vobiscum
2649 3769 2988 3837 diligentiore
3038 3776 3298 3832 tractatu,
3331 3766 3519 3835 legatio
3562 3776 3743 3820 nostra

2182 3870 2497 3915 revertatur.
2539 3857 2671 3912 illud
2701 3858 2860 3912 etiam
2894 3856 3203 3911 beatitudini
3235 3868 3335 3911 tute
3362 3856 3628 3910 credimus
3658 3857 3744 3909 in-

2182 3951 2474 4005 timandum
2503 3990 2517 4013 ,
2566 3948 2757 4003 fratres
2806 3948 3105 4016 aliquantus
3143 3963 3206 4002 ex
3246 3958 3429 4001 nostro
3472 3947 3743 4016 collegio,

2180 4042 2379 4098 relictis
2404 4044 2520 4097 sine
2544 4056 2700 4096 causa
2726 4042 2968 4111 plebibus
2995 4042 3129 4107 suis,
3160 4040 3224 4094 ad
3254 4042 3632 4095 transmarinas
3654 4054 3748 4092 na-

2181 4135 2363 4202 vigare
2389 4135 2583 4201 saepius
2607 4134 2875 4201 regiones.
2917 4132 3024 4186 llos
3054 4132 3251 4186 diutius
3290 4132 3522 4186 Ecclesia
3555 4132 3746 4185 tolera-

2182 4227 2289 4295 vit,
2320 4236 2630 4282 accusantes
2661 4225 3018 4300 [excusantes]
3048 4242 3144 4281 eos
3185 4226 3487 4280 violentiam
3539 4236 3747 4294 tempo-

2183 4316 2258 4370 ris
2291 4316 2438 4370 mali.
2469 4317 2704 4371 Petimus
2730 4333 2867 4372 nunc
2889 4327 2945 4371 ut
2967 4320 3268 4387 quicunque
3295 4317 3515 4371 forsitan
3541 4318 3751 4383 episco.

2184 4421 2310 4476 pus,
2364 4418 2454 4460 aut
2501 4408 2796 4477 presbyter,
2843 4407 2958 4462 sive
2990 4409 3271 4473 diaconus,
3328 4418 3419 4460 aut
3469 4406 3749 4474 cujuslibet

2186 4495 2455 4551 inferioris
2479 4496 2684 4551 ordinis
2719 4497 2947 4552 clericus
2977 4497 3094 4551 sine
3120 4506 3297 4550 nostra
3326 4495 3549 4565 epistola
3590 4510 3750 4549 vene-

2113 4614 2162 4674 D
2186 4591 2285 4652 rit,
2315 4596 2367 4642 et
2396 4603 2499 4641 non
2541 4588 2914 4657 approbaverit
2958 4602 3016 4642 se
3050 4602 3144 4658 pro
3173 4585 3399 4641 utilitate
3444 4595 3748 4640 sanctarum

2186 4678 2541 4734 Ecclesiarum
2579 4678 2743 4733 fuisse
2769 4679 3059 4743 directum,
3090 4678 3277 4732 similis
3309 4677 3562 4731 hatretico
3602 4679 3745 4744 judi-

2192 4780 2369 4824 cetur:
2410 4784 2582 4838 neque
2629 4782 2800 4823 vesrra
2826 4772 3197 4824 communione
3226 4770 3416 4841 dignm
3444 4772 3654 4831 existat,
3690 4780 3751 4823 ut

2194 4860 2246 4913 in
2276 4860 2526 4913 omnibus
2554 4867 2610 4915 et
2652 4876 2745 4929 per
2775 4861 2949 4914 omnia
2990 4860 3329 4913 beatitudinis
3359 4870 3548 4914 vestrae
3595 4860 3753 4913 disci-

2195 4949 2335 5017 plina
2380 4950 2641 5005 laudetur.
2676 4948 2745 5003 Et
2774 4950 2877 5003 alia
2916 4967 3071 5003 manu
3110 4967 3128 5003 :
3162 4950 3404 5019 chetcttt
3449 4948 3752 5024 [Vi-gelum]

2194 5047 2274 5103 te,
2325 5031 2602 5109 nostrique
2641 5057 2929 5096 memorem
2962 5052 3175 5110 pra-stet
3211 5044 3544 5110 omnipotens
3580 5043 3752 5107 Deus,

2192 5131 2409 5186 domine
2441 5134 2621 5189 frater.

2266 5264 2289 5295 ‘
2314 5264 2366 5318 In
2400 5265 2493 5318 illo
2519 5282 2569 5319 v.
2606 5282 2656 5320 c.
2702 5266 2813 5320 lucc
2840 5266 3143 5320 inseruntur
3175 5284 3188 5319 :
3226 5266 3396 5320 Potest
3443 5268 3573 5319 enim
3614 5268 3755 5323 sedes

2194 5335 2474 5399 apostolica
2510 5346 2752 5405 quantum
2790 5353 3050 5405 speramus
3082 5338 3182 5389 mle
3232 5340 3376 5391 nobis
3404 5340 3756 5406 interroganti-

2196 5406 2287 5460 ltus
2318 5406 2439 5459 dare
2467 5424 2778 5477 responsum,
2802 5418 2907 5463 etc.
2933 5421 2987 5461 ut
3018 5422 3194 5477 supra.
