4032 6184
268 288 334 341 υ
1372 278 1456 332 All
1497 274 1774 331 Sllflll‘TA
1818 272 2092 326 Jt)\N.\'lS
2140 269 2334 323 I’APJE
2376 269 2412 320 Ιῐ
3444 262 3507 313 ειη

1560 480 1884 582 ΑΡΡΕ

1800 396 1900 404 φ..-

1898 420 2205 581 ista

1008 664 1160 748 ΑΙ)
1211 662 1692 745 SCRIPTA
1750 654 2233 738 JOANNIS
2287 649 2596 731 PAPfE
2649 649 2763 730 II.

1695 800 1973 813 ——_

425 893 759 949 EPISTULA
794 893 809 923 ‘
844 891 986 960 (olim
1022 891 1063 961 l)
1103 890 1379 945 JOANNIS
1416 888 1616 944 ι’ΛΡιΕ
1657 891 1698 944 ll

699 1001 766 1038 ΑΟ
807 997 1073 1037 νΛιεκιυη
1114 997 1420 1036 EPI‘COPUM.

277 1077 431 1130 Docet
448 1075 704 1129 Christum
729 1074 1020 1136 Dominum,
1054 1075 1329 1125 secundum
1357 1074 1558 1126 deitatis
1582 1084 1838 1137 naturam,

348 1145 495 1229 Patri
520 1145 786 1213 (aqualem,
818 1146 1096 1198 secundum
1124 1160 1239 1197 vero
1270 1145 1551 1197 humanam
1581 1157 1839 1209 naturam,

345 1233 593 1269 minorem
621 1232 725 1269 €888
733 1255 745 1267 .

313 1308 778 1365 Reverendissimo
808 1306 955 1360 fratri
989 1304 1200 1360 Valerio
1250 1306 1506 1373 episcopo
1536 1305 1797 1359 Joannes.

348 1401 555 1469 Scripta
598 1408 702 1452 tute
749 1397 1058 1469 sanctitatis
1094 1396 1413 1469 suscipiens,
1444 1394 1597 1469 plena
1631 1409 1692 1447 ea
1724 1393 1845 1469 fidei

278 1464 484 1544 regula,
512 1485 613 1544 qua
639 1469 923 1544 plurimum
959 1467 1145 1535 polles,
1174 1464 1379 1544 inveni,
1413 1466 1604 1544 et_l)eo
1648 1466 1845 1544 gratias

288 1536 441 1597 reiuli
469 1536 608 1609 quod
631 1540 806 1592 anima
845 1547 899 1591 et
935 1553 1162 1609 corpore
1189 1547 1245 1609 te
1274 1537 1411 1609 bene
1449 1536 1629 1603 vigere
1657 1537 1841 1609 didici.

280 1614 422 1668 Sane
447 1605 508 1665 ea
540 1625 661 1678 qua:
689 1608 1000 1673 significasti
1033 1607 1307 1678 quosdam,
1345 1608 1523 1659 dicere
1551 1605 1691 1678 quod
1740 1620 1844 1678 non

281 1685 351 1737 sit
375 1676 791 1747 FiliusVa-qualis
824 1678 985 1741 Patri,
1018 1688 1073 1731 et
1116 1677 1258 1747 quod
1298 1677 1347 1730 in
1386 1677 1673 1745 Evangelia
1715 1676 1848 1729 scri-

280 1765 427 1822 ptum
462 1751 533 1805 sit
559 1771 569 1803 :
593 1746 755 1822 Pater
773 1751 1051 1822 major-(me
1074 1759 1147 1801 est
1178 1746 1357 1822 (.loan.
1389 1748 1496 1819 xw)
1522 1787 1538 1810 ,
1569 1747 1716 1822 scias
1740 1762 1844 1822 non

282 1816 431 1879 recte
460 1821 755 1887 inielligere
774 1816 907 1874 tales
935 1820 1055 1873 ﬁdei
1078 1816 1312 1886 regulas,
1339 1832 1436 1872 nec
1458 1816 1657 1871 rectam
1689 1816 1845 1870 ﬁdem

284 1910 448 1961 penes
478 1908 536 1947 se
558 1892 776 1945 habere.
810 1891 1014 1961 Paulus
1063 1889 1383 1961 apostolus?
1417 1903 1523 1942 non
1554 1887 1844 1961 secundum

284 1958 500 2020 deitatis
527 1973 769 2016 naturam
795 1960 1064 2016 Christum
1090 1968 1327 2013 creatum
1359 1959 1614 2022 insinuat,
1644 1958 1735 2011 sed
1766 1972 1842 2012 se-

285 2037 517 2089 cundum
555 2036 797 2085 humana:
820 2042 1019 2085 naturae
1044 2030 1391 2084 substantiam
1418 2028 1663 2084 eumdem
1696 2043 1849 2081 crea-

288 2117 403 2159 tum
437 2106 688 2166 afﬁrmat,
722 2104 838 2170 ipso
883 2101 1129 2170 Ephesiis
1178 2100 1549 2154 conscribente
1574 2116 1586 2151 :
1612 2096 1848 2152 Renova-

289 2178 435 2234 mini.
475 2173 846 2241 inquitspiritu
889 2173 1070 2225 mentis
1108 2179 1319 2237 vestras,
1353 2180 1400 2224 et
1428 2170 1625 2223 induite
1664 2184 1848 2241 novum

293 2249 568 2308 hominem,
589 2245 673 2311 qui
694 2240 973 2296 secundum
999 2242 1160 2295 Deum
1187 2251 1384 2294 creatus
1403 2250 1479 2295 est
1500 2242 1551 2294 in
1574 2240 1778 2312 justitia
1801 2251 1849 2291 et
1881 2251 1927 2309 B

288 2318 553 2370 sanctitate
574 2310 794 2367 veritatis
828 2312 1041 2385 (Ephes.
1074 2313 1171 2381 tv).
1204 2312 1268 2364 Et
1288 2312 1353 2365 ad
1382 2310 1659 2385 Hebraeos:
1697 2310 1849 2385 luco

289 2389 423 2440 enim
453 2389 502 2437 in
526 2402 625 2454 quo
656 2380 933 2452 passus'est
954 2384 1041 2454 ille
1061 2391 1110 2454 et
1137 2391 1379 2454 tentatus,
1409 2383 1559 2454 etiam
1590 2390 1748 2449 potest
1772 2380 1851 2454 his

292 2458 377 2523 qui
408 2449 916 2508 tenta'nturaumiliari
944 2452 1122 2522 (Hebr.
1143 2455 1223 2523 tt).
1252 2451 1422 2517 Unde,
1442 2452 1631 2506 fratres
1660 2449 1852 2523 saneti,

296 2522 592 2580 vocationis
613 2525 845 2579 cmleStis
865 2522 1187 2591 participes,
1201 2524 1537 2577 considerate
1556 2522 1853 2589 apostolum

296 2608 349 2651 et
378 2597 675 2665 pontificem
700 2611 799 2648 eun
821 2595 1046 2649 ess‘ionis
1071 2594 1480 2665 nostraelesum,
1511 2592 1857 2665 lideleat__exi-

294 2659 520 2723 stentem
544 2666 696 2732 eiqui
725 2670 923 2718 creavit
950 2680 1090 2718 eum.
1123 2665 1187 2717 Et
1211 2664 1273 2717 ad
1295 2664 1678 2718 Colossenses:
1705 2659 1857 2714 Nunc

299 2748 470 2790 autem
516 2735 745 2804 deponite
772 2747 816 2787 et
839 2750 923 2787 vos
950 2735 1204 2797 universa,
1242 2734 1391 2799 iram,
1435 2733 1853 2803 indignationem,

298 2809 565 2868 malitiam,
597 2804 983 2870 blasphemiam,
1038 2806 1309 2871 turpiaque
1341 2819 1404 2857 ea:
1447 2819 1533 2855 ore
1565 2812 1727 2856 vestro
1758 2816 1858 2852 non

301 2878 595 2945 procedant.
619 2876 793 2929 Nolite
818 2875 1016 2928 mentiri
1030 2877 1258 2939 invicem,
1286 2875 1618 2944 exspoliantes
1630 2890 1713 2926 vos
1729 2880 1859 2923 vete-

300 2967 404 3003 rem
421 2948 671 3000 hominem
687 2962 801 2998 cum
821 2947 1014 2999 actibus
1036 2945 1161 3011 suis,
1176 2956 1221 2999 et
1242 2946 1504 2998 induentes
1526 2958 1727 3007 novum,
1748 2958 1861 2994 eum

302 3023 388 3088 qui
415 3027 682 3071 renovatur
710 3020 760 3068 in
793 3017 1104 3088 aquitioncm
1155 3016 1434 3088 secundum
1459 3017 1553 3068 imo
1565 3016 1730 3085 ginem
1758 3014 1864 3083 ejus

299 3085 390 3162 qui
418 3089 603 3141 creavit
630 3086 989 3162 eumildoloss.
1023 3085 1121 3162 tu).
1156 3085 1399 3154 Nunquid
1429 3086 1515 3162 qui
1553 3085 1861 3162 universam

301 3157 623 3220 creaturam,
653 3158 905 3219 visibilia,
940 3158 1150 3224 propria
1194 3159 1471 3223 potestatis
1518 3157 1712 3208 virtute
1743 3169 1866 3221 pro-

303 3233 507 3286 creavit
535 3244 596 3282 ac
626 3228 766 3292 fecit,
799 3229 1033 3299 seipsnm
1056 3240 1210 3279 antea
1239 3227 1677 3299 velposttnodum
1702 3224 1865 3299 (quod

302 3302 486 3355 dicere
509 3300 675 3367 nefas)
706 3300 931 3361 creavit,
957 3298 1039 3350 vel
1069 3298 1242 3351 facere
1267 3295 1473 3366 potuit?
1504 3296 1668 3351 Filius
1688 3295 1863 3349 minor

302 3372 328 3403 ³
354 3383 433 3425 est
460 3371 614 3423 Patre
644 3371 693 3423 in
724 3369 980 3437 assumpti
1016 3368 1245 3421 hominis
1282 3369 1468 3430 forma,
1494 3367 1717 3435 :vqualis
1744 3379 1869 3420 vero

305 3443 448 3497 Patri
471 3454 551 3495 est
579 3442 629 3494 in
662 3440 875 3493 deitatis
899 3450 1100 3492 natura:
1131 3439 1448 3499 substantia.
1472 3442 1661 3492 eodem
1689 3448 1871 3505 prote-

304 3523 482 3567 staute
508 3530 520 3563 :
564 3510 674 3581 Ego
703 3520 749 3564 et
780 3509 935 3581 Pater
960 3525 1118 3581 unum
1145 3524 1319 3581 sumus
1360 3507 1535 3576 (Joan.
1568 3508 1643 3580 Σ).
1674 3509 1742 3581 Et
1769 3508 1865 3581 ite-

311 3599 425 3636 rum
452 3602 465 3635 :
500 3583 599 3648 Qui
615 3577 702 3633 'me
725 3579 879 3646 videt,
928 3580 1059 3633 videt
1087 3590 1133 3632 et
1159 3577 1366 3649 Patrem
1410 3577 1612 3649 (Joan.’
1641 3577 1772 3649 xlv).
1808 3578 1871 3649 Et

311 3654 541 3708 iterum:
586 3651 686 3717 Qui
705 3667 782 3703 me
822 3651 951 3716 odit,
976 3650 1080 3703 odit
1108 3660 1153 3703 et
1191 3648 1398 3704 Patrem
1422 3648 1627 3721 (Joan.
1662 3666 1725 3703 xv

316 3726 504 3779 iterum
532 3742 544 3776 :
583 3723 649 3776 Ut
681 3724 781 3776 sint
807 3721 861 3774 in
891 3721 1033 3775 nobis
1087 3737 1271 3784 unum,
1321 3722 1449 3775 sicut
1493 3730 1539 3773 et
1578 3737 1669 3774 nos
1700 3735 1875 3773 sumus

306 3810 464 3844 nnnm
490 3791 667 3851 (Joan.
690 3792 843 3859 xvtt).
874 3792 936 3843 Et
968 3791 1163 3843 iterum
1198 3808 1213 3846 :
1239 3787 1316 3840 Tu
1340 3790 1391 3840 in
1423 3788 1775 3859 me,et__eggin
1797 3786 1870 3838 eis

306 3864 497 3930 (Ibid).
515 3862 581 3915 Et
599 3856 828 3914 itu-runt:
852 3860 1045 3915 Omnia
1072 3870 1163 3912 tua
1182 3876 1294 3930 men
1309 3871 1428 3911 sunt
1456 3856 1742 3930 (lbitDsEt
1766 3858 1871 3910 ito-

308 3926 569 3999 rntango
587 3934 638 3983 in
661 3932 889 3989 Patre.et
912 3930 1070 3983 Pater
1088 3933 1139 3981 in
1155 3928 1548 3997 me(Joan.xw).
1564 3926 1868 3999 Etiternm:

313 4004 473 4056 Pater
493 3994 545 4054 in
568 4017 645 4052 me
666 4016 881 4052 manens
896 4001 1022 4067 facit
1042 4017 1199 4065 opera
1218 3994 1325 4052 litec
1346 3994 1537 4067 (Ibid).
1564 3994 1874 4067 Etloaunes

312 4073 639 4141 evangelista
661 4072 735 4123 ait
760 4088 770 4122 :
794 4070 859 4123 In
887 4064 1142 4141 principio
1164 4080 1285 4141 erat
1303 4064 1549 4141 Verbum,
1570 4078 1618 4120 et
1652 4064 1871 4141 Verbum

314 4154 427 4195 erat
454 4136 596 4207 apud
624 4141 808 4203 Deum,
851 4136 898 4194 et
936 4139 1071 4193 Deus
1100 4148 1214 4192 erat
1252 4140 1464 4192 Verbum
1496 4137 1680 4208 (Joan.
1711 4136 1785 4205 t);
1819 4146 1874 4189 el.

320 4216 513 4267 iterum
551 4212 666 4279 ipse
696 4212 759 4263 atl
792 4213 1049 4265 Parthus:
1084 4210 1208 4263 Tres
1235 4221 1377 4275 sunt,
1410 4212 1599 4278 inquit,
1624 4212 1713 4276 qui
1736 4208 1877 4260 testi-

320 4287 552 4335 inonium
582 4281 844 4350 perhibent
870 4283 921 4333 in
944 4292 1104 4335 terra.
1123 4287 1359 4348 spiritus,
1378 4297 1536 4344 aqua,
1563 4290 1608 4331 et
1631 4282 1876 4350 sanguis:

317 4363 369 4406 et
395 4364 496 4406 tres
519 4347 679 4405 miunt
702 4363 844 4408 sunt.
874 4352 939 4404 Et
963 4363 1065 4403 tres
1096 4347 1215 4403 sunt
1234 4352 1321 4417 qui
1339 4350 1689 4402 testimonium
1713 4347 1881 4414 perhi-

318 4426 440 4477 bent
474 4425 524 4474 in
543 4422 690 4489 caelo,
722 4423 903 4487 Pater,
949 4422 1186 4487 Verbum,
1217 4434 1265 4473 et
1299 4420 1531 4489 Spiritus
1571 4436 1588 4473 :
1628 4430 1673 4471 et
1705 4421 1756 4470 hi
1782 4429 1883 4470 tres

316 4510 483 4555 unum
517 4504 634 4546 sunt
666 4494 715 4564 (Ι
745 4494 902 4548 Joan.
938 4500 1011 4557 v).
1044 4492 1150 4546 Nos
1183 4494 1364 4560 itaque
1393 4493 1447 4544 itt
1476 4502 1665 4544 natura
1708 4490 1879 4543 deita-

310 4563 403 4622 tis,
427 4567 543 4629 quia
570 4563 727 4615 unum
756 4573 879 4616 sunt
909 4564 1065 4618 Pater
1093 4572 1145 4617 et
1180 4563 1366 4630 Filius,
1410 4580 1507 4619 nec
1538 4566 1745 4618 Patrem
1761 4579 1879 4618 cre-

310 4632 487 4704 dimth
508 4631 682 4704 aliquo
707 4643 944 4701 tempore
965 4634 1327 4701 prtecessisse,
1357 4650 1425 4689 ne
1446 4634 1616 4704 major
1630 4636 1697 4687 sit
1714 4633 1876 4699 Filio;

318 4716 416 4754 nec
440 4701 629 4755 ΙῖίΙίιιιη
662 4713 845 4772 postea
880 4716 1058 4757 natum
1091 4718 1232 4770 esse,
1270 4717 1327 4758 nt
1352 4701 1551 4760 deitate
1583 4706 1752 4759 Patris
1782 4710 1881 4758 mi-

318 4785 557 4842 tteretur.
590 4775 642 4826 Si
667 4777 884 4842 aequalis
907 4775 925 4804 ’⁸
953 4775 1093 4828 Patri
1117 4774 1280 4828 Filius
1313 4793 1417 4829 non
1446 4788 1547 4840 est,
1588 4792 1681 4829 cur
1713 4778 1781 4827 ita
1810 4776 1878 4829 de

314 4842 411 4895 illo
436 4841 668 4897 Joannes
690 4841 1017 4909 eVangelista
1053 4855 1273 4899 testatus
1301 4856 1383 4899 est
1409 4865 1419 4898 :
1451 4846 1750 4911 Propterea,
1801 4862 1879 4897 tit-

316 4913 460 4987 qnit,
495 4917 912 4983 persequebantur
943 4913 1117 4987 Indici
1163 4914 1341 4987 Iesum
1371 4930 1415 4969 et
1441 4918 1725 4987 quaerebant
1765 4933 1879 4968 eum

1757 3624 1943 3702 ζΕἱΟ

1869 889 1917 942 Α
1945 878 2080 949 quod
2100 886 2148 930 et
2172 877 2223 930 in
2239 874 2448 949 Christo
2465 874 2499 926 ,1
2504 891 2611 934 esu,
2633 873 2720 949 qui
2734 888 2849 924 cum
2867 871 2920 923 in
2937 877 3106 938 [arma
3117 866 3207 921 Dei
3230 877 3357 921 esset
3378 883 3499 949 con-

1944 937 2176 1005 s'titutus.
2212 964 2315 999 non
2340 948 2576 1011 rapinam
2606 937 2890 1011 arbitratus
2919 937 2993 992 est
3025 955 3135 992 esse
3165 955 3231 1011 se
3249 937 3501 1011 atqualem

1948 1020 2075 1083 Deo,
2092 1019 2179 1070 sed
2191 1008 2518 1074 semetipsum
2535 1013 2845 1076 exinanivit,
2866 1010 3084 1083 formam
3102 1009 3233 1083 servi
3252 1008 3507 1083 accipiens

1977 1077 2200 1152 Phil.|l).
2219 1087 2283 1140 Et
2300 1089 2352 1140 in
2370 1083 2789 1147 Salomonezaui
2805 1081 2976 1152 genuit
3000 1096 3078 1152 me
3096 1079 3335 1152 requievit
3361 1077 3505 1152 inta-

1977 1094 2200 1152 Phil.|t).
2219 1094 2283 1140 Et
2300 1094 2352 1140 in
2370 1094 2787 1147 Salomonezuui
2805 1094 2976 1150 genuit
3000 1096 3078 1131 me
3096 1094 3335 1145 requievit
3361 1094 3413 1127 in
3432 1094 3505 1127 ta-

1949 1094 2226 1213 bernuculo
2261 1153 2577 1224 meo(Ercli.
2613 1152 2779 1219 XXIV).
2817 1151 3332 1224 EtAEcelesiasticoc.
3365 1145 3509 1198 Sicut

1951 1239 2028 1284 est
2072 1231 2135 1280 ab
2172 1229 2339 1290 initio,
2368 1217 2441 1279 ila
2470 1240 2624 1290 usque
2654 1225 2709 1275 in
2736 1217 3024 1282 swculum;
3053 1235 3213 1288 neque
3242 1217 3511 1290 adjectum

1951 1310 2025 1354 est
2056 1301 2135 1364 ei,
2193 1312 2353 1364 neque
2384 1289 2645 1347 minuetur
2677 1293 2777 1347 illi.
2810 1290 3039 1364 (Ipseest
3059 1292 3221 1364 _enim
3268 1289 3510 1364 dominus

1953 1356 2206 1423 creatura:
2232 1356 2361 1431 suae,
2390 1367 2477 1435 qui
2533 1362 2842 1435 nihilJeguit
2899 1360 2964 1415 ab
3015 1358 3191 1435 aliquo
3264 1356 3439 1435 (Ibid.
3473 1356 3513 1418 ).

1949 1439 2014 1492 Et
2044 1439 2095 1492 in
2125 1439 2327 1506 psalmo
2359 1430 2501 1490 Lixu
2527 1453 2537 1487 :
2568 1432 2704 1501 Quid
2723 1430 2857 1506 enim
2884 1434 3007 1487 mihi
3028 1442 3101 1506 est
3131 1431 3332 1506 in_ctelo
3355 1430 3380 1483 .9
3406 1437 3453 1483 et
3482 1446 3515 1483 α

1948 1518 1997 1561 te
2016 1501 2136 1576 quid
2170 1508 2307 1561 volui
2342 1522 2496 1573 super
2524 1517 2729 1576 terram
2755 1506 2778 1558 ?
2809 1504 2932 1558 Haec
2958 1505 3135 1576 omnia
3177 1501 3363 1576 Filium
3408 1515 3514 1552 non

1947 1572 2251 1633 inferiorem
2293 1587 2478 1630 natura
2504 1575 2887 1635 demonstrant,
2919 1574 3010 1627 sed
3064 1580 3119 1627 et
3164 1572 3515 1640 a-qualitatem

1950 1649 2486 1703 deitatisannuntiant
2516 1663 2528 1697 :
2555 1646 2802 1713 quoniam
2820 1645 2909 1712 qni
2940 1653 3162 1711 utraque
3188 1645 3394 1713 locn_tns
3412 1649 3515 1705 est,

1949 1736 2131 1773 verum
2153 1721 2314 1779 d:xit,
2343 1718 2463 1784 quia
2488 1710 2696 1770 Veritas
2716 1710 2926 1769 mentiri
2952 1728 3054 1767 non
3080 1710 3271 1780 potuit.
3288 1710 3505 1775 Taliter,

1948 1791 1970 1822 '
2004 1790 2166 1843 frater
2202 1789 2508 1847 carissime.
2550 1801 2761 1849 semper
2805 1801 2924 1852 age,
2964 1794 3292 1850 cacterosque
3334 1796 3519 1835 omnes

1948 1875 2105 1930 agere
2129 1874 2306 1920 mone,
2339 1868 2398 1913 ut
2422 1858 2620 1930 abolito
2658 1857 2759 1911 hoc
2784 1856 2893 1930 q_nid
2923 1864 3076 1907 natus
3119 1854 3520 1930 vitlebatttr_er-

1949 1923 2091 1994 rore,
2126 1931 2179 1983 in
2209 1930 2415 1983 laudem
2448 1938 2501 1980 et
2536 1928 2763 1995 gloriam
2804 1926 2898 1979 Dei
2949 1939 3043 1991 per
3067 1934 3233 1976 totum
3261 1923 3517 1995 mundum

1954 2016 2053 2054 una
2098 1999 2229 2054 ﬁdes
2268 2001 2357 2063 sit,
2385 2008 2438 2053 et
2465 1994 2568 2051 una
2593 1997 2884 2063 eademque
2905 1995 3211 2056 confessio;
3244 2004 3293 2045 ut
3340 1994 3390 2044 in
3424 2008 3516 2043 no-

1950 2072 2084 2124 mine
2106 2070 2233 2124 Jesu
2255 2086 2399 2123 omne
2424 2085 2555 2138 genu
2591 2070 2825 2133 ﬂectatur
2856 2064 3130 2138 caelestium
3148 2107 3164 2129 ,
3214 2067 3519 2138 terrestrium

1950 2151 1996 2194 et
2019 2140 2359 2264 inﬁmorum,
2388 2132 2444 2191 et
2463 2132 2623 2191 omnis
2647 2138 2823 2203 lingua
2848 2137 3151 2203 confiteatur
3170 2136 3291 2202 quia
3342 2132 3518 2185 Domi—

1954 2229 2048 2264 nus
2103 2229 2215 2264 esus
2237 2211 2466 2263 Christus
2493 2211 2545 2261 in
2578 2209 2740 2264 aloria
2763 2218 2831 2259 est
2865 2208 2957 2259 ltei
2994 2204 3160 2256 Patris
3181 2204 3400 2264 (Philip.
3433 2203 3514 2264 tt).

1954 2229 2048 2265 nus
2066 2203 2215 2266 Iesus
2237 2211 2466 2263 Christus
2493 2211 2545 2261 in
2578 2209 2740 2275 gloria
2763 2218 2831 2259 est
2865 2208 2957 2259 ltei
2994 2204 3160 2256 Patris
3181 2204 3400 2273 (Philip.
3433 2203 3514 2275 tt).

1955 2282 2082 2336 Data
2108 2282 2261 2336 nonis
2291 2280 2310 2310 ⁸
2328 2273 2900 2347 Augusti,Justtniano
2925 2286 2979 2331 et
3017 2277 3323 2330 Atltalartco
3351 2275 3369 2303 ⁷
3388 2273 3519 2332 viris

1952 2352 2265 2407 clarissimis
2291 2349 2598 2404 consulibus
2629 2350 2670 2399 ⁸.

2265 2465 2579 2522 CANONES
2607 2461 2840 2519 JOANNI
2874 2459 3201 2517 ASCRIPTI.

1964 2577 2031 2632 Hi
2057 2578 2189 2631 tituli
2221 2592 2473 2629 canonum
2500 2584 2525 2611 ι
2563 2590 2689 2643 quos
2725 2574 2864 2625 nobis
2902 2570 3524 2643 suprascriptus__sanctus

2026 2659 2073 2703 et
2098 2650 2313 2701 domnus
2339 2662 2479 2698 meus
2508 2639 2732 2697 Joannes
2763 2658 2895 2712 papa
2918 2642 3052 2694 sedis
3092 2639 3384 2710 apostolica:
3411 2654 3526 2691 cum

2030 2715 2244 2788 praefata
2270 2717 2570 2769 auctoritate
2604 2714 2812 2767 direxit.

2033 2810 2111 2864 Ex
2160 2808 2382 2875 epistola
2434 2806 2608 2860 Siricii
2663 2820 2811 2875 papa:
2865 2804 3011 2857 nrbis
3076 2803 3256 2857 Romae
3317 2800 3530 2875 Emerio

1962 2872 2272 3006 (Himerio]
2317 2878 2568 2946 episcopo
2607 2872 2992 2930 Tarraconensi
3044 2875 3182 2927 inter
3222 2882 3412 2926 caetera
3463 2872 3528 2924 ad

1984 2967 2172 3006 ticum.
2210 2949 2439 3006 Capitula
2486 2963 2575 3000 vu.
2638 2947 2699 2998 Et
2739 2947 2857 3006 quia
2913 2945 3191 3006 aliquanti,
3238 2944 3299 2994 de
3348 2944 3528 3006 quibus

1975 2949 2172 3017 locum,
2210 2944 2439 3016 capitulo
2486 2944 2575 3000 vtt.
2638 2947 2699 2998 Et
2739 2947 2857 3016 quia
2913 2945 3191 3012 aliquanti,
3228 2944 3299 3017 (de
3348 2944 3528 3011 quibus

1968 3016 2244 3089 loquimur,
2285 3027 2333 3072 et
2374 3028 2461 3072 tua
2489 3020 2729 3070 sanctitas
2777 3017 2983 3080 retulit,
3014 3016 3529 3089 ignorationetapsos

1965 3084 2069 3145 esse
2098 3108 2151 3144 se
2181 3092 2367 3157 deﬂent
2386 3130 2401 3153 ,
2428 3089 2480 3141 id
2500 3098 2592 3146 est,
2618 3098 2672 3141 ut
2696 3090 2763 3139 ad
2806 3103 2987 3140 uxores
3012 3087 3243 3154 proprius
3268 3084 3528 3157 redierint,

1966 3163 2044 3217 his
2076 3178 2133 3214 ea
2157 3155 2442 3214 conditione
2462 3158 2857 3212 misericordiam
2878 3157 3091 3209 dicimus
3110 3172 3209 3207 non
3226 3155 3526 3222 negandum,

1968 3243 2024 3287 ut
2049 3234 2158 3286 sine
2186 3230 2292 3285 ullo
2322 3231 2523 3284 honoi-is
2544 3240 2832 3295 augmento,
2867 3228 2916 3278 in
2940 3227 3034 3278 hoc
3060 3242 3155 3293 quo
3178 3226 3356 3277 detecti
3388 3234 3525 3281 sunt,

1968 3304 2193 3372 quandiu
2222 3302 2532 3363 advixerint,
2580 3300 2739 3372 ofﬁcio
2768 3307 3109 3372 perseverent,
3144 3298 3382 3372 si_tamen
3422 3303 3533 3372 post

1970 3364 2078 3426 iure
2129 3374 2433 3426 continentes
2480 3386 2533 3423 se
2576 3364 2857 3422 studuerint
2904 3367 3154 3421 ealtibere.
3188 3366 3233 3417 li
3281 3381 3394 3417 νει-ο
3446 3364 3533 3434 qui

1970 3445 2138 3497 illiciti
2168 3444 2418 3513 privilegii
2465 3444 2786 3494 excusatione
2815 3440 3042 3513 nituntur
3070 3448 3120 3490 ut
3167 3437 3261 3513 sibi
3305 3444 3535 3513 asserunt

1971 3516 2118 3567 veteri
2146 3504 2238 3567 hoc
2268 3504 2376 3580 lege
2398 3527 2733 3573 concessum,
2777 3511 3001 3563 noverint
3042 3524 3095 3562 se
3127 3507 3189 3559 ab
3219 3508 3355 3580 omni
3377 3504 3535 3580 eccle-

1974 3586 2179 3638 siastico
2236 3577 2464 3647 honore,
2519 3598 2617 3648 quo
2661 3581 2857 3648 indigni
2895 3588 3041 3642 sunt,
3090 3577 3383 3643 apostolica:
3405 3577 3537 3628 sedis

1975 3656 2275 3708 auctoritate
2303 3654 2523 3725 dejectos
2541 3669 2569 3725 ;,
2588 3668 2676 3705 nec
2714 3668 2936 3725 unquam
2965 3665 3111 3725 posse
3146 3648 3538 3725 veneranda-at-

1977 3736 2188 3778 trectare
2206 3717 2466 3794 mysteria,
2487 3724 2666 3790 quibus
2682 3738 2732 3775 se
2760 3717 2877 3794 ipsi,
2904 3717 3023 3794 dum
3044 3719 3269 3794 obscenis
3286 3717 3539 3794 cupidita-

1976 3796 2111 3849 tibus
2158 3789 2380 3857 inhiant,
2413 3789 2749 3863 privarerunt.
2778 3791 2849 3863 (Et
2875 3793 2994 3861 quia
3020 3789 3247 3863 ecentpla
3284 3790 3540 3863 praeterita

1977 3881 2153 3918 cavere
2203 3882 2293 3918 nos
2326 3859 2633 3935 praimonent
2659 3865 2712 3914 in
2760 3859 2962 3935 futuro,
3003 3860 3207 3927 quilibet
3245 3859 3537 3935 episcopus,

1978 3936 2237 4005 presbyter
2290 3929 2440 4003 atque
2477 3929 2769 3995 diaconusp
2795 3934 2930 4000 quod
2960 3948 3059 4005 non
3078 3940 3326 4005 _opfamus
3350 3970 3365 3992 ,
3397 3929 3543 3982 dein-

1977 4001 2093 4071 ceps
2124 4001 2273 4070 fuerit
2298 4001 2413 4058 talis
2436 4005 2687 4063 inventus,
2704 4004 2816 4073 jam
2835 4019 2969 4055 nunc
2994 4001 3089 4054 sibi
3115 4016 3429 4073 omnemdper
3452 4016 3542 4051 nos

1976 4077 2306 4147 indulgentia:
2360 4078 2556 4128 aditum
2606 4071 2853 4147 intelligat
2880 4076 3187 4126 obseratum.
3232 4071 3365 4135 Quia
3406 4071 3542 4138 {erro

1978 4145 2176 4200 necesse
2205 4157 2275 4200 est
2327 4148 2627 4199 excidantur
2669 4145 2876 4198 vulnera
2916 4160 3027 4213 quia
3057 4146 3393 4212 {onrentorum
3442 4156 3541 4191 non

1977 4218 2221 4270 senserint
2252 4218 2570 4268 medicinam.

2053 4287 2130 4341 Ex
2162 4287 2456 4341 canonibus
2484 4286 2857 4354 Apostolorum
2889 4299 3005 4351 cap.
3039 4300 3165 4336 xxv.
3216 4313 3286 4323 —
3323 4282 3369 4351 (°
3393 4281 3540 4348 Quod

1977 4359 2287 4426 episcopus,
2318 4366 2409 4409 aut
2437 4357 2739 4426 presbyter,
2768 4366 2858 4409 aut
2879 4356 3155 4412 diaconus.
3180 4355 3221 4406 si
3247 4369 3343 4421 pro
3363 4354 3545 4405 crimi-

1980 4430 2136 4481 nibus
2161 4427 2394 4481 damnati
2444 4426 2672 4486 fuerint.
2698 4427 2916 4480 minime
2936 4427 3309 4479 ctnntnunione
3336 4438 3548 4490 priven-

1978 4497 2112 4565 tur.)
2137 4527 2205 4537 ——
2228 4497 2531 4569 Episwpus,
2562 4498 2818 4567 presbyter
2838 4506 2922 4549 aut
2946 4496 3209 4569 diaconus,
3237 4495 3319 4561 qui
3360 4494 3413 4546 in
3440 4495 3549 4561 for—

1979 4570 2232 4623 nicatione
2277 4566 2365 4621 aut
2417 4566 2643 4638 perjurio
2690 4566 2867 4632 captus
2907 4578 3017 4628 est,
3066 4566 3348 4638 deponatur
3380 4606 3394 4629 ,
3435 4579 3548 4638 non

1979 4650 2147 4691 tamen
2170 4633 2521 4692 communione
2544 4639 2787 4706 privetur;
2809 4639 2929 4690 dicit
2950 4636 3409 4706 enimScriptura:
3431 4633 3548 4687 Non

1978 4709 2267 4763 vindicabit
2297 4710 2549 4763 Dominus
2577 4708 2657 4761 bis
2679 4708 2730 4761 in
2763 4710 2990 4776 idipsum
3022 4705 3256 4778 (Nahum
3286 4706 3350 4778 ti.

2053 4781 2126 4834 Ex
2154 4780 2448 4834 canonibus
2471 4773 2852 4845 snprascriptis
2874 4794 2991 4846 cap.
3018 4773 3161 4831 istx.
3193 4802 3264 4816 -ο
3288 4774 3438 4844 Quod
3469 4773 3551 4827 of-

1982 4850 2157 4903 ﬁcium
2216 4850 2498 4919 pristinum
2528 4851 2762 4902 damnati
2804 4866 2899 4915 pro
2925 4849 3242 4903 criminibus
3292 4860 3550 4919 usurpare

1985 4937 2090 4974 non
2118 4916 2368 4975 debeant.
2393 4951 2461 4960 —
2489 4920 2549 4975 Si
2589 4921 2701 4987 quis
2727 4924 3012 4989 episwpns,
3043 4919 3300 4987 presbyter
3327 4927 3412 4970 aut
3438 4916 3551 4968 dia-

312 4985 564 5063 occidere,
592 4987 710 5054 quia
751 5003 863 5063 non
903 4986 1065 5063 solum
1119 4986 1340 5063 solrebat
1386 4985 1669 5063 sabbatum,
1714 4989 1800 5063 sed
1830 4999 1876 5040 et
1904 5002 1953 5060 Ι)
1982 5006 2165 5063 conus,
2197 4992 2458 5056 depositus
2494 4985 2635 5063 juste
2672 4985 2823 5059 super
2854 4985 3000 5063 certis
3040 4985 3551 5063 criminibuspausus

318 5051 523 5126 P_atrem
552 5051 697 5108 suum
726 5058 922 5110 dicebat
947 5056 1129 5120 Deum,
1163 5059 1406 5124 atqualem
1454 5076 1506 5111 se
1532 5058 1721 5126 faciens
1770 5057 1875 5111 Deo

315 5122 493 5193 (Joan.
518 5126 594 5195 v).
628 5127 692 5180 Et
724 5127 919 5181 Paulus
946 5122 1226 5196 apostolus
1249 5143 1263 5181 :
1294 5127 1409 5181 Hoc
1434 5122 1613 5182 sentite
1635 5131 1687 5181 in
1714 5131 1873 5194 vobis,

390 5252 416 5279 α
450 5245 579 5309 Quae
604 5244 667 5295 de
698 5242 796 5296 hac
824 5258 980 5296 causa
1031 5245 1403 5311 subjiciuntur,
1445 5262 1550 5299 non
1578 5246 1755 5299 omnia
1803 5260 1872 5297 ex

316 5328 446 5376 uno,
478 5316 569 5367 sed
598 5330 661 5366 ex
692 5315 916 5367 diversis
943 5317 1214 5369 codicibus
1253 5318 1563 5385 deprompta
1603 5328 1729 5370 sunt
1762 5331 1777 5369 :
1809 5333 1873 5368 ex

314 5385 620 5437 Corbetensi
670 5386 959 5449 nnuirum,
1012 5386 1304 5441 Pithmanis
1333 5389 1563 5450 duobus,
1606 5388 1875 5440 Lirinensi

317 5466 373 5508 et
401 5454 550 5516 aliis;
604 5458 697 5508 sed
741 5458 1068 5527 potissimum
1122 5472 1188 5510 ex
1230 5457 1541 5522 ltltetnensi,
1597 5459 1684 5527 qui
1730 5460 1877 5527 plura

314 5527 521 5579 caeteris
547 5526 871 5579 continebat.
898 5525 1015 5580 Jac.
1042 5526 1363 5583 Stanounus.

392 5600 403 5625 ³
440 5594 585 5667 lianc
614 5597 961 5649 adulterinum
996 5604 1158 5650 multa
1181 5603 1426 5667 probant.

384 5668 404 5743 ξ
436 5664 665 5743 ithacins
687 5672 805 5743 adv.
831 5664 1295 5743 Varimadum‘seu
1329 5668 1653 5725 Marivadum
1676 5684 1793 5740 cap.
1815 5667 1867 5722 4.

386 5735 405 5779 ³
432 5736 573 5790 Idem
604 5736 827 5791 lthacius
856 5752 970 5805 cap.
1004 5737 1056 5791 5.

1983 5061 2138 5128 fuerit
2170 5071 2444 5115 attrectare
2473 5058 2807 5115 ministerium
2848 5061 3039 5114 dudum
3077 5060 3173 5113 sibi
3199 5058 3548 5125 commissum,

1981 5131 2063 5184 hic
2085 5132 2147 5184 ab
2178 5128 2413 5186 Ecclesia
2438 5133 2532 5186 sibi
2553 5132 2898 5187 abscindatur.

2050 5243 2073 5275 ⁸
2094 5245 2236 5299 Idem
2269 5261 2388 5314 cap.
2418 5247 2469 5301 6.

2052 5317 2073 5347 ⁸
2100 5319 2157 5369 S.
2189 5317 2294 5370 Leo
2319 5318 2479 5385 epist.
2516 5317 2599 5372 15.

2054 5388 2075 5417 ⁸
2105 5387 2279 5441 Pridie
2310 5404 2499 5441 nonas.

2054 5457 2075 5488 ⁷
2105 5456 2257 5510 Falsa
2300 5461 2579 5511 consulunt
2608 5458 2900 5513 adnotatio.

2055 5530 2076 5559 ⁸
2102 5531 2256 5582 Anno
2281 5529 2473 5583 CbrISti
2504 5530 2629 5584 553.

2052 5675 2068 5693 ‘
2092 5670 2307 5726 Ansulis
2339 5673 2560 5736 inclusa,
2589 5688 2706 5740 qua:
2724 5671 2941 5726 deerant
2969 5672 3018 5726 itt
3044 5670 3280 5737 Labbeo,
3306 5670 3547 5740 suppleta

1989 5752 2112 5797 sunt
2139 5759 2201 5798 es
2232 5743 2351 5797 cod.
2385 5744 2483 5798 571
2520 5744 2683 5798 l’alat.
2715 5742 2884 5797 V'atic.
