  <div class='ocr_page' id='page_1' title='image "/cluster/home/n/w/nwhite01/storage/ocr_20150623/66/hvd.32044054758701/020.png"; bbox 0 0 4032 6184; ppageno 0'>
   <div class='ocr_carea' id='block_1_1' title="bbox 426 337 3683 407">
    <p class='ocr_par' dir='ltr' id='par_1_1' title="bbox 426 337 3683 407">
     <span class='ocr_line' id='line_1_1' title="bbox 426 337 3683 407; baseline 0.012 -19"><span class='ocrx_word' id='word_1_1' title='bbox 426 337 498 388; x_wconf 69' lang='lat' dir='ltr'><strong><em>ea</em></strong></span> <span class='ocrx_word' id='word_1_2' title='bbox 1868 351 2223 407; x_wconf 77' lang='lat' dir='ltr'><strong><em>AI&#39;PENDIX.</em></strong></span> <span class='ocrx_word' id='word_1_3' title='bbox 3592 354 3683 407; x_wconf 55' lang='grc' dir='ltr'><strong><em>ὅθ»</em></strong></span> 
     </span>
    </p>
   </div>
   <div class='ocr_carea' id='block_1_2' title="bbox 501 462 3655 531">
    <p class='ocr_par' dir='ltr' id='par_1_2' title="bbox 501 462 3655 531">
     <span class='ocr_line' id='line_1_2' title="bbox 501 462 3655 531; baseline 0 -14"><span class='ocrx_word' id='word_1_4' title='bbox 501 465 537 502; x_wconf 54' lang='grc' dir='ltr'><strong>ν</strong></span> <span class='ocrx_word' id='word_1_5' title='bbox 590 463 662 517; x_wconf 71' lang='lat' dir='ltr'><strong>Ex</strong></span> <span class='ocrx_word' id='word_1_6' title='bbox 718 464 1011 519; x_wconf 81' lang='lat' dir='ltr'><strong><em>canonihns</em></strong></span> <span class='ocrx_word' id='word_1_7' title='bbox 1070 466 1582 520; x_wconf 62' lang='lat' dir='ltr'><strong><em>Ncocmsariensibus</em></strong></span> <span class='ocrx_word' id='word_1_8' title='bbox 1634 479 1753 518; x_wconf 75' lang='lat' dir='ltr'><strong><em>xcv.</em></strong></span> <span class='ocrx_word' id='word_1_9' title='bbox 1798 494 1863 501; x_wconf 93' lang='lat'><strong>—</strong></span> <span class='ocrx_word' id='word_1_10' title='bbox 1916 462 1989 514; x_wconf 84' lang='lat' dir='ltr'><strong><em>De</em></strong></span> <span class='ocrx_word' id='word_1_11' title='bbox 2020 466 2409 524; x_wconf 72' lang='lat' dir='ltr'><strong><em>Astainerunt,</em></strong></span> <span class='ocrx_word' id='word_1_12' title='bbox 2472 464 2762 518; x_wconf 69' lang='lat' dir='ltr'><strong><em>sententias</em></strong></span> <span class='ocrx_word' id='word_1_13' title='bbox 2810 464 3205 531; x_wconf 77' lang='lat' dir='ltr'><strong><em>reprehendere</em></strong></span> <span class='ocrx_word' id='word_1_14' title='bbox 3259 464 3342 517; x_wconf 81' lang='lat' dir='ltr'><strong><em>vel</em></strong></span> <span class='ocrx_word' id='word_1_15' title='bbox 3382 464 3655 517; x_wconf 72' lang='lat' dir='ltr'><strong><em>damnare.</em></strong></span> 
     </span>
    </p>
   </div>
   <div class='ocr_carea' id='block_1_3' title="bbox 430 534 1991 604">
    <p class='ocr_par' dir='ltr' id='par_1_3' title="bbox 430 534 1991 604">
     <span class='ocr_line' id='line_1_3' title="bbox 430 534 1991 604; baseline -0.003 -15"><span class='ocrx_word' id='word_1_16' title='bbox 430 534 757 603; x_wconf 59' lang='lat' dir='ltr'><strong><em>presbyteris</em></strong></span> <span class='ocrx_word' id='word_1_17' title='bbox 785 536 872 604; x_wconf 87' lang='lat' dir='ltr'><strong>qui</strong></span> <span class='ocrx_word' id='word_1_18' title='bbox 903 536 1141 589; x_wconf 74' lang='lat' dir='ltr'><strong><em>fornicati</em></strong></span> <span class='ocrx_word' id='word_1_19' title='bbox 1168 548 1307 590; x_wconf 87' lang='lat' dir='ltr'><strong><em>sunt.</em></strong></span> <span class='ocrx_word' id='word_1_20' title='bbox 1340 567 1409 576; x_wconf 93' lang='lat'><strong><em>——</em></strong></span> <span class='ocrx_word' id='word_1_21' title='bbox 1440 537 1725 603; x_wconf 78' lang='lat' dir='ltr'><strong><em>Presbyter,</em></strong></span> <span class='ocrx_word' id='word_1_22' title='bbox 1756 538 1798 584; x_wconf 80' lang='lat' dir='ltr'><strong><em>si</em></strong></span> <span class='ocrx_word' id='word_1_23' title='bbox 1831 534 1991 602; x_wconf 77' lang='lat' dir='ltr'><strong><em>forni-</em></strong></span> 
     </span>
    </p>
   </div>
   <div class='ocr_carea' id='block_1_4' title="bbox 428 605 1987 676">
    <p class='ocr_par' dir='ltr' id='par_1_4' title="bbox 428 605 1987 676">
     <span class='ocr_line' id='line_1_4' title="bbox 428 605 1987 676; baseline -0.001 -18"><span class='ocrx_word' id='word_1_24' title='bbox 428 615 574 676; x_wconf 80' lang='lat' dir='ltr'><strong><em>catus</em></strong></span> <span class='ocrx_word' id='word_1_25' title='bbox 605 606 807 676; x_wconf 77' lang='lat' dir='ltr'><strong><em>fuerit,</em></strong></span> <span class='ocrx_word' id='word_1_26' title='bbox 852 616 938 657; x_wconf 89' lang='lat' dir='ltr'><strong><em>aut</em></strong></span> <span class='ocrx_word' id='word_1_27' title='bbox 974 608 1279 659; x_wconf 78' lang='lat' dir='ltr'><strong><em>adulierium</em></strong></span> <span class='ocrx_word' id='word_1_28' title='bbox 1330 618 1682 676; x_wconf 76' lang='lat' dir='ltr'><strong><em>perpetrarent</em></strong></span> <span class='ocrx_word' id='word_1_29' title='bbox 1732 605 1987 673; x_wconf 79' lang='lat' dir='ltr'><strong><em>amplius,</em></strong></span> 
     </span>
    </p>
   </div>
   <div class='ocr_carea' id='block_1_5' title="bbox 430 674 1455 748">
    <p class='ocr_par' dir='ltr' id='par_1_5' title="bbox 430 674 1455 748">
     <span class='ocr_line' id='line_1_5' title="bbox 430 674 1455 748; baseline 0.001 -20"><span class='ocrx_word' id='word_1_30' title='bbox 430 675 555 748; x_wconf 61' lang='lat' dir='ltr'><strong><em>pelli</em></strong></span> <span class='ocrx_word' id='word_1_31' title='bbox 579 674 718 728; x_wconf 88' lang='lat' dir='ltr'><strong><em>debet</em></strong></span> <span class='ocrx_word' id='word_1_32' title='bbox 736 677 878 748; x_wconf 31' lang='lat' dir='ltr'><strong><em>ethad</em></strong></span> <span class='ocrx_word' id='word_1_33' title='bbox 907 676 1245 744; x_wconf 73' lang='lat' dir='ltr'><strong><em>paenitentiam</em></strong></span> <span class='ocrx_word' id='word_1_34' title='bbox 1270 674 1455 748; x_wconf 80' lang='lat' dir='ltr'><strong><em>redigi.</em></strong></span> 
     </span>
    </p>
   </div>
   <div class='ocr_carea' id='block_1_6' title="bbox 505 744 1988 815">
    <p class='ocr_par' dir='ltr' id='par_1_6' title="bbox 505 744 1988 815">
     <span class='ocr_line' id='line_1_6' title="bbox 505 744 1988 815; baseline -0.001 -17"><span class='ocrx_word' id='word_1_35' title='bbox 505 746 581 798; x_wconf 80' lang='lat' dir='ltr'><strong><em>Ex</em></strong></span> <span class='ocrx_word' id='word_1_36' title='bbox 608 745 899 798; x_wconf 87' lang='lat' dir='ltr'><strong><em>canonihus</em></strong></span> <span class='ocrx_word' id='word_1_37' title='bbox 922 749 1260 799; x_wconf 78' lang='lat' dir='ltr'><strong><em>Antiochenis</em></strong></span> <span class='ocrx_word' id='word_1_38' title='bbox 1289 744 1521 815; x_wconf 83' lang='lat' dir='ltr'><strong><em>capitulo</em></strong></span> <span class='ocrx_word' id='word_1_39' title='bbox 1544 762 1614 798; x_wconf 86' lang='lat' dir='ltr'><strong><em>tv.</em></strong></span> <span class='ocrx_word' id='word_1_40' title='bbox 1644 775 1709 785; x_wconf 94' lang='lat'><strong><em>-—</em></strong></span> <span class='ocrx_word' id='word_1_41' title='bbox 1736 744 1807 799; x_wconf 86' lang='lat' dir='ltr'><strong><em>De</em></strong></span> <span class='ocrx_word' id='word_1_42' title='bbox 1836 746 1988 796; x_wconf 80' lang='lat' dir='ltr'><strong><em>dam-</em></strong></span> 
     </span>
    </p>
   </div>
   <div class='ocr_carea' id='block_1_7' title="bbox 430 816 1988 884">
    <p class='ocr_par' dir='ltr' id='par_1_7' title="bbox 430 816 1988 884">
     <span class='ocr_line' id='line_1_7' title="bbox 430 816 1988 884; baseline -0.001 -15"><span class='ocrx_word' id='word_1_43' title='bbox 430 817 570 869; x_wconf 88' lang='lat' dir='ltr'><strong><em>natis</em></strong></span> <span class='ocrx_word' id='word_1_44' title='bbox 596 825 651 868; x_wconf 89' lang='lat' dir='ltr'><strong><em>et</em></strong></span> <span class='ocrx_word' id='word_1_45' title='bbox 681 816 984 868; x_wconf 84' lang='lat' dir='ltr'><strong><em>ministrare</em></strong></span> <span class='ocrx_word' id='word_1_46' title='bbox 1008 818 1349 871; x_wconf 73' lang='lat' dir='ltr'><strong><em>latitantibus.</em></strong></span> <span class='ocrx_word' id='word_1_47' title='bbox 1379 847 1447 856; x_wconf 91' lang='lat'><strong><em>-—</em></strong></span> <span class='ocrx_word' id='word_1_48' title='bbox 1479 817 1537 871; x_wconf 89' lang='lat' dir='ltr'><strong><em>Si</em></strong></span> <span class='ocrx_word' id='word_1_49' title='bbox 1567 816 1679 884; x_wconf 88' lang='lat' dir='ltr'><strong><em>quis</em></strong></span> <span class='ocrx_word' id='word_1_50' title='bbox 1724 817 1988 883; x_wconf 75' lang='lat' dir='ltr'><strong><em>episcopus</em></strong></span> 
     </span>
    </p>
   </div>
   <div class='ocr_carea' id='block_1_8' title="bbox 428 888 1988 956">
    <p class='ocr_par' dir='ltr' id='par_1_8' title="bbox 428 888 1988 956">
     <span class='ocr_line' id='line_1_8' title="bbox 428 888 1988 956; baseline 0 -18"><span class='ocrx_word' id='word_1_51' title='bbox 428 888 705 938; x_wconf 84' lang='lat' dir='ltr'><strong><em>damnatus</em></strong></span> <span class='ocrx_word' id='word_1_52' title='bbox 732 903 763 937; x_wconf 90' lang='lat' dir='ltr'><strong><em>a</em></strong></span> <span class='ocrx_word' id='word_1_53' title='bbox 807 888 1035 954; x_wconf 77' lang='lat' dir='ltr'><strong><em>synodo,</em></strong></span> <span class='ocrx_word' id='word_1_54' title='bbox 1066 888 1140 940; x_wconf 76' lang='lat' dir='ltr'><strong><em>vel</em></strong></span> <span class='ocrx_word' id='word_1_55' title='bbox 1170 888 1423 956; x_wconf 70' lang='lat' dir='ltr'><strong><em>presbyter</em></strong></span> <span class='ocrx_word' id='word_1_56' title='bbox 1457 899 1544 939; x_wconf 88' lang='lat' dir='ltr'><strong><em>aut</em></strong></span> <span class='ocrx_word' id='word_1_57' title='bbox 1574 888 1816 938; x_wconf 80' lang='lat' dir='ltr'><strong><em>diaconus</em></strong></span> <span class='ocrx_word' id='word_1_58' title='bbox 1839 903 1869 936; x_wconf 91' lang='lat' dir='ltr'><strong><em>a</em></strong></span> <span class='ocrx_word' id='word_1_59' title='bbox 1897 902 1988 938; x_wconf 84' lang='lat' dir='ltr'><strong><em>suo</em></strong></span> 
     </span>
    </p>
   </div>
   <div class='ocr_carea' id='block_1_9' title="bbox 425 956 1988 1037">
    <p class='ocr_par' dir='ltr' id='par_1_9' title="bbox 425 956 1988 1037">
     <span class='ocr_line' id='line_1_9' title="bbox 425 956 1988 1037; baseline -0.001 -28"><span class='ocrx_word' id='word_1_60' title='bbox 425 956 685 1037; x_wconf 57' lang='lat' dir='ltr'><strong><em>cpiscOpo,</em></strong></span> <span class='ocrx_word' id='word_1_61' title='bbox 706 956 820 1034; x_wconf 83' lang='lat' dir='ltr'><strong><em>ausi</em></strong></span> <span class='ocrx_word' id='word_1_62' title='bbox 859 956 1043 1033; x_wconf 65' lang='lat' dir='ltr'><strong><em>[uelint</em></strong></span> <span class='ocrx_word' id='word_1_63' title='bbox 1072 958 1267 1021; x_wconf 88' lang='lat' dir='ltr'><strong><em>aliquid</em></strong></span> <span class='ocrx_word' id='word_1_64' title='bbox 1299 958 1362 1009; x_wconf 91' lang='lat' dir='ltr'><strong><em>de</em></strong></span> <span class='ocrx_word' id='word_1_65' title='bbox 1393 958 1671 1009; x_wconf 82' lang='lat' dir='ltr'><strong><em>ministerio</em></strong></span> <span class='ocrx_word' id='word_1_66' title='bbox 1700 971 1841 1007; x_wconf 89' lang='lat' dir='ltr'><strong><em>sacro</em></strong></span> <span class='ocrx_word' id='word_1_67' title='bbox 1869 972 1988 1037; x_wconf 50' lang='grc' dir='ltr'><strong><em>συγξ-</em></strong></span> 
     </span>
    </p>
   </div>
   <div class='ocr_carea' id='block_1_10' title="bbox 425 1026 1987 1097">
    <p class='ocr_par' dir='ltr' id='par_1_10' title="bbox 425 1026 1987 1097">
     <span class='ocr_line' id='line_1_10' title="bbox 425 1026 1987 1097; baseline 0 -20"><span class='ocrx_word' id='word_1_68' title='bbox 425 1026 648 1097; x_wconf 13' lang='grc' dir='ltr'><strong><em>ιίηῃενεᾼ,</em></strong></span> <span class='ocrx_word' id='word_1_69' title='bbox 676 1027 778 1077; x_wconf 81' lang='lat' dir='ltr'><strong><em>sive</em></strong></span> <span class='ocrx_word' id='word_1_70' title='bbox 803 1028 1065 1096; x_wconf 80' lang='lat' dir='ltr'><strong><em>episcopus</em></strong></span> <span class='ocrx_word' id='word_1_71' title='bbox 1086 1037 1237 1097; x_wconf 64' lang='lat' dir='ltr'><strong><em>juxta</em></strong></span> <span class='ocrx_word' id='word_1_72' title='bbox 1268 1033 1622 1095; x_wconf 56' lang='lat' dir='ltr'><strong><em>praecedentem</em></strong></span> <span class='ocrx_word' id='word_1_73' title='bbox 1660 1026 1987 1077; x_wconf 76' lang='lat' dir='ltr'><strong><em>consuetudi-</em></strong></span> 
     </span>
    </p>
   </div>
   <div class='ocr_carea' id='block_1_11' title="bbox 426 1095 1987 1165">
    <p class='ocr_par' dir='ltr' id='par_1_11' title="bbox 426 1095 1987 1165">
     <span class='ocr_line' id='line_1_11' title="bbox 426 1095 1987 1165; baseline 0.001 -18"><span class='ocrx_word' id='word_1_74' title='bbox 426 1111 560 1154; x_wconf 78' lang='lat' dir='ltr'><strong><em>nem,</em></strong></span> <span class='ocrx_word' id='word_1_75' title='bbox 592 1095 692 1148; x_wconf 76' lang='lat' dir='ltr'><strong><em>sive</em></strong></span> <span class='ocrx_word' id='word_1_76' title='bbox 725 1095 977 1165; x_wconf 76' lang='lat' dir='ltr'><strong><em>presbyter</em></strong></span> <span class='ocrx_word' id='word_1_77' title='bbox 997 1095 1098 1149; x_wconf 72' lang='lat' dir='ltr'><strong><em>aut</em></strong></span> <span class='ocrx_word' id='word_1_78' title='bbox 1114 1100 1384 1159; x_wconf 84' lang='lat' dir='ltr'><strong><em>diaconus,</em></strong></span> <span class='ocrx_word' id='word_1_79' title='bbox 1412 1098 1555 1149; x_wconf 90' lang='lat' dir='ltr'><strong><em>nullo</em></strong></span> <span class='ocrx_word' id='word_1_80' title='bbox 1576 1098 1726 1148; x_wconf 89' lang='lat' dir='ltr'><strong><em>modo</em></strong></span> <span class='ocrx_word' id='word_1_81' title='bbox 1755 1097 1900 1147; x_wconf 86' lang='lat' dir='ltr'><strong><em>liceat</em></strong></span> <span class='ocrx_word' id='word_1_82' title='bbox 1941 1098 1987 1149; x_wconf 76' lang='lat' dir='ltr'><strong><em>ei</em></strong></span> 
     </span>
    </p>
   </div>
   <div class='ocr_carea' id='block_1_12' title="bbox 424 1165 1987 1236">
    <p class='ocr_par' dir='ltr' id='par_1_12' title="bbox 424 1165 1987 1236">
     <span class='ocr_line' id='line_1_12' title="bbox 424 1165 1987 1236; baseline 0 -17"><span class='ocrx_word' id='word_1_83' title='bbox 424 1180 520 1219; x_wconf 73' lang='lat' dir='ltr'><strong><em>nec</em></strong></span> <span class='ocrx_word' id='word_1_84' title='bbox 546 1166 596 1215; x_wconf 89' lang='lat' dir='ltr'><strong><em>in</em></strong></span> <span class='ocrx_word' id='word_1_85' title='bbox 640 1166 742 1217; x_wconf 87' lang='lat' dir='ltr'><strong><em>alia</em></strong></span> <span class='ocrx_word' id='word_1_86' title='bbox 768 1169 961 1235; x_wconf 79' lang='lat' dir='ltr'><strong><em>synodo</em></strong></span> <span class='ocrx_word' id='word_1_87' title='bbox 982 1168 1311 1220; x_wconf 71' lang='lat' dir='ltr'><strong><em>restitutionis</em></strong></span> <span class='ocrx_word' id='word_1_88' title='bbox 1333 1184 1469 1236; x_wconf 90' lang='lat' dir='ltr'><strong><em>spem</em></strong></span> <span class='ocrx_word' id='word_1_89' title='bbox 1499 1178 1583 1219; x_wconf 88' lang='lat' dir='ltr'><strong><em>aut</em></strong></span> <span class='ocrx_word' id='word_1_90' title='bbox 1610 1165 1771 1218; x_wconf 85' lang='lat' dir='ltr'><strong><em>locum</em></strong></span> <span class='ocrx_word' id='word_1_91' title='bbox 1803 1166 1987 1219; x_wconf 84' lang='lat' dir='ltr'><strong><em>habere</em></strong></span> 
     </span>
    </p>
   </div>
   <div class='ocr_carea' id='block_1_13' title="bbox 425 1236 1985 1305">
    <p class='ocr_par' dir='ltr' id='par_1_13' title="bbox 425 1236 1985 1305">
     <span class='ocr_line' id='line_1_13' title="bbox 425 1236 1985 1305; baseline 0.003 -22"><span class='ocrx_word' id='word_1_92' title='bbox 425 1236 809 1305; x_wconf 58' lang='lat' dir='ltr'><strong><em>sgiisfactionis.</em></strong></span> <span class='ocrx_word' id='word_1_93' title='bbox 836 1236 937 1291; x_wconf 91' lang='lat' dir='ltr'><strong><em>Sed</em></strong></span> <span class='ocrx_word' id='word_1_94' title='bbox 962 1247 1009 1289; x_wconf 89' lang='lat' dir='ltr'><strong><em>et</em></strong></span> <span class='ocrx_word' id='word_1_95' title='bbox 1038 1241 1461 1290; x_wconf 78' lang='lat' dir='ltr'><strong><em>communicantes</em></strong></span> <span class='ocrx_word' id='word_1_96' title='bbox 1487 1240 1531 1290; x_wconf 90' lang='lat' dir='ltr'><strong><em>ei</em></strong></span> <span class='ocrx_word' id='word_1_97' title='bbox 1556 1253 1726 1289; x_wconf 86' lang='lat' dir='ltr'><strong><em>omnes</em></strong></span> <span class='ocrx_word' id='word_1_98' title='bbox 1747 1236 1898 1305; x_wconf 88' lang='lat' dir='ltr'><strong><em>abjici</em></strong></span> <span class='ocrx_word' id='word_1_99' title='bbox 1923 1238 1985 1289; x_wconf 89' lang='lat' dir='ltr'><strong><em>de</em></strong></span> 
     </span>
    </p>
   </div>
   <div class='ocr_carea' id='block_1_14' title="bbox 425 1301 1986 1376">
    <p class='ocr_par' dir='ltr' id='par_1_14' title="bbox 425 1301 1986 1376">
     <span class='ocr_line' id='line_1_14' title="bbox 425 1301 1986 1376; baseline 0.003 -21"><span class='ocrx_word' id='word_1_100' title='bbox 425 1301 680 1372; x_wconf 73' lang='lat' dir='ltr'><strong><em>Ecclesia,</em></strong></span> <span class='ocrx_word' id='word_1_101' title='bbox 722 1310 940 1359; x_wconf 67' lang='lat' dir='ltr'><strong><em>maxime</em></strong></span> <span class='ocrx_word' id='word_1_102' title='bbox 960 1308 1002 1357; x_wconf 91' lang='lat' dir='ltr'><strong><em>si</em></strong></span> <span class='ocrx_word' id='word_1_103' title='bbox 1041 1318 1361 1376; x_wconf 74' lang='lat' dir='ltr'><strong><em>posteaquam</em></strong></span> <span class='ocrx_word' id='word_1_104' title='bbox 1396 1307 1681 1359; x_wconf 89' lang='lat' dir='ltr'><strong><em>didicerunt</em></strong></span> <span class='ocrx_word' id='word_1_105' title='bbox 1721 1301 1986 1359; x_wconf 66' lang='lat' dir='ltr'><strong><em>aduersum</em></strong></span> 
     </span>
    </p>
   </div>
   <div class='ocr_carea' id='block_1_15' title="bbox 424 1378 1984 1455">
    <p class='ocr_par' dir='ltr' id='par_1_15' title="bbox 424 1378 1984 1455">
     <span class='ocr_line' id='line_1_15' title="bbox 424 1378 1984 1455; baseline 0.001 -27"><span class='ocrx_word' id='word_1_106' title='bbox 424 1386 726 1455; x_wconf 69' lang='lat' dir='ltr'><strong><em>memoratos</em></strong></span> <span class='ocrx_word' id='word_1_107' title='bbox 752 1378 1003 1436; x_wconf 83' lang='lat' dir='ltr'><strong><em>prolatam</em></strong></span> <span class='ocrx_word' id='word_1_108' title='bbox 1028 1379 1183 1448; x_wconf 77' lang='lat' dir='ltr'><strong><em>fuisse</em></strong></span> <span class='ocrx_word' id='word_1_109' title='bbox 1203 1379 1518 1442; x_wconf 85' lang='lat' dir='ltr'><strong><em>sententiam,</em></strong></span> <span class='ocrx_word' id='word_1_110' title='bbox 1552 1378 1737 1430; x_wconf 87' lang='lat' dir='ltr'><strong><em>eisdem</em></strong></span> <span class='ocrx_word' id='word_1_111' title='bbox 1763 1392 1984 1429; x_wconf 84' lang='lat' dir='ltr'><strong><em>commu-</em></strong></span> 
     </span>
    </p>
   </div>
   <div class='ocr_carea' id='block_1_16' title="bbox 425 1450 937 1499">
    <p class='ocr_par' dir='ltr' id='par_1_16' title="bbox 425 1450 937 1499">
     <span class='ocr_line' id='line_1_16' title="bbox 425 1450 937 1499; baseline 0.002 -2"><span class='ocrx_word' id='word_1_112' title='bbox 425 1450 596 1498; x_wconf 86' lang='lat' dir='ltr'><strong><em>nicare</em></strong></span> <span class='ocrx_word' id='word_1_113' title='bbox 624 1450 937 1499; x_wconf 86' lang='lat' dir='ltr'><strong><em>tentaverint.</em></strong></span> 
     </span>
    </p>
   </div>
   <div class='ocr_carea' id='block_1_17' title="bbox 499 1515 1983 1586">
    <p class='ocr_par' dir='ltr' id='par_1_17' title="bbox 499 1515 1983 1586">
     <span class='ocr_line' id='line_1_17' title="bbox 499 1515 1983 1586; baseline 0.001 -19"><span class='ocrx_word' id='word_1_114' title='bbox 499 1515 580 1586; x_wconf 79' lang='lat' dir='ltr'><strong>Ex</strong></span> <span class='ocrx_word' id='word_1_115' title='bbox 634 1518 927 1569; x_wconf 78' lang='lat' dir='ltr'><strong><em>ranonibus</em></strong></span> <span class='ocrx_word' id='word_1_116' title='bbox 973 1518 1347 1586; x_wconf 85' lang='lat' dir='ltr'><strong><em>suprascriptis</em></strong></span> <span class='ocrx_word' id='word_1_117' title='bbox 1391 1519 1622 1584; x_wconf 86' lang='lat' dir='ltr'><strong><em>capitulo</em></strong></span> <span class='ocrx_word' id='word_1_118' title='bbox 1678 1533 1862 1571; x_wconf 78' lang='lat' dir='ltr'><strong><em>xv.—</em></strong></span> <span class='ocrx_word' id='word_1_119' title='bbox 1911 1517 1983 1569; x_wconf 86' lang='lat' dir='ltr'><strong><em>De</em></strong></span> 
     </span>
    </p>
   </div>
   <div class='ocr_carea' id='block_1_18' title="bbox 425 1585 1981 1657">
    <p class='ocr_par' dir='ltr' id='par_1_18' title="bbox 425 1585 1981 1657">
     <span class='ocr_line' id='line_1_18' title="bbox 425 1585 1981 1657; baseline 0.001 -19"><span class='ocrx_word' id='word_1_120' title='bbox 425 1585 693 1651; x_wconf 81' lang='lat' dir='ltr'><strong><em>episcopis</em></strong></span> <span class='ocrx_word' id='word_1_121' title='bbox 709 1589 775 1640; x_wconf 87' lang='lat' dir='ltr'><strong><em>ab</em></strong></span> <span class='ocrx_word' id='word_1_122' title='bbox 798 1587 1032 1650; x_wconf 75' lang='lat' dir='ltr'><strong><em>ejusdem</em></strong></span> <span class='ocrx_word' id='word_1_123' title='bbox 1051 1585 1333 1651; x_wconf 67' lang='lat' dir='ltr'><strong><em>provinciae</em></strong></span> <span class='ocrx_word' id='word_1_124' title='bbox 1346 1589 1613 1657; x_wconf 80' lang='lat' dir='ltr'><strong><em>episcopis</em></strong></span> <span class='ocrx_word' id='word_1_125' title='bbox 1626 1598 1981 1640; x_wconf 67' lang='lat' dir='ltr'><strong><em>consonanter</em></strong></span> 
     </span>
    </p>
   </div>
   <div class='ocr_carea' id='block_1_19' title="bbox 425 1657 1984 1728">
    <p class='ocr_par' dir='ltr' id='par_1_19' title="bbox 425 1657 1984 1728">
     <span class='ocr_line' id='line_1_19' title="bbox 425 1657 1984 1728; baseline -0.002 -18"><span class='ocrx_word' id='word_1_126' title='bbox 425 1657 678 1710; x_wconf 75' lang='lat' dir='ltr'><strong><em>exclusis.</em></strong></span> <span class='ocrx_word' id='word_1_127' title='bbox 700 1686 770 1697; x_wconf 92' lang='lat'><strong>—</strong></span> <span class='ocrx_word' id='word_1_128' title='bbox 799 1657 857 1711; x_wconf 89' lang='lat' dir='ltr'><strong><em>Si</em></strong></span> <span class='ocrx_word' id='word_1_129' title='bbox 884 1660 995 1720; x_wconf 87' lang='lat' dir='ltr'><strong><em>quis</em></strong></span> <span class='ocrx_word' id='word_1_130' title='bbox 1024 1659 1287 1728; x_wconf 90' lang='lat' dir='ltr'><strong><em>episcopus</em></strong></span> <span class='ocrx_word' id='word_1_131' title='bbox 1316 1660 1378 1711; x_wconf 90' lang='lat' dir='ltr'><strong><em>de</em></strong></span> <span class='ocrx_word' id='word_1_132' title='bbox 1399 1660 1545 1711; x_wconf 77' lang='lat' dir='ltr'><strong><em>certis</em></strong></span> <span class='ocrx_word' id='word_1_133' title='bbox 1579 1658 1867 1711; x_wconf 83' lang='lat' dir='ltr'><strong><em>criminibus</em></strong></span> <span class='ocrx_word' id='word_1_134' title='bbox 1898 1674 1984 1709; x_wconf 86' lang='lat' dir='ltr'><strong><em>nc-</em></strong></span> 
     </span>
    </p>
   </div>
   <div class='ocr_carea' id='block_1_20' title="bbox 422 1728 1982 1798">
    <p class='ocr_par' dir='ltr' id='par_1_20' title="bbox 422 1728 1982 1798">
     <span class='ocr_line' id='line_1_20' title="bbox 422 1728 1982 1798; baseline 0.001 -21"><span class='ocrx_word' id='word_1_135' title='bbox 422 1736 627 1778; x_wconf 76' lang='lat' dir='ltr'><strong><em>cusatus</em></strong></span> <span class='ocrx_word' id='word_1_136' title='bbox 680 1730 1042 1780; x_wconf 79' lang='lat' dir='ltr'><strong><em>condemnatur</em></strong></span> <span class='ocrx_word' id='word_1_137' title='bbox 1082 1728 1144 1780; x_wconf 89' lang='lat' dir='ltr'><strong><em>ab</em></strong></span> <span class='ocrx_word' id='word_1_138' title='bbox 1194 1730 1427 1782; x_wconf 87' lang='lat' dir='ltr'><strong><em>omnibus</em></strong></span> <span class='ocrx_word' id='word_1_139' title='bbox 1468 1729 1716 1797; x_wconf 79' lang='lat' dir='ltr'><strong>episcopis</strong></span> <span class='ocrx_word' id='word_1_140' title='bbox 1757 1728 1982 1798; x_wconf 82' lang='lat' dir='ltr'><strong><em>ejusdem</em></strong></span> 
     </span>
    </p>
   </div>
   <div class='ocr_carea' id='block_1_21' title="bbox 422 1798 1983 1867">
    <p class='ocr_par' dir='ltr' id='par_1_21' title="bbox 422 1798 1983 1867">
     <span class='ocr_line' id='line_1_21' title="bbox 422 1798 1983 1867; baseline 0.001 -20"><span class='ocrx_word' id='word_1_141' title='bbox 422 1798 727 1867; x_wconf 67' lang='lat' dir='ltr'><strong><em>provinciae,</em></strong></span> <span class='ocrx_word' id='word_1_142' title='bbox 778 1800 1039 1867; x_wconf 80' lang='lat' dir='ltr'><strong><em>cunctique</em></strong></span> <span class='ocrx_word' id='word_1_143' title='bbox 1065 1809 1396 1852; x_wconf 82' lang='lat' dir='ltr'><strong><em>consonanter</em></strong></span> <span class='ocrx_word' id='word_1_144' title='bbox 1416 1800 1638 1851; x_wconf 87' lang='lat' dir='ltr'><strong><em>eamdem</em></strong></span> <span class='ocrx_word' id='word_1_145' title='bbox 1668 1808 1844 1850; x_wconf 85' lang='lat' dir='ltr'><strong><em>contra</em></strong></span> <span class='ocrx_word' id='word_1_146' title='bbox 1871 1814 1983 1851; x_wconf 87' lang='lat' dir='ltr'><strong><em>eum</em></strong></span> 
     </span>
    </p>
   </div>
   <div class='ocr_carea' id='block_1_22' title="bbox 424 1865 1985 1939">
    <p class='ocr_par' dir='ltr' id='par_1_22' title="bbox 424 1865 1985 1939">
     <span class='ocr_line' id='line_1_22' title="bbox 424 1865 1985 1939; baseline 0.001 -22"><span class='ocrx_word' id='word_1_147' title='bbox 424 1865 643 1939; x_wconf 78' lang='lat' dir='ltr'><strong><em>[armant</em></strong></span> <span class='ocrx_word' id='word_1_148' title='bbox 660 1868 843 1939; x_wconf 85' lang='lat' dir='ltr'><strong><em>decreti</em></strong></span> <span class='ocrx_word' id='word_1_149' title='bbox 864 1865 1186 1937; x_wconf 80' lang='lat' dir='ltr'><strong><em>protulerint,</em></strong></span> <span class='ocrx_word' id='word_1_150' title='bbox 1210 1869 1342 1921; x_wconf 78' lang='lat' dir='ltr'><strong><em>hunc</em></strong></span> <span class='ocrx_word' id='word_1_151' title='bbox 1363 1872 1499 1939; x_wconf 92' lang='lat' dir='ltr'><strong><em>apud</em></strong></span> <span class='ocrx_word' id='word_1_152' title='bbox 1520 1868 1648 1922; x_wconf 91' lang='lat' dir='ltr'><strong><em>alios</em></strong></span> <span class='ocrx_word' id='word_1_153' title='bbox 1676 1870 1820 1921; x_wconf 89' lang='lat' dir='ltr'><strong><em>nullo</em></strong></span> <span class='ocrx_word' id='word_1_154' title='bbox 1838 1870 1985 1920; x_wconf 91' lang='lat' dir='ltr'><strong><em>modo</em></strong></span> 
     </span>
    </p>
   </div>
   <div class='ocr_carea' id='block_1_23' title="bbox 422 1936 1987 2015">
    <p class='ocr_par' dir='ltr' id='par_1_23' title="bbox 422 1936 1987 2015">
     <span class='ocr_line' id='line_1_23' title="bbox 422 1936 1987 2015; baseline 0.001 -27"><span class='ocrx_word' id='word_1_155' title='bbox 422 1936 665 2015; x_wconf 61' lang='lat' dir='ltr'><strong><em>iudicari,</em></strong></span> <span class='ocrx_word' id='word_1_156' title='bbox 694 1938 782 1991; x_wconf 87' lang='lat' dir='ltr'><strong><em>sed</em></strong></span> <span class='ocrx_word' id='word_1_157' title='bbox 811 1940 1012 2001; x_wconf 74' lang='lat' dir='ltr'><strong><em>ﬁrmam</em></strong></span> <span class='ocrx_word' id='word_1_158' title='bbox 1045 1936 1455 2015; x_wconf 78' lang='lat' dir='ltr'><strong><em>concordantium</em></strong></span> <span class='ocrx_word' id='word_1_159' title='bbox 1483 1940 1830 2009; x_wconf 79' lang='lat' dir='ltr'><strong><em>episcOporum</em></strong></span> <span class='ocrx_word' id='word_1_160' title='bbox 1862 1955 1987 2009; x_wconf 87' lang='lat' dir='ltr'><strong><em>pro-</em></strong></span> 
     </span>
    </p>
   </div>
   <div class='ocr_carea' id='block_1_24' title="bbox 424 2019 1175 2062">
    <p class='ocr_par' dir='ltr' id='par_1_24' title="bbox 424 2019 1175 2062">
     <span class='ocr_line' id='line_1_24' title="bbox 424 2019 1175 2062; baseline 0.001 -3"><span class='ocrx_word' id='word_1_161' title='bbox 424 2022 602 2059; x_wconf 74' lang='grc' dir='ltr'><strong><em>ινιηοιω</em></strong></span> <span class='ocrx_word' id='word_1_162' title='bbox 626 2023 829 2061; x_wconf 87' lang='lat' dir='ltr'><strong><em>manere</em></strong></span> <span class='ocrx_word' id='word_1_163' title='bbox 855 2019 1175 2062; x_wconf 83' lang='lat' dir='ltr'><strong><em>sententiam.</em></strong></span> 
     </span>
    </p>
   </div>
   <div class='ocr_carea' id='block_1_25' title="bbox 425 2121 1984 2193">
    <p class='ocr_par' dir='ltr' id='par_1_25' title="bbox 425 2121 1984 2193">
     <span class='ocr_line' id='line_1_25' title="bbox 425 2121 1984 2193; baseline -0.001 -16"><span class='ocrx_word' id='word_1_164' title='bbox 425 2121 585 2177; x_wconf 78' lang='lat' dir='ltr'><strong>Tituli</strong></span> <span class='ocrx_word' id='word_1_165' title='bbox 615 2125 750 2184; x_wconf 76' lang='lat' dir='ltr'><strong><em>infra</em></strong></span> <span class='ocrx_word' id='word_1_166' title='bbox 783 2126 958 2193; x_wconf 82' lang='lat' dir='ltr'><strong>scripti</strong></span> <span class='ocrx_word' id='word_1_167' title='bbox 986 2128 1052 2178; x_wconf 90' lang='lat' dir='ltr'><strong><em>ad</em></strong></span> <span class='ocrx_word' id='word_1_168' title='bbox 1082 2127 1175 2178; x_wconf 78' lang='lat' dir='ltr'><strong><em>hoc</em></strong></span> <span class='ocrx_word' id='word_1_169' title='bbox 1205 2126 1267 2178; x_wconf 87' lang='lat' dir='ltr'><strong><em>de</em></strong></span> <span class='ocrx_word' id='word_1_170' title='bbox 1291 2127 1567 2179; x_wconf 87' lang='lat' dir='ltr'><strong><em>canonibus</em></strong></span> <span class='ocrx_word' id='word_1_171' title='bbox 1594 2127 1815 2189; x_wconf 71' lang='lat' dir='ltr'><strong><em>excerpti</em></strong></span> <span class='ocrx_word' id='word_1_172' title='bbox 1842 2137 1984 2190; x_wconf 87' lang='lat' dir='ltr'><strong><em>sunt,</em></strong></span> 
     </span>
    </p>
   </div>
   <div class='ocr_carea' id='block_1_26' title="bbox 494 2197 1989 2267">
    <p class='ocr_par' dir='ltr' id='par_1_26' title="bbox 494 2197 1989 2267">
     <span class='ocr_line' id='line_1_26' title="bbox 494 2197 1989 2267; baseline 0.003 -21"><span class='ocrx_word' id='word_1_173' title='bbox 494 2205 550 2267; x_wconf 85' lang='lat' dir='ltr'><strong><em>ut</em></strong></span> <span class='ocrx_word' id='word_1_174' title='bbox 580 2197 919 2267; x_wconf 83' lang='lat' dir='ltr'><strong><em>unusquisque</em></strong></span> <span class='ocrx_word' id='word_1_175' title='bbox 960 2198 1169 2248; x_wconf 81' lang='lat' dir='ltr'><strong>breviter</strong></span> <span class='ocrx_word' id='word_1_176' title='bbox 1207 2199 1362 2262; x_wconf 83' lang='lat' dir='ltr'><strong><em>possit</em></strong></span> <span class='ocrx_word' id='word_1_177' title='bbox 1398 2213 1665 2267; x_wconf 82' lang='lat' dir='ltr'><strong><em>agnoscere</em></strong></span> <span class='ocrx_word' id='word_1_178' title='bbox 1699 2198 1834 2265; x_wconf 88' lang='lat' dir='ltr'><strong><em>quod</em></strong></span> <span class='ocrx_word' id='word_1_179' title='bbox 1887 2198 1989 2250; x_wconf 86' lang='lat' dir='ltr'><strong><em>cle-</em></strong></span> 
     </span>
    </p>
   </div>
   <div class='ocr_carea' id='block_1_27' title="bbox 494 2266 1988 2346">
    <p class='ocr_par' dir='ltr' id='par_1_27' title="bbox 494 2266 1988 2346">
     <span class='ocr_line' id='line_1_27' title="bbox 494 2266 1988 2346; baseline 0.002 -30"><span class='ocrx_word' id='word_1_180' title='bbox 494 2266 592 2346; x_wconf 75' lang='lat' dir='ltr'><strong><em>rici</em></strong></span> <span class='ocrx_word' id='word_1_181' title='bbox 620 2278 729 2346; x_wconf 80' lang='lat' dir='ltr'><strong><em>post</em></strong></span> <span class='ocrx_word' id='word_1_182' title='bbox 770 2268 981 2318; x_wconf 81' lang='lat' dir='ltr'><strong><em>crimina</em></strong></span> <span class='ocrx_word' id='word_1_183' title='bbox 998 2268 1250 2346; x_wconf 67' lang='lat' dir='ltr'><strong><em>capitalia</em></strong></span> <span class='ocrx_word' id='word_1_184' title='bbox 1293 2285 1393 2322; x_wconf 89' lang='lat' dir='ltr'><strong><em>non</em></strong></span> <span class='ocrx_word' id='word_1_185' title='bbox 1414 2266 1609 2337; x_wconf 87' lang='lat' dir='ltr'><strong><em>possint</em></strong></span> <span class='ocrx_word' id='word_1_186' title='bbox 1644 2269 1709 2321; x_wconf 93' lang='lat' dir='ltr'><strong><em>ad</em></strong></span> <span class='ocrx_word' id='word_1_187' title='bbox 1746 2269 1988 2321; x_wconf 84' lang='lat' dir='ltr'><strong><em>honorem</em></strong></span> 
     </span>
    </p>
   </div>
   <div class='ocr_carea' id='block_1_28' title="bbox 492 2338 1028 2404">
    <p class='ocr_par' dir='ltr' id='par_1_28' title="bbox 492 2338 1028 2404">
     <span class='ocr_line' id='line_1_28' title="bbox 492 2338 1028 2404; baseline 0.004 -17"><span class='ocrx_word' id='word_1_188' title='bbox 492 2338 763 2404; x_wconf 82' lang='lat' dir='ltr'><strong><em>pristinum</em></strong></span> <span class='ocrx_word' id='word_1_189' title='bbox 788 2338 1028 2389; x_wconf 89' lang='lat' dir='ltr'><strong><em>revocari.</em></strong></span> 
     </span>
    </p>
   </div>
   <div class='ocr_carea' id='block_1_29' title="bbox 495 2447 1989 2521">
    <p class='ocr_par' dir='ltr' id='par_1_29' title="bbox 495 2447 1989 2521">
     <span class='ocr_line' id='line_1_29' title="bbox 495 2447 1989 2521; baseline 0.003 -22"><span class='ocrx_word' id='word_1_190' title='bbox 495 2447 575 2521; x_wconf 82' lang='lat' dir='ltr'><strong><em>_Ad</em></strong></span> <span class='ocrx_word' id='word_1_191' title='bbox 622 2448 795 2521; x_wconf 86' lang='lat' dir='ltr'><strong><em>locum</em></strong></span> <span class='ocrx_word' id='word_1_192' title='bbox 824 2489 837 2510; x_wconf 90' lang='lat'><strong><em>,</em></strong></span> <span class='ocrx_word' id='word_1_193' title='bbox 888 2447 954 2502; x_wconf 91' lang='lat' dir='ltr'><strong><em>de</em></strong></span> <span class='ocrx_word' id='word_1_194' title='bbox 993 2448 1197 2521; x_wconf 79' lang='lat' dir='ltr'><strong><em>synodo</em></strong></span> <span class='ocrx_word' id='word_1_195' title='bbox 1236 2448 1445 2503; x_wconf 76' lang='lat' dir='ltr'><strong><em>Nicznna</em></strong></span> <span class='ocrx_word' id='word_1_196' title='bbox 1480 2450 1631 2521; x_wconf 79' lang='lat' dir='ltr'><strong><em>(Con.</em></strong></span> <span class='ocrx_word' id='word_1_197' title='bbox 1676 2449 1779 2519; x_wconf 76' lang='lat' dir='ltr'><strong><em>ix),</em></strong></span> <span class='ocrx_word' id='word_1_198' title='bbox 1823 2450 1870 2501; x_wconf 97' lang='lat' dir='ltr'><strong><em>id</em></strong></span> <span class='ocrx_word' id='word_1_199' title='bbox 1906 2458 1989 2503; x_wconf 87' lang='lat' dir='ltr'><strong><em>est</em></strong></span> 
     </span>
    </p>
   </div>
   <div class='ocr_carea' id='block_1_30' title="bbox 421 2518 1985 2589">
    <p class='ocr_par' dir='ltr' id='par_1_30' title="bbox 421 2518 1985 2589">
     <span class='ocr_line' id='line_1_30' title="bbox 421 2518 1985 2589; baseline 0 -18"><span class='ocrx_word' id='word_1_200' title='bbox 421 2518 528 2572; x_wconf 77' lang='lat' dir='ltr'><strong><em>3l8</em></strong></span> <span class='ocrx_word' id='word_1_201' title='bbox 550 2519 943 2585; x_wconf 84' lang='lat' dir='ltr'><strong><em>episcoporum.</em></strong></span> <span class='ocrx_word' id='word_1_202' title='bbox 982 2518 1041 2573; x_wconf 89' lang='lat' dir='ltr'><strong>Si</strong></span> <span class='ocrx_word' id='word_1_203' title='bbox 1081 2522 1168 2585; x_wconf 90' lang='lat' dir='ltr'><strong>qui</strong></span> <span class='ocrx_word' id='word_1_204' title='bbox 1200 2523 1327 2589; x_wconf 74' lang='lat' dir='ltr'><strong><em>forte</em></strong></span> <span class='ocrx_word' id='word_1_205' title='bbox 1356 2518 1625 2573; x_wconf 83' lang='lat' dir='ltr'><strong><em>indiscrete</em></strong></span> <span class='ocrx_word' id='word_1_206' title='bbox 1659 2522 1725 2572; x_wconf 92' lang='lat' dir='ltr'><strong><em>ad</em></strong></span> <span class='ocrx_word' id='word_1_207' title='bbox 1745 2524 1985 2572; x_wconf 75' lang='lat' dir='ltr'><strong><em>sacerdo-</em></strong></span> 
     </span>
    </p>
   </div>
   <div class='ocr_carea' id='block_1_31' title="bbox 425 2589 1987 2660">
    <p class='ocr_par' dir='ltr' id='par_1_31' title="bbox 425 2589 1987 2660">
     <span class='ocr_line' id='line_1_31' title="bbox 425 2589 1987 2660; baseline 0.002 -21"><span class='ocrx_word' id='word_1_208' title='bbox 425 2591 551 2640; x_wconf 74' lang='lat' dir='ltr'><strong><em>tium</em></strong></span> <span class='ocrx_word' id='word_1_209' title='bbox 574 2589 789 2660; x_wconf 71' lang='lat' dir='ltr'><strong><em>prouecti</em></strong></span> <span class='ocrx_word' id='word_1_210' title='bbox 812 2630 823 2647; x_wconf 90' lang='lat'><strong><em>,</em></strong></span> <span class='ocrx_word' id='word_1_211' title='bbox 853 2591 1168 2660; x_wconf 84' lang='lat' dir='ltr'><strong><em>postmodum</em></strong></span> <span class='ocrx_word' id='word_1_212' title='bbox 1196 2596 1269 2643; x_wconf 79' lang='lat' dir='ltr'><strong><em>i&#39;el</em></strong></span> <span class='ocrx_word' id='word_1_213' title='bbox 1294 2591 1390 2660; x_wconf 86' lang='lat' dir='ltr'><strong><em>ipsi</em></strong></span> <span class='ocrx_word' id='word_1_214' title='bbox 1413 2592 1607 2656; x_wconf 87' lang='lat' dir='ltr'><strong><em>aliquid</em></strong></span> <span class='ocrx_word' id='word_1_215' title='bbox 1630 2592 1692 2641; x_wconf 80' lang='lat' dir='ltr'><strong><em>de</em></strong></span> <span class='ocrx_word' id='word_1_216' title='bbox 1720 2609 1771 2642; x_wconf 73' lang='lat' dir='ltr'><strong><em>se</em></strong></span> <span class='ocrx_word' id='word_1_217' title='bbox 1816 2592 1961 2643; x_wconf 87' lang='lat' dir='ltr'><strong><em>crimi</em></strong></span> <span class='ocrx_word' id='word_1_218' title='bbox 1977 2620 1987 2629; x_wconf 85' lang='lat'><strong>-</strong></span> 
     </span>
    </p>
   </div>
   <div class='ocr_carea' id='block_1_32' title="bbox 425 2659 1910 2728">
    <p class='ocr_par' dir='ltr' id='par_1_32' title="bbox 425 2659 1910 2728">
     <span class='ocr_line' id='line_1_32' title="bbox 425 2659 1910 2728; baseline 0.003 -18"><span class='ocrx_word' id='word_1_219' title='bbox 425 2675 603 2712; x_wconf 73' lang='lat' dir='ltr'><strong><em>nosum</em></strong></span> <span class='ocrx_word' id='word_1_220' title='bbox 633 2659 847 2728; x_wconf 78' lang='lat' dir='ltr'><strong><em>professi</em></strong></span> <span class='ocrx_word' id='word_1_221' title='bbox 871 2671 1009 2721; x_wconf 89' lang='lat' dir='ltr'><strong><em>sunt,</em></strong></span> <span class='ocrx_word' id='word_1_222' title='bbox 1036 2659 1113 2711; x_wconf 80' lang='lat' dir='ltr'><strong><em>uel</em></strong></span> <span class='ocrx_word' id='word_1_223' title='bbox 1141 2662 1201 2712; x_wconf 84' lang='lat' dir='ltr'><strong><em>ab</em></strong></span> <span class='ocrx_word' id='word_1_224' title='bbox 1229 2660 1345 2713; x_wconf 87' lang='lat' dir='ltr'><strong><em>aliis</em></strong></span> <span class='ocrx_word' id='word_1_225' title='bbox 1369 2663 1559 2723; x_wconf 87' lang='lat' dir='ltr'><strong><em>revicti,</em></strong></span> <span class='ocrx_word' id='word_1_226' title='bbox 1587 2661 1910 2725; x_wconf 71' lang='lat' dir='ltr'><strong><em>abjicianmr.</em></strong></span> 
     </span>
    </p>
   </div>
   <div class='ocr_carea' id='block_1_33' title="bbox 704 2771 1703 2839">
    <p class='ocr_par' dir='ltr' id='par_1_33' title="bbox 704 2771 1703 2839">
     <span class='ocr_line' id='line_1_33' title="bbox 704 2771 1703 2839; baseline 0.005 -16"><span class='ocrx_word' id='word_1_227' title='bbox 704 2771 965 2839; x_wconf 87' lang='lat' dir='ltr'><strong><em>Incipiunt</em></strong></span> <span class='ocrx_word' id='word_1_228' title='bbox 993 2772 1125 2825; x_wconf 89' lang='lat' dir='ltr'><strong><em>tituli</em></strong></span> <span class='ocrx_word' id='word_1_229' title='bbox 1155 2789 1405 2826; x_wconf 86' lang='lat' dir='ltr'><strong><em>canonum</em></strong></span> <span class='ocrx_word' id='word_1_230' title='bbox 1429 2773 1703 2829; x_wconf 76' lang='lat' dir='ltr'><strong><em>Gallicani.</em></strong></span> 
     </span>
    </p>
   </div>
   <div class='ocr_carea' id='block_1_34' title="bbox 492 2863 1984 2933">
    <p class='ocr_par' dir='ltr' id='par_1_34' title="bbox 492 2863 1984 2933">
     <span class='ocr_line' id='line_1_34' title="bbox 492 2863 1984 2933; baseline 0.001 -16"><span class='ocrx_word' id='word_1_231' title='bbox 492 2864 569 2917; x_wconf 86' lang='lat' dir='ltr'><strong><em>De</em></strong></span> <span class='ocrx_word' id='word_1_232' title='bbox 595 2863 796 2933; x_wconf 70' lang='lat' dir='ltr'><strong><em>synodo</em></strong></span> <span class='ocrx_word' id='word_1_233' title='bbox 827 2864 1113 2918; x_wconf 79' lang='lat' dir='ltr'><strong><em>Valentime</em></strong></span> <span class='ocrx_word' id='word_1_234' title='bbox 1135 2866 1363 2918; x_wconf 80' lang='lat' dir='ltr'><strong>civitatis</strong></span> <span class='ocrx_word' id='word_1_235' title='bbox 1398 2865 1767 2933; x_wconf 86' lang='lat' dir='ltr'><strong><em>episcoporum</em></strong></span> <span class='ocrx_word' id='word_1_236' title='bbox 1801 2864 1865 2921; x_wconf 77' lang='grc'><strong><em>18</em></strong></span> <span class='ocrx_word' id='word_1_237' title='bbox 1885 2908 1898 2930; x_wconf 88' lang='grc'><strong>.</strong></span> <span class='ocrx_word' id='word_1_238' title='bbox 1933 2883 1984 2920; x_wconf 83' lang='lat' dir='ltr'><strong><em>tv</em></strong></span> 
     </span>
    </p>
   </div>
   <div class='ocr_carea' id='block_1_35' title="bbox 420 2931 1981 3008">
    <p class='ocr_par' dir='ltr' id='par_1_35' title="bbox 420 2931 1981 3008">
     <span class='ocr_line' id='line_1_35' title="bbox 420 2931 1981 3008; baseline 0.002 -21"><span class='ocrx_word' id='word_1_239' title='bbox 420 2933 542 3008; x_wconf 80' lang='lat' dir='ltr'><strong><em>i_d_us</em></strong></span> <span class='ocrx_word' id='word_1_240' title='bbox 553 2931 736 3008; x_wconf 32' lang='lat' dir='ltr'><strong><em>Jul—ias,</em></strong></span> <span class='ocrx_word' id='word_1_241' title='bbox 754 2931 1006 2986; x_wconf 88' lang='lat' dir='ltr'><strong><em>Gratiano</em></strong></span> <span class='ocrx_word' id='word_1_242' title='bbox 1029 2951 1081 3008; x_wconf 85' lang='lat' dir='ltr'><strong><em>Ill</em></strong></span> <span class='ocrx_word' id='word_1_243' title='bbox 1095 2945 1156 3008; x_wconf 85' lang='lat' dir='ltr'><strong><em>et</em></strong></span> <span class='ocrx_word' id='word_1_244' title='bbox 1174 2936 1381 3008; x_wconf 80' lang='lat' dir='ltr'><strong><em>Equitio</em></strong></span> <span class='ocrx_word' id='word_1_245' title='bbox 1395 2931 1699 3008; x_wconf 74' lang='lat' dir='ltr'><strong><em>consulibus</em></strong></span> <span class='ocrx_word' id='word_1_246' title='bbox 1722 2935 1867 3000; x_wconf 78' lang='lat' dir='ltr'><strong><em>(Con.</em></strong></span> <span class='ocrx_word' id='word_1_247' title='bbox 1886 2940 1981 3008; x_wconf 87' lang='lat' dir='ltr'><strong><em>tv).</em></strong></span> 
     </span>
    </p>
   </div>
   <div class='ocr_carea' id='block_1_36' title="bbox 422 3004 1983 3067">
    <p class='ocr_par' dir='ltr' id='par_1_36' title="bbox 422 3004 1983 3067">
     <span class='ocr_line' id='line_1_36' title="bbox 422 3004 1983 3067; baseline 0.001 -11"><span class='ocrx_word' id='word_1_248' title='bbox 422 3004 537 3056; x_wconf 81' lang='lat' dir='ltr'><strong><em>Nec</em></strong></span> <span class='ocrx_word' id='word_1_249' title='bbox 566 3004 716 3067; x_wconf 89' lang='lat' dir='ltr'><strong><em>illud,</em></strong></span> <span class='ocrx_word' id='word_1_250' title='bbox 751 3008 951 3067; x_wconf 73' lang='lat' dir='ltr'><strong><em>fratres,</em></strong></span> <span class='ocrx_word' id='word_1_251' title='bbox 985 3006 1199 3058; x_wconf 83' lang='lat' dir='ltr'><strong><em>scribere</em></strong></span> <span class='ocrx_word' id='word_1_252' title='bbox 1226 3007 1445 3058; x_wconf 84' lang='lat' dir='ltr'><strong><em>alienum</em></strong></span> <span class='ocrx_word' id='word_1_253' title='bbox 1476 3008 1536 3058; x_wconf 88' lang='lat' dir='ltr'><strong><em>ab</em></strong></span> <span class='ocrx_word' id='word_1_254' title='bbox 1568 3004 1807 3061; x_wconf 75' lang='lat' dir='ltr'><strong><em>Ecclesia:</em></strong></span> <span class='ocrx_word' id='word_1_255' title='bbox 1847 3004 1983 3060; x_wconf 75' lang='lat' dir='ltr'><strong><em>utili-</em></strong></span> 
     </span>
    </p>
   </div>
   <div class='ocr_carea' id='block_1_37' title="bbox 420 3076 1982 3145">
    <p class='ocr_par' dir='ltr' id='par_1_37' title="bbox 420 3076 1982 3145">
     <span class='ocr_line' id='line_1_37' title="bbox 420 3076 1982 3145; baseline 0.003 -19"><span class='ocrx_word' id='word_1_256' title='bbox 420 3083 525 3127; x_wconf 83' lang='lat' dir='ltr'><strong><em>tate</em></strong></span> <span class='ocrx_word' id='word_1_257' title='bbox 550 3077 831 3127; x_wconf 88' lang='lat' dir='ltr'><strong><em>censuimus</em></strong></span> <span class='ocrx_word' id='word_1_258' title='bbox 853 3116 865 3135; x_wconf 93' lang='lat'><strong><em>,</em></strong></span> <span class='ocrx_word' id='word_1_259' title='bbox 898 3086 951 3126; x_wconf 88' lang='lat' dir='ltr'><strong><em>ut</em></strong></span> <span class='ocrx_word' id='word_1_260' title='bbox 996 3076 1187 3128; x_wconf 85' lang='lat' dir='ltr'><strong><em>sciretis</em></strong></span> <span class='ocrx_word' id='word_1_261' title='bbox 1226 3077 1500 3145; x_wconf 88' lang='lat' dir='ltr'><strong><em>quicunque</em></strong></span> <span class='ocrx_word' id='word_1_262' title='bbox 1532 3078 1622 3128; x_wconf 89' lang='lat' dir='ltr'><strong><em>sub</em></strong></span> <span class='ocrx_word' id='word_1_263' title='bbox 1660 3080 1982 3131; x_wconf 81' lang='lat' dir='ltr'><strong><em>ordinatione</em></strong></span> 
     </span>
    </p>
   </div>
   <div class='ocr_carea' id='block_1_38' title="bbox 420 3145 1978 3214">
    <p class='ocr_par' dir='ltr' id='par_1_38' title="bbox 420 3145 1978 3214">
     <span class='ocr_line' id='line_1_38' title="bbox 420 3145 1978 3214; baseline 0.003 -18"><span class='ocrx_word' id='word_1_264' title='bbox 420 3145 497 3197; x_wconf 69' lang='lat' dir='ltr'><strong><em>uel</em></strong></span> <span class='ocrx_word' id='word_1_265' title='bbox 521 3146 837 3208; x_wconf 82' lang='lat' dir='ltr'><strong><em>diaconatus,</em></strong></span> <span class='ocrx_word' id='word_1_266' title='bbox 864 3145 937 3197; x_wconf 84' lang='lat' dir='ltr'><strong><em>vel</em></strong></span> <span class='ocrx_word' id='word_1_267' title='bbox 962 3147 1270 3214; x_wconf 63' lang='lat' dir='ltr'><strong><em>presbyterii.</em></strong></span> <span class='ocrx_word' id='word_1_268' title='bbox 1305 3146 1380 3199; x_wconf 81' lang='lat' dir='ltr'><strong><em>vel</em></strong></span> <span class='ocrx_word' id='word_1_269' title='bbox 1408 3149 1746 3212; x_wconf 84' lang='lat' dir='ltr'><strong><em>episcopatus,</em></strong></span> <span class='ocrx_word' id='word_1_270' title='bbox 1775 3149 1978 3200; x_wconf 83' lang='lat' dir='ltr'><strong><em>mortali</em></strong></span> 
     </span>
    </p>
   </div>
   <div class='ocr_carea' id='block_1_39' title="bbox 2095 534 3658 604">
    <p class='ocr_par' dir='ltr' id='par_1_39' title="bbox 2095 534 3658 604">
     <span class='ocr_line' id='line_1_39' title="bbox 2095 534 3658 604; baseline 0 -20"><span class='ocrx_word' id='word_1_271' title='bbox 2095 534 2198 584; x_wconf 78' lang='lat' dir='ltr'><strong><em>Sed</em></strong></span> <span class='ocrx_word' id='word_1_272' title='bbox 2233 536 2366 586; x_wconf 85' lang='lat' dir='ltr'><strong><em>l&#39;urte</em></strong></span> <span class='ocrx_word' id='word_1_273' title='bbox 2414 534 2581 602; x_wconf 88' lang='lat' dir='ltr'><strong><em>major</em></strong></span> <span class='ocrx_word' id='word_1_274' title='bbox 2623 537 2674 588; x_wconf 91' lang='lat' dir='ltr'><strong><em>in</em></strong></span> <span class='ocrx_word' id='word_1_275' title='bbox 2703 537 2803 587; x_wconf 89' lang='lat' dir='ltr'><strong><em>illis</em></strong></span> <span class='ocrx_word' id='word_1_276' title='bbox 2832 544 2914 589; x_wconf 78' lang='lat' dir='ltr'><strong><em>est.</em></strong></span> <span class='ocrx_word' id='word_1_277' title='bbox 2940 536 3105 603; x_wconf 78' lang='lat' dir='ltr'><strong><em>pietas</em></strong></span> <span class='ocrx_word' id='word_1_278' title='bbox 3132 550 3286 604; x_wconf 92' lang='lat' dir='ltr'><strong><em>qnam</em></strong></span> <span class='ocrx_word' id='word_1_279' title='bbox 3339 538 3389 585; x_wconf 89' lang='lat' dir='ltr'><strong><em>in</em></strong></span> <span class='ocrx_word' id='word_1_280' title='bbox 3418 537 3658 601; x_wconf 69' lang='lat' dir='ltr'><strong><em>supiatli-</em></strong></span> 
     </span>
    </p>
   </div>
   <div class='ocr_carea' id='block_1_40' title="bbox 2092 604 3658 674">
    <p class='ocr_par' dir='ltr' id='par_1_40' title="bbox 2092 604 3658 674">
     <span class='ocr_line' id='line_1_40' title="bbox 2092 604 3658 674; baseline 0.003 -19"><span class='ocrx_word' id='word_1_281' title='bbox 2092 604 2191 656; x_wconf 80' lang='lat' dir='ltr'><strong><em>ctis</em></strong></span> <span class='ocrx_word' id='word_1_282' title='bbox 2222 604 2471 657; x_wconf 81' lang='lat' dir='ltr'><strong><em>trecentis</em></strong></span> <span class='ocrx_word' id='word_1_283' title='bbox 2499 606 2682 659; x_wconf 87' lang='lat' dir='ltr'><strong><em>decem</em></strong></span> <span class='ocrx_word' id='word_1_284' title='bbox 2710 618 2763 659; x_wconf 84' lang='lat' dir='ltr'><strong><em>et</em></strong></span> <span class='ocrx_word' id='word_1_285' title='bbox 2792 616 2912 659; x_wconf 81' lang='lat' dir='ltr'><strong><em>octo</em></strong></span> <span class='ocrx_word' id='word_1_286' title='bbox 2944 607 3239 674; x_wconf 78' lang='lat' dir='ltr'><strong><em>episcopis:</em></strong></span> <span class='ocrx_word' id='word_1_287' title='bbox 3272 604 3442 672; x_wconf 67' lang='lat' dir='ltr'><strong><em>mujur</em></strong></span> <span class='ocrx_word' id='word_1_288' title='bbox 3471 606 3520 655; x_wconf 89' lang='lat' dir='ltr'><strong><em>in</em></strong></span> <span class='ocrx_word' id='word_1_289' title='bbox 3553 607 3658 660; x_wconf 87' lang='lat' dir='ltr'><strong><em>illis</em></strong></span> 
     </span>
    </p>
   </div>
   <div class='ocr_carea' id='block_1_41' title="bbox 2095 675 3655 743">
    <p class='ocr_par' dir='ltr' id='par_1_41' title="bbox 2095 675 3655 743">
     <span class='ocr_line' id='line_1_41' title="bbox 2095 675 3655 743; baseline 0.001 -18"><span class='ocrx_word' id='word_1_290' title='bbox 2095 675 2456 727; x_wconf 77' lang='lat' dir='ltr'><strong><em>misericordia</em></strong></span> <span class='ocrx_word' id='word_1_291' title='bbox 2480 691 2634 743; x_wconf 84' lang='lat' dir='ltr'><strong><em>quam</em></strong></span> <span class='ocrx_word' id='word_1_292' title='bbox 2661 677 2711 730; x_wconf 89' lang='lat' dir='ltr'><strong><em>in</em></strong></span> <span class='ocrx_word' id='word_1_293' title='bbox 2732 688 2915 729; x_wconf 78' lang='lat' dir='ltr'><strong><em>sancto</em></strong></span> <span class='ocrx_word' id='word_1_294' title='bbox 2943 676 3144 729; x_wconf 82' lang='lat' dir='ltr'><strong><em>Joanne</em></strong></span> <span class='ocrx_word' id='word_1_295' title='bbox 3166 677 3460 743; x_wconf 79' lang='lat' dir='ltr'><strong><em>apostolico</em></strong></span> <span class='ocrx_word' id='word_1_296' title='bbox 3488 689 3655 741; x_wconf 84' lang='lat' dir='ltr'><strong><em>papa;</em></strong></span> 
     </span>
    </p>
   </div>
   <div class='ocr_carea' id='block_1_42' title="bbox 2093 744 3658 815">
    <p class='ocr_par' dir='ltr' id='par_1_42' title="bbox 2093 744 3658 815">
     <span class='ocr_line' id='line_1_42' title="bbox 2093 744 3658 815; baseline 0.002 -21"><span class='ocrx_word' id='word_1_297' title='bbox 2093 744 2261 809; x_wconf 86' lang='lat' dir='ltr'><strong><em>major</em></strong></span> <span class='ocrx_word' id='word_1_298' title='bbox 2287 745 2517 798; x_wconf 81' lang='lat' dir='ltr'><strong><em>Charitas</em></strong></span> <span class='ocrx_word' id='word_1_299' title='bbox 2546 761 2698 814; x_wconf 84' lang='lat' dir='ltr'><strong><em>quam</em></strong></span> <span class='ocrx_word' id='word_1_300' title='bbox 2750 747 2799 799; x_wconf 90' lang='lat' dir='ltr'><strong><em>in</em></strong></span> <span class='ocrx_word' id='word_1_301' title='bbox 2856 749 3068 815; x_wconf 79' lang='lat' dir='ltr'><strong><em>reliquis</em></strong></span> <span class='ocrx_word' id='word_1_302' title='bbox 3120 746 3316 799; x_wconf 77' lang='lat' dir='ltr'><strong><em>sanctis</em></strong></span> <span class='ocrx_word' id='word_1_303' title='bbox 3367 748 3658 797; x_wconf 79' lang='lat' dir='ltr'><strong><em>sacerdoti-</em></strong></span> 
     </span>
    </p>
   </div>
   <div class='ocr_carea' id='block_1_43' title="bbox 2097 815 3657 884">
    <p class='ocr_par' dir='ltr' id='par_1_43' title="bbox 2097 815 3657 884">
     <span class='ocr_line' id='line_1_43' title="bbox 2097 815 3657 884; baseline 0.004 -22"><span class='ocrx_word' id='word_1_304' title='bbox 2097 815 2195 866; x_wconf 82' lang='lat' dir='ltr'><strong><em>bus</em></strong></span> <span class='ocrx_word' id='word_1_305' title='bbox 2221 819 2305 880; x_wconf 87' lang='lat' dir='ltr'><strong><em>qui</em></strong></span> <span class='ocrx_word' id='word_1_306' title='bbox 2342 817 2439 867; x_wconf 88' lang='lat' dir='ltr'><strong><em>hoc</em></strong></span> <span class='ocrx_word' id='word_1_307' title='bbox 2485 832 2580 883; x_wconf 89' lang='lat' dir='ltr'><strong><em>pro</em></strong></span> <span class='ocrx_word' id='word_1_308' title='bbox 2604 817 2856 884; x_wconf 78' lang='lat' dir='ltr'><strong><em>exemplo</em></strong></span> <span class='ocrx_word' id='word_1_309' title='bbox 2883 820 2961 868; x_wconf 85' lang='lat' dir='ltr'><strong><em>vel</em></strong></span> <span class='ocrx_word' id='word_1_310' title='bbox 3021 817 3254 869; x_wconf 83' lang='lat' dir='ltr'><strong><em>remedio</em></strong></span> <span class='ocrx_word' id='word_1_311' title='bbox 3301 817 3657 869; x_wconf 81' lang='lat' dir='ltr'><strong><em>Ecclesiarnm</em></strong></span> 
     </span>
    </p>
   </div>
   <div class='ocr_carea' id='block_1_44' title="bbox 2091 886 3653 947">
    <p class='ocr_par' dir='ltr' id='par_1_44' title="bbox 2091 886 3653 947">
     <span class='ocr_line' id='line_1_44' title="bbox 2091 886 3653 947; baseline 0.003 -11"><span class='ocrx_word' id='word_1_312' title='bbox 2091 887 2199 936; x_wconf 59' lang='lat' dir='ltr'><strong><em>suis</em></strong></span> <span class='ocrx_word' id='word_1_313' title='bbox 2228 887 2626 941; x_wconf 71' lang='lat' dir='ltr'><strong><em>deﬁnitionibus</em></strong></span> <span class='ocrx_word' id='word_1_314' title='bbox 2648 888 3094 941; x_wconf 70' lang='lat' dir='ltr'><strong><em>deliberaverttnt.</em></strong></span> <span class='ocrx_word' id='word_1_315' title='bbox 3134 890 3191 937; x_wconf 61' lang='lat' dir='ltr'><strong><em>lit</em></strong></span> <span class='ocrx_word' id='word_1_316' title='bbox 3237 886 3356 940; x_wconf 88' lang='lat' dir='ltr'><strong><em>ideo</em></strong></span> <span class='ocrx_word' id='word_1_317' title='bbox 3384 896 3472 937; x_wconf 85' lang='lat' dir='ltr'><strong><em>aut</em></strong></span> <span class='ocrx_word' id='word_1_318' title='bbox 3499 886 3653 947; x_wconf 77' lang='lat' dir='ltr'><strong><em>plena</em></strong></span> 
     </span>
    </p>
   </div>
   <div class='ocr_carea' id='block_1_45' title="bbox 2091 953 3650 1028">
    <p class='ocr_par' dir='ltr' id='par_1_45' title="bbox 2091 953 3650 1028">
     <span class='ocr_line' id='line_1_45' title="bbox 2091 953 3650 1028; baseline 0.003 -24"><span class='ocrx_word' id='word_1_319' title='bbox 2091 953 2301 1028; x_wconf 78' lang='lat' dir='ltr'><strong><em>[prona]</em></strong></span> <span class='ocrx_word' id='word_1_320' title='bbox 2348 958 2616 1028; x_wconf 74' lang='lat' dir='ltr'><strong><em>Volantate</em></strong></span> <span class='ocrx_word' id='word_1_321' title='bbox 2673 958 2955 1026; x_wconf 54' lang='lat' dir='ltr'><strong><em>promeritis</em></strong></span> <span class='ocrx_word' id='word_1_322' title='bbox 3010 958 3218 1009; x_wconf 85' lang='lat' dir='ltr'><strong><em>illorum</em></strong></span> <span class='ocrx_word' id='word_1_323' title='bbox 3275 959 3650 1028; x_wconf 75' lang='lat' dir='ltr'><strong><em>consentiant;</em></strong></span> 
     </span>
    </p>
   </div>
   <div class='ocr_carea' id='block_1_46' title="bbox 2090 1025 3656 1088">
    <p class='ocr_par' dir='ltr' id='par_1_46' title="bbox 2090 1025 3656 1088">
     <span class='ocr_line' id='line_1_46' title="bbox 2090 1025 3656 1088; baseline 0.002 -12"><span class='ocrx_word' id='word_1_324' title='bbox 2090 1025 2177 1077; x_wconf 75' lang='lat' dir='ltr'><strong><em>aut</em></strong></span> <span class='ocrx_word' id='word_1_325' title='bbox 2200 1026 2242 1076; x_wconf 58' lang='lat' dir='ltr'><strong><em>si</em></strong></span> <span class='ocrx_word' id='word_1_326' title='bbox 2277 1040 2378 1080; x_wconf 92' lang='lat' dir='ltr'><strong><em>non</em></strong></span> <span class='ocrx_word' id='word_1_327' title='bbox 2420 1025 2941 1088; x_wconf 46' lang='lat' dir='ltr'><strong><em>lecerinﬂomnihus</em></strong></span> <span class='ocrx_word' id='word_1_328' title='bbox 2972 1041 3030 1081; x_wconf 90' lang='lat' dir='ltr'><strong><em>se</em></strong></span> <span class='ocrx_word' id='word_1_329' title='bbox 3060 1028 3356 1079; x_wconf 88' lang='lat' dir='ltr'><strong><em>contrarios</em></strong></span> <span class='ocrx_word' id='word_1_330' title='bbox 3393 1036 3446 1078; x_wconf 89' lang='lat' dir='ltr'><strong><em>et</em></strong></span> <span class='ocrx_word' id='word_1_331' title='bbox 3478 1026 3656 1079; x_wconf 87' lang='lat' dir='ltr'><strong><em>inimi-</em></strong></span> 
     </span>
    </p>
   </div>
   <div class='ocr_carea' id='block_1_47' title="bbox 2086 1095 3653 1166">
    <p class='ocr_par' dir='ltr' id='par_1_47' title="bbox 2086 1095 3653 1166">
     <span class='ocr_line' id='line_1_47' title="bbox 2086 1095 3653 1166; baseline 0.001 -19"><span class='ocrx_word' id='word_1_332' title='bbox 2086 1110 2176 1147; x_wconf 85' lang='lat' dir='ltr'><strong><em>cos</em></strong></span> <span class='ocrx_word' id='word_1_333' title='bbox 2206 1111 2323 1149; x_wconf 55' lang='lat' dir='ltr'><strong><em>esse</em></strong></span> <span class='ocrx_word' id='word_1_334' title='bbox 2379 1110 2718 1166; x_wconf 71' lang='lat' dir='ltr'><strong><em>cognoscant.</em></strong></span> <span class='ocrx_word' id='word_1_335' title='bbox 2769 1102 2896 1163; x_wconf 77' lang='lat' dir='ltr'><strong><em>Qua:</em></strong></span> <span class='ocrx_word' id='word_1_336' title='bbox 2925 1105 3006 1151; x_wconf 82' lang='lat' dir='ltr'><strong><em>est</em></strong></span> <span class='ocrx_word' id='word_1_337' title='bbox 3035 1099 3131 1148; x_wconf 81' lang='lat' dir='ltr'><strong><em>ista</em></strong></span> <span class='ocrx_word' id='word_1_338' title='bbox 3178 1097 3394 1164; x_wconf 57' lang='lat' dir='ltr'><strong><em>iustitiae</em></strong></span> <span class='ocrx_word' id='word_1_339' title='bbox 3442 1095 3653 1149; x_wconf 86' lang='lat' dir='ltr'><strong><em>inimica</em></strong></span> 
     </span>
    </p>
   </div>
   <div class='ocr_carea' id='block_1_48' title="bbox 2088 1166 3651 1237">
    <p class='ocr_par' dir='ltr' id='par_1_48' title="bbox 2088 1166 3651 1237">
     <span class='ocr_line' id='line_1_48' title="bbox 2088 1166 3651 1237; baseline -0.001 -20"><span class='ocrx_word' id='word_1_340' title='bbox 2088 1166 2419 1235; x_wconf 77' lang='lat' dir='ltr'><strong><em>benignitas,</em></strong></span> <span class='ocrx_word' id='word_1_341' title='bbox 2469 1170 2683 1237; x_wconf 88' lang='lat' dir='ltr'><strong><em>palpare</em></strong></span> <span class='ocrx_word' id='word_1_342' title='bbox 2729 1169 3065 1232; x_wconf 76' lang='lat' dir='ltr'><strong><em>criminosus,</em></strong></span> <span class='ocrx_word' id='word_1_343' title='bbox 3113 1176 3165 1219; x_wconf 87' lang='lat' dir='ltr'><strong><em>et</em></strong></span> <span class='ocrx_word' id='word_1_344' title='bbox 3214 1166 3428 1219; x_wconf 78' lang='lat' dir='ltr'><strong><em>vulnera</em></strong></span> <span class='ocrx_word' id='word_1_345' title='bbox 3469 1181 3651 1219; x_wconf 87' lang='lat' dir='ltr'><strong><em>eorum</em></strong></span> 
     </span>
    </p>
   </div>
   <div class='ocr_carea' id='block_1_49' title="bbox 2087 1237 3655 1306">
    <p class='ocr_par' dir='ltr' id='par_1_49' title="bbox 2087 1237 3655 1306">
     <span class='ocr_line' id='line_1_49' title="bbox 2087 1237 3655 1306; baseline 0.002 -19"><span class='ocrx_word' id='word_1_346' title='bbox 2087 1251 2253 1301; x_wconf 86' lang='lat' dir='ltr'><strong><em>usque</em></strong></span> <span class='ocrx_word' id='word_1_347' title='bbox 2299 1237 2365 1290; x_wconf 88' lang='lat' dir='ltr'><strong><em>ad</em></strong></span> <span class='ocrx_word' id='word_1_348' title='bbox 2413 1237 2551 1293; x_wconf 87' lang='lat' dir='ltr'><strong><em>diem</em></strong></span> <span class='ocrx_word' id='word_1_349' title='bbox 2597 1239 2777 1306; x_wconf 77' lang='lat' dir='ltr'><strong><em>iudicii</em></strong></span> <span class='ocrx_word' id='word_1_350' title='bbox 2829 1240 3063 1291; x_wconf 78' lang='lat' dir='ltr'><strong><em>incurata</em></strong></span> <span class='ocrx_word' id='word_1_351' title='bbox 3106 1238 3370 1292; x_wconf 87' lang='lat' dir='ltr'><strong><em>servare?</em></strong></span> <span class='ocrx_word' id='word_1_352' title='bbox 3411 1239 3561 1301; x_wconf 79' lang='lat' dir='ltr'><strong><em>Quod</em></strong></span> <span class='ocrx_word' id='word_1_353' title='bbox 3608 1237 3655 1290; x_wconf 84' lang='lat' dir='ltr'><strong><em>si</em></strong></span> 
     </span>
    </p>
   </div>
   <div class='ocr_carea' id='block_1_50' title="bbox 2085 1306 3657 1377">
    <p class='ocr_par' dir='ltr' id='par_1_50' title="bbox 2085 1306 3657 1377">
     <span class='ocr_line' id='line_1_50' title="bbox 2085 1306 3657 1377; baseline 0.001 -17"><span class='ocrx_word' id='word_1_354' title='bbox 2085 1309 2242 1360; x_wconf 89' lang='lat' dir='ltr'><strong><em>etiam</em></strong></span> <span class='ocrx_word' id='word_1_355' title='bbox 2277 1307 2609 1363; x_wconf 86' lang='lat' dir='ltr'><strong><em>durissimam</em></strong></span> <span class='ocrx_word' id='word_1_356' title='bbox 2655 1324 2747 1362; x_wconf 88' lang='lat' dir='ltr'><strong><em>cos</em></strong></span> <span class='ocrx_word' id='word_1_357' title='bbox 2779 1309 3136 1377; x_wconf 72' lang='lat' dir='ltr'><strong><em>pmoitentiam</em></strong></span> <span class='ocrx_word' id='word_1_358' title='bbox 3163 1323 3258 1374; x_wconf 88' lang='lat' dir='ltr'><strong><em>per</em></strong></span> <span class='ocrx_word' id='word_1_359' title='bbox 3286 1306 3463 1374; x_wconf 87' lang='lat' dir='ltr'><strong><em>plures</em></strong></span> <span class='ocrx_word' id='word_1_360' title='bbox 3486 1321 3657 1361; x_wconf 89' lang='lat' dir='ltr'><strong><em>annos</em></strong></span> 
     </span>
    </p>
   </div>
   <div class='ocr_carea' id='block_1_51' title="bbox 2086 1378 3651 1445">
    <p class='ocr_par' dir='ltr' id='par_1_51' title="bbox 2086 1378 3651 1445">
     <span class='ocr_line' id='line_1_51' title="bbox 2086 1378 3651 1445; baseline 0 -17"><span class='ocrx_word' id='word_1_361' title='bbox 2086 1392 2240 1443; x_wconf 72' lang='lat' dir='ltr'><strong><em>agere</em></strong></span> <span class='ocrx_word' id='word_1_362' title='bbox 2267 1380 2589 1441; x_wconf 78' lang='lat' dir='ltr'><strong><em>videremus,</em></strong></span> <span class='ocrx_word' id='word_1_363' title='bbox 2624 1382 2699 1432; x_wconf 85' lang='lat' dir='ltr'><strong><em>sic</em></strong></span> <span class='ocrx_word' id='word_1_364' title='bbox 2728 1395 2822 1431; x_wconf 91' lang='lat' dir='ltr'><strong><em>nos</em></strong></span> <span class='ocrx_word' id='word_1_365' title='bbox 2852 1380 2949 1445; x_wconf 82' lang='lat' dir='ltr'><strong><em>ipsi</em></strong></span> <span class='ocrx_word' id='word_1_366' title='bbox 2973 1392 3025 1431; x_wconf 80' lang='lat' dir='ltr'><strong><em>et</em></strong></span> <span class='ocrx_word' id='word_1_367' title='bbox 3055 1378 3210 1432; x_wconf 81' lang='lat' dir='ltr'><strong><em>saluti</em></strong></span> <span class='ocrx_word' id='word_1_368' title='bbox 3240 1391 3423 1430; x_wconf 88' lang='lat' dir='ltr'><strong><em>eorum</em></strong></span> <span class='ocrx_word' id='word_1_369' title='bbox 3454 1391 3651 1430; x_wconf 80' lang='lat' dir='ltr'><strong><em>consu-</em></strong></span> 
     </span>
    </p>
   </div>
   <div class='ocr_carea' id='block_1_52' title="bbox 2086 1447 3651 1508">
    <p class='ocr_par' dir='ltr' id='par_1_52' title="bbox 2086 1447 3651 1508">
     <span class='ocr_line' id='line_1_52' title="bbox 2086 1447 3651 1508; baseline 0.001 -9"><span class='ocrx_word' id='word_1_370' title='bbox 2086 1447 2213 1508; x_wconf 85' lang='lat' dir='ltr'><strong><em>lcre,</em></strong></span> <span class='ocrx_word' id='word_1_371' title='bbox 2261 1459 2309 1501; x_wconf 86' lang='lat' dir='ltr'><strong><em>et</em></strong></span> <span class='ocrx_word' id='word_1_372' title='bbox 2350 1464 2613 1501; x_wconf 86' lang='lat' dir='ltr'><strong><em>canonum</em></strong></span> <span class='ocrx_word' id='word_1_373' title='bbox 2655 1451 2971 1502; x_wconf 72' lang='lat' dir='ltr'><strong><em>deberemus</em></strong></span> <span class='ocrx_word' id='word_1_374' title='bbox 3015 1459 3206 1500; x_wconf 56' lang='lat' dir='ltr'><strong><em>statuta</em></strong></span> <span class='ocrx_word' id='word_1_375' title='bbox 3252 1462 3486 1501; x_wconf 86' lang='lat' dir='ltr'><strong><em>servare.</em></strong></span> <span class='ocrx_word' id='word_1_376' title='bbox 3520 1448 3651 1500; x_wconf 75' lang='lat' dir='ltr'><strong><em>Cum</em></strong></span> 
     </span>
    </p>
   </div>
   <div class='ocr_carea' id='block_1_53' title="bbox 2086 1519 3654 1585">
    <p class='ocr_par' dir='ltr' id='par_1_53' title="bbox 2086 1519 3654 1585">
     <span class='ocr_line' id='line_1_53' title="bbox 2086 1519 3654 1585; baseline 0.003 -18"><span class='ocrx_word' id='word_1_377' title='bbox 2086 1532 2216 1570; x_wconf 81' lang='lat' dir='ltr'><strong><em>vero</em></strong></span> <span class='ocrx_word' id='word_1_378' title='bbox 2247 1520 2295 1569; x_wconf 88' lang='lat' dir='ltr'><strong><em>itt</em></strong></span> <span class='ocrx_word' id='word_1_379' title='bbox 2340 1522 2602 1585; x_wconf 79' lang='lat' dir='ltr'><strong><em>aliquibus</em></strong></span> <span class='ocrx_word' id='word_1_380' title='bbox 2635 1537 2731 1574; x_wconf 89' lang='lat' dir='ltr'><strong><em>nec</em></strong></span> <span class='ocrx_word' id='word_1_381' title='bbox 2777 1521 3201 1585; x_wconf 70' lang='lat' dir='ltr'><strong><em>cunipttnctiunis</em></strong></span> <span class='ocrx_word' id='word_1_382' title='bbox 3234 1519 3522 1583; x_wconf 73' lang='lat' dir='ltr'><strong><em>humilitas,</em></strong></span> <span class='ocrx_word' id='word_1_383' title='bbox 3556 1533 3654 1571; x_wconf 83' lang='lat' dir='ltr'><strong><em>nec</em></strong></span> 
     </span>
    </p>
   </div>
   <div class='ocr_carea' id='block_1_54' title="bbox 2085 1587 3652 1659">
    <p class='ocr_par' dir='ltr' id='par_1_54' title="bbox 2085 1587 3652 1659">
     <span class='ocr_line' id='line_1_54' title="bbox 2085 1587 3652 1659; baseline 0.001 -19"><span class='ocrx_word' id='word_1_384' title='bbox 2085 1588 2326 1641; x_wconf 69' lang='lat' dir='ltr'><strong><em>instantia</em></strong></span> <span class='ocrx_word' id='word_1_385' title='bbox 2362 1592 2546 1642; x_wconf 85' lang='lat' dir='ltr'><strong><em>orandi</em></strong></span> <span class='ocrx_word' id='word_1_386' title='bbox 2581 1595 2659 1645; x_wconf 88' lang='lat' dir='ltr'><strong><em>vel</em></strong></span> <span class='ocrx_word' id='word_1_387' title='bbox 2696 1592 2971 1659; x_wconf 81' lang='lat' dir='ltr'><strong><em>plangcntli</em></strong></span> <span class='ocrx_word' id='word_1_388' title='bbox 3017 1598 3287 1658; x_wconf 58' lang='lat' dir='ltr'><strong><em>appareat,</em></strong></span> <span class='ocrx_word' id='word_1_389' title='bbox 3327 1601 3423 1641; x_wconf 91' lang='lat' dir='ltr'><strong><em>nec</em></strong></span> <span class='ocrx_word' id='word_1_390' title='bbox 3455 1588 3511 1639; x_wconf 82' lang='grc' dir='ltr'><strong><em>Β.</em></strong></span> <span class='ocrx_word' id='word_1_391' title='bbox 3547 1587 3652 1641; x_wconf 85' lang='lat' dir='ltr'><strong><em>Da-</em></strong></span> 
     </span>
    </p>
   </div>
   <div class='ocr_carea' id='block_1_55' title="bbox 2082 1660 3653 1729">
    <p class='ocr_par' dir='ltr' id='par_1_55' title="bbox 2082 1660 3653 1729">
     <span class='ocr_line' id='line_1_55' title="bbox 2082 1660 3653 1729; baseline 0.002 -21"><span class='ocrx_word' id='word_1_392' title='bbox 2082 1660 2165 1711; x_wconf 82' lang='lat' dir='ltr'><strong><em>vid</em></strong></span> <span class='ocrx_word' id='word_1_393' title='bbox 2200 1661 2489 1723; x_wconf 86' lang='lat' dir='ltr'><strong><em>imitentur,</em></strong></span> <span class='ocrx_word' id='word_1_394' title='bbox 2521 1662 2608 1729; x_wconf 88' lang='lat' dir='ltr'><strong><em>qui</em></strong></span> <span class='ocrx_word' id='word_1_395' title='bbox 2648 1662 2785 1714; x_wconf 75' lang='lat' dir='ltr'><strong><em>dixit</em></strong></span> <span class='ocrx_word' id='word_1_396' title='bbox 2817 1679 2829 1714; x_wconf 90' lang='lat'>:</span> <span class='ocrx_word' id='word_1_397' title='bbox 2868 1660 3066 1711; x_wconf 84' lang='lat' dir='ltr'><strong><em>Lavabo</em></strong></span> <span class='ocrx_word' id='word_1_398' title='bbox 3097 1676 3185 1721; x_wconf 84' lang='lat' dir='ltr'><strong><em>per</em></strong></span> <span class='ocrx_word' id='word_1_399' title='bbox 3223 1662 3449 1726; x_wconf 77' lang='lat' dir='ltr'><strong><em>singulas</em></strong></span> <span class='ocrx_word' id='word_1_400' title='bbox 3484 1668 3653 1711; x_wconf 88' lang='lat' dir='ltr'><strong><em>noctes</em></strong></span> 
     </span>
    </p>
   </div>
   <div class='ocr_carea' id='block_1_56' title="bbox 2084 1728 3650 1801">
    <p class='ocr_par' dir='ltr' id='par_1_56' title="bbox 2084 1728 3650 1801">
     <span class='ocr_line' id='line_1_56' title="bbox 2084 1728 3650 1801; baseline -0.001 -20"><span class='ocrx_word' id='word_1_401' title='bbox 2084 1728 2263 1801; x_wconf 66' lang='lat' dir='ltr'><strong><em>lectum</em></strong></span> <span class='ocrx_word' id='word_1_402' title='bbox 2314 1746 2498 1793; x_wconf 89' lang='lat' dir='ltr'><strong><em>meum,</em></strong></span> <span class='ocrx_word' id='word_1_403' title='bbox 2540 1728 2781 1801; x_wconf 64' lang='lat' dir='ltr'><strong><em>lacrym&#39;s</em></strong></span> <span class='ocrx_word' id='word_1_404' title='bbox 2838 1731 2960 1782; x_wconf 85' lang='lat' dir='ltr'><strong><em>meis</em></strong></span> <span class='ocrx_word' id='word_1_405' title='bbox 3010 1740 3223 1782; x_wconf 85' lang='lat' dir='ltr'><strong><em>stratum</em></strong></span> <span class='ocrx_word' id='word_1_406' title='bbox 3271 1744 3436 1780; x_wconf 90' lang='lat' dir='ltr'><strong><em>meum</em></strong></span> <span class='ocrx_word' id='word_1_407' title='bbox 3474 1730 3650 1801; x_wconf 77' lang='lat' dir='ltr'><strong><em>rigabo</em></strong></span> 
     </span>
    </p>
   </div>
   <div class='ocr_carea' id='block_1_57' title="bbox 2088 1798 3652 1869">
    <p class='ocr_par' dir='ltr' id='par_1_57' title="bbox 2088 1798 3652 1869">
     <span class='ocr_line' id='line_1_57' title="bbox 2088 1798 3652 1869; baseline -0.001 -19"><span class='ocrx_word' id='word_1_408' title='bbox 2088 1798 2261 1864; x_wconf 85' lang='lat' dir='ltr'><strong><em>(Psal.</em></strong></span> <span class='ocrx_word' id='word_1_409' title='bbox 2301 1802 2401 1868; x_wconf 67' lang='lat' dir='ltr'><strong><em>vi);</em></strong></span> <span class='ocrx_word' id='word_1_410' title='bbox 2426 1811 2478 1852; x_wconf 89' lang='lat' dir='ltr'><strong><em>et</em></strong></span> <span class='ocrx_word' id='word_1_411' title='bbox 2506 1798 2675 1854; x_wconf 51' lang='lat' dir='ltr'><strong><em>illud:</em></strong></span> <span class='ocrx_word' id='word_1_412' title='bbox 2723 1803 2949 1854; x_wconf 82' lang='lat' dir='ltr'><strong><em>Cinerem</em></strong></span> <span class='ocrx_word' id='word_1_413' title='bbox 2994 1802 3120 1853; x_wconf 82' lang='lat' dir='ltr'><strong><em>sicut</em></strong></span> <span class='ocrx_word' id='word_1_414' title='bbox 3161 1815 3341 1869; x_wconf 87' lang='lat' dir='ltr'><strong><em>panem</em></strong></span> <span class='ocrx_word' id='word_1_415' title='bbox 3373 1800 3652 1869; x_wconf 73' lang='lat' dir='ltr'><strong><em>manduca-</em></strong></span> 
     </span>
    </p>
   </div>
   <div class='ocr_carea' id='block_1_58' title="bbox 2091 1866 3649 1940">
    <p class='ocr_par' dir='ltr' id='par_1_58' title="bbox 2091 1866 3649 1940">
     <span class='ocr_line' id='line_1_58' title="bbox 2091 1866 3649 1940; baseline -0.001 -18"><span class='ocrx_word' id='word_1_416' title='bbox 2091 1872 2223 1935; x_wconf 91' lang='lat' dir='ltr'><strong><em>bam,</em></strong></span> <span class='ocrx_word' id='word_1_417' title='bbox 2256 1880 2301 1925; x_wconf 89' lang='lat' dir='ltr'><strong><em>et</em></strong></span> <span class='ocrx_word' id='word_1_418' title='bbox 2329 1866 2499 1940; x_wconf 83' lang='lat' dir='ltr'><strong><em>potum</em></strong></span> <span class='ocrx_word' id='word_1_419' title='bbox 2542 1888 2706 1926; x_wconf 87' lang='lat' dir='ltr'><strong><em>meum</em></strong></span> <span class='ocrx_word' id='word_1_420' title='bbox 2750 1888 2864 1924; x_wconf 89' lang='lat' dir='ltr'><strong><em>cum</em></strong></span> <span class='ocrx_word' id='word_1_421' title='bbox 2894 1873 3015 1939; x_wconf 70' lang='lat' dir='ltr'><strong><em>fletu</em></strong></span> <span class='ocrx_word' id='word_1_422' title='bbox 3055 1866 3319 1940; x_wconf 77' lang='lat' dir='ltr'><strong><em>miscebant</em></strong></span> <span class='ocrx_word' id='word_1_423' title='bbox 3352 1866 3521 1936; x_wconf 88' lang='lat' dir='ltr'><strong><em>(Psal.</em></strong></span> <span class='ocrx_word' id='word_1_424' title='bbox 3552 1868 3649 1938; x_wconf 74' lang='lat' dir='ltr'><strong><em>et),</em></strong></span> 
     </span>
    </p>
   </div>
   <div class='ocr_carea' id='block_1_59' title="bbox 2091 1939 3645 2009">
    <p class='ocr_par' dir='ltr' id='par_1_59' title="bbox 2091 1939 3645 2009">
     <span class='ocr_line' id='line_1_59' title="bbox 2091 1939 3645 2009; baseline -0.001 -16"><span class='ocrx_word' id='word_1_425' title='bbox 2091 1956 2189 1994; x_wconf 64' lang='lat' dir='ltr'><strong><em>nec</em></strong></span> <span class='ocrx_word' id='word_1_426' title='bbox 2216 1956 2309 1994; x_wconf 89' lang='lat' dir='ltr'><strong><em>eos</em></strong></span> <span class='ocrx_word' id='word_1_427' title='bbox 2344 1940 2562 2009; x_wconf 87' lang='lat' dir='ltr'><strong><em>jejuniis</em></strong></span> <span class='ocrx_word' id='word_1_428' title='bbox 2591 1943 2673 1997; x_wconf 89' lang='lat' dir='ltr'><strong><em>vel</em></strong></span> <span class='ocrx_word' id='word_1_429' title='bbox 2705 1943 2910 1996; x_wconf 87' lang='lat' dir='ltr'><strong><em>lectioni</em></strong></span> <span class='ocrx_word' id='word_1_430' title='bbox 2947 1956 3135 1994; x_wconf 86' lang='lat' dir='ltr'><strong><em>vacare</em></strong></span> <span class='ocrx_word' id='word_1_431' title='bbox 3167 1939 3476 2002; x_wconf 77' lang='lat' dir='ltr'><strong><em>videamus;</em></strong></span> <span class='ocrx_word' id='word_1_432' title='bbox 3522 1954 3645 2005; x_wconf 83' lang='lat' dir='ltr'><strong><em>pos-</em></strong></span> 
     </span>
    </p>
   </div>
   <div class='ocr_carea' id='block_1_60' title="bbox 2090 2009 3652 2080">
    <p class='ocr_par' dir='ltr' id='par_1_60' title="bbox 2090 2009 3652 2080">
     <span class='ocr_line' id='line_1_60' title="bbox 2090 2009 3652 2080; baseline -0.001 -17"><span class='ocrx_word' id='word_1_433' title='bbox 2090 2025 2273 2063; x_wconf 85' lang='lat' dir='ltr'><strong><em>snmns</em></strong></span> <span class='ocrx_word' id='word_1_434' title='bbox 2312 2026 2655 2080; x_wconf 76' lang='lat' dir='ltr'><strong><em>cognoscere,</em></strong></span> <span class='ocrx_word' id='word_1_435' title='bbox 2688 2015 2729 2066; x_wconf 89' lang='lat' dir='ltr'><strong><em>si</em></strong></span> <span class='ocrx_word' id='word_1_436' title='bbox 2760 2012 2823 2063; x_wconf 83' lang='lat' dir='ltr'><strong><em>ad</em></strong></span> <span class='ocrx_word' id='word_1_437' title='bbox 2858 2015 3110 2064; x_wconf 85' lang='lat' dir='ltr'><strong><em>honorem</em></strong></span> <span class='ocrx_word' id='word_1_438' title='bbox 3162 2009 3437 2079; x_wconf 77' lang='lat' dir='ltr'><strong><em>pristinum</em></strong></span> <span class='ocrx_word' id='word_1_439' title='bbox 3477 2010 3652 2062; x_wconf 83' lang='lat' dir='ltr'><strong><em>redie-</em></strong></span> 
     </span>
    </p>
   </div>
   <div class='ocr_carea' id='block_1_61' title="bbox 2090 2082 3646 2152">
    <p class='ocr_par' dir='ltr' id='par_1_61' title="bbox 2090 2082 3646 2152">
     <span class='ocr_line' id='line_1_61' title="bbox 2090 2082 3646 2152; baseline 0.001 -20"><span class='ocrx_word' id='word_1_440' title='bbox 2090 2083 2215 2144; x_wconf 91' lang='lat' dir='ltr'><strong><em>rint,</em></strong></span> <span class='ocrx_word' id='word_1_441' title='bbox 2249 2097 2367 2135; x_wconf 91' lang='lat' dir='ltr'><strong><em>cum</em></strong></span> <span class='ocrx_word' id='word_1_442' title='bbox 2396 2094 2591 2152; x_wconf 86' lang='lat' dir='ltr'><strong><em>quanta</em></strong></span> <span class='ocrx_word' id='word_1_443' title='bbox 2614 2082 2929 2150; x_wconf 79' lang='lat' dir='ltr'><strong><em>negligentia</em></strong></span> <span class='ocrx_word' id='word_1_444' title='bbox 2959 2091 3014 2135; x_wconf 89' lang='lat' dir='ltr'><strong><em>et</em></strong></span> <span class='ocrx_word' id='word_1_445' title='bbox 3043 2098 3161 2134; x_wconf 88' lang='lat' dir='ltr'><strong><em>cum</em></strong></span> <span class='ocrx_word' id='word_1_446' title='bbox 3186 2091 3382 2147; x_wconf 86' lang='lat' dir='ltr'><strong><em>quanto</em></strong></span> <span class='ocrx_word' id='word_1_447' title='bbox 3405 2089 3646 2145; x_wconf 87' lang='lat' dir='ltr'><strong><em>tempore</em></strong></span> 
     </span>
    </p>
   </div>
   <div class='ocr_carea' id='block_1_62' title="bbox 2089 2152 3645 2220">
    <p class='ocr_par' dir='ltr' id='par_1_62' title="bbox 2089 2152 3645 2220">
     <span class='ocr_line' id='line_1_62' title="bbox 2089 2152 3645 2220; baseline -0.001 -15"><span class='ocrx_word' id='word_1_448' title='bbox 2089 2160 2143 2205; x_wconf 81' lang='lat' dir='ltr'><strong><em>et</em></strong></span> <span class='ocrx_word' id='word_1_449' title='bbox 2172 2152 2384 2205; x_wconf 90' lang='lat' dir='ltr'><strong><em>inimica</em></strong></span> <span class='ocrx_word' id='word_1_450' title='bbox 2414 2156 2606 2207; x_wconf 73' lang='lat' dir='ltr'><strong><em>anima:</em></strong></span> <span class='ocrx_word' id='word_1_451' title='bbox 2641 2156 2925 2206; x_wconf 80' lang='lat' dir='ltr'><strong><em>securitate</em></strong></span> <span class='ocrx_word' id='word_1_452' title='bbox 2965 2161 3329 2220; x_wconf 78' lang='lat' dir='ltr'><strong><em>permaneant,</em></strong></span> <span class='ocrx_word' id='word_1_453' title='bbox 3362 2156 3645 2220; x_wconf 56' lang='lat' dir='ltr'><strong><em>credentes</em></strong></span> 
     </span>
    </p>
   </div>
   <div class='ocr_carea' id='block_1_63' title="bbox 2088 2218 3647 2290">
    <p class='ocr_par' dir='ltr' id='par_1_63' title="bbox 2088 2218 3647 2290">
     <span class='ocr_line' id='line_1_63' title="bbox 2088 2218 3647 2290; baseline 0.001 -17"><span class='ocrx_word' id='word_1_454' title='bbox 2088 2222 2229 2287; x_wconf 77' lang='lat' dir='ltr'><strong><em>Quod</em></strong></span> <span class='ocrx_word' id='word_1_455' title='bbox 2276 2225 2351 2277; x_wconf 77' lang='lat' dir='ltr'><strong><em>sic</em></strong></span> <span class='ocrx_word' id='word_1_456' title='bbox 2387 2228 2467 2279; x_wconf 84' lang='lat' dir='ltr'><strong><em>eis</em></strong></span> <span class='ocrx_word' id='word_1_457' title='bbox 2514 2241 2617 2277; x_wconf 92' lang='lat' dir='ltr'><strong><em>non</em></strong></span> <span class='ocrx_word' id='word_1_458' title='bbox 2664 2238 2777 2277; x_wconf 81' lang='lat' dir='ltr'><strong><em>actu</em></strong></span> <span class='ocrx_word' id='word_1_459' title='bbox 2822 2218 2979 2290; x_wconf 81' lang='lat' dir='ltr'><strong><em>digne</em></strong></span> <span class='ocrx_word' id='word_1_460' title='bbox 3034 2220 3338 2289; x_wconf 72' lang='lat' dir='ltr'><strong><em>pmuiteut‘ia</em></strong></span> <span class='ocrx_word' id='word_1_461' title='bbox 3386 2218 3647 2290; x_wconf 76' lang='lat' dir='ltr'><strong><em>dimiserit</em></strong></span> 
     </span>
    </p>
   </div>
   <div class='ocr_carea' id='block_1_64' title="bbox 2094 2289 3645 2361">
    <p class='ocr_par' dir='ltr' id='par_1_64' title="bbox 2094 2289 3645 2361">
     <span class='ocr_line' id='line_1_64' title="bbox 2094 2289 3645 2361; baseline -0.001 -18"><span class='ocrx_word' id='word_1_462' title='bbox 2094 2293 2250 2357; x_wconf 77' lang='lat' dir='ltr'><strong><em>Dens,</em></strong></span> <span class='ocrx_word' id='word_1_463' title='bbox 2282 2296 2548 2361; x_wconf 88' lang='lat' dir='ltr'><strong><em>quomodo</em></strong></span> <span class='ocrx_word' id='word_1_464' title='bbox 2574 2289 3188 2349; x_wconf 22' lang='lat' dir='ltr'><strong><em>sacerdotes’indulsise</em></strong></span> <span class='ocrx_word' id='word_1_465' title='bbox 3211 2292 3477 2341; x_wconf 83' lang='lat' dir='ltr'><strong><em>videntur.</em></strong></span> <span class='ocrx_word' id='word_1_466' title='bbox 3510 2289 3645 2361; x_wconf 70' lang='lat' dir='ltr'><strong><em>Vere</em></strong></span> 
     </span>
    </p>
   </div>
   <div class='ocr_carea' id='block_1_65' title="bbox 2088 2360 3643 2436">
    <p class='ocr_par' dir='ltr' id='par_1_65' title="bbox 2088 2360 3643 2436">
     <span class='ocr_line' id='line_1_65' title="bbox 2088 2360 3643 2436; baseline -0.001 -23"><span class='ocrx_word' id='word_1_467' title='bbox 2088 2363 2206 2436; x_wconf 78' lang='lat' dir='ltr'><strong><em>dico</em></strong></span> <span class='ocrx_word' id='word_1_468' title='bbox 2232 2366 2353 2436; x_wconf 82' lang='lat' dir='ltr'><strong><em>quia</em></strong></span> <span class='ocrx_word' id='word_1_469' title='bbox 2390 2364 2463 2417; x_wconf 91' lang='lat' dir='ltr'><strong><em>illi</em></strong></span> <span class='ocrx_word' id='word_1_470' title='bbox 2505 2364 2648 2436; x_wconf 85' lang='lat' dir='ltr'><strong><em>[ipsi]</em></strong></span> <span class='ocrx_word' id='word_1_471' title='bbox 2684 2365 3022 2436; x_wconf 67' lang='lat' dir='ltr'><strong><em>quibuscum</em></strong></span> <span class='ocrx_word' id='word_1_472' title='bbox 3077 2362 3367 2429; x_wconf 80' lang='lat' dir='ltr'><strong><em>periculosa</em></strong></span> <span class='ocrx_word' id='word_1_473' title='bbox 3412 2360 3643 2436; x_wconf 4' lang='lat' dir='ltr'><strong><em>etql&#39;alsa</em></strong></span> 
     </span>
    </p>
   </div>
   <div class='ocr_carea' id='block_1_66' title="bbox 2089 2431 3642 2504">
    <p class='ocr_par' dir='ltr' id='par_1_66' title="bbox 2089 2431 3642 2504">
     <span class='ocr_line' id='line_1_66' title="bbox 2089 2431 3642 2504; baseline 0 -22"><span class='ocrx_word' id='word_1_474' title='bbox 2089 2433 2449 2504; x_wconf 72' lang='lat' dir='ltr'><strong><em>misericordia</em></strong></span> <span class='ocrx_word' id='word_1_475' title='bbox 2498 2431 2770 2504; x_wconf 78' lang='lat' dir='ltr'><strong><em>indulgere</em></strong></span> <span class='ocrx_word' id='word_1_476' title='bbox 2812 2433 3071 2504; x_wconf 83' lang='lat' dir='ltr'><strong><em>videmur,</em></strong></span> <span class='ocrx_word' id='word_1_477' title='bbox 3104 2448 3221 2484; x_wconf 88' lang='lat' dir='ltr'><strong><em>cum</em></strong></span> <span class='ocrx_word' id='word_1_478' title='bbox 3244 2442 3379 2504; x_wconf 75' lang='lat' dir='ltr'><strong><em>ante</em></strong></span> <span class='ocrx_word' id='word_1_479' title='bbox 3412 2431 3642 2504; x_wconf 81' lang='lat' dir='ltr'><strong><em>tribunal</em></strong></span> 
     </span>
    </p>
   </div>
   <div class='ocr_carea' id='block_1_67' title="bbox 2086 2499 3641 2571">
    <p class='ocr_par' dir='ltr' id='par_1_67' title="bbox 2086 2499 3641 2571">
     <span class='ocr_line' id='line_1_67' title="bbox 2086 2499 3641 2571; baseline -0.001 -17"><span class='ocrx_word' id='word_1_480' title='bbox 2086 2499 2281 2556; x_wconf 88' lang='lat' dir='ltr'><strong><em>Christi</em></strong></span> <span class='ocrx_word' id='word_1_481' title='bbox 2330 2519 2424 2569; x_wconf 87' lang='lat' dir='ltr'><strong><em>pro</em></strong></span> <span class='ocrx_word' id='word_1_482' title='bbox 2476 2499 2914 2571; x_wconf 58' lang='lat' dir='ltr'><strong><em>tantis&#39;peccmis</em></strong></span> <span class='ocrx_word' id='word_1_483' title='bbox 2967 2502 3255 2555; x_wconf 68' lang='lat' dir='ltr'><strong><em>damnandi</em></strong></span> <span class='ocrx_word' id='word_1_484' title='bbox 3307 2501 3641 2564; x_wconf 78' lang='lat' dir='ltr'><strong><em>advenerim,</em></strong></span> 
     </span>
    </p>
   </div>
   <div class='ocr_carea' id='block_1_68' title="bbox 2086 2571 3637 2643">
    <p class='ocr_par' dir='ltr' id='par_1_68' title="bbox 2086 2571 3637 2643">
     <span class='ocr_line' id='line_1_68' title="bbox 2086 2571 3637 2643; baseline 0 -20"><span class='ocrx_word' id='word_1_485' title='bbox 2086 2582 2289 2643; x_wconf 84' lang='lat' dir='ltr'><strong><em>contra</em></strong></span> <span class='ocrx_word' id='word_1_486' title='bbox 2320 2588 2418 2628; x_wconf 81' lang='lat' dir='ltr'><strong><em>nos</em></strong></span> <span class='ocrx_word' id='word_1_487' title='bbox 2472 2577 2614 2643; x_wconf 88' lang='lat' dir='ltr'><strong><em>ipsos</em></strong></span> <span class='ocrx_word' id='word_1_488' title='bbox 2664 2589 2853 2627; x_wconf 77' lang='lat' dir='ltr'><strong><em>causas</em></strong></span> <span class='ocrx_word' id='word_1_489' title='bbox 2909 2573 3099 2626; x_wconf 88' lang='lat' dir='ltr'><strong><em>dicturi</em></strong></span> <span class='ocrx_word' id='word_1_490' title='bbox 3148 2582 3291 2633; x_wconf 85' lang='lat' dir='ltr'><strong><em>sunt,</em></strong></span> <span class='ocrx_word' id='word_1_491' title='bbox 3337 2571 3576 2623; x_wconf 87' lang='lat' dir='ltr'><strong><em>dicentes</em></strong></span> <span class='ocrx_word' id='word_1_492' title='bbox 3624 2589 3637 2622; x_wconf 93' lang='lat'><strong>:</strong></span> 
     </span>
    </p>
   </div>
   <div class='ocr_carea' id='block_1_69' title="bbox 2085 2642 3643 2711">
    <p class='ocr_par' dir='ltr' id='par_1_69' title="bbox 2085 2642 3643 2711">
     <span class='ocr_line' id='line_1_69' title="bbox 2085 2642 3643 2711; baseline -0.004 -14"><span class='ocrx_word' id='word_1_493' title='bbox 2085 2642 2233 2708; x_wconf 87' lang='lat' dir='ltr'><strong><em>Quod</em></strong></span> <span class='ocrx_word' id='word_1_494' title='bbox 2262 2642 2388 2697; x_wconf 91' lang='lat' dir='ltr'><strong><em>dum</em></strong></span> <span class='ocrx_word' id='word_1_495' title='bbox 2434 2656 2525 2699; x_wconf 90' lang='lat' dir='ltr'><strong><em>aut</em></strong></span> <span class='ocrx_word' id='word_1_496' title='bbox 2563 2648 2900 2711; x_wconf 77' lang='lat' dir='ltr'><strong><em>asperitatem</em></strong></span> <span class='ocrx_word' id='word_1_497' title='bbox 2955 2644 3143 2710; x_wconf 64' lang='lat' dir='ltr'><strong><em>linguai</em></strong></span> <span class='ocrx_word' id='word_1_498' title='bbox 3188 2657 3370 2695; x_wconf 87' lang='lat' dir='ltr'><strong><em>eorum</em></strong></span> <span class='ocrx_word' id='word_1_499' title='bbox 3415 2643 3643 2705; x_wconf 78' lang='lat' dir='ltr'><strong><em>expavi-</em></strong></span> 
     </span>
    </p>
   </div>
   <div class='ocr_carea' id='block_1_70' title="bbox 2085 2711 3643 2780">
    <p class='ocr_par' dir='ltr' id='par_1_70' title="bbox 2085 2711 3643 2780">
     <span class='ocr_line' id='line_1_70' title="bbox 2085 2711 3643 2780; baseline -0.001 -16"><span class='ocrx_word' id='word_1_500' title='bbox 2085 2727 2226 2774; x_wconf 89' lang='lat' dir='ltr'><strong><em>mus,</em></strong></span> <span class='ocrx_word' id='word_1_501' title='bbox 2258 2724 2350 2766; x_wconf 91' lang='lat' dir='ltr'><strong><em>aut</em></strong></span> <span class='ocrx_word' id='word_1_502' title='bbox 2394 2715 2522 2769; x_wconf 78' lang='lat' dir='ltr'><strong><em>falsa</em></strong></span> <span class='ocrx_word' id='word_1_503' title='bbox 2548 2715 2902 2768; x_wconf 84' lang='lat' dir='ltr'><strong><em>blandimenta</em></strong></span> <span class='ocrx_word' id='word_1_504' title='bbox 2933 2722 2988 2767; x_wconf 89' lang='lat' dir='ltr'><strong><em>et</em></strong></span> <span class='ocrx_word' id='word_1_505' title='bbox 3025 2713 3349 2780; x_wconf 87' lang='lat' dir='ltr'><strong><em>periculosas</em></strong></span> <span class='ocrx_word' id='word_1_506' title='bbox 3377 2711 3643 2763; x_wconf 85' lang='lat' dir='ltr'><strong><em>adulatio-</em></strong></span> 
     </span>
    </p>
   </div>
   <div class='ocr_carea' id='block_1_71' title="bbox 2086 2781 3640 2851">
    <p class='ocr_par' dir='ltr' id='par_1_71' title="bbox 2086 2781 3640 2851">
     <span class='ocr_line' id='line_1_71' title="bbox 2086 2781 3640 2851; baseline 0.001 -17"><span class='ocrx_word' id='word_1_507' title='bbox 2086 2796 2180 2835; x_wconf 87' lang='lat' dir='ltr'><strong><em>nes</em></strong></span> <span class='ocrx_word' id='word_1_508' title='bbox 2210 2785 2442 2851; x_wconf 88' lang='lat' dir='ltr'><strong><em>ipsorum</em></strong></span> <span class='ocrx_word' id='word_1_509' title='bbox 2475 2787 2701 2839; x_wconf 84' lang='lat' dir='ltr'><strong><em>libenter</em></strong></span> <span class='ocrx_word' id='word_1_510' title='bbox 2726 2785 3051 2851; x_wconf 86' lang='lat' dir='ltr'><strong><em>accepimus,</em></strong></span> <span class='ocrx_word' id='word_1_511' title='bbox 3087 2798 3185 2836; x_wconf 90' lang='lat' dir='ltr'><strong><em>nos</em></strong></span> <span class='ocrx_word' id='word_1_512' title='bbox 3231 2798 3345 2845; x_wconf 66' lang='lat' dir='ltr'><strong><em>eos,</em></strong></span> <span class='ocrx_word' id='word_1_513' title='bbox 3377 2782 3502 2833; x_wconf 90' lang='lat' dir='ltr'><strong><em>dum</em></strong></span> <span class='ocrx_word' id='word_1_514' title='bbox 3535 2781 3640 2835; x_wconf 87' lang='lat' dir='ltr'><strong><em>illis</em></strong></span> 
     </span>
    </p>
   </div>
   <div class='ocr_carea' id='block_1_72' title="bbox 2082 2853 3636 2923">
    <p class='ocr_par' dir='ltr' id='par_1_72' title="bbox 2082 2853 3636 2923">
     <span class='ocr_line' id='line_1_72' title="bbox 2082 2853 3636 2923; baseline -0.001 -19"><span class='ocrx_word' id='word_1_515' title='bbox 2082 2853 2340 2923; x_wconf 74' lang='lat' dir='ltr'><strong><em>inutiliter</em></strong></span> <span class='ocrx_word' id='word_1_516' title='bbox 2387 2855 2739 2923; x_wconf 72' lang='lat' dir='ltr'><strong><em>indulgemus,</em></strong></span> <span class='ocrx_word' id='word_1_517' title='bbox 2793 2855 2842 2907; x_wconf 91' lang='lat' dir='ltr'><strong><em>iu</em></strong></span> <span class='ocrx_word' id='word_1_518' title='bbox 2891 2855 3117 2922; x_wconf 72' lang='lat' dir='ltr'><strong><em>pem-alis</em></strong></span> <span class='ocrx_word' id='word_1_519' title='bbox 3168 2866 3495 2920; x_wconf 77' lang='lat' dir='ltr'><strong><em>permanere.</em></strong></span> <span class='ocrx_word' id='word_1_520' title='bbox 3543 2861 3636 2903; x_wconf 86' lang='lat' dir='ltr'><strong><em>aut</em></strong></span> 
     </span>
    </p>
   </div>
   <div class='ocr_carea' id='block_1_73' title="bbox 2083 2922 3639 2994">
    <p class='ocr_par' dir='ltr' id='par_1_73' title="bbox 2083 2922 3639 2994">
     <span class='ocr_line' id='line_1_73' title="bbox 2083 2922 3639 2994; baseline -0.001 -19"><span class='ocrx_word' id='word_1_521' title='bbox 2083 2922 2195 2987; x_wconf 59' lang='lat' dir='ltr'><strong><em>ipsa</em></strong></span> <span class='ocrx_word' id='word_1_522' title='bbox 2228 2936 2436 2990; x_wconf 86' lang='lat' dir='ltr'><strong><em>peccata</em></strong></span> <span class='ocrx_word' id='word_1_523' title='bbox 2464 2922 2623 2980; x_wconf 86' lang='lat' dir='ltr'><strong><em>etiam</em></strong></span> <span class='ocrx_word' id='word_1_524' title='bbox 2656 2941 2848 2994; x_wconf 79' lang='lat' dir='ltr'><strong><em>augere</em></strong></span> <span class='ocrx_word' id='word_1_525' title='bbox 2868 2924 3285 2994; x_wconf 87' lang='lat' dir='ltr'><strong><em>permiserinnts,</em></strong></span> <span class='ocrx_word' id='word_1_526' title='bbox 3323 2936 3424 2975; x_wconf 85' lang='lat' dir='ltr'><strong><em>non</em></strong></span> <span class='ocrx_word' id='word_1_527' title='bbox 3458 2935 3639 2994; x_wconf 76' lang='lat' dir='ltr'><strong><em>recor-</em></strong></span> 
     </span>
    </p>
   </div>
   <div class='ocr_carea' id='block_1_74' title="bbox 2084 2991 3637 3065">
    <p class='ocr_par' dir='ltr' id='par_1_74' title="bbox 2084 2991 3637 3065">
     <span class='ocr_line' id='line_1_74' title="bbox 2084 2991 3637 3065; baseline -0.001 -21"><span class='ocrx_word' id='word_1_528' title='bbox 2084 2993 2267 3048; x_wconf 80' lang='lat' dir='ltr'><strong><em>dantes</em></strong></span> <span class='ocrx_word' id='word_1_529' title='bbox 2311 2995 2437 3049; x_wconf 91' lang='lat' dir='ltr'><strong><em>illud</em></strong></span> <span class='ocrx_word' id='word_1_530' title='bbox 2486 2998 2626 3065; x_wconf 89' lang='lat' dir='ltr'><strong><em>quod</em></strong></span> <span class='ocrx_word' id='word_1_531' title='bbox 2686 2991 2949 3049; x_wconf 49' lang='lat' dir='ltr'><strong><em>in&#39;Vet&#39;eri</em></strong></span> <span class='ocrx_word' id='word_1_532' title='bbox 2997 2994 3337 3065; x_wconf 81' lang='lat' dir='ltr'><strong><em>Testamento</em></strong></span> <span class='ocrx_word' id='word_1_533' title='bbox 3385 2991 3637 3065; x_wconf 73' lang='lat' dir='ltr'><strong><em>scriptum</em></strong></span> 
     </span>
    </p>
   </div>
   <div class='ocr_carea' id='block_1_75' title="bbox 2082 3063 3643 3132">
    <p class='ocr_par' dir='ltr' id='par_1_75' title="bbox 2082 3063 3643 3132">
     <span class='ocr_line' id='line_1_75' title="bbox 2082 3063 3643 3132; baseline -0.003 -15"><span class='ocrx_word' id='word_1_534' title='bbox 2082 3074 2182 3122; x_wconf 85' lang='lat' dir='ltr'><strong><em>est.</em></strong></span> <span class='ocrx_word' id='word_1_535' title='bbox 2206 3066 2323 3132; x_wconf 82' lang='lat' dir='ltr'><strong><em>quia</em></strong></span> <span class='ocrx_word' id='word_1_536' title='bbox 2350 3082 2454 3119; x_wconf 90' lang='lat' dir='ltr'><strong><em>uno</em></strong></span> <span class='ocrx_word' id='word_1_537' title='bbox 2493 3063 2726 3130; x_wconf 80' lang='lat' dir='ltr'><strong><em>peccante</em></strong></span> <span class='ocrx_word' id='word_1_538' title='bbox 2752 3077 2927 3119; x_wconf 88' lang='lat' dir='ltr'><strong><em>contra</em></strong></span> <span class='ocrx_word' id='word_1_539' title='bbox 2953 3082 3122 3119; x_wconf 87' lang='lat' dir='ltr'><strong><em>omnes</em></strong></span> <span class='ocrx_word' id='word_1_540' title='bbox 3167 3063 3263 3116; x_wconf 88' lang='lat' dir='ltr'><strong><em>Dei</em></strong></span> <span class='ocrx_word' id='word_1_541' title='bbox 3301 3064 3379 3115; x_wconf 89' lang='lat' dir='ltr'><strong><em>ira</em></strong></span> <span class='ocrx_word' id='word_1_542' title='bbox 3420 3063 3643 3114; x_wconf 78' lang='lat' dir='ltr'><strong><em>desceuiit</em></strong></span> 
     </span>
    </p>
   </div>
   <div class='ocr_carea' id='block_1_76' title="bbox 2084 3133 3640 3205">
    <p class='ocr_par' dir='ltr' id='par_1_76' title="bbox 2084 3133 3640 3205">
     <span class='ocr_line' id='line_1_76' title="bbox 2084 3133 3640 3205; baseline -0.001 -20"><span class='ocrx_word' id='word_1_543' title='bbox 2084 3133 2271 3198; x_wconf 80' lang='lat' dir='ltr'><strong><em>(Nam.</em></strong></span> <span class='ocrx_word' id='word_1_544' title='bbox 2298 3140 2430 3205; x_wconf 77' lang='lat' dir='ltr'><strong><em>xvi).</em></strong></span> <span class='ocrx_word' id='word_1_545' title='bbox 2463 3138 2507 3191; x_wconf 90' lang='grc' dir='ltr'><strong>Ο</strong></span> <span class='ocrx_word' id='word_1_546' title='bbox 2540 3139 2739 3204; x_wconf 78' lang='lat' dir='ltr'><strong><em>pietas!</em></strong></span> <span class='ocrx_word' id='word_1_547' title='bbox 2774 3158 2804 3186; x_wconf 91' lang='lat' dir='ltr'><strong><em>u</em></strong></span> <span class='ocrx_word' id='word_1_548' title='bbox 2830 3136 3229 3190; x_wconf 75' lang='lat' dir='ltr'><strong><em>misericordia!</em></strong></span> <span class='ocrx_word' id='word_1_549' title='bbox 3269 3134 3357 3185; x_wconf 88' lang='lat' dir='ltr'><strong><em>ttni</em></strong></span> <span class='ocrx_word' id='word_1_550' title='bbox 3401 3146 3640 3205; x_wconf 83' lang='lat' dir='ltr'><strong><em>parcere,</em></strong></span> 
     </span>
    </p>
   </div>
   <div class='ocr_carea' id='block_1_77' title="bbox 418 3202 3636 3285">
    <p class='ocr_par' dir='ltr' id='par_1_77' title="bbox 418 3202 3636 3285">
     <span class='ocr_line' id='line_1_77' title="bbox 418 3202 3636 3285; baseline -0.005 -17"><span class='ocrx_word' id='word_1_551' title='bbox 418 3216 632 3268; x_wconf 80' lang='lat' dir='ltr'><strong><em>crimine</em></strong></span> <span class='ocrx_word' id='word_1_552' title='bbox 655 3202 876 3266; x_wconf 74' lang='lat' dir='ltr'><strong><em>dixerint</em></strong></span> <span class='ocrx_word' id='word_1_553' title='bbox 905 3202 1088 3268; x_wconf 56' lang='lat' dir='ltr'><strong><em>se&#39;esse</em></strong></span> <span class='ocrx_word' id='word_1_554' title='bbox 1107 3202 1361 3285; x_wconf 57' lang='lat' dir='ltr'><strong><em>pollutos,</em></strong></span> <span class='ocrx_word' id='word_1_555' title='bbox 1389 3202 1753 3283; x_wconf 52' lang='lat' dir='ltr'><strong><em>a&#39;supradictis</em></strong></span> <span class='ocrx_word' id='word_1_556' title='bbox 1775 3220 1979 3271; x_wconf 80' lang='lat' dir='ltr'><strong><em>ordina-</em></strong></span> <span class='ocrx_word' id='word_1_557' title='bbox 2006 3208 2051 3268; x_wconf 90' lang='lat' dir='ltr'><strong><em>C</em></strong></span> <span class='ocrx_word' id='word_1_558' title='bbox 2082 3216 2134 3257; x_wconf 74' lang='grc' dir='ltr'>ει</span> <span class='ocrx_word' id='word_1_559' title='bbox 2158 3221 2342 3285; x_wconf 60' lang='lat' dir='ltr'><strong><em>0&#39;9!th</em></strong></span> <span class='ocrx_word' id='word_1_560' title='bbox 2366 3202 2458 3285; x_wconf 63' lang='lat' dir='ltr'><strong><em>Itur</em></strong></span> <span class='ocrx_word' id='word_1_561' title='bbox 2486 3202 2787 3285; x_wconf 73' lang='lat' dir='ltr'><strong><em>exemplum</em></strong></span> <span class='ocrx_word' id='word_1_562' title='bbox 2835 3210 3029 3261; x_wconf 89' lang='lat' dir='ltr'><strong><em>malum</em></strong></span> <span class='ocrx_word' id='word_1_563' title='bbox 3060 3209 3114 3285; x_wconf 80' lang='lat' dir='ltr'><strong><em>in</em></strong></span> <span class='ocrx_word' id='word_1_564' title='bbox 3152 3202 3636 3285; x_wconf 36' lang='lat' dir='ltr'><strong><em>disc-ritnen‘addu-</em></strong></span> 
     </span>
    </p>
   </div>
   <div class='ocr_carea' id='block_1_78' title="bbox 419 3286 1972 3355">
    <p class='ocr_par' dir='ltr' id='par_1_78' title="bbox 419 3286 1972 3355">
     <span class='ocr_line' id='line_1_78' title="bbox 419 3286 1972 3355; baseline 0.001 -17"><span class='ocrx_word' id='word_1_565' title='bbox 419 3287 640 3338; x_wconf 77' lang='lat' dir='ltr'><strong><em>tionibus</em></strong></span> <span class='ocrx_word' id='word_1_566' title='bbox 659 3286 1039 3346; x_wconf 74' lang='lat' dir='ltr'><strong><em>submovendas,</em></strong></span> <span class='ocrx_word' id='word_1_567' title='bbox 1070 3301 1182 3355; x_wconf 78' lang='lat' dir='ltr'><strong><em>reos</em></strong></span> <span class='ocrx_word' id='word_1_568' title='bbox 1207 3288 1396 3339; x_wconf 85' lang='lat' dir='ltr'><strong><em>scilicet</em></strong></span> <span class='ocrx_word' id='word_1_569' title='bbox 1419 3291 1493 3340; x_wconf 82' lang='lat' dir='ltr'><strong><em>vel</em></strong></span> <span class='ocrx_word' id='word_1_570' title='bbox 1516 3290 1615 3339; x_wconf 78' lang='lat' dir='ltr'><strong><em>reri</em></strong></span> <span class='ocrx_word' id='word_1_571' title='bbox 1643 3290 1972 3355; x_wconf 74' lang='lat' dir='ltr'><strong><em>confessione,</em></strong></span> 
     </span>
    </p>
   </div>
   <div class='ocr_carea' id='block_1_79' title="bbox 418 3353 1976 3427">
    <p class='ocr_par' dir='ltr' id='par_1_79' title="bbox 418 3353 1976 3427">
     <span class='ocr_line' id='line_1_79' title="bbox 418 3353 1976 3427; baseline 0.001 -19"><span class='ocrx_word' id='word_1_572' title='bbox 418 3355 496 3408; x_wconf 75' lang='lat' dir='ltr'><strong><em>vel</em></strong></span> <span class='ocrx_word' id='word_1_573' title='bbox 532 3356 791 3408; x_wconf 84' lang='lat' dir='ltr'><strong><em>mendacio</em></strong></span> <span class='ocrx_word' id='word_1_574' title='bbox 820 3357 1081 3425; x_wconf 76' lang='lat' dir='ltr'><strong><em>falsitatis.</em></strong></span> <span class='ocrx_word' id='word_1_575' title='bbox 1137 3353 1308 3426; x_wconf 78' lang='lat' dir='ltr'><strong><em>Neque</em></strong></span> <span class='ocrx_word' id='word_1_576' title='bbox 1338 3359 1467 3409; x_wconf 89' lang='lat' dir='ltr'><strong><em>enim</em></strong></span> <span class='ocrx_word' id='word_1_577' title='bbox 1492 3358 1616 3411; x_wconf 75' lang='lat' dir='ltr'><strong><em>solvi</em></strong></span> <span class='ocrx_word' id='word_1_578' title='bbox 1653 3353 1841 3410; x_wconf 82' lang='lat' dir='ltr'><strong><em>abhis</em></strong></span> <span class='ocrx_word' id='word_1_579' title='bbox 1885 3375 1976 3427; x_wconf 79' lang='lat' dir='ltr'><strong><em>po-</em></strong></span> 
     </span>
    </p>
   </div>
   <div class='ocr_carea' id='block_1_80' title="bbox 420 3427 1976 3498">
    <p class='ocr_par' dir='ltr' id='par_1_80' title="bbox 420 3427 1976 3498">
     <span class='ocr_line' id='line_1_80' title="bbox 420 3427 1976 3498; baseline 0.002 -22"><span class='ocrx_word' id='word_1_580' title='bbox 420 3438 537 3486; x_wconf 87' lang='lat' dir='ltr'><strong><em>test,</em></strong></span> <span class='ocrx_word' id='word_1_581' title='bbox 564 3427 604 3479; x_wconf 88' lang='lat' dir='ltr'><strong><em>si</em></strong></span> <span class='ocrx_word' id='word_1_582' title='bbox 630 3427 682 3477; x_wconf 88' lang='lat' dir='ltr'><strong><em>in</em></strong></span> <span class='ocrx_word' id='word_1_583' title='bbox 708 3427 842 3489; x_wconf 88' lang='lat' dir='ltr'><strong><em>ipsos</em></strong></span> <span class='ocrx_word' id='word_1_584' title='bbox 869 3442 921 3477; x_wconf 90' lang='lat' dir='ltr'><strong><em>se</em></strong></span> <span class='ocrx_word' id='word_1_585' title='bbox 948 3427 1196 3498; x_wconf 67' lang='lat' dir='ltr'><strong><em>dixerint,</em></strong></span> <span class='ocrx_word' id='word_1_586' title='bbox 1217 3429 1352 3495; x_wconf 90' lang='lat' dir='ltr'><strong><em>quod</em></strong></span> <span class='ocrx_word' id='word_1_587' title='bbox 1374 3428 1565 3480; x_wconf 86' lang='lat' dir='ltr'><strong><em>dictum</em></strong></span> <span class='ocrx_word' id='word_1_588' title='bbox 1592 3431 1642 3481; x_wconf 88' lang='lat' dir='ltr'><strong><em>in</em></strong></span> <span class='ocrx_word' id='word_1_589' title='bbox 1672 3430 1799 3481; x_wconf 87' lang='lat' dir='ltr'><strong><em>alios</em></strong></span> <span class='ocrx_word' id='word_1_590' title='bbox 1829 3430 1976 3498; x_wconf 91' lang='lat' dir='ltr'><strong><em>puni-</em></strong></span> 
     </span>
    </p>
   </div>
   <div class='ocr_carea' id='block_1_81' title="bbox 419 3494 1977 3565">
    <p class='ocr_par' dir='ltr' id='par_1_81' title="bbox 419 3494 1977 3565">
     <span class='ocr_line' id='line_1_81' title="bbox 419 3494 1977 3565; baseline 0.003 -17"><span class='ocrx_word' id='word_1_591' title='bbox 419 3506 581 3565; x_wconf 72' lang='lat' dir='ltr'><strong><em>retur,</em></strong></span> <span class='ocrx_word' id='word_1_592' title='bbox 604 3500 896 3548; x_wconf 75' lang='lat' dir='ltr'><strong><em>cuntonnn&#39;s</em></strong></span> <span class='ocrx_word' id='word_1_593' title='bbox 926 3498 1013 3565; x_wconf 87' lang='lat' dir='ltr'><strong><em>qui</em></strong></span> <span class='ocrx_word' id='word_1_594' title='bbox 1039 3494 1132 3547; x_wconf 83' lang='lat' dir='ltr'><strong><em>sibi</em></strong></span> <span class='ocrx_word' id='word_1_595' title='bbox 1173 3494 1323 3563; x_wconf 73' lang='lat' dir='ltr'><strong><em>fuerit</em></strong></span> <span class='ocrx_word' id='word_1_596' title='bbox 1348 3500 1522 3553; x_wconf 87' lang='lat' dir='ltr'><strong><em>mortis</em></strong></span> <span class='ocrx_word' id='word_1_597' title='bbox 1549 3515 1699 3552; x_wconf 85' lang='lat' dir='ltr'><strong><em>causa</em></strong></span> <span class='ocrx_word' id='word_1_598' title='bbox 1722 3494 1977 3552; x_wconf 84' lang='lat' dir='ltr'><strong><em>homicida</em></strong></span> 
     </span>
    </p>
   </div>
   <div class='ocr_carea' id='block_1_82' title="bbox 419 3564 1977 3639">
    <p class='ocr_par' dir='ltr' id='par_1_82' title="bbox 419 3564 1977 3639">
     <span class='ocr_line' id='line_1_82' title="bbox 419 3564 1977 3639; baseline 0.003 -22"><span class='ocrx_word' id='word_1_599' title='bbox 419 3568 505 3639; x_wconf 88' lang='lat' dir='ltr'><strong><em>sit.</em></strong></span> <span class='ocrx_word' id='word_1_600' title='bbox 526 3564 721 3639; x_wconf 72' lang='lat' dir='ltr'><strong><em>Divina</em></strong></span> <span class='ocrx_word' id='word_1_601' title='bbox 748 3582 836 3618; x_wconf 86' lang='lat' dir='ltr'><strong><em>vos</em></strong></span> <span class='ocrx_word' id='word_1_602' title='bbox 860 3564 1017 3633; x_wconf 87' lang='lat' dir='ltr'><strong><em>pietas</em></strong></span> <span class='ocrx_word' id='word_1_603' title='bbox 1044 3567 1096 3619; x_wconf 90' lang='lat' dir='ltr'><strong><em>in</em></strong></span> <span class='ocrx_word' id='word_1_604' title='bbox 1120 3576 1363 3621; x_wconf 77' lang='lat' dir='ltr'><strong><em>ceternum</em></strong></span> <span class='ocrx_word' id='word_1_605' title='bbox 1386 3579 1641 3639; x_wconf 82' lang='lat' dir='ltr'><strong><em>protegat,</em></strong></span> <span class='ocrx_word' id='word_1_606' title='bbox 1684 3573 1867 3639; x_wconf 72' lang='lat' dir='ltr'><strong><em>fratres</em></strong></span> <span class='ocrx_word' id='word_1_607' title='bbox 1893 3572 1977 3622; x_wconf 86' lang='lat' dir='ltr'><strong><em>di-</em></strong></span> 
     </span>
    </p>
   </div>
   <div class='ocr_carea' id='block_1_83' title="bbox 419 3637 694 3689">
    <p class='ocr_par' dir='ltr' id='par_1_83' title="bbox 419 3637 694 3689">
     <span class='ocr_line' id='line_1_83' title="bbox 419 3637 694 3689; baseline -0.007 0"><span class='ocrx_word' id='word_1_608' title='bbox 419 3637 694 3689; x_wconf 85' lang='lat' dir='ltr'><strong><em>lectissimi.</em></strong></span> 
     </span>
    </p>
   </div>
   <div class='ocr_carea' id='block_1_84' title="bbox 492 3705 1978 3779">
    <p class='ocr_par' dir='ltr' id='par_1_84' title="bbox 492 3705 1978 3779">
     <span class='ocr_line' id='line_1_84' title="bbox 492 3705 1978 3779; baseline 0 -20"><span class='ocrx_word' id='word_1_609' title='bbox 492 3707 621 3779; x_wconf 77' lang='lat' dir='ltr'><strong><em>Iteni</em></strong></span> <span class='ocrx_word' id='word_1_610' title='bbox 670 3705 747 3779; x_wconf 73' lang='lat' dir='ltr'><strong><em>ad</em></strong></span> <span class='ocrx_word' id='word_1_611' title='bbox 784 3706 948 3779; x_wconf 89' lang='lat' dir='ltr'><strong><em>locum</em></strong></span> <span class='ocrx_word' id='word_1_612' title='bbox 976 3707 1042 3760; x_wconf 88' lang='lat' dir='ltr'><strong><em>de</em></strong></span> <span class='ocrx_word' id='word_1_613' title='bbox 1069 3707 1272 3776; x_wconf 88' lang='lat' dir='ltr'><strong><em>synodo</em></strong></span> <span class='ocrx_word' id='word_1_614' title='bbox 1310 3708 1676 3763; x_wconf 82' lang='lat' dir='ltr'><strong><em>Anrelianensi</em></strong></span> <span class='ocrx_word' id='word_1_615' title='bbox 1703 3710 1978 3779; x_wconf 85' lang='lat' dir='ltr'><strong><em>episcopo-</em></strong></span> 
     </span>
    </p>
   </div>
   <div class='ocr_carea' id='block_1_85' title="bbox 417 3775 1982 3847">
    <p class='ocr_par' dir='ltr' id='par_1_85' title="bbox 417 3775 1982 3847">
     <span class='ocr_line' id='line_1_85' title="bbox 417 3775 1982 3847; baseline 0.001 -18"><span class='ocrx_word' id='word_1_616' title='bbox 417 3791 537 3829; x_wconf 85' lang='lat' dir='ltr'><strong><em>rum</em></strong></span> <span class='ocrx_word' id='word_1_617' title='bbox 566 3778 653 3830; x_wconf 82' lang='lat'><strong><em>30.</em></strong></span> <span class='ocrx_word' id='word_1_618' title='bbox 689 3775 748 3830; x_wconf 88' lang='lat' dir='ltr'><strong><em>Si</em></strong></span> <span class='ocrx_word' id='word_1_619' title='bbox 777 3778 1020 3829; x_wconf 84' lang='lat' dir='ltr'><strong><em>diaconus</em></strong></span> <span class='ocrx_word' id='word_1_620' title='bbox 1065 3775 1152 3829; x_wconf 86' lang='lat' dir='ltr'><strong><em>aut</em></strong></span> <span class='ocrx_word' id='word_1_621' title='bbox 1214 3780 1467 3846; x_wconf 78' lang='lat' dir='ltr'><strong><em>presbyter</em></strong></span> <span class='ocrx_word' id='word_1_622' title='bbox 1524 3784 1708 3832; x_wconf 80' lang='lat' dir='ltr'><strong><em>crimen</em></strong></span> <span class='ocrx_word' id='word_1_623' title='bbox 1740 3775 1982 3847; x_wconf 46' lang='lat' dir='ltr'><strong><em>&#39;capiiale</em></strong></span> 
     </span>
    </p>
   </div>
   <div class='ocr_carea' id='block_1_86' title="bbox 419 3847 1980 3919">
    <p class='ocr_par' dir='ltr' id='par_1_86' title="bbox 419 3847 1980 3919">
     <span class='ocr_line' id='line_1_86' title="bbox 419 3847 1980 3919; baseline 0.003 -21"><span class='ocrx_word' id='word_1_624' title='bbox 419 3847 780 3911; x_wconf 81' lang='lat' dir='ltr'><strong><em>commiserint,</em></strong></span> <span class='ocrx_word' id='word_1_625' title='bbox 830 3847 980 3899; x_wconf 88' lang='lat' dir='ltr'><strong><em>simul</em></strong></span> <span class='ocrx_word' id='word_1_626' title='bbox 1009 3848 1070 3898; x_wconf 89' lang='lat' dir='ltr'><strong><em>ab</em></strong></span> <span class='ocrx_word' id='word_1_627' title='bbox 1108 3848 1269 3915; x_wconf 74' lang='lat' dir='ltr'><strong><em>oﬂ‘icio</em></strong></span> <span class='ocrx_word' id='word_1_628' title='bbox 1297 3858 1345 3903; x_wconf 87' lang='lat' dir='ltr'><strong><em>et</em></strong></span> <span class='ocrx_word' id='word_1_629' title='bbox 1392 3851 1742 3903; x_wconf 85' lang='lat' dir='ltr'><strong><em>communione</em></strong></span> <span class='ocrx_word' id='word_1_630' title='bbox 1781 3851 1980 3919; x_wconf 83' lang='lat' dir='ltr'><strong><em>pellan-</em></strong></span> 
     </span>
    </p>
   </div>
   <div class='ocr_carea' id='block_1_87' title="bbox 415 3927 523 3970">
    <p class='ocr_par' dir='ltr' id='par_1_87' title="bbox 415 3927 523 3970">
     <span class='ocr_line' id='line_1_87' title="bbox 415 3927 523 3970; baseline -0.009 0"><span class='ocrx_word' id='word_1_631' title='bbox 415 3927 523 3970; x_wconf 81' lang='lat' dir='ltr'><strong><em>tur.</em></strong></span> 
     </span>
    </p>
   </div>
   <div class='ocr_carea' id='block_1_88' title="bbox 494 3985 1983 4060">
    <p class='ocr_par' dir='ltr' id='par_1_88' title="bbox 494 3985 1983 4060">
     <span class='ocr_line' id='line_1_88' title="bbox 494 3985 1983 4060; baseline 0.003 -21"><span class='ocrx_word' id='word_1_632' title='bbox 494 3988 620 4039; x_wconf 88' lang='lat' dir='ltr'><strong><em>Item</em></strong></span> <span class='ocrx_word' id='word_1_633' title='bbox 649 3985 713 4038; x_wconf 88' lang='lat' dir='ltr'><strong><em>ad</em></strong></span> <span class='ocrx_word' id='word_1_634' title='bbox 747 3988 918 4040; x_wconf 90' lang='lat' dir='ltr'><strong><em>locum</em></strong></span> <span class='ocrx_word' id='word_1_635' title='bbox 950 3987 1017 4060; x_wconf 86' lang='lat' dir='ltr'><strong><em>de</em></strong></span> <span class='ocrx_word' id='word_1_636' title='bbox 1045 3988 1252 4059; x_wconf 81' lang='lat' dir='ltr'><strong><em>synodo</em></strong></span> <span class='ocrx_word' id='word_1_637' title='bbox 1293 3988 1675 4043; x_wconf 88' lang='lat' dir='ltr'><strong><em>Justinianensi</em></strong></span> <span class='ocrx_word' id='word_1_638' title='bbox 1708 3987 1753 4043; x_wconf 85' lang='grc'><strong><em>⁸.</em></strong></span> <span class='ocrx_word' id='word_1_639' title='bbox 1784 3989 1841 4045; x_wconf 89' lang='lat' dir='ltr'><strong><em>Si</em></strong></span> <span class='ocrx_word' id='word_1_640' title='bbox 1869 3990 1983 4060; x_wconf 87' lang='lat' dir='ltr'><strong><em>quis</em></strong></span> 
     </span>
    </p>
   </div>
   <div class='ocr_carea' id='block_1_89' title="bbox 420 4058 1983 4128">
    <p class='ocr_par' dir='ltr' id='par_1_89' title="bbox 420 4058 1983 4128">
     <span class='ocr_line' id='line_1_89' title="bbox 420 4058 1983 4128; baseline 0.002 -19"><span class='ocrx_word' id='word_1_641' title='bbox 420 4059 665 4109; x_wconf 87' lang='lat' dir='ltr'><strong><em>diaconus</em></strong></span> <span class='ocrx_word' id='word_1_642' title='bbox 710 4068 797 4108; x_wconf 89' lang='lat' dir='ltr'><strong><em>aut</em></strong></span> <span class='ocrx_word' id='word_1_643' title='bbox 842 4058 1119 4128; x_wconf 79' lang='lat' dir='ltr'><strong><em>presbyter,</em></strong></span> <span class='ocrx_word' id='word_1_644' title='bbox 1167 4068 1279 4128; x_wconf 89' lang='lat' dir='ltr'><strong><em>post</em></strong></span> <span class='ocrx_word' id='word_1_645' title='bbox 1305 4070 1559 4126; x_wconf 88' lang='lat' dir='ltr'><strong><em>acceptam</em></strong></span> <span class='ocrx_word' id='word_1_646' title='bbox 1592 4058 1983 4112; x_wconf 84' lang='lat' dir='ltr'><strong><em>benedictionem</em></strong></span> 
     </span>
    </p>
   </div>
   <div class='ocr_carea' id='block_1_90' title="bbox 418 4128 1984 4196">
    <p class='ocr_par' dir='ltr' id='par_1_90' title="bbox 418 4128 1984 4196">
     <span class='ocr_line' id='line_1_90' title="bbox 418 4128 1984 4196; baseline 0.004 -18"><span class='ocrx_word' id='word_1_647' title='bbox 418 4128 691 4189; x_wconf 80' lang='lat' dir='ltr'><strong><em>leriticam,</em></strong></span> <span class='ocrx_word' id='word_1_648' title='bbox 718 4144 830 4178; x_wconf 85' lang='lat' dir='ltr'><strong><em>cunt</em></strong></span> <span class='ocrx_word' id='word_1_649' title='bbox 852 4145 1009 4183; x_wconf 76' lang='lat' dir='ltr'><strong><em>uxore</em></strong></span> <span class='ocrx_word' id='word_1_650' title='bbox 1032 4146 1124 4182; x_wconf 87' lang='lat' dir='ltr'><strong><em>sua</em></strong></span> <span class='ocrx_word' id='word_1_651' title='bbox 1152 4129 1464 4182; x_wconf 87' lang='lat' dir='ltr'><strong><em>incontinens</em></strong></span> <span class='ocrx_word' id='word_1_652' title='bbox 1494 4132 1763 4196; x_wconf 80' lang='lat' dir='ltr'><strong><em>invenitur,</em></strong></span> <span class='ocrx_word' id='word_1_653' title='bbox 1801 4132 1862 4183; x_wconf 89' lang='lat' dir='ltr'><strong><em>ab</em></strong></span> <span class='ocrx_word' id='word_1_654' title='bbox 1905 4133 1984 4196; x_wconf 66' lang='lat' dir='ltr'><strong><em>ol-</em></strong></span> 
     </span>
    </p>
   </div>
   <div class='ocr_carea' id='block_1_91' title="bbox 421 4198 863 4266">
    <p class='ocr_par' dir='ltr' id='par_1_91' title="bbox 421 4198 863 4266">
     <span class='ocr_line' id='line_1_91' title="bbox 421 4198 863 4266; baseline 0.007 -18"><span class='ocrx_word' id='word_1_655' title='bbox 421 4198 543 4264; x_wconf 74' lang='lat' dir='ltr'><strong><em>ﬁcio</em></strong></span> <span class='ocrx_word' id='word_1_656' title='bbox 568 4198 863 4266; x_wconf 87' lang='lat' dir='ltr'><strong><em>abjiciatur.</em></strong></span> 
     </span>
    </p>
   </div>
   <div class='ocr_carea' id='block_1_92' title="bbox 492 4266 1984 4338">
    <p class='ocr_par' dir='ltr' id='par_1_92' title="bbox 492 4266 1984 4338">
     <span class='ocr_line' id='line_1_92' title="bbox 492 4266 1984 4338; baseline 0.001 -18"><span class='ocrx_word' id='word_1_657' title='bbox 492 4266 619 4320; x_wconf 83' lang='lat' dir='ltr'><strong><em>Item</em></strong></span> <span class='ocrx_word' id='word_1_658' title='bbox 648 4267 714 4319; x_wconf 84' lang='lat' dir='ltr'><strong><em>de</em></strong></span> <span class='ocrx_word' id='word_1_659' title='bbox 750 4270 953 4337; x_wconf 86' lang='lat' dir='ltr'><strong><em>synodo</em></strong></span> <span class='ocrx_word' id='word_1_660' title='bbox 1004 4269 1297 4334; x_wconf 80' lang='lat' dir='ltr'><strong><em>Epaonensi</em></strong></span> <span class='ocrx_word' id='word_1_661' title='bbox 1347 4270 1715 4338; x_wconf 88' lang='lat' dir='ltr'><strong><em>episcoporum</em></strong></span> <span class='ocrx_word' id='word_1_662' title='bbox 1766 4270 1855 4324; x_wconf 67' lang='grc'><strong><em>54.</em></strong></span> <span class='ocrx_word' id='word_1_663' title='bbox 1921 4269 1984 4326; x_wconf 89' lang='lat' dir='ltr'><strong><em>Si</em></strong></span> 
     </span>
    </p>
   </div>
   <div class='ocr_carea' id='block_1_93' title="bbox 417 4338 1981 4408">
    <p class='ocr_par' dir='ltr' id='par_1_93' title="bbox 417 4338 1981 4408">
     <span class='ocr_line' id='line_1_93' title="bbox 417 4338 1981 4408; baseline 0.003 -19"><span class='ocrx_word' id='word_1_664' title='bbox 417 4338 532 4405; x_wconf 73' lang='lat' dir='ltr'><strong><em>quis</em></strong></span> <span class='ocrx_word' id='word_1_665' title='bbox 557 4339 798 4389; x_wconf 87' lang='lat' dir='ltr'><strong><em>diaconus</em></strong></span> <span class='ocrx_word' id='word_1_666' title='bbox 822 4350 908 4391; x_wconf 92' lang='lat' dir='ltr'><strong><em>aut</em></strong></span> <span class='ocrx_word' id='word_1_667' title='bbox 925 4341 1180 4408; x_wconf 81' lang='lat' dir='ltr'><strong><em>presbyter</em></strong></span> <span class='ocrx_word' id='word_1_668' title='bbox 1207 4341 1391 4391; x_wconf 89' lang='lat' dir='ltr'><strong><em>crimen</em></strong></span> <span class='ocrx_word' id='word_1_669' title='bbox 1416 4342 1633 4407; x_wconf 89' lang='lat' dir='ltr'><strong><em>capitale</em></strong></span> <span class='ocrx_word' id='word_1_670' title='bbox 1653 4342 1981 4405; x_wconf 81' lang='lat' dir='ltr'><strong><em>commiserit,</em></strong></span> 
     </span>
    </p>
   </div>
   <div class='ocr_carea' id='block_1_94' title="bbox 414 4408 1980 4478">
    <p class='ocr_par' dir='ltr' id='par_1_94' title="bbox 414 4408 1980 4478">
     <span class='ocr_line' id='line_1_94' title="bbox 414 4408 1980 4478; baseline 0.003 -19"><span class='ocrx_word' id='word_1_671' title='bbox 414 4409 480 4459; x_wconf 91' lang='lat' dir='ltr'><strong><em>ab</em></strong></span> <span class='ocrx_word' id='word_1_672' title='bbox 500 4408 647 4476; x_wconf 55' lang='lat' dir='ltr'><strong><em>ofﬁcii</em></strong></span> <span class='ocrx_word' id='word_1_673' title='bbox 674 4408 865 4461; x_wconf 82' lang='lat' dir='ltr'><strong><em>honore</em></strong></span> <span class='ocrx_word' id='word_1_674' title='bbox 905 4410 1158 4478; x_wconf 66' lang='lat' dir='ltr'><strong><em>depasitus</em></strong></span> <span class='ocrx_word' id='word_1_675' title='bbox 1186 4410 1239 4462; x_wconf 89' lang='lat' dir='ltr'><strong><em>in</em></strong></span> <span class='ocrx_word' id='word_1_676' title='bbox 1262 4412 1623 4463; x_wconf 89' lang='lat' dir='ltr'><strong><em>monasterium</em></strong></span> <span class='ocrx_word' id='word_1_677' title='bbox 1658 4412 1980 4476; x_wconf 86' lang='lat' dir='ltr'><strong><em>detrudatur,</em></strong></span> 
     </span>
    </p>
   </div>
   <div class='ocr_carea' id='block_1_95' title="bbox 418 4478 1985 4548">
    <p class='ocr_par' dir='ltr' id='par_1_95' title="bbox 418 4478 1985 4548">
     <span class='ocr_line' id='line_1_95' title="bbox 418 4478 1985 4548; baseline 0.004 -20"><span class='ocrx_word' id='word_1_678' title='bbox 418 4478 490 4529; x_wconf 85' lang='lat' dir='ltr'><strong><em>ibi</em></strong></span> <span class='ocrx_word' id='word_1_679' title='bbox 550 4484 895 4532; x_wconf 84' lang='lat' dir='ltr'><strong><em>tantummodo</em></strong></span> <span class='ocrx_word' id='word_1_680' title='bbox 956 4480 1180 4548; x_wconf 84' lang='lat' dir='ltr'><strong><em>quandiu</em></strong></span> <span class='ocrx_word' id='word_1_681' title='bbox 1239 4482 1418 4532; x_wconf 74' lang='lat' dir='ltr'><strong><em>vixerit</em></strong></span> <span class='ocrx_word' id='word_1_682' title='bbox 1490 4482 1840 4534; x_wconf 82' lang='lat' dir='ltr'><strong><em>communione</em></strong></span> <span class='ocrx_word' id='word_1_683' title='bbox 1900 4499 1985 4535; x_wconf 86' lang='lat' dir='ltr'><strong><em>su-</em></strong></span> 
     </span>
    </p>
   </div>
   <div class='ocr_carea' id='block_1_96' title="bbox 416 4551 620 4603">
    <p class='ocr_par' dir='ltr' id='par_1_96' title="bbox 416 4551 620 4603">
     <span class='ocr_line' id='line_1_96' title="bbox 416 4551 620 4603; baseline -0.005 -4"><span class='ocrx_word' id='word_1_684' title='bbox 416 4551 620 4603; x_wconf 83' lang='lat' dir='ltr'><strong><em>menda.</em></strong></span> 
     </span>
    </p>
   </div>
   <div class='ocr_carea' id='block_1_97' title="bbox 493 4590 2060 4691">
    <p class='ocr_par' dir='ltr' id='par_1_97' title="bbox 493 4590 2060 4691">
     <span class='ocr_line' id='line_1_97' title="bbox 493 4590 2060 4691; baseline 0.004 -20"><span class='ocrx_word' id='word_1_685' title='bbox 493 4618 631 4671; x_wconf 83' lang='lat' dir='ltr'><strong><em>Ecce</em></strong></span> <span class='ocrx_word' id='word_1_686' title='bbox 671 4619 1096 4691; x_wconf 80' lang='lat' dir='ltr'><strong><em>manifestissime</em></strong></span> <span class='ocrx_word' id='word_1_687' title='bbox 1149 4618 1175 4657; x_wconf 71' lang='grc' dir='ltr'>δ</span> <span class='ocrx_word' id='word_1_688' title='bbox 1226 4629 1463 4689; x_wconf 88' lang='lat' dir='ltr'><strong><em>constat,</em></strong></span> <span class='ocrx_word' id='word_1_689' title='bbox 1505 4622 1626 4691; x_wconf 89' lang='lat' dir='ltr'><strong><em>quia</em></strong></span> <span class='ocrx_word' id='word_1_690' title='bbox 1684 4622 1970 4676; x_wconf 85' lang='lat' dir='ltr'><strong><em>secundum</em></strong></span> <span class='ocrx_word' id='word_1_691' title='bbox 2006 4590 2060 4649; x_wconf 71' lang='grc' dir='ltr'><strong><em>Β</em></strong></span> 
     </span>
    </p>
   </div>
   <div class='ocr_carea' id='block_1_98' title="bbox 416 4689 1972 4754">
    <p class='ocr_par' dir='ltr' id='par_1_98' title="bbox 416 4689 1972 4754">
     <span class='ocr_line' id='line_1_98' title="bbox 416 4689 1972 4754; baseline 0.007 -17"><span class='ocrx_word' id='word_1_692' title='bbox 416 4691 553 4752; x_wconf 86' lang='lat' dir='ltr'><strong><em>quod</em></strong></span> <span class='ocrx_word' id='word_1_693' title='bbox 583 4700 636 4742; x_wconf 85' lang='lat' dir='ltr'><strong><em>et</em></strong></span> <span class='ocrx_word' id='word_1_694' title='bbox 683 4689 818 4742; x_wconf 87' lang='lat' dir='ltr'><strong><em>tituli</em></strong></span> <span class='ocrx_word' id='word_1_695' title='bbox 858 4691 965 4743; x_wconf 88' lang='lat' dir='ltr'><strong><em>anti</em></strong></span> <span class='ocrx_word' id='word_1_696' title='bbox 991 4706 1190 4754; x_wconf 63' lang='lat' dir='ltr'><strong><em>,uorum</em></strong></span> <span class='ocrx_word' id='word_1_697' title='bbox 1232 4691 1446 4745; x_wconf 83' lang='lat' dir='ltr'><strong><em>Patrum</em></strong></span> <span class='ocrx_word' id='word_1_698' title='bbox 1476 4689 1725 4746; x_wconf 44' lang='lat' dir='ltr'><strong><em>a&#39;sancto</em></strong></span> <span class='ocrx_word' id='word_1_699' title='bbox 1770 4693 1972 4748; x_wconf 85' lang='lat' dir='ltr'><strong><em>Joanne</em></strong></span> 
     </span>
    </p>
   </div>
   <div class='ocr_carea' id='block_1_99' title="bbox 417 4761 1970 4829">
    <p class='ocr_par' dir='ltr' id='par_1_99' title="bbox 417 4761 1970 4829">
     <span class='ocr_line' id='line_1_99' title="bbox 417 4761 1970 4829; baseline 0.005 -21"><span class='ocrx_word' id='word_1_700' title='bbox 417 4773 551 4826; x_wconf 86' lang='lat' dir='ltr'><strong><em>papa</em></strong></span> <span class='ocrx_word' id='word_1_701' title='bbox 579 4761 897 4824; x_wconf 85' lang='lat' dir='ltr'><strong><em>transmissi,</em></strong></span> <span class='ocrx_word' id='word_1_702' title='bbox 927 4774 979 4813; x_wconf 86' lang='lat' dir='ltr'><strong><em>et</em></strong></span> <span class='ocrx_word' id='word_1_703' title='bbox 1017 4770 1367 4815; x_wconf 88' lang='lat' dir='ltr'><strong><em>trecentorum</em></strong></span> <span class='ocrx_word' id='word_1_704' title='bbox 1395 4762 1577 4816; x_wconf 87' lang='lat' dir='ltr'><strong><em>decem</em></strong></span> <span class='ocrx_word' id='word_1_705' title='bbox 1626 4771 1679 4816; x_wconf 90' lang='lat' dir='ltr'><strong><em>et</em></strong></span> <span class='ocrx_word' id='word_1_706' title='bbox 1702 4774 1823 4818; x_wconf 92' lang='lat' dir='ltr'><strong><em>octo</em></strong></span> <span class='ocrx_word' id='word_1_707' title='bbox 1866 4765 1970 4829; x_wconf 86' lang='lat' dir='ltr'><strong><em>epi-</em></strong></span> 
     </span>
    </p>
   </div>
   <div class='ocr_carea' id='block_1_100' title="bbox 417 4831 1971 4896">
    <p class='ocr_par' dir='ltr' id='par_1_100' title="bbox 417 4831 1971 4896">
     <span class='ocr_line' id='line_1_100' title="bbox 417 4831 1971 4896; baseline 0.003 -15"><span class='ocrx_word' id='word_1_708' title='bbox 417 4843 699 4896; x_wconf 86' lang='lat' dir='ltr'><strong><em>scoporum</em></strong></span> <span class='ocrx_word' id='word_1_709' title='bbox 725 4831 1007 4895; x_wconf 87' lang='lat' dir='ltr'><strong><em>sententia,</em></strong></span> <span class='ocrx_word' id='word_1_710' title='bbox 1053 4831 1147 4885; x_wconf 91' lang='lat' dir='ltr'><strong><em>sed</em></strong></span> <span class='ocrx_word' id='word_1_711' title='bbox 1177 4841 1227 4885; x_wconf 87' lang='lat' dir='ltr'><strong><em>et</em></strong></span> <span class='ocrx_word' id='word_1_712' title='bbox 1264 4846 1494 4887; x_wconf 81' lang='lat' dir='ltr'><strong><em>canones</em></strong></span> <span class='ocrx_word' id='word_1_713' title='bbox 1522 4833 1776 4887; x_wconf 87' lang='lat' dir='ltr'><strong><em>Gallicani</em></strong></span> <span class='ocrx_word' id='word_1_714' title='bbox 1802 4838 1971 4888; x_wconf 88' lang='lat' dir='ltr'><strong><em>conti-</em></strong></span> 
     </span>
    </p>
   </div>
   <div class='ocr_carea' id='block_1_101' title="bbox 419 4899 1969 4970">
    <p class='ocr_par' dir='ltr' id='par_1_101' title="bbox 419 4899 1969 4970">
     <span class='ocr_line' id='line_1_101' title="bbox 419 4899 1969 4970; baseline 0.005 -21"><span class='ocrx_word' id='word_1_715' title='bbox 419 4914 547 4970; x_wconf 83' lang='lat' dir='ltr'><strong><em>nere</em></strong></span> <span class='ocrx_word' id='word_1_716' title='bbox 595 4899 857 4968; x_wconf 86' lang='lat' dir='ltr'><strong><em>videntur,</em></strong></span> <span class='ocrx_word' id='word_1_717' title='bbox 903 4901 1083 4955; x_wconf 75' lang='lat' dir='ltr'><strong><em>clerici</em></strong></span> <span class='ocrx_word' id='word_1_718' title='bbox 1116 4902 1167 4954; x_wconf 91' lang='lat' dir='ltr'><strong><em>in</em></strong></span> <span class='ocrx_word' id='word_1_719' title='bbox 1215 4902 1474 4955; x_wconf 89' lang='lat' dir='ltr'><strong><em>adulterio</em></strong></span> <span class='ocrx_word' id='word_1_720' title='bbox 1513 4903 1850 4970; x_wconf 83' lang='lat' dir='ltr'><strong><em>deprehensi,</em></strong></span> <span class='ocrx_word' id='word_1_721' title='bbox 1878 4913 1969 4958; x_wconf 88' lang='lat' dir='ltr'><strong><em>aut</em></strong></span> 
     </span>
    </p>
   </div>
   <div class='ocr_carea' id='block_1_102' title="bbox 422 4968 1967 5037">
    <p class='ocr_par' dir='ltr' id='par_1_102' title="bbox 422 4968 1967 5037">
     <span class='ocr_line' id='line_1_102' title="bbox 422 4968 1967 5037; baseline 0.005 -16"><span class='ocrx_word' id='word_1_722' title='bbox 422 4968 522 5034; x_wconf 89' lang='lat' dir='ltr'><strong><em>ipsi</em></strong></span> <span class='ocrx_word' id='word_1_723' title='bbox 553 4970 806 5037; x_wconf 80' lang='lat' dir='ltr'><strong><em>confessi,</em></strong></span> <span class='ocrx_word' id='word_1_724' title='bbox 833 4980 925 5024; x_wconf 90' lang='lat' dir='ltr'><strong><em>aut</em></strong></span> <span class='ocrx_word' id='word_1_725' title='bbox 950 4972 1015 5025; x_wconf 90' lang='lat' dir='ltr'><strong><em>ab</em></strong></span> <span class='ocrx_word' id='word_1_726' title='bbox 1042 4971 1160 5024; x_wconf 54' lang='lat' dir='ltr'><strong><em>aliis</em></strong></span> <span class='ocrx_word' id='word_1_727' title='bbox 1188 4972 1393 5036; x_wconf 75' lang='lat' dir='ltr'><strong><em>revicti,</em></strong></span> <span class='ocrx_word' id='word_1_728' title='bbox 1421 4972 1485 5026; x_wconf 86' lang='lat' dir='ltr'><strong><em>ad</em></strong></span> <span class='ocrx_word' id='word_1_729' title='bbox 1512 4968 1764 5026; x_wconf 83' lang='lat' dir='ltr'><strong><em>honorem</em></strong></span> <span class='ocrx_word' id='word_1_730' title='bbox 1793 4974 1967 5029; x_wconf 88' lang='lat' dir='ltr'><strong><em>redire</em></strong></span> 
     </span>
    </p>
   </div>
   <div class='ocr_carea' id='block_1_103' title="bbox 419 5040 1960 5111">
    <p class='ocr_par' dir='ltr' id='par_1_103' title="bbox 419 5040 1960 5111">
     <span class='ocr_line' id='line_1_103' title="bbox 419 5040 1960 5111; baseline 0.005 -21"><span class='ocrx_word' id='word_1_731' title='bbox 419 5054 522 5091; x_wconf 87' lang='lat' dir='ltr'><strong><em>non</em></strong></span> <span class='ocrx_word' id='word_1_732' title='bbox 555 5049 793 5111; x_wconf 83' lang='lat' dir='ltr'><strong><em>possunt.</em></strong></span> <span class='ocrx_word' id='word_1_733' title='bbox 821 5040 887 5093; x_wconf 85' lang='lat' dir='ltr'><strong><em>Et</em></strong></span> <span class='ocrx_word' id='word_1_734' title='bbox 916 5042 1037 5110; x_wconf 89' lang='lat' dir='ltr'><strong><em>quia</em></strong></span> <span class='ocrx_word' id='word_1_735' title='bbox 1063 5042 1195 5095; x_wconf 81' lang='lat' dir='ltr'><strong><em>forte</em></strong></span> <span class='ocrx_word' id='word_1_736' title='bbox 1223 5058 1323 5094; x_wconf 93' lang='lat' dir='ltr'><strong><em>non</em></strong></span> <span class='ocrx_word' id='word_1_737' title='bbox 1354 5043 1597 5104; x_wconf 86' lang='lat' dir='ltr'><strong><em>deerunt,</em></strong></span> <span class='ocrx_word' id='word_1_738' title='bbox 1628 5042 1820 5109; x_wconf 87' lang='lat' dir='ltr'><strong><em>quibus</em></strong></span> <span class='ocrx_word' id='word_1_739' title='bbox 1867 5060 1960 5111; x_wconf 91' lang='lat' dir='ltr'><strong><em>pro</em></strong></span> 
     </span>
    </p>
   </div>
   <div class='ocr_carea' id='block_1_104' title="bbox 420 5110 1965 5178">
    <p class='ocr_par' dir='ltr' id='par_1_104' title="bbox 420 5110 1965 5178">
     <span class='ocr_line' id='line_1_104' title="bbox 420 5110 1965 5178; baseline 0.006 -19"><span class='ocrx_word' id='word_1_740' title='bbox 420 5112 587 5162; x_wconf 86' lang='lat' dir='ltr'><strong><em>nimia</em></strong></span> <span class='ocrx_word' id='word_1_741' title='bbox 612 5110 806 5176; x_wconf 80' lang='lat' dir='ltr'><strong><em>pietate</em></strong></span> <span class='ocrx_word' id='word_1_742' title='bbox 849 5113 1206 5178; x_wconf 82' lang='lat' dir='ltr'><strong><em>suprascripta</em></strong></span> <span class='ocrx_word' id='word_1_743' title='bbox 1241 5124 1542 5167; x_wconf 89' lang='lat' dir='ltr'><strong><em>sanctorum</em></strong></span> <span class='ocrx_word' id='word_1_744' title='bbox 1578 5114 1785 5165; x_wconf 88' lang='lat' dir='ltr'><strong><em>Patrum</em></strong></span> <span class='ocrx_word' id='word_1_745' title='bbox 1822 5110 1965 5168; x_wconf 76' lang='lat' dir='ltr'><strong><em>seve-</em></strong></span> 
     </span>
    </p>
   </div>
   <div class='ocr_carea' id='block_1_105' title="bbox 420 5180 1969 5249">
    <p class='ocr_par' dir='ltr' id='par_1_105' title="bbox 420 5180 1969 5249">
     <span class='ocr_line' id='line_1_105' title="bbox 420 5180 1969 5249; baseline 0.005 -19"><span class='ocrx_word' id='word_1_746' title='bbox 420 5180 546 5232; x_wconf 79' lang='lat' dir='ltr'><strong><em>ritas</em></strong></span> <span class='ocrx_word' id='word_1_747' title='bbox 562 5181 776 5233; x_wconf 88' lang='lat' dir='ltr'><strong><em>minime</em></strong></span> <span class='ocrx_word' id='word_1_748' title='bbox 802 5181 1023 5249; x_wconf 80' lang='lat' dir='ltr'><strong><em>placeat,</em></strong></span> <span class='ocrx_word' id='word_1_749' title='bbox 1054 5185 1221 5235; x_wconf 86' lang='lat' dir='ltr'><strong><em>sciant</em></strong></span> <span class='ocrx_word' id='word_1_750' title='bbox 1241 5196 1301 5235; x_wconf 87' lang='lat' dir='ltr'><strong><em>se</em></strong></span> <span class='ocrx_word' id='word_1_751' title='bbox 1322 5192 1374 5235; x_wconf 86' lang='lat' dir='ltr'><strong><em>et</em></strong></span> <span class='ocrx_word' id='word_1_752' title='bbox 1403 5184 1969 5238; x_wconf 65' lang='lat' dir='ltr'><strong><em>trecontorunidet&#39;e‘ttt‘</em></strong></span> 
     </span>
    </p>
   </div>
   <div class='ocr_carea' id='block_1_106' title="bbox 420 5252 1957 5321">
    <p class='ocr_par' dir='ltr' id='par_1_106' title="bbox 420 5252 1957 5321">
     <span class='ocr_line' id='line_1_106' title="bbox 420 5252 1957 5321; baseline 0.006 -21"><span class='ocrx_word' id='word_1_753' title='bbox 420 5261 469 5301; x_wconf 86' lang='lat' dir='ltr'><strong><em>et</em></strong></span> <span class='ocrx_word' id='word_1_754' title='bbox 496 5260 617 5302; x_wconf 88' lang='lat' dir='ltr'><strong><em>octo</em></strong></span> <span class='ocrx_word' id='word_1_755' title='bbox 630 5252 998 5319; x_wconf 79' lang='lat' dir='ltr'><strong><em>episcoporum</em></strong></span> <span class='ocrx_word' id='word_1_756' title='bbox 1030 5261 1313 5321; x_wconf 64' lang='lat' dir='ltr'><strong><em>princepta,</em></strong></span> <span class='ocrx_word' id='word_1_757' title='bbox 1330 5254 1722 5321; x_wconf 71' lang='lat' dir='ltr'><strong><em>etsancdpapzr.</em></strong></span> <span class='ocrx_word' id='word_1_758' title='bbox 1738 5253 1957 5309; x_wconf 65' lang='lat' dir='ltr'><strong><em>auctori-</em></strong></span> 
     </span>
    </p>
   </div>
   <div class='ocr_carea' id='block_1_107' title="bbox 423 5321 1963 5390">
    <p class='ocr_par' dir='ltr' id='par_1_107' title="bbox 423 5321 1963 5390">
     <span class='ocr_line' id='line_1_107' title="bbox 423 5321 1963 5390; baseline 0.007 -20"><span class='ocrx_word' id='word_1_759' title='bbox 423 5328 616 5384; x_wconf 86' lang='lat' dir='ltr'><strong><em>tatem,</em></strong></span> <span class='ocrx_word' id='word_1_760' title='bbox 648 5329 704 5374; x_wconf 87' lang='lat' dir='ltr'><strong><em>et</em></strong></span> <span class='ocrx_word' id='word_1_761' title='bbox 729 5321 937 5374; x_wconf 87' lang='lat' dir='ltr'><strong><em>illorum</em></strong></span> <span class='ocrx_word' id='word_1_762' title='bbox 970 5324 1273 5390; x_wconf 87' lang='lat' dir='ltr'><strong><em>pontilicum</em></strong></span> <span class='ocrx_word' id='word_1_763' title='bbox 1315 5326 1403 5390; x_wconf 87' lang='lat' dir='ltr'><strong><em>qui</em></strong></span> <span class='ocrx_word' id='word_1_764' title='bbox 1449 5326 1817 5378; x_wconf 83' lang='lat' dir='ltr'><strong><em>ordinantibus</em></strong></span> <span class='ocrx_word' id='word_1_765' title='bbox 1861 5341 1963 5381; x_wconf 84' lang='lat' dir='ltr'><strong><em>tre-</em></strong></span> 
     </span>
    </p>
   </div>
   <div class='ocr_carea' id='block_1_108' title="bbox 2080 3273 3638 3340">
    <p class='ocr_par' dir='ltr' id='par_1_108' title="bbox 2080 3273 3638 3340">
     <span class='ocr_line' id='line_1_108' title="bbox 2080 3273 3638 3340; baseline -0.002 -13"><span class='ocrx_word' id='word_1_766' title='bbox 2080 3275 2228 3328; x_wconf 87' lang='lat' dir='ltr'><strong><em>cere!</em></strong></span> <span class='ocrx_word' id='word_1_767' title='bbox 2265 3278 2375 3329; x_wconf 83' lang='lat' dir='ltr'><strong><em>Non</em></strong></span> <span class='ocrx_word' id='word_1_768' title='bbox 2410 3282 2475 3329; x_wconf 85' lang='lat' dir='ltr'><strong><em>ita</em></strong></span> <span class='ocrx_word' id='word_1_769' title='bbox 2505 3273 2691 3331; x_wconf 82' lang='lat' dir='ltr'><strong><em>Suadet</em></strong></span> <span class='ocrx_word' id='word_1_770' title='bbox 2720 3290 2932 3331; x_wconf 84' lang='lat' dir='ltr'><strong><em>sanctus</em></strong></span> <span class='ocrx_word' id='word_1_771' title='bbox 2967 3292 3028 3330; x_wconf 89' lang='lat' dir='ltr'><strong><em>ac</em></strong></span> <span class='ocrx_word' id='word_1_772' title='bbox 3059 3278 3394 3329; x_wconf 82' lang='lat' dir='ltr'><strong><em>beatissimus</em></strong></span> <span class='ocrx_word' id='word_1_773' title='bbox 3421 3273 3638 3340; x_wconf 72' lang='lat' dir='ltr'><strong><em>Cypria-</em></strong></span> 
     </span>
    </p>
   </div>
   <div class='ocr_carea' id='block_1_109' title="bbox 2076 3346 3644 3417">
    <p class='ocr_par' dir='ltr' id='par_1_109' title="bbox 2076 3346 3644 3417">
     <span class='ocr_line' id='line_1_109' title="bbox 2076 3346 3644 3417; baseline -0.003 -18"><span class='ocrx_word' id='word_1_774' title='bbox 2076 3362 2176 3399; x_wconf 89' lang='lat' dir='ltr'><strong><em>nus</em></strong></span> <span class='ocrx_word' id='word_1_775' title='bbox 2207 3358 2405 3417; x_wconf 74' lang='lat' dir='ltr'><strong><em>murtyr</em></strong></span> <span class='ocrx_word' id='word_1_776' title='bbox 2440 3349 2620 3402; x_wconf 90' lang='lat' dir='ltr'><strong><em>dicens</em></strong></span> <span class='ocrx_word' id='word_1_777' title='bbox 2648 3348 2822 3413; x_wconf 89' lang='lat' dir='ltr'><strong><em>(Libro</em></strong></span> <span class='ocrx_word' id='word_1_778' title='bbox 2860 3352 2921 3399; x_wconf 90' lang='lat' dir='ltr'><strong><em>de</em></strong></span> <span class='ocrx_word' id='word_1_779' title='bbox 2952 3347 3184 3415; x_wconf 87' lang='lat' dir='ltr'><strong><em>Lapsis):</em></strong></span> <span class='ocrx_word' id='word_1_780' title='bbox 3213 3346 3309 3410; x_wconf 80' lang='lat' dir='ltr'><strong><em>Qui</em></strong></span> <span class='ocrx_word' id='word_1_781' title='bbox 3342 3353 3644 3417; x_wconf 80' lang='lat' dir='ltr'><strong><em>peccantem</em></strong></span> 
     </span>
    </p>
   </div>
   <div class='ocr_carea' id='block_1_110' title="bbox 2076 3415 3639 3490">
    <p class='ocr_par' dir='ltr' id='par_1_110' title="bbox 2076 3415 3639 3490">
     <span class='ocr_line' id='line_1_110' title="bbox 2076 3415 3639 3490; baseline -0.004 -21"><span class='ocrx_word' id='word_1_782' title='bbox 2076 3419 2231 3469; x_wconf 76' lang='lat' dir='ltr'><strong><em>verbis</em></strong></span> <span class='ocrx_word' id='word_1_783' title='bbox 2246 3415 2567 3490; x_wconf 85' lang='lat' dir='ltr'><strong><em>adulantibus</em></strong></span> <span class='ocrx_word' id='word_1_784' title='bbox 2582 3420 2770 3488; x_wconf 84' lang='lat' dir='ltr'><strong><em>palpat,</em></strong></span> <span class='ocrx_word' id='word_1_785' title='bbox 2788 3421 3027 3490; x_wconf 79' lang='lat' dir='ltr'><strong><em>peccandi</em></strong></span> <span class='ocrx_word' id='word_1_786' title='bbox 3043 3419 3260 3490; x_wconf 74' lang='lat' dir='ltr'><strong><em>fomitem</em></strong></span> <span class='ocrx_word' id='word_1_787' title='bbox 3273 3415 3639 3490; x_wconf 69' lang='lat' dir='ltr'><strong><em>subministrat,</em></strong></span> 
     </span>
    </p>
   </div>
   <div class='ocr_carea' id='block_1_111' title="bbox 2077 3483 3643 3557">
    <p class='ocr_par' dir='ltr' id='par_1_111' title="bbox 2077 3483 3643 3557">
     <span class='ocr_line' id='line_1_111' title="bbox 2077 3483 3643 3557; baseline -0.003 -18"><span class='ocrx_word' id='word_1_788' title='bbox 2077 3504 2163 3540; x_wconf 89' lang='lat' dir='ltr'><strong><em>nec</em></strong></span> <span class='ocrx_word' id='word_1_789' title='bbox 2184 3489 2404 3556; x_wconf 86' lang='lat' dir='ltr'><strong><em>reprimit</em></strong></span> <span class='ocrx_word' id='word_1_790' title='bbox 2427 3483 2607 3542; x_wconf 87' lang='lat' dir='ltr'><strong><em>delicta</em></strong></span> <span class='ocrx_word' id='word_1_791' title='bbox 2636 3483 2798 3552; x_wconf 71' lang='lat' dir='ltr'><strong><em>illius,</em></strong></span> <span class='ocrx_word' id='word_1_792' title='bbox 2813 3489 2899 3542; x_wconf 88' lang='lat' dir='ltr'><strong><em>sed</em></strong></span> <span class='ocrx_word' id='word_1_793' title='bbox 2922 3483 3053 3557; x_wconf 74' lang='lat' dir='ltr'><strong><em>[ovet</em></strong></span> <span class='ocrx_word' id='word_1_794' title='bbox 3072 3506 3089 3552; x_wconf 87' lang='lat'><strong><em>;</em></strong></span> <span class='ocrx_word' id='word_1_795' title='bbox 3110 3500 3163 3539; x_wconf 91' lang='lat' dir='ltr'><strong><em>et</em></strong></span> <span class='ocrx_word' id='word_1_796' title='bbox 3184 3489 3369 3539; x_wconf 86' lang='lat' dir='ltr'><strong><em>iterum</em></strong></span> <span class='ocrx_word' id='word_1_797' title='bbox 3392 3483 3643 3548; x_wconf 84' lang='lat' dir='ltr'><strong><em>:lmperi-</em></strong></span> 
     </span>
    </p>
   </div>
   <div class='ocr_carea' id='block_1_112' title="bbox 2080 3557 3645 3628">
    <p class='ocr_par' dir='ltr' id='par_1_112' title="bbox 2080 3557 3645 3628">
     <span class='ocr_line' id='line_1_112' title="bbox 2080 3557 3645 3628; baseline -0.003 -20"><span class='ocrx_word' id='word_1_798' title='bbox 2080 3568 2156 3609; x_wconf 88' lang='lat' dir='ltr'><strong><em>tus</em></strong></span> <span class='ocrx_word' id='word_1_799' title='bbox 2193 3570 2264 3610; x_wconf 90' lang='lat' dir='ltr'><strong><em>est</em></strong></span> <span class='ocrx_word' id='word_1_800' title='bbox 2291 3560 2525 3615; x_wconf 84' lang='lat' dir='ltr'><strong><em>medicus.</em></strong></span> <span class='ocrx_word' id='word_1_801' title='bbox 2575 3562 2659 3628; x_wconf 89' lang='lat' dir='ltr'><strong><em>qui</em></strong></span> <span class='ocrx_word' id='word_1_802' title='bbox 2715 3570 2957 3612; x_wconf 82' lang='lat' dir='ltr'><strong><em>tumentes</em></strong></span> <span class='ocrx_word' id='word_1_803' title='bbox 3004 3561 3266 3612; x_wconf 78' lang='lat' dir='ltr'><strong><em>vulnerum</em></strong></span> <span class='ocrx_word' id='word_1_804' title='bbox 3303 3557 3444 3628; x_wconf 81' lang='lat' dir='ltr'><strong><em>sinus</em></strong></span> <span class='ocrx_word' id='word_1_805' title='bbox 3487 3570 3645 3628; x_wconf 77' lang='lat' dir='ltr'><strong><em>manu</em></strong></span> 
     </span>
    </p>
   </div>
   <div class='ocr_carea' id='block_1_113' title="bbox 2078 3626 3643 3697">
    <p class='ocr_par' dir='ltr' id='par_1_113' title="bbox 2078 3626 3643 3697">
     <span class='ocr_line' id='line_1_113' title="bbox 2078 3626 3643 3697; baseline -0.002 -19"><span class='ocrx_word' id='word_1_806' title='bbox 2078 3641 2309 3697; x_wconf 79' lang='lat' dir='ltr'><strong><em>parcente</em></strong></span> <span class='ocrx_word' id='word_1_807' title='bbox 2331 3626 2624 3696; x_wconf 82' lang='lat' dir='ltr'><strong><em>contrectat,</em></strong></span> <span class='ocrx_word' id='word_1_808' title='bbox 2642 3644 2688 3684; x_wconf 90' lang='lat' dir='ltr'><strong><em>et</em></strong></span> <span class='ocrx_word' id='word_1_809' title='bbox 2707 3632 3052 3682; x_wconf 89' lang='lat' dir='ltr'><strong><em>absconditum</em></strong></span> <span class='ocrx_word' id='word_1_810' title='bbox 3073 3631 3125 3681; x_wconf 90' lang='lat' dir='ltr'><strong><em>in</em></strong></span> <span class='ocrx_word' id='word_1_811' title='bbox 3148 3626 3643 3697; x_wconf 66' lang='lat' dir='ltr'><strong><em>profundisfecessi-</em></strong></span> 
     </span>
    </p>
   </div>
   <div class='ocr_carea' id='block_1_114' title="bbox 2080 3693 3651 3770">
    <p class='ocr_par' dir='ltr' id='par_1_114' title="bbox 2080 3693 3651 3770">
     <span class='ocr_line' id='line_1_114' title="bbox 2080 3693 3651 3770; baseline -0.003 -20"><span class='ocrx_word' id='word_1_812' title='bbox 2080 3693 2167 3770; x_wconf 79' lang='lat' dir='ltr'><strong><em>bus</em></strong></span> <span class='ocrx_word' id='word_1_813' title='bbox 2186 3704 2319 3754; x_wconf 81' lang='lat' dir='ltr'><strong><em>virus</em></strong></span> <span class='ocrx_word' id='word_1_814' title='bbox 2332 3701 2450 3751; x_wconf 86' lang='lat' dir='ltr'><strong><em>dum</em></strong></span> <span class='ocrx_word' id='word_1_815' title='bbox 2464 3693 2626 3754; x_wconf 84' lang='lat' dir='ltr'><strong><em>servat</em></strong></span> <span class='ocrx_word' id='word_1_816' title='bbox 2645 3712 2931 3770; x_wconf 69' lang='lat' dir='ltr'><strong><em>exaggerat.</em></strong></span> <span class='ocrx_word' id='word_1_817' title='bbox 2953 3701 2989 3754; x_wconf 90' lang='lat' dir='ltr'>U</span> <span class='ocrx_word' id='word_1_818' title='bbox 3000 3700 3098 3753; x_wconf 83' lang='lat' dir='ltr'><strong><em>nde</em></strong></span> <span class='ocrx_word' id='word_1_819' title='bbox 3112 3693 3165 3752; x_wconf 82' lang='lat' dir='ltr'><strong><em>et</em></strong></span> <span class='ocrx_word' id='word_1_820' title='bbox 3185 3693 3396 3770; x_wconf 76' lang='lat' dir='ltr'><strong><em>sanctus</em></strong></span> <span class='ocrx_word' id='word_1_821' title='bbox 3411 3693 3651 3770; x_wconf 68' lang='lat' dir='ltr'><strong><em>Joannes</em></strong></span> 
     </span>
    </p>
   </div>
   <div class='ocr_carea' id='block_1_115' title="bbox 2082 3761 3643 3839">
    <p class='ocr_par' dir='ltr' id='par_1_115' title="bbox 2082 3761 3643 3839">
     <span class='ocr_line' id='line_1_115' title="bbox 2082 3761 3643 3839; baseline -0.004 -17"><span class='ocrx_word' id='word_1_822' title='bbox 2082 3768 2704 3836; x_wconf 74' lang='lat' dir='ltr'><strong><em>COIISlttlttilIOpOIilanUS</em></strong></span> <span class='ocrx_word' id='word_1_823' title='bbox 2728 3761 3008 3839; x_wconf 65' lang='lat' dir='ltr'><strong><em>episcopus</em></strong></span> <span class='ocrx_word' id='word_1_824' title='bbox 3051 3769 3222 3839; x_wconf 79' lang='lat' dir='ltr'><strong><em>arguit</em></strong></span> <span class='ocrx_word' id='word_1_825' title='bbox 3261 3767 3487 3839; x_wconf 77' lang='lat' dir='ltr'><strong><em>dicens:</em></strong></span> <span class='ocrx_word' id='word_1_826' title='bbox 3530 3761 3643 3816; x_wconf 85' lang='lat' dir='ltr'><strong><em>lm-</em></strong></span> 
     </span>
    </p>
   </div>
   <div class='ocr_carea' id='block_1_116' title="bbox 2082 3838 3640 3910">
    <p class='ocr_par' dir='ltr' id='par_1_116' title="bbox 2082 3838 3640 3910">
     <span class='ocr_line' id='line_1_116' title="bbox 2082 3838 3640 3910; baseline -0.003 -19"><span class='ocrx_word' id='word_1_827' title='bbox 2082 3844 2267 3903; x_wconf 83' lang='lat' dir='ltr'><strong><em>peritus</em></strong></span> <span class='ocrx_word' id='word_1_828' title='bbox 2288 3854 2359 3893; x_wconf 83' lang='lat' dir='ltr'><strong><em>est</em></strong></span> <span class='ocrx_word' id='word_1_829' title='bbox 2381 3842 2599 3894; x_wconf 72' lang='lat' dir='ltr'><strong><em>medicus</em></strong></span> <span class='ocrx_word' id='word_1_830' title='bbox 2622 3845 2708 3910; x_wconf 88' lang='lat' dir='ltr'><strong><em>qui</em></strong></span> <span class='ocrx_word' id='word_1_831' title='bbox 2727 3853 2844 3894; x_wconf 88' lang='lat' dir='ltr'><strong><em>ante</em></strong></span> <span class='ocrx_word' id='word_1_832' title='bbox 2863 3838 3105 3910; x_wconf 82' lang='lat' dir='ltr'><strong><em>digestum</em></strong></span> <span class='ocrx_word' id='word_1_833' title='bbox 3127 3838 3437 3910; x_wconf 85' lang='lat' dir='ltr'><strong><em>putredinem</em></strong></span> <span class='ocrx_word' id='word_1_834' title='bbox 3457 3850 3640 3904; x_wconf 87' lang='lat' dir='ltr'><strong><em>super-</em></strong></span> 
     </span>
    </p>
   </div>
   <div class='ocr_carea' id='block_1_117' title="bbox 2079 3908 3639 3975">
    <p class='ocr_par' dir='ltr' id='par_1_117' title="bbox 2079 3908 3639 3975">
     <span class='ocr_line' id='line_1_117' title="bbox 2079 3908 3639 3975; baseline -0.003 -14"><span class='ocrx_word' id='word_1_835' title='bbox 2079 3911 2273 3963; x_wconf 88' lang='lat' dir='ltr'><strong><em>inducit</em></strong></span> <span class='ocrx_word' id='word_1_836' title='bbox 2311 3913 2506 3964; x_wconf 82' lang='lat' dir='ltr'><strong><em>vulneri</em></strong></span> <span class='ocrx_word' id='word_1_837' title='bbox 2553 3908 2857 3965; x_wconf 82' lang='lat' dir='ltr'><strong><em>cicatricem.</em></strong></span> <span class='ocrx_word' id='word_1_838' title='bbox 2906 3908 2971 3965; x_wconf 82' lang='lat' dir='ltr'><strong><em>Et</em></strong></span> <span class='ocrx_word' id='word_1_839' title='bbox 3017 3912 3136 3964; x_wconf 87' lang='lat' dir='ltr'><strong><em>ideo</em></strong></span> <span class='ocrx_word' id='word_1_840' title='bbox 3186 3908 3490 3975; x_wconf 78' lang='lat' dir='ltr'><strong><em>diligentius</em></strong></span> <span class='ocrx_word' id='word_1_841' title='bbox 3520 3919 3639 3972; x_wconf 87' lang='lat' dir='ltr'><strong><em>per-</em></strong></span> 
     </span>
    </p>
   </div>
   <div class='ocr_carea' id='block_1_118' title="bbox 2083 3981 3634 4052">
    <p class='ocr_par' dir='ltr' id='par_1_118' title="bbox 2083 3981 3634 4052">
     <span class='ocr_line' id='line_1_118' title="bbox 2083 3981 3634 4052; baseline -0.004 -19"><span class='ocrx_word' id='word_1_842' title='bbox 2083 3984 2315 4049; x_wconf 84' lang='lat' dir='ltr'><strong><em>pendite,</em></strong></span> <span class='ocrx_word' id='word_1_843' title='bbox 2346 3984 2387 4035; x_wconf 88' lang='lat' dir='ltr'><strong><em>si</em></strong></span> <span class='ocrx_word' id='word_1_844' title='bbox 2417 3994 2505 4035; x_wconf 90' lang='lat' dir='ltr'><strong><em>aut</em></strong></span> <span class='ocrx_word' id='word_1_845' title='bbox 2551 3994 2743 4052; x_wconf 80' lang='lat' dir='ltr'><strong><em>potest,</em></strong></span> <span class='ocrx_word' id='word_1_846' title='bbox 2788 3992 2877 4035; x_wconf 90' lang='lat' dir='ltr'><strong><em>aut</em></strong></span> <span class='ocrx_word' id='word_1_847' title='bbox 2905 3983 3065 4037; x_wconf 87' lang='lat' dir='ltr'><strong><em>debet</em></strong></span> <span class='ocrx_word' id='word_1_848' title='bbox 3095 3981 3227 4042; x_wconf 92' lang='lat' dir='ltr'><strong><em>lieri,</em></strong></span> <span class='ocrx_word' id='word_1_849' title='bbox 3263 3987 3337 4038; x_wconf 85' lang='lat' dir='ltr'><strong><em>ut,</em></strong></span> <span class='ocrx_word' id='word_1_850' title='bbox 3370 3986 3634 4052; x_wconf 82' lang='lat' dir='ltr'><strong><em>tantorum</em></strong></span> 
     </span>
    </p>
   </div>
   <div class='ocr_carea' id='block_1_119' title="bbox 2082 4048 3636 4121">
    <p class='ocr_par' dir='ltr' id='par_1_119' title="bbox 2082 4048 3636 4121">
     <span class='ocr_line' id='line_1_119' title="bbox 2082 4048 3636 4121; baseline -0.004 -18"><span class='ocrx_word' id='word_1_851' title='bbox 2082 4048 2144 4105; x_wconf 83' lang='lat' dir='ltr'><strong><em>ac</em></strong></span> <span class='ocrx_word' id='word_1_852' title='bbox 2206 4054 2383 4105; x_wconf 85' lang='lat' dir='ltr'><strong><em>tahnm</em></strong></span> <span class='ocrx_word' id='word_1_853' title='bbox 2441 4048 2574 4120; x_wconf 76' lang='lat' dir='ltr'><strong><em>quos</em></strong></span> <span class='ocrx_word' id='word_1_854' title='bbox 2630 4069 2788 4121; x_wconf 88' lang='lat' dir='ltr'><strong><em>supra</em></strong></span> <span class='ocrx_word' id='word_1_855' title='bbox 2839 4056 3265 4121; x_wconf 79' lang='lat' dir='ltr'><strong><em>memoravimus</em></strong></span> <span class='ocrx_word' id='word_1_856' title='bbox 3300 4048 3636 4101; x_wconf 63' lang='lat' dir='ltr'><strong><em>sacerdotum</em></strong></span> 
     </span>
    </p>
   </div>
   <div class='ocr_carea' id='block_1_120' title="bbox 2082 4120 3637 4199">
    <p class='ocr_par' dir='ltr' id='par_1_120' title="bbox 2082 4120 3637 4199">
     <span class='ocr_line' id='line_1_120' title="bbox 2082 4120 3637 4199; baseline -0.006 -20"><span class='ocrx_word' id='word_1_857' title='bbox 2082 4137 2313 4199; x_wconf 69' lang='lat' dir='ltr'><strong><em>canones</em></strong></span> <span class='ocrx_word' id='word_1_858' title='bbox 2342 4120 2763 4199; x_wconf 50' lang='lat' dir='ltr'><strong><em>contemnentes,</em></strong></span> <span class='ocrx_word' id='word_1_859' title='bbox 2811 4126 2969 4176; x_wconf 79' lang='lat' dir='ltr'><strong><em>aliter</em></strong></span> <span class='ocrx_word' id='word_1_860' title='bbox 3012 4137 3168 4193; x_wconf 78' lang='lat' dir='ltr'><strong><em>quam</em></strong></span> <span class='ocrx_word' id='word_1_861' title='bbox 3218 4120 3290 4173; x_wconf 91' lang='lat' dir='ltr'><strong><em>illi</em></strong></span> <span class='ocrx_word' id='word_1_862' title='bbox 3337 4127 3637 4199; x_wconf 79' lang='lat' dir='ltr'><strong><em>statuerunt</em></strong></span> 
     </span>
    </p>
   </div>
   <div class='ocr_carea' id='block_1_121' title="bbox 2083 4194 3637 4264">
    <p class='ocr_par' dir='ltr' id='par_1_121' title="bbox 2083 4194 3637 4264">
     <span class='ocr_line' id='line_1_121' title="bbox 2083 4194 3637 4264; baseline -0.003 -20"><span class='ocrx_word' id='word_1_863' title='bbox 2083 4194 2366 4264; x_wconf 69' lang='lat' dir='ltr'><strong><em>obseriture</em></strong></span> <span class='ocrx_word' id='word_1_864' title='bbox 2408 4195 2491 4246; x_wconf 85' lang='lat' dir='ltr'><strong><em>vel</em></strong></span> <span class='ocrx_word' id='word_1_865' title='bbox 2538 4210 2693 4264; x_wconf 80' lang='lat' dir='ltr'><strong><em>agere</em></strong></span> <span class='ocrx_word' id='word_1_866' title='bbox 2738 4209 3157 4263; x_wconf 72' lang='lat' dir='ltr'><strong><em>prtesnmanius:</em></strong></span> <span class='ocrx_word' id='word_1_867' title='bbox 3208 4194 3471 4264; x_wconf 55' lang='lat' dir='ltr'><strong><em>pracipue</em></strong></span> <span class='ocrx_word' id='word_1_868' title='bbox 3516 4202 3637 4241; x_wconf 89' lang='lat' dir='ltr'><strong><em>cum</em></strong></span> 
     </span>
    </p>
   </div>
   <div class='ocr_carea' id='block_1_122' title="bbox 2083 4261 3631 4327">
    <p class='ocr_par' dir='ltr' id='par_1_122' title="bbox 2083 4261 3631 4327">
     <span class='ocr_line' id='line_1_122' title="bbox 2083 4261 3631 4327; baseline -0.006 -10"><span class='ocrx_word' id='word_1_869' title='bbox 2083 4263 2126 4317; x_wconf 89' lang='lat' dir='ltr'><strong><em>si</em></strong></span> <span class='ocrx_word' id='word_1_870' title='bbox 2157 4265 2365 4316; x_wconf 89' lang='lat' dir='ltr'><strong><em>illorum</em></strong></span> <span class='ocrx_word' id='word_1_871' title='bbox 2392 4261 2749 4318; x_wconf 75' lang='lat' dir='ltr'><strong><em>trecenioruni</em></strong></span> <span class='ocrx_word' id='word_1_872' title='bbox 2782 4267 2964 4317; x_wconf 85' lang='lat' dir='ltr'><strong><em>decem</em></strong></span> <span class='ocrx_word' id='word_1_873' title='bbox 2996 4274 3049 4317; x_wconf 92' lang='lat' dir='ltr'><strong><em>et</em></strong></span> <span class='ocrx_word' id='word_1_874' title='bbox 3086 4272 3207 4317; x_wconf 91' lang='lat' dir='ltr'><strong><em>octo</em></strong></span> <span class='ocrx_word' id='word_1_875' title='bbox 3241 4261 3631 4327; x_wconf 82' lang='lat' dir='ltr'><strong><em>episcoporum,</em></strong></span> 
     </span>
    </p>
   </div>
   <div class='ocr_carea' id='block_1_123' title="bbox 2083 4333 3633 4408">
    <p class='ocr_par' dir='ltr' id='par_1_123' title="bbox 2083 4333 3633 4408">
     <span class='ocr_line' id='line_1_123' title="bbox 2083 4333 3633 4408; baseline -0.005 -22"><span class='ocrx_word' id='word_1_876' title='bbox 2083 4334 2173 4402; x_wconf 91' lang='lat' dir='ltr'><strong><em>qui</em></strong></span> <span class='ocrx_word' id='word_1_877' title='bbox 2198 4348 2291 4402; x_wconf 87' lang='lat' dir='ltr'><strong><em>per</em></strong></span> <span class='ocrx_word' id='word_1_878' title='bbox 2313 4347 2497 4408; x_wconf 79' lang='lat' dir='ltr'><strong><em>omnes</em></strong></span> <span class='ocrx_word' id='word_1_879' title='bbox 2539 4335 2807 4390; x_wconf 85' lang='lat' dir='ltr'><strong><em>Ecclesias</em></strong></span> <span class='ocrx_word' id='word_1_880' title='bbox 2833 4335 3056 4388; x_wconf 88' lang='lat' dir='ltr'><strong><em>concilia</em></strong></span> <span class='ocrx_word' id='word_1_881' title='bbox 3088 4333 3204 4408; x_wconf 73' lang='lat' dir='ltr'><strong><em>ﬁeri</em></strong></span> <span class='ocrx_word' id='word_1_882' title='bbox 3248 4337 3633 4408; x_wconf 33' lang='lat' dir='ltr'><strong><em>pratcepe‘runt,</em></strong></span> 
     </span>
    </p>
   </div>
   <div class='ocr_carea' id='block_1_124' title="bbox 2086 4399 3633 4477">
    <p class='ocr_par' dir='ltr' id='par_1_124' title="bbox 2086 4399 3633 4477">
     <span class='ocr_line' id='line_1_124' title="bbox 2086 4399 3633 4477; baseline -0.005 -20"><span class='ocrx_word' id='word_1_883' title='bbox 2086 4399 2632 4477; x_wconf 40' lang='lat' dir='ltr'><strong><em>tam—sanctadecreta</em></strong></span> <span class='ocrx_word' id='word_1_884' title='bbox 2662 4409 2993 4473; x_wconf 77' lang='lat' dir='ltr'><strong><em>negligimus,</em></strong></span> <span class='ocrx_word' id='word_1_885' title='bbox 3020 4421 3119 4457; x_wconf 88' lang='lat' dir='ltr'><strong><em>non</em></strong></span> <span class='ocrx_word' id='word_1_886' title='bbox 3152 4403 3272 4457; x_wconf 91' lang='lat' dir='ltr'><strong><em>illos</em></strong></span> <span class='ocrx_word' id='word_1_887' title='bbox 3300 4399 3443 4477; x_wconf 83' lang='lat' dir='ltr'><strong><em>solos</em></strong></span> <span class='ocrx_word' id='word_1_888' title='bbox 3464 4399 3633 4464; x_wconf 85' lang='lat' dir='ltr'><strong><em>dispi-</em></strong></span> 
     </span>
    </p>
   </div>
   <div class='ocr_carea' id='block_1_125' title="bbox 2084 4471 3635 4549">
    <p class='ocr_par' dir='ltr' id='par_1_125' title="bbox 2084 4471 3635 4549">
     <span class='ocr_line' id='line_1_125' title="bbox 2084 4471 3635 4549; baseline -0.003 -22"><span class='ocrx_word' id='word_1_889' title='bbox 2084 4475 2303 4549; x_wconf 80' lang='lat' dir='ltr'><strong><em>ciemus,</em></strong></span> <span class='ocrx_word' id='word_1_890' title='bbox 2326 4476 2591 4541; x_wconf 86' lang='lat' dir='ltr'><strong><em>sed,sicut</em></strong></span> <span class='ocrx_word' id='word_1_891' title='bbox 2620 4471 2778 4549; x_wconf 67' lang='lat' dir='ltr'><strong><em>supra</em></strong></span> <span class='ocrx_word' id='word_1_892' title='bbox 2802 4471 2911 4545; x_wconf 86' lang='lat' dir='ltr'><strong><em>jam</em></strong></span> <span class='ocrx_word' id='word_1_893' title='bbox 2938 4477 3131 4549; x_wconf 79' lang='lat' dir='ltr'><strong><em>dictum</em></strong></span> <span class='ocrx_word' id='word_1_894' title='bbox 3155 4481 3257 4549; x_wconf 81' lang='lat' dir='ltr'><strong><em>est,</em></strong></span> <span class='ocrx_word' id='word_1_895' title='bbox 3282 4471 3635 4549; x_wconf 57' lang='lat' dir='ltr'><strong><em>et_nl&#39;rica_tios</em></strong></span> 
     </span>
    </p>
   </div>
   <div class='ocr_carea' id='block_1_126' title="bbox 2088 4538 3632 4621">
    <p class='ocr_par' dir='ltr' id='par_1_126' title="bbox 2088 4538 3632 4621">
     <span class='ocr_line' id='line_1_126' title="bbox 2088 4538 3632 4621; baseline -0.003 -24"><span class='ocrx_word' id='word_1_896' title='bbox 2088 4538 2379 4612; x_wconf 81' lang='lat' dir='ltr'><strong><em>pontiﬁces,</em></strong></span> <span class='ocrx_word' id='word_1_897' title='bbox 2407 4538 2461 4600; x_wconf 84' lang='lat' dir='ltr'><strong><em>et</em></strong></span> <span class='ocrx_word' id='word_1_898' title='bbox 2488 4562 2673 4621; x_wconf 82' lang='lat' dir='ltr'><strong><em>omnes</em></strong></span> <span class='ocrx_word' id='word_1_899' title='bbox 2701 4538 2953 4621; x_wconf 71' lang='lat' dir='ltr'><strong><em>reliquos,</em></strong></span> <span class='ocrx_word' id='word_1_900' title='bbox 2982 4550 3069 4621; x_wconf 86' lang='lat' dir='ltr'><strong><em>qui</em></strong></span> <span class='ocrx_word' id='word_1_901' title='bbox 3099 4538 3632 4621; x_wconf 69' lang='lat' dir='ltr'><strong><em>ipsisordinantibus</em></strong></span> 
     </span>
    </p>
   </div>
   <div class='ocr_carea' id='block_1_127' title="bbox 2081 4611 3631 4685">
    <p class='ocr_par' dir='ltr' id='par_1_127' title="bbox 2081 4611 3631 4685">
     <span class='ocr_line' id='line_1_127' title="bbox 2081 4611 3631 4685; baseline -0.008 -13"><span class='ocrx_word' id='word_1_902' title='bbox 2081 4611 2173 4683; x_wconf 81' lang='lat' dir='ltr'><strong><em>per</em></strong></span> <span class='ocrx_word' id='word_1_903' title='bbox 2201 4628 2366 4671; x_wconf 91' lang='lat' dir='ltr'><strong><em>totum</em></strong></span> <span class='ocrx_word' id='word_1_904' title='bbox 2398 4618 2647 4671; x_wconf 90' lang='lat' dir='ltr'><strong><em>mundum</em></strong></span> <span class='ocrx_word' id='word_1_905' title='bbox 2679 4634 2773 4685; x_wconf 88' lang='lat' dir='ltr'><strong><em>pro</em></strong></span> <span class='ocrx_word' id='word_1_906' title='bbox 2816 4611 3176 4671; x_wconf 74' lang='lat' dir='ltr'><strong><em>ecclesiastica</em></strong></span> <span class='ocrx_word' id='word_1_907' title='bbox 3222 4611 3497 4678; x_wconf 86' lang='lat' dir='ltr'><strong><em>disciplina</em></strong></span> <span class='ocrx_word' id='word_1_908' title='bbox 3528 4611 3631 4661; x_wconf 80' lang='lat' dir='ltr'><strong><em>ali-</em></strong></span> 
     </span>
    </p>
   </div>
   <div class='ocr_carea' id='block_1_128' title="bbox 2073 4688 3634 4761">
    <p class='ocr_par' dir='ltr' id='par_1_128' title="bbox 2073 4688 3634 4761">
     <span class='ocr_line' id='line_1_128' title="bbox 2073 4688 3634 4761; baseline -0.009 -18"><span class='ocrx_word' id='word_1_909' title='bbox 2073 4688 2195 4755; x_wconf 87' lang='lat' dir='ltr'><strong><em>quid</em></strong></span> <span class='ocrx_word' id='word_1_910' title='bbox 2225 4698 2542 4761; x_wconf 82' lang='lat' dir='ltr'><strong><em>statuerunt,</em></strong></span> <span class='ocrx_word' id='word_1_911' title='bbox 2570 4703 2689 4743; x_wconf 91' lang='lat' dir='ltr'><strong><em>cum</em></strong></span> <span class='ocrx_word' id='word_1_912' title='bbox 2720 4699 2938 4757; x_wconf 84' lang='lat' dir='ltr'><strong><em>peccato</em></strong></span> <span class='ocrx_word' id='word_1_913' title='bbox 2959 4690 3151 4761; x_wconf 66' lang='lat' dir='ltr'><strong><em>anima:</em></strong></span> <span class='ocrx_word' id='word_1_914' title='bbox 3178 4693 3371 4738; x_wconf 75' lang='lat' dir='ltr'><strong><em>nostra:</em></strong></span> <span class='ocrx_word' id='word_1_915' title='bbox 3395 4689 3634 4761; x_wconf 82' lang='lat' dir='ltr'><strong><em>contem-</em></strong></span> 
     </span>
    </p>
   </div>
   <div class='ocr_carea' id='block_1_129' title="bbox 2072 4757 3632 4832">
    <p class='ocr_par' dir='ltr' id='par_1_129' title="bbox 2072 4757 3632 4832">
     <span class='ocr_line' id='line_1_129' title="bbox 2072 4757 3632 4832; baseline -0.004 -22"><span class='ocrx_word' id='word_1_916' title='bbox 2072 4773 2279 4813; x_wconf 88' lang='lat' dir='ltr'><strong><em>nemus.</em></strong></span> <span class='ocrx_word' id='word_1_917' title='bbox 2311 4760 2420 4825; x_wconf 72' lang='lat' dir='ltr'><strong><em>Ego</em></strong></span> <span class='ocrx_word' id='word_1_918' title='bbox 2443 4776 2525 4812; x_wconf 88' lang='lat' dir='ltr'><strong><em>me</em></strong></span> <span class='ocrx_word' id='word_1_919' title='bbox 2556 4760 2606 4812; x_wconf 91' lang='lat' dir='ltr'><strong><em>in</em></strong></span> <span class='ocrx_word' id='word_1_920' title='bbox 2657 4764 2756 4812; x_wconf 87' lang='lat' dir='ltr'><strong><em>hoc.</em></strong></span> <span class='ocrx_word' id='word_1_921' title='bbox 2792 4761 3023 4828; x_wconf 87' lang='lat' dir='ltr'><strong><em>periculo</em></strong></span> <span class='ocrx_word' id='word_1_922' title='bbox 3042 4757 3258 4832; x_wconf 78' lang='lat' dir='ltr'><strong><em>mittere</em></strong></span> <span class='ocrx_word' id='word_1_923' title='bbox 3281 4757 3495 4832; x_wconf 73' lang='lat' dir='ltr'><strong><em>omnino</em></strong></span> <span class='ocrx_word' id='word_1_924' title='bbox 3525 4763 3632 4802; x_wconf 86' lang='lat' dir='ltr'><strong><em>non</em></strong></span> 
     </span>
    </p>
   </div>
   <div class='ocr_carea' id='block_1_130' title="bbox 2072 4824 3632 4898">
    <p class='ocr_par' dir='ltr' id='par_1_130' title="bbox 2072 4824 3632 4898">
     <span class='ocr_line' id='line_1_130' title="bbox 2072 4824 3632 4898; baseline -0.008 -16"><span class='ocrx_word' id='word_1_925' title='bbox 2072 4832 2277 4895; x_wconf 85' lang='lat' dir='ltr'><strong><em>audeo,</em></strong></span> <span class='ocrx_word' id='word_1_926' title='bbox 2310 4824 2429 4898; x_wconf 85' lang='lat' dir='ltr'><strong><em>quia</em></strong></span> <span class='ocrx_word' id='word_1_927' title='bbox 2480 4845 2575 4883; x_wconf 88' lang='lat' dir='ltr'><strong><em>nec</em></strong></span> <span class='ocrx_word' id='word_1_928' title='bbox 2608 4832 2726 4883; x_wconf 88' lang='lat' dir='ltr'><strong><em>talia</em></strong></span> <span class='ocrx_word' id='word_1_929' title='bbox 2757 4824 2877 4884; x_wconf 82' lang='lat' dir='ltr'><strong><em>sunt</em></strong></span> <span class='ocrx_word' id='word_1_930' title='bbox 2924 4830 3107 4883; x_wconf 88' lang='lat' dir='ltr'><strong><em>merita</em></strong></span> <span class='ocrx_word' id='word_1_931' title='bbox 3137 4842 3274 4889; x_wconf 85' lang='lat' dir='ltr'><strong><em>nica,</em></strong></span> <span class='ocrx_word' id='word_1_932' title='bbox 3308 4836 3364 4876; x_wconf 92' lang='lat' dir='ltr'><strong><em>ut</em></strong></span> <span class='ocrx_word' id='word_1_933' title='bbox 3408 4824 3632 4898; x_wconf 83' lang='lat' dir='ltr'><strong><em>aliorum</em></strong></span> 
     </span>
    </p>
   </div>
   <div class='ocr_carea' id='block_1_131' title="bbox 2071 4892 3631 4970">
    <p class='ocr_par' dir='ltr' id='par_1_131' title="bbox 2071 4892 3631 4970">
     <span class='ocr_line' id='line_1_131' title="bbox 2071 4892 3631 4970; baseline -0.008 -17"><span class='ocrx_word' id='word_1_934' title='bbox 2071 4892 2282 4967; x_wconf 83' lang='lat' dir='ltr'><strong><em>peccata</em></strong></span> <span class='ocrx_word' id='word_1_935' title='bbox 2313 4892 2364 4954; x_wconf 77' lang='lat' dir='ltr'><strong><em>in</em></strong></span> <span class='ocrx_word' id='word_1_936' title='bbox 2396 4916 2479 4955; x_wconf 87' lang='lat' dir='ltr'><strong><em>me</em></strong></span> <span class='ocrx_word' id='word_1_937' title='bbox 2504 4903 2751 4970; x_wconf 80' lang='lat' dir='ltr'><strong><em>excipere</em></strong></span> <span class='ocrx_word' id='word_1_938' title='bbox 2784 4915 3127 4970; x_wconf 64' lang='lat' dir='ltr'><strong><em>praesumam;</em></strong></span> <span class='ocrx_word' id='word_1_939' title='bbox 3162 4912 3261 4952; x_wconf 86' lang='lat' dir='ltr'><strong><em>nec</em></strong></span> <span class='ocrx_word' id='word_1_940' title='bbox 3289 4905 3485 4949; x_wconf 88' lang='lat' dir='ltr'><strong><em>tantam</em></strong></span> <span class='ocrx_word' id='word_1_941' title='bbox 3514 4892 3631 4943; x_wconf 75' lang='lat' dir='ltr'><strong><em>elo-</em></strong></span> 
     </span>
    </p>
   </div>
   <div class='ocr_carea' id='block_1_132' title="bbox 2069 4970 3628 5038">
    <p class='ocr_par' dir='ltr' id='par_1_132' title="bbox 2069 4970 3628 5038">
     <span class='ocr_line' id='line_1_132' title="bbox 2069 4970 3628 5038; baseline -0.007 -14"><span class='ocrx_word' id='word_1_942' title='bbox 2069 4972 2335 5038; x_wconf 86' lang='lat' dir='ltr'><strong><em>quentiam</em></strong></span> <span class='ocrx_word' id='word_1_943' title='bbox 2370 4970 2556 5034; x_wconf 86' lang='lat' dir='ltr'><strong><em>habeo,</em></strong></span> <span class='ocrx_word' id='word_1_944' title='bbox 2602 4983 2656 5025; x_wconf 91' lang='lat' dir='ltr'><strong><em>ut</em></strong></span> <span class='ocrx_word' id='word_1_945' title='bbox 2686 4982 2808 5026; x_wconf 90' lang='lat' dir='ltr'><strong><em>ante</em></strong></span> <span class='ocrx_word' id='word_1_946' title='bbox 2838 4971 3279 5025; x_wconf 68' lang='lat' dir='ltr'><strong><em>tnbunaltlhristt</em></strong></span> <span class='ocrx_word' id='word_1_947' title='bbox 3303 4973 3487 5021; x_wconf 85' lang='lat' dir='ltr'><strong><em>contra</em></strong></span> <span class='ocrx_word' id='word_1_948' title='bbox 3514 4973 3628 5013; x_wconf 88' lang='lat' dir='ltr'><strong><em>tan-</em></strong></span> 
     </span>
    </p>
   </div>
   <div class='ocr_carea' id='block_1_133' title="bbox 2069 5043 3630 5110">
    <p class='ocr_par' dir='ltr' id='par_1_133' title="bbox 2069 5043 3630 5110">
     <span class='ocr_line' id='line_1_133' title="bbox 2069 5043 3630 5110; baseline -0.006 -19"><span class='ocrx_word' id='word_1_949' title='bbox 2069 5051 2150 5093; x_wconf 90' lang='lat' dir='ltr'><strong><em>tos</em></strong></span> <span class='ocrx_word' id='word_1_950' title='bbox 2178 5057 2239 5095; x_wconf 88' lang='lat' dir='ltr'><strong><em>ac</em></strong></span> <span class='ocrx_word' id='word_1_951' title='bbox 2291 5054 2393 5094; x_wconf 88' lang='lat' dir='ltr'><strong><em>tam</em></strong></span> <span class='ocrx_word' id='word_1_952' title='bbox 2424 5051 2635 5094; x_wconf 65' lang='lat' dir='ltr'><strong><em>sant-tos</em></strong></span> <span class='ocrx_word' id='word_1_953' title='bbox 2679 5045 2983 5097; x_wconf 84' lang='lat' dir='ltr'><strong><em>sacerdotes</em></strong></span> <span class='ocrx_word' id='word_1_954' title='bbox 3021 5043 3109 5109; x_wconf 88' lang='lat' dir='ltr'><strong><em>qui</em></strong></span> <span class='ocrx_word' id='word_1_955' title='bbox 3153 5053 3383 5110; x_wconf 79' lang='lat' dir='ltr'><strong><em>canones</em></strong></span> <span class='ocrx_word' id='word_1_956' title='bbox 3427 5043 3630 5110; x_wconf 41' lang='lat' dir='ltr'><strong><em>statue:</em></strong></span> 
     </span>
    </p>
   </div>
   <div class='ocr_carea' id='block_1_134' title="bbox 2070 5109 3639 5198">
    <p class='ocr_par' dir='ltr' id='par_1_134' title="bbox 2070 5109 3639 5198">
     <span class='ocr_line' id='line_1_134' title="bbox 2070 5109 3639 5198; baseline -0.013 -23"><span class='ocrx_word' id='word_1_957' title='bbox 2070 5122 2211 5198; x_wconf 62' lang='grc' dir='ltr'><strong><em>Ιᾙηιη</em></strong></span> <span class='ocrx_word' id='word_1_958' title='bbox 2238 5127 2424 5198; x_wconf 57' lang='grc' dir='ltr'><strong><em>ερζιςζιῆ</em></strong></span> <span class='ocrx_word' id='word_1_959' title='bbox 2449 5114 2868 5198; x_wconf 44' lang='grc' dir='ltr'><strong><em>ύιϐςὲςεξρείεεξξη.</em></strong></span> <span class='ocrx_word' id='word_1_960' title='bbox 2916 5109 3502 5198; x_wconf 44' lang='lat' dir='ltr'><strong><em>Videatunusan&#39;iisque</em></strong></span> 
     </span>
    </p>
   </div>
   <div class='ocr_carea' id='block_1_135' title="bbox 2069 5176 3634 5257">
    <p class='ocr_par' dir='ltr' id='par_1_135' title="bbox 2069 5176 3634 5257">
     <span class='ocr_line' id='line_1_135' title="bbox 2069 5176 3634 5257; baseline -0.001 1"><span class='ocrx_word' id='word_1_961' title='bbox 2069 5183 2222 5257; x_wconf 62' lang='lat' dir='ltr'><strong><em>me</em></strong></span> <span class='ocrx_word' id='word_1_962' title='bbox 2249 5179 2451 5257; x_wconf 50' lang='lat' dir='ltr'><strong><em>seruire.</em></strong></span> <span class='ocrx_word' id='word_1_963' title='bbox 2470 5176 2889 5257; x_wconf 42' lang='lat' dir='ltr'><strong><em>verissimae</em></strong></span> <span class='ocrx_word' id='word_1_964' title='bbox 2918 5185 3171 5257; x_wconf 57' lang='grc' dir='ltr'><strong><em>«ιεεροιιρ.</em></strong></span> <span class='ocrx_word' id='word_1_965' title='bbox 3214 5181 3440 5257; x_wconf 63' lang='grc' dir='ltr'><strong><em>ιιιεει-ιετ</em></strong></span> <span class='ocrx_word' id='word_1_966' title='bbox 3467 5181 3634 5257; x_wconf 53' lang='lat' dir='ltr'><strong><em>res&quot;</em></strong></span> 
     </span>
    </p>
   </div>
   <div class='ocr_carea' id='block_1_136' title="bbox 2070 5250 3632 5321">
    <p class='ocr_par' dir='ltr' id='par_1_136' title="bbox 2070 5250 3632 5321">
     <span class='ocr_line' id='line_1_136' title="bbox 2070 5250 3632 5321; baseline -0.003 -16"><span class='ocrx_word' id='word_1_967' title='bbox 2070 5266 2120 5305; x_wconf 91' lang='lat' dir='ltr'><strong><em>tn</em></strong></span> <span class='ocrx_word' id='word_1_968' title='bbox 2162 5251 2453 5321; x_wconf 73' lang='lat' dir='ltr'><strong><em>dic’jédicii</em></strong></span> <span class='ocrx_word' id='word_1_969' title='bbox 2503 5250 3061 5309; x_wconf 50' lang='lat' dir='ltr'><strong><em>redderé‘r&#39;ationem.</em></strong></span> <span class='ocrx_word' id='word_1_970' title='bbox 3114 5254 3245 5319; x_wconf 67' lang='lat' dir='ltr'><strong><em>Ego,</em></strong></span> <span class='ocrx_word' id='word_1_971' title='bbox 3278 5254 3329 5304; x_wconf 91' lang='lat' dir='ltr'><strong><em>in</em></strong></span> <span class='ocrx_word' id='word_1_972' title='bbox 3379 5252 3632 5315; x_wconf 80' lang='lat' dir='ltr'><strong><em>quaulum</em></strong></span> 
     </span>
    </p>
   </div>
   <div class='ocr_carea' id='block_1_137' title="bbox 2071 5321 3629 5393">
    <p class='ocr_par' dir='ltr' id='par_1_137' title="bbox 2071 5321 3629 5393">
     <span class='ocr_line' id='line_1_137' title="bbox 2071 5321 3629 5393; baseline -0.006 -18"><span class='ocrx_word' id='word_1_973' title='bbox 2071 5321 2207 5375; x_wconf 85' lang='lat' dir='ltr'><strong><em>Dens</em></strong></span> <span class='ocrx_word' id='word_1_974' title='bbox 2238 5324 2373 5376; x_wconf 78' lang='lat' dir='ltr'><strong><em>\ires</em></strong></span> <span class='ocrx_word' id='word_1_975' title='bbox 2403 5325 2532 5375; x_wconf 84' lang='lat' dir='ltr'><strong><em>dare</em></strong></span> <span class='ocrx_word' id='word_1_976' title='bbox 2574 5327 2837 5393; x_wconf 82' lang='lat' dir='ltr'><strong><em>dignatur,</em></strong></span> <span class='ocrx_word' id='word_1_977' title='bbox 2871 5330 3086 5381; x_wconf 82' lang='lat' dir='ltr'><strong><em>studere</em></strong></span> <span class='ocrx_word' id='word_1_978' title='bbox 3115 5327 3233 5377; x_wconf 85' lang='lat' dir='ltr'><strong><em>volo</em></strong></span> <span class='ocrx_word' id='word_1_979' title='bbox 3269 5332 3449 5393; x_wconf 81' lang='lat' dir='ltr'><strong><em>eorum</em></strong></span> <span class='ocrx_word' id='word_1_980' title='bbox 3493 5328 3629 5393; x_wconf 56' lang='lat' dir='ltr'><strong><em>prae:</em></strong></span> 
     </span>
    </p>
   </div>
   <div class='ocr_carea' id='block_1_138' title="bbox 418 5379 3635 5482">
    <p class='ocr_par' dir='ltr' id='par_1_138' title="bbox 418 5379 3635 5482">
     <span class='ocr_line' id='line_1_138' title="bbox 418 5379 3635 5482; baseline 0.002 -40"><span class='ocrx_word' id='word_1_981' title='bbox 418 5379 815 5445; x_wconf 38' lang='lat' dir='ltr'><strong><em>centis&#39;decem</em></strong></span> <span class='ocrx_word' id='word_1_982' title='bbox 856 5403 909 5445; x_wconf 91' lang='lat' dir='ltr'><strong><em>et</em></strong></span> <span class='ocrx_word' id='word_1_983' title='bbox 961 5379 1080 5446; x_wconf 73' lang='lat' dir='ltr'><strong><em>octo</em></strong></span> <span class='ocrx_word' id='word_1_984' title='bbox 1129 5379 1390 5463; x_wconf 71' lang='lat' dir='ltr'><strong><em>episcopis</em></strong></span> <span class='ocrx_word' id='word_1_985' title='bbox 1452 5397 1682 5479; x_wconf 71' lang='lat' dir='ltr'><strong><em>reliquos</em></strong></span> <span class='ocrx_word' id='word_1_986' title='bbox 1710 5379 1986 5482; x_wconf 60' lang='lat' dir='ltr'><strong><em>.canqnes</em></strong></span> <span class='ocrx_word' id='word_1_987' title='bbox 2012 5422 2025 5473; x_wconf 76' lang='grc'>;</span> <span class='ocrx_word' id='word_1_988' title='bbox 2052 5395 2399 5481; x_wconf 50' lang='lat' dir='ltr'><strong><em>pertionibus</em></strong></span> <span class='ocrx_word' id='word_1_989' title='bbox 2441 5379 2679 5481; x_wconf 48' lang='lat' dir='ltr'><strong><em>obedire,</em></strong></span> <span class='ocrx_word' id='word_1_990' title='bbox 2710 5379 3140 5480; x_wconf 49' lang='lat' dir='ltr'><strong><em>qtiie&#39;euinillis</em></strong></span> <span class='ocrx_word' id='word_1_991' title='bbox 3171 5409 3274 5448; x_wconf 89' lang='lat' dir='ltr'><strong><em>non</em></strong></span> <span class='ocrx_word' id='word_1_992' title='bbox 3319 5388 3506 5449; x_wconf 62' lang='lat' dir='ltr'><strong><em>rixam,</em></strong></span> <span class='ocrx_word' id='word_1_993' title='bbox 3537 5379 3635 5434; x_wconf 63' lang='grc' dir='ltr'>δθίί</span> 
     </span>
    </p>
   </div>
   <div class='ocr_carea' id='block_1_139' title="bbox 490 5526 1990 5600">
    <p class='ocr_par' dir='ltr' id='par_1_139' title="bbox 490 5526 1990 5600">
     <span class='ocr_line' id='line_1_139' title="bbox 490 5526 1990 5600; baseline 0.003 -19"><span class='ocrx_word' id='word_1_994' title='bbox 490 5534 516 5561; x_wconf 78' lang='grc' dir='ltr'>ι</span> <span class='ocrx_word' id='word_1_995' title='bbox 552 5526 641 5581; x_wconf 88' lang='lat' dir='ltr'><strong>Sic</strong></span> <span class='ocrx_word' id='word_1_996' title='bbox 667 5529 919 5598; x_wconf 87' lang='lat' dir='ltr'><strong><em>appellat,</em></strong></span> <span class='ocrx_word' id='word_1_997' title='bbox 947 5538 1008 5584; x_wconf 87' lang='lat' dir='ltr'><strong><em>ut</em></strong></span> <span class='ocrx_word' id='word_1_998' title='bbox 1032 5540 1153 5584; x_wconf 89' lang='lat' dir='ltr'><strong><em>ante</em></strong></span> <span class='ocrx_word' id='word_1_999' title='bbox 1182 5546 1383 5593; x_wconf 83' lang='lat' dir='ltr'><strong><em>monui,</em></strong></span> <span class='ocrx_word' id='word_1_1000' title='bbox 1418 5530 1696 5585; x_wconf 79' lang='lat' dir='ltr'><strong><em>concilium</em></strong></span> <span class='ocrx_word' id='word_1_1001' title='bbox 1742 5532 1990 5600; x_wconf 76' lang='lat' dir='ltr'><strong><em>primumi-</em></strong></span> 
     </span>
    </p>
   </div>
   <div class='ocr_carea' id='block_1_140' title="bbox 419 5601 1971 5660">
    <p class='ocr_par' dir='ltr' id='par_1_140' title="bbox 419 5601 1971 5660">
     <span class='ocr_line' id='line_1_140' title="bbox 419 5601 1971 5660; baseline 0.004 -9"><span class='ocrx_word' id='word_1_1002' title='bbox 419 5601 799 5654; x_wconf 71' lang='lat' dir='ltr'><strong><em>Arunsicmum</em></strong></span> <span class='ocrx_word' id='word_1_1003' title='bbox 830 5616 857 5652; x_wconf 88' lang='lat' dir='ltr'><strong><em>a</em></strong></span> <span class='ocrx_word' id='word_1_1004' title='bbox 890 5603 1009 5655; x_wconf 89' lang='lat' dir='ltr'><strong><em>loco</em></strong></span> <span class='ocrx_word' id='word_1_1005' title='bbox 1039 5604 1125 5657; x_wconf 85' lang='lat' dir='ltr'><strong><em>ubi</em></strong></span> <span class='ocrx_word' id='word_1_1006' title='bbox 1153 5602 1481 5658; x_wconf 86' lang='lat' dir='ltr'><strong><em>celebratum</em></strong></span> <span class='ocrx_word' id='word_1_1007' title='bbox 1534 5612 1635 5658; x_wconf 87' lang='lat' dir='ltr'><strong><em>est.</em></strong></span> <span class='ocrx_word' id='word_1_1008' title='bbox 1683 5601 1802 5658; x_wconf 58' lang='lat' dir='ltr'><strong><em>Jac.</em></strong></span> <span class='ocrx_word' id='word_1_1009' title='bbox 1851 5607 1971 5660; x_wconf 79' lang='lat' dir='ltr'><strong><em>Sm-</em></strong></span> 
     </span>
    </p>
   </div>
   <div class='ocr_carea' id='block_1_141' title="bbox 418 5684 645 5724">
    <p class='ocr_par' dir='ltr' id='par_1_141' title="bbox 418 5684 645 5724">
     <span class='ocr_line' id='line_1_141' title="bbox 418 5684 645 5724; baseline 0.018 -4"><span class='ocrx_word' id='word_1_1010' title='bbox 418 5684 645 5724; x_wconf 68' lang='lat' dir='ltr'><strong><em>IONDUS.</em></strong></span> 
     </span>
    </p>
   </div>
   <div class='ocr_carea' id='block_1_142' title="bbox 493 5736 1969 5811">
    <p class='ocr_par' dir='ltr' id='par_1_142' title="bbox 493 5736 1969 5811">
     <span class='ocr_line' id='line_1_142' title="bbox 493 5736 1969 5811; baseline 0.001 -18"><span class='ocrx_word' id='word_1_1011' title='bbox 493 5736 520 5775; x_wconf 66' lang='grc' dir='ltr'><strong><em>ι’</em></strong></span> <span class='ocrx_word' id='word_1_1012' title='bbox 552 5739 755 5797; x_wconf 64' lang='lat' dir='ltr'><strong><em>(litatur</em></strong></span> <span class='ocrx_word' id='word_1_1013' title='bbox 782 5742 989 5804; x_wconf 87' lang='lat' dir='ltr'><strong><em>initium</em></strong></span> <span class='ocrx_word' id='word_1_1014' title='bbox 1021 5741 1173 5811; x_wconf 82' lang='lat' dir='ltr'><strong><em>hujus</em></strong></span> <span class='ocrx_word' id='word_1_1015' title='bbox 1201 5751 1454 5797; x_wconf 80' lang='lat' dir='ltr'><strong><em>tractatus</em></strong></span> <span class='ocrx_word' id='word_1_1016' title='bbox 1488 5757 1517 5795; x_wconf 91' lang='lat' dir='ltr'><strong><em>a</em></strong></span> <span class='ocrx_word' id='word_1_1017' title='bbox 1544 5743 1796 5797; x_wconf 86' lang='lat' dir='ltr'><strong><em>Gratiano</em></strong></span> <span class='ocrx_word' id='word_1_1018' title='bbox 1822 5744 1969 5796; x_wconf 80' lang='lat' dir='ltr'><strong><em>decr.</em></strong></span> 
     </span>
    </p>
   </div>
   <div class='ocr_carea' id='block_1_143' title="bbox 420 5811 1970 5882">
    <p class='ocr_par' dir='ltr' id='par_1_143' title="bbox 420 5811 1970 5882">
     <span class='ocr_line' id='line_1_143' title="bbox 420 5811 1970 5882; baseline 0.003 -18"><span class='ocrx_word' id='word_1_1019' title='bbox 420 5812 514 5875; x_wconf 74' lang='lat' dir='ltr'><strong><em>till,</em></strong></span> <span class='ocrx_word' id='word_1_1020' title='bbox 542 5826 658 5880; x_wconf 63' lang='lat' dir='ltr'><strong><em>cap.</em></strong></span> <span class='ocrx_word' id='word_1_1021' title='bbox 703 5811 799 5866; x_wconf 69' lang='lat'><strong><em>25:</em></strong></span> <span class='ocrx_word' id='word_1_1022' title='bbox 850 5813 907 5870; x_wconf 81' lang='lat' dir='ltr'><strong><em>Si</em></strong></span> <span class='ocrx_word' id='word_1_1023' title='bbox 938 5814 1049 5881; x_wconf 80' lang='lat' dir='ltr'><strong><em>quis</em></strong></span> <span class='ocrx_word' id='word_1_1024' title='bbox 1077 5814 1351 5879; x_wconf 85' lang='lat' dir='ltr'><strong><em>diaconus;</em></strong></span> <span class='ocrx_word' id='word_1_1025' title='bbox 1392 5824 1444 5868; x_wconf 84' lang='lat' dir='ltr'><strong><em>et</em></strong></span> <span class='ocrx_word' id='word_1_1026' title='bbox 1479 5829 1752 5882; x_wconf 83' lang='lat' dir='ltr'><strong><em>perperam</em></strong></span> <span class='ocrx_word' id='word_1_1027' title='bbox 1787 5814 1970 5871; x_wconf 84' lang='lat' dir='ltr'><strong><em>tribui-</em></strong></span> 
     </span>
    </p>
   </div>
   <div class='ocr_carea' id='block_1_144' title="bbox 2011 5513 3635 5599">
    <p class='ocr_par' dir='ltr' id='par_1_144' title="bbox 2011 5513 3635 5599">
     <span class='ocr_line' id='line_1_144' title="bbox 2011 5513 3635 5599; baseline 0 -12"><span class='ocrx_word' id='word_1_1028' title='bbox 2011 5518 2029 5563; x_wconf 54' lang='grc' dir='ltr'><strong><em>ί⁴</em></strong></span> <span class='ocrx_word' id='word_1_1029' title='bbox 2078 5544 2161 5588; x_wconf 88' lang='lat' dir='ltr'><strong><em>tur</em></strong></span> <span class='ocrx_word' id='word_1_1030' title='bbox 2192 5513 2533 5594; x_wconf 62' lang='lat' dir='ltr'><strong><em>:Horniis&#39;dz&#39;r&#39;.‘</em></strong></span> <span class='ocrx_word' id='word_1_1031' title='bbox 2566 5521 3013 5599; x_wconf 71' lang='lat' dir='ltr'><strong><em>Cujusnatit&#39;vero</em></strong></span> <span class='ocrx_word' id='word_1_1032' title='bbox 3056 5535 3124 5587; x_wconf 87' lang='lat' dir='ltr'><strong><em>sit</em></strong></span> <span class='ocrx_word' id='word_1_1033' title='bbox 3168 5534 3398 5587; x_wconf 77' lang='lat' dir='ltr'><strong><em>auctoris</em></strong></span> <span class='ocrx_word' id='word_1_1034' title='bbox 3428 5542 3635 5588; x_wconf 85' lang='lat' dir='ltr'><strong><em>veteres</em></strong></span> 
     </span>
    </p>
   </div>
   <div class='ocr_carea' id='block_1_145' title="bbox 2078 5603 3635 5662">
    <p class='ocr_par' dir='ltr' id='par_1_145' title="bbox 2078 5603 3635 5662">
     <span class='ocr_line' id='line_1_145' title="bbox 2078 5603 3635 5662; baseline -0.001 -4"><span class='ocrx_word' id='word_1_1035' title='bbox 2078 5605 2195 5658; x_wconf 91' lang='lat' dir='ltr'><strong><em>libri</em></strong></span> <span class='ocrx_word' id='word_1_1036' title='bbox 2224 5621 2326 5659; x_wconf 91' lang='lat' dir='ltr'><strong><em>non</em></strong></span> <span class='ocrx_word' id='word_1_1037' title='bbox 2358 5606 2611 5662; x_wconf 88' lang='lat' dir='ltr'><strong><em>indicant.</em></strong></span> <span class='ocrx_word' id='word_1_1038' title='bbox 2637 5603 2853 5660; x_wconf 81' lang='lat' dir='ltr'><strong><em>Ca-sarii</em></strong></span> <span class='ocrx_word' id='word_1_1039' title='bbox 2885 5607 3108 5659; x_wconf 74' lang='lat' dir='ltr'><strong><em>fortasse</em></strong></span> <span class='ocrx_word' id='word_1_1040' title='bbox 3134 5621 3238 5659; x_wconf 92' lang='lat' dir='ltr'><strong><em>non</em></strong></span> <span class='ocrx_word' id='word_1_1041' title='bbox 3272 5606 3537 5659; x_wconf 89' lang='lat' dir='ltr'><strong><em>immerito</em></strong></span> <span class='ocrx_word' id='word_1_1042' title='bbox 3561 5610 3635 5658; x_wconf 75' lang='lat' dir='ltr'><strong><em>vi~</em></strong></span> 
     </span>
    </p>
   </div>
   <div class='ocr_carea' id='block_1_146' title="bbox 2074 5675 3493 5744">
    <p class='ocr_par' dir='ltr' id='par_1_146' title="bbox 2074 5675 3493 5744">
     <span class='ocr_line' id='line_1_146' title="bbox 2074 5675 3493 5744; baseline -0.001 -15"><span class='ocrx_word' id='word_1_1043' title='bbox 2074 5676 2185 5729; x_wconf 91' lang='lat' dir='ltr'><strong><em>deri</em></strong></span> <span class='ocrx_word' id='word_1_1044' title='bbox 2211 5678 2391 5744; x_wconf 85' lang='lat' dir='ltr'><strong><em>possit.</em></strong></span> <span class='ocrx_word' id='word_1_1045' title='bbox 3020 5675 3135 5731; x_wconf 77' lang='lat' dir='ltr'><strong><em>Jsc.</em></strong></span> <span class='ocrx_word' id='word_1_1046' title='bbox 3174 5678 3493 5731; x_wconf 69' lang='lat' dir='ltr'><strong><em>Snmoxovs.</em></strong></span> 
     </span>
    </p>
   </div>
   <div class='ocr_carea' id='block_1_147' title="bbox 2142 5746 3633 5873">
    <p class='ocr_par' dir='ltr' id='par_1_147' title="bbox 2142 5746 3633 5873">
     <span class='ocr_line' id='line_1_147' title="bbox 2142 5746 3633 5873; baseline 0.003 -73"><span class='ocrx_word' id='word_1_1047' title='bbox 2142 5747 2301 5873; x_wconf 56' lang='lat' dir='ltr'><strong><em>(&#39;illic</em></strong></span> <span class='ocrx_word' id='word_1_1048' title='bbox 2348 5756 2486 5802; x_wconf 85' lang='lat' dir='ltr'><strong><em>totus</em></strong></span> <span class='ocrx_word' id='word_1_1049' title='bbox 2527 5761 2658 5801; x_wconf 84' lang='lat' dir='ltr'><strong><em>cano</em></strong></span> <span class='ocrx_word' id='word_1_1050' title='bbox 2716 5746 2992 5816; x_wconf 83' lang='lat' dir='ltr'><strong><em>suppletus</em></strong></span> <span class='ocrx_word' id='word_1_1051' title='bbox 3054 5757 3135 5803; x_wconf 73' lang='lat' dir='ltr'><strong><em>cst</em></strong></span> <span class='ocrx_word' id='word_1_1052' title='bbox 3182 5763 3245 5804; x_wconf 83' lang='lat' dir='ltr'><strong><em>ex</em></strong></span> <span class='ocrx_word' id='word_1_1053' title='bbox 3296 5747 3416 5804; x_wconf 87' lang='lat' dir='ltr'><strong><em>cod.</em></strong></span> <span class='ocrx_word' id='word_1_1054' title='bbox 3463 5746 3633 5807; x_wconf 65' lang='lat' dir='ltr'><strong><em>Vatis.</em></strong></span> 
     </span>
    </p>
   </div>
   <div class='ocr_carea' id='block_1_148' title="bbox 2077 5831 2195 5871">
    <p class='ocr_par' dir='ltr' id='par_1_148' title="bbox 2077 5831 2195 5871">
     <span class='ocr_line' id='line_1_148' title="bbox 2077 5831 2195 5871; baseline -0.017 0"><span class='ocrx_word' id='word_1_1055' title='bbox 2077 5831 2195 5871; x_wconf 66' lang='grc' dir='ltr'><strong><em>(δυσ.</em></strong></span> 
     </span>
    </p>
   </div>
  </div>
