4032 6184
321 311 384 361 Si
1595 306 1888 361 AGAPE'I'I

1992 307 2163 361 PAPA
2204 306 2243 359 1.
3476 302 3545 356 ΒΞ

319 441 506 495 pacem
552 435 606 480 et
657 426 1081 495 qualemcunque
1129 433 1332 492 partem
1379 424 1574 478 habere
1612 423 1878 477 desidem.
1909 423 1959 482 A
1987 424 2148 478 etiam
2177 439 2314 478 nunc
2338 438 2429 495 per
2452 432 2671 478 mortem
2699 438 2979 490 corporum
3006 422 3308 495 sacerdotes
3336 422 3539 478 Domini

326 499 390 551 Et
418 496 517 551 hoc
539 497 816 566 diligenter
837 495 1209 566 attendendum
1231 495 1487 566 est.quod
1512 496 1575 566 si.
1593 495 1882 566 secundum

325 567 466 636 quod
497 582 656 633 supra
689 568 938 634 scriptum
981 577 1079 623 est.
1126 565 1199 619 illi
1244 565 1423 636 clerici
1455 565 1539 627 qui
1593 565 1656 617 ad
1688 578 1885 636 uxores

324 634 489 706 propr
511 653 569 690 as
597 638 836 699 redeunt,
866 639 929 688 ad
961 638 1219 703 integrum
1252 636 1319 689 ah
1344 634 1519 688 officio
1541 635 1876 706 suspendun-

325 704 441 770 tur,
475 720 529 761 et
572 709 614 759 si
644 709 799 760 etiam
829 707 1044 769 digami,
1096 714 1182 757 aut
1230 709 1648 763 internuptaruni
1687 704 1882 765 mariti,

324 778 413 845 qui
446 780 622 843 utique
663 793 771 829 rem
823 778 1016 830 licitum
1074 775 1290 832 faciunt.
1322 775 1497 828 cleiici
1543 786 1716 845 tamen
1743 775 1885 826 orali-

326 844 438 900 Iiari
464 863 564 899 non
597 858 834 914 pus-iiut,
861 862 947 899 aut
981 849 1024 901 si
1056 847 1282 899 ordinati
1306 846 1517 907 fuerint,
1546 844 1882 912 dejiciuiitnr,

327 927 354 953 ⁸
386 919 452 972 de
473 921 659 983 quibus
683 930 734 970 et
762 917 981 970 Faustus
1026 919 1303 983 episcopus
1332 926 1547 968 sanctus
1590 918 1637 964 in
1666 915 1882 980 epistola

324 1001 416 1039 sua
448 988 577 1057 dixit
610 1006 621 1039 :
651 986 826 1040 Perdit
857 988 1071 1057 gratiam
1101 987 1399 1047 consecrati,
1443 985 1531 1054 qui
1574 984 1739 1057 adhuc
1773 985 1885 1052 o/ﬁ-

329 1059 464 1109 cium
495 1056 596 1109 vult
628 1056 867 1110 exercere,
907 1058 1117 1119 mariti;
1166 1072 1286 1110 cum
1338 1058 1449 1108 hrcc
1497 1057 1564 1107 ita
1616 1056 1740 1117 sint,
1784 1072 1881 1123 qna

330 1127 655 1181 conscientia
697 1131 970 1196 quisquam
1002 1128 1179 1180 dicere
1228 1128 1442 1194 poterit,
1487 1124 1624 1193 quod
1683 1125 1768 1176 itle
1796 1127 1885 1196 nni

328 1197 642 1250 adulterium
688 1194 1014 1251 commiserit
1071 1198 1259 1251 iterum
1309 1197 1372 1248 ad
1417 1195 1668 1248 honorem
1716 1194 1888 1248 redire

329 1269 533 1335 possit?
564 1268 670 1322 Hoc
713 1271 829 1321 lor-0
875 1271 916 1321 si
947 1269 1139 1332 aliquis
1178 1268 1335 1320 fuerit
1374 1268 1460 1334 qui
1511 1266 1646 1335 dir-at
1683 1282 1695 1318 :
1749 1266 1888 1331 Ergo

328 1334 490 1405 negas
542 1338 959 1392 misericordiam
1018 1338 1218 1400 Dciqni
1274 1338 1467 1405 dixit;
1504 1334 1635 1387 Nolo
1677 1347 1887 1387 mortem

327 1404 627 1472 νικαῖον-εδ,
651 1410 735 1461 sed
764 1417 817 1461 ut
847 1418 1163 1461 convertatur
1188 1420 1233 1461 et
1262 1409 1390 1461 vivat
1420 1404 1629 1465 (Ezerli.
1668 1406 1888 1473 sum)?

325 1488 379 1531 οι
407 1477 534 1531 illttd
568 1494 581 1529 :
617 1476 862 1546 Nunquid
884 1480 968 1546 qui
995 1482 1128 1530 cadit
1157 1496 1257 1531 non
1304 1478 1508 1542 adiiciet
1553 1485 1605 1526 ut
1660 1484 1886 1541 resurgat

326 1547 499 1614 (Psal.
535 1549 661 1616 XL)?
695 1558 747 1603 et
779 1550 904 1601 illud
937 1565 951 1600 :
986 1546 1227 1604 Pecrator
1265 1550 1318 1601 in
1339 1562 1634 1617 quacunque
1660 1546 1741 1597 die
1765 1562 1889 1598 cono

323 1633 496 1670 versus
526 1620 698 1687 fuerit,
725 1635 891 1672 omnes
930 1620 1216 1679 iniquitates
1244 1616 1385 1671 illius
1411 1616 1647 1670 oblivioni
1685 1618 1889 1670 traden-

339 1697 423 1741 tur
448 1688 658 1754 (Ezeclt.
691 1692 897 1754 xxxiii).
925 1688 1001 1742 Ad
1032 1691 1141 1741 lia-c
1167 1688 1328 1742 libera
1352 1704 1478 1742 voce
1505 1687 1823 1751 respondere
1837 1694 1892 1740 et

331 1774 617 1824 possumus
644 1771 695 1813 et
718 1761 971 1814 debemus
1001 1778 1013 1811 :
1045 1760 1194 1813 Absit
1222 1774 1249 1812 a
1276 1758 1427 1811 nobis
1451 1768 1507 1810 ut
1533 1758 1597 1809 tie
1622 1757 1733 1810 istis
1764 1773 1885 1811 sen-

330 1829 510 1882 tentiis
545 1829 820 1883 videamur
862 1832 942 1884 vel
991 1830 1175 1884 leviter
1214 1830 1475 1881 dubitare.
1512 1827 1885 1881 Delinitissime

331 1901 469 1951 enini
500 1901 770 1953 credimus
796 1900 935 1968 quod
985 1900 1073 1965 qui
1113 1914 1279 1965 usque
1318 1900 1382 1951 ad
1427 1900 1583 1951 linem
1615 1897 1735 1950 vita:
1776 1914 1885 1953 suae

332 1971 696 2035 pmiiitentiam
727 1970 912 2039 egerit,
962 1987 1066 2023 non
1107 1971 1276 2025 solum
1328 1969 1704 2039 indulgentiam
1749 1972 1885 2019 arci-

329 2039 570 2105 piat.scd
602 2042 758 2095 etiam
791 2041 853 2093 ad
884 2043 1095 2104 praemia
1121 2051 1315 2093 mterna
1345 2047 1635 2105 perveniat.
1671 2038 1889 2103 l’r-ipter

329 2111 560 2174 regniaii
587 2121 761 2164 tamen
790 2110 1221 2172 ecclesiasticam,
1243 2122 1291 2163 et
1315 2120 1530 2177 propter
1555 2111 1733 2175 aiitiqu
1772 2123 1887 2162 riiin

331 2181 541 2232 l’atruin
572 2190 787 2240 statuta.
829 2198 943 2246 qua:
986 2179 1123 2234 absit
1172 2196 1197 2230 τι
1238 2180 1388 2233 nobis
1418 2191 1469 2233 ιιι
1501 2179 1890 2245 reprehendere

328 2260 416 2301 aut
447 2251 717 2304 disciitere
739 2253 1045 2310 audeamus.
1082 2266 1201 2304 eum
1230 2265 1382 2313 quem
1414 2249 1677 2302 credimus
1710 2251 1771 2300 ad
1806 2249 1885 2302 vi-

335 2335 440 2370 tam
471 2332 721 2373 :rteruam
772 2331 891 2388 post
936 2334 1104 2374 actam
1158 2320 1517 2380 paenitentiam
1565 2320 1767 2382 venire,
1821 2320 1887 2373 ad

329 2389 582 2442 honorem
638 2392 917 2445 clericatus
970 2390 1258 2445 secundum
1331 2402 1594 2444 tantorum
1673 2392 1886 2443 l’atrutn

334 2470 593 2528 prmcepta
621 2477 863 2513 novimus
892 2477 995 2514 non
1025 2460 1219 2514 debere
1256 2460 1469 2514 reverti.
1509 2461 1560 2512 In
1595 2468 1790 2511 tantum
1832 2470 1891 2514 ut

331 2534 382 2581 in
413 2530 705 2584 canon-hiis
731 2534 983 2593 scriptum
1027 2532 1097 2585 sit
1129 2547 1143 2585 ε
1192 2530 1271 2582 Ne
1297 2529 1432 2583 nllus
1472 2546 1690 2595 unquam
1734 2532 1890 2598 pani-

329 2609 434 2653 tens
464 2601 673 2653 clericus
702 2603 980 2655 ordinetur.
1015 2602 1078 2655 Et
1107 2602 1147 2652 si
1173 2602 1259 2655 ille
1285 2602 1372 2669 qui
1400 2603 1537 2654 ultro
1565 2602 1694 2667 petit
1724 2602 1887 2666 νωιιί-

333 2673 573 2734 tentiam,
602 2672 841 2740 quamvis
874 2673 1103 2737 perfecte
1130 2682 1271 2736 agat,
1307 2686 1410 2724 non
1441 2680 1609 2737 potest
1650 2671 1892 2740 antepi-

334 2755 551 2813 seoiins.
585 2751 689 2813 aut
737 2744 1009 2813 ιιιίεκιιγιειι
1036 2742 1303 2813 ordinari,
1340 2744 1406 2792 ita
1455 2752 1529 2803 ut,
1561 2739 1767 2813 etiamsi
1785 2756 1891 2813 per

333 2810 684 2878 ignorantiam
709 2810 983 2865 ordinatus
1026 2811 1205 2877 fuerit,
1246 2824 1298 2863 et
1333 2820 1515 2878 pos-tea
1556 2811 1887 2864 convincitur

331 2882 695 2944 pmiiiientiam
728 2882 1017 2949 accepisse,
1061 2881 1384 2949 deiiciatur:
1434 2881 1521 2934 ille
1559 2882 1648 2946 qui
1697 2880 1893 2934 invitus

333 2954 397 3001 ad
430 2951 787 3015 ptenitcntiam
820 2952 1071 3017 agendam
1098 2950 1147 3003 in
1173 2951 1545 3004 monasterium
1572 2951 1815 3017 mittitur,
1838 2960 1893 3006 et

331 3022 513 3088 utique
538 3022 629 3086 qui
663 3022 801 3075 aliud
851 3038 1004 3089 quam
1054 3023 1314 3088 pmniteiis
1353 3020 1606 3074 dicendus
1654 3035 1757 3083 eat,
1789 3038 1889 3089 qua

331 3093 655 3144 conscientia
684 3094 747 3144 ad
771 3092 1124 3146 sacerdotium
1151 3093 1321 3147 redire
1352 3092 1707 3158 permittitur?
1729 3091 1892 3145 Nemo

1985 495 2212 548 debeant
2259 493 2559 558 vindicare;
2613 497 2705 548 sed
2759 498 2877 562 quia
2932 494 3121 547 melius
3151 504 3231 545 est
3280 502 3337 546 nt
3381 512 3546 547 utins-

1984 566 2208 631 quisque
2239 579 2399 629 parvo
2428 574 2686 627 tempore,
2712 569 2880 617 donec
2922 566 3043 617 vivit
3078 565 3129 617 in
3167 563 3266 615 hoc
3311 566 3534 626 mundo,

1985 635 2355 688 verecundiam
2380 636 2459 686 vel
2481 639 2842 689 enn‘iisionem
2870 636 3157 695 sustineat,
3181 648 3337 701 quam
3364 645 3542 697 postea

1988 703 2053 755 ad
2106 705 2360 769 supplicia
2412 717 2606 756 interna
2641 706 2952 769 perveniat;
2986 716 3039 758 et
3091 707 3260 756 multo
3289 706 3336 758 ei
3367 704 3545 760 utilius

1984 786 2065 826 est
2096 786 2309 842 propter
2335 775 2558 827 aliorum
2581 777 2901 842 exemplum.
2932 776 3163 841 quandin
3191 775 3336 835 vivit,
3365 790 3544 827 remo—

1988 856 2068 895 tus
2095 846 2159 896 ab
2190 846 2387 897 honore
2415 847 2771 906 pmnitcntiam
2802 853 2940 912 agat,
2966 855 3019 897 et
3047 844 3335 898 remedium
3364 845 3463 898 sibi
3486 844 3542 899 in

1988 915 2072 969 die
2101 916 2431 967 necessitatis
2459 920 2720 982 acquirat.
2751 916 3067 983 Quicunque
3113 917 3357 981 parvitati
3412 931 3546 967 meai

1988 984 2038 1036 in
2092 992 2187 1036 tiac
2234 1000 2391 1038 causa
2450 987 2675 1039 voluerit
2723 1000 2984 1039 onerosus
3013 986 3276 1048 existere,
3326 985 3467 1038 aliud
3495 987 3549 1039 ei

1990 1070 2299 1122 responsum
2327 1055 2453 1108 dare
2484 1071 2587 1109 non
2618 1057 2873 1115 delibero,
2898 1056 2998 1109 nisi
3032 1056 3168 1123 quod
3198 1056 3548 1121 suprascripti

1987 1141 2216 1178 canones
2254 1125 2531 1180 continere
2559 1126 2821 1180 videntur.
2871 1124 2897 1163 ι’
2932 1126 3040 1179 lloc
3093 1126 3212 1179 ideo
3243 1126 3382 1188 dico,
3424 1128 3545 1191 quia

1988 1196 2112 1248 dum
2144 1197 2248 1249 cito
2286 1196 2506 1249 crimina
2547 1195 2790 1263 capitalia
2829 1196 3278 1250 committentihns
3310 1196 3550 1266 indulge-

1990 1282 2124 1325 mus,
2177 1266 2410 1329 plurimi,
2442 1266 2529 1334 qui
2577 1281 2676 1320 nec
2728 1266 2891 1320 Deum
2922 1276 3186 1332 metuunt,
3229 1281 3329 1319 nec
3359 1281 3551 1319 sensus

1989 1336 2281 1399 disciplina:
2312 1336 2685 1390 ecclesiastica:
2728 1345 3103 1405 expavescunt,
3152 1341 3268 1390 sine
3316 1335 3423 1388 ullo
3454 1352 3550 1403 ptt-

1989 1406 2117 1459 dore
2138 1423 2198 1458 ac
2221 1407 2535 1474 reverentia,
2566 1422 2660 1475 per
2690 1407 2929 1471 indignas
2964 1406 3348 1459 familiaritates
3365 1416 3548 1459 extra-

1990 1491 2207 1530 nearum
2238 1477 2542 1543 mulierum,
2590 1486 2645 1531 et
2692 1478 2897 1544 seipsos
2928 1476 3218 1543 decipiunt,
3251 1486 3304 1530 et
3356 1480 3548 1529 tamam

1988 1546 2303 1599 t.hri~tian:e
2329 1546 2593 1615 religionis
2622 1547 2976 1616 blasphemari
3006 1548 3161 1599 etiam
3191 1548 3257 1601 ab
3281 1555 3548 1600 extranea:

1991 1618 2260 1683 religionis
2291 1616 2590 1671 hominibus
2612 1616 2825 1671 faciunt.
2856 1618 2923 1671 Et
2967 1618 3086 1671 ideo
3118 1616 3318 1686 justum
3362 1626 3460 1677 est.
3492 1629 3551 1669 ιιι

1990 1687 2115 1738 dum
2174 1687 2251 1741 eis
2301 1687 2587 1741 secundum
2640 1688 2877 1741 omnium
2928 1702 3188 1742 canonum
3243 1697 3435 1742 statuta
3467 1702 3552 1741 re:-

1990 1755 2185 1810 deniidi
2228 1757 2292 1810 ad
2338 1758 2590 1812 honorem
2641 1757 2814 1811 aditus
2864 1758 3143 1821 clauditur,
3192 1760 3400 1813 tandem
3451 1757 3553 1809 ali-

1990 1830 2200 1902 quando
2230 1836 2336 1902 tam
2387 1830 2532 1902 gravi
2564 1828 2711 1902 ΔιιιιιΙιι
2739 1828 2860 1902 finis
2916 1842 3197 1902 congruas
3227 1830 3551 1902 imponunt.

1988 1896 2118 1962 Quia
2148 1899 2381 1966 quando,
2402 1897 2615 1951 diabolo
2640 1899 3009 1965 persuadente,
3039 1899 3198 1965 aliqui
3230 1896 3547 1952 clericorum

1991 1966 2042 2037 in
2073 1967 2284 2037 aliquod
2334 1980 2627 2037 peccatum,
2678 1978 2731 2022 et
2782 1971 3045 2037 praecipue
3095 1969 3146 2021 in
3201 1969 3546 2028 adulterium,

1992 2036 2120 2104 lapsi
2168 2036 2388 2102 fuerint,
2415 2042 2432 2062 ⁶
2461 2054 2617 2106 quam
2660 2036 2873 2102 expedit
2930 2044 2995 2092 de
3026 2039 3302 2091 animabus
3343 2048 3545 2093 statuta

1992 2122 2253 2178 canonum
2281 2110 2537 2177 cogitant,
2568 2124 2659 2178 per
2679 2108 2866 2163 falsam
2896 2110 3141 2177 pietatem
3170 2110 3238 2162 ita
3269 2110 3392 2163 totis
3422 2110 3552 2162 viri-

1991 2176 2091 2232 bus
2121 2176 2413 2243 elaborant,
2457 2176 2631 2233 utaut
2660 2194 2756 2233 nec
2807 2176 3082 2232 mittantur
3112 2180 3163 2232 in
3193 2179 3550 2233 monasteriis.

1991 2246 2045 2300 Si
2069 2258 2265 2312 autem,
2286 2259 2432 2304 certe
2462 2260 2578 2315 post
2607 2264 2708 2302 non
2742 2249 2951 2315 longum
2982 2260 3209 2315 tempus.
3237 2251 3552 2314 importuni-

1993 2327 2099 2372 tate
2139 2321 2318 2381 nitnia,
2349 2331 2403 2373 et
2432 2320 2725 2387 disciplinae
2750 2320 3125 2374 ecclesiastica!
3184 2322 3418 2386 inimica,
3456 2337 3552 2374 ex-

1991 2399 2237 2456 torquere
2266 2401 2524 2443 conantur
2553 2402 2605 2444 ut
2637 2390 2852 2444 redeant
2881 2390 2945 2443 ad
2975 2389 3261 2453 honorem;
3286 2392 3372 2458 qui
3397 2393 3552 2444 char-

1993 2458 2153 2510 tulam
2188 2462 2337 2513 iSIain
2364 2476 2482 2513 cum
2531 2460 2904 2529 suprascriptis
2949 2461 3113 2514 titulis
3153 2477 3414 2514 canonum
3446 2477 3550 2515 non

1994 2529 2151 2581 fuerit
2176 2544 2506 2598 aspernatus,
2537 2546 2636 2585 nec
2665 2545 2782 2584 eam
2814 2546 2907 2598 pro
2952 2530 3247 2585 rusticitate
3288 2532 3552 2585 sermonis

1991 2599 2332 2666 despexerit,
2380 2611 2562 2653 contra
2634 2601 2874 2655 inimicns
2921 2603 3295 2655 ecclesiastica:
3355 2604 3553 2671 rt-giilai

1993 2673 2214 2722 multum
2239 2686 2357 2723 eum
2381 2672 2571 2736 poterit
2599 2671 2869 2737 adjuvare,
2896 2682 2950 2723 nt
2990 2671 3154 2725 liliera
3185 2674 3355 2725 fronte
3386 2684 3549 2737 nicat,

1992 2740 2124 2791 sicut
2162 2741 2268 2802 jam
2301 2741 2712 2807 suprascriptum
2745 2752 2862 2802 est,
2890 2756 2948 2795 se
2977 2755 3160 2794 contra
3205 2752 3309 2794 tam
3338 2746 3551 2796 'satictas

1993 2809 2326 2877 antiquorum
2361 2811 2571 2863 Patrum
2600 2811 3005 2864 constitutiones
3038 2811 3219 2865 venire
3250 2812 3551 2865 nullatenus

1997 2895 2167 2945 posse.
2202 2879 2309 2947 Ego
2336 2879 2447 2933 inec
2470 2897 2587 2934 cum
2615 2883 2757 2934 omni
2787 2882 2855 2934 litt
2880 2882 3080 2934 uilitate
3105 2897 3421 2950 suggerens,
3456 2885 3551 2935 ab-

1992 2953 2143 3001 sofvo
2188 2950 2324 3016 apud
2372 2950 2535 3004 Deum
2580 2952 2959 3006 conscientiam
3006 2967 3197 3004 meam.
3244 2955 3551 3020 Quietinque

1994 3030 2168 3071 autem
2201 3030 2289 3072 aut
2317 3020 2735 3087 importunitate,
2780 3021 3225 3085 antadnlatione,
3276 3031 3368 3075 aut
3406 3025 3550 3077 falsis

1998 3088 2368 3144 blandimentis
2412 3092 2695 3144 inclinatus
2748 3090 2935 3157 fuerit,
2971 3101 3027 3145 ut
3054 3108 3330 3145 censuram
3381 3094 3553 3147 eccle-

336 3161 466 3232 inilii
494 3161 597 3214 alia
621 3166 866 3229 Quaslibet
892 3170 1074 3217 contra
1113 3164 1476 3215 auctoritatem
1513 3160 1654 3215 sedis
1683 3172 1897 3228 aposto-
1925 3169 1969 3232 ς
1998 3162 2225 3213 εἰειδιιρειε
2266 3161 2558 3232 disciplina:
2603 3177 2707 3215 non
2738 3170 2949 3227 teneat,
2999 3162 3173 3216 vident
3222 3164 3451 3231 qualiter
3489 3179 3550 3217 se

336 3229 473 3295 licaa,
505 3243 592 3285 aut
632 3244 812 3285 contra
845 3243 1201 3286 trecentorum
1232 3233 1413 3286 decem
1446 3245 1498 3285 et
1529 3242 1650 3284 octo
1690 3232 1894 3300 episco-

335 3315 521 3369 porum
557 3314 837 3370 prreiepta,
892 3304 972 3355 vel
1020 3303 1340 3370 reliquorum
1388 3316 1651 3355 canonum
1701 3310 1894 3358 statuta

335 3371 571 3438 objici-t,
619 3375 736 3437 quia
764 3372 1014 3441 qudquid
1046 3386 1227 3426 contra
1259 3374 1467 3425 illorum
1500 3371 1886 3437 deﬁnitionem,

341 3457 392 3494 tn
424 3442 611 3509 quibus
637 3442 885 3509 Spiritum
919 3454 1158 3496 sanctum
1189 3443 1418 3496 locutum
1451 3458 1568 3496 esse
1606 3445 1893 3504 credimus.

337 3512 533 3564 dictum
566 3515 739 3575 fuerit,
792 3514 1027 3581 recipere
1056 3528 1159 3567 non
1195 3516 1365 3567 solum
1397 3513 1755 3574 temerarium,
1803 3514 1896 3567 δρᾶ

332 3582 494 3635 etiam
528 3584 877 3649 periculosum
913 3599 1032 3637 esse
1064 3598 1165 3637 non
1193 3586 1393 3637 dubito.
1428 3583 1589 3637 Valde
1613 3590 1752 3635 enim
1784 3599 1896 3635 me-

338 3664 427 3703 tuo
452 3660 505 3706 et
552 3654 902 3707 contremisco
953 3654 1094 3706 itlam
1142 3654 1531 3707 damnationem
1572 3668 1726 3721 quam
1780 3655 1893 3707 lleli

336 3725 588 3794 sacerdos
627 3732 839 3791 propter
866 3726 1079 3777 stultam
1110 3724 1485 3794 indugeutiam
1512 3728 1755 3791 accipere
1784 3739 1894 3776 me-

334 3794 442 3845 ruit
475 3791 524 3862 (Ι
563 3792 689 3864 Reg.
731 3800 826 3863 tv).
857 3794 953 3860 Qui
986 3811 1079 3861 pro
1108 3811 1173 3848 eo
1213 3791 1348 3859 quod
1384 3794 1522 3847 filios
1564 3808 1690 3846 suos
1730 3794 1893 3859 negli-

332 3878 517 3928 gen-er
544 3867 838 3931 castigarit,
870 3874 925 3916 ut
951 3879 1042 3918 eos
1065 3880 1163 3918 nec
1184 3867 1410 3929 candere,
1453 3879 1550 3917 nec
1584 3879 1887 3918 excommu-

336 3931 511 3986 nicare
540 3934 786 3995 voluerit,
832 3936 928 4000 ipsi
961 3935 1052 3988 lilii
1098 3950 1201 3987 una
1230 3936 1316 3989 die
1344 3934 1505 3988 occisi
1534 3946 1674 4001 sunt,
1717 3945 1769 3987 et
1799 3936 1892 3986 tri-

333 4001 476 4067 ginta
506 4002 668 4055 miliia
693 4004 760 4055 de
790 4005 983 4072 pupula
1024 4004 1299 4059 interfecta
1330 4016 1471 4066 sunt,
1503 4014 1557 4058 et
1579 4020 1700 4057 arca
1733 4015 1890 4057 testa-

338 4082 496 4123 ment:
531 4072 581 4125 in
628 4075 929 4139 captivitate
966 4075 1121 4128 ducta
1164 4086 1265 4139 est,
1307 4086 1361 4128 et
1391 4076 1503 4139 ipse
1532 4084 1671 4128 retro
1693 4075 1888 4128 cadens

333 4140 513 4211 fraetis
549 4144 843 4196 cervicibus
880 4154 1117 4197 mortuus
1154 4154 1255 4211 est,
1304 4156 1357 4199 et
1411 4162 1601 4198 nomen
1631 4144 1796 4211 ipsius
1822 4148 1889 4197 de

335 4210 470 4264 libro
504 4212 626 4265 vita:
674 4214 906 4267 deletum
935 4226 1036 4269 est.
1070 4216 1135 4268 Et
1160 4210 1373 4269 econtra
1401 4210 1761 4282 Phinees,qui
1794 4230 1888 4279 pro

335 4296 400 4353 eo
430 4284 567 4346 quod
598 4284 715 4336 zelo
762 4282 853 4336 Dei
897 4295 1195 4338 commotus
1222 4286 1352 4339 duos
1381 4286 1649 4339 adulteros
1690 4287 1888 4353 pariter

283 4354 290 4361 '
337 4350 618 4422 interiecit,
654 4362 817 4406 totum
847 4358 1092 4422 pupulum
1122 4356 1187 4408 de
1214 4357 1305 4409 Dei
1338 4356 1604 4409 iracundia
1624 4350 1884 4408 liberave-

330 4420 400 4474 rit
426 4421 613 4490 (Num.
642 4433 796 4491 xxv}.
828 4420 933 4478 Nec
966 4428 1063 4479 lioc
1084 4425 1204 4480 ideo
1225 4427 1362 4492 dico,
1398 4437 1452 4479 ut
1472 4426 1607 4479 sicut
1628 4427 1716 4479 ille
1738 4425 1885 4489 fecit,

402 4543 427 4608 ἐ
464 4536 640 4608 Codex
670 4536 1025 4597 Corbeiensis.
1054 4540 1236 4608 quibus
1259 4550 1305 4593 et
1340 4540 1551 4593 domnus
1583 4536 1807 4592 Faustus
1831 4540 1882 4590 iii
1915 4538 1961 4597 Ι)

330 4606 564 4672 cpistola.
600 4608 903 4681 l’ithaeanus
928 4606 1073 4661 alter
1105 4609 1225 4680 [nec
1252 4625 1373 4681 __non
1403 4625 1451 4663 c.
1489 4608 1574 4681 il],
1607 4610 1670 4661 de
1707 4611 1884 4679 quibus

332 4686 377 4747 et
407 4688 608 4729 sanctus
634 4675 860 4731 Faustus
889 4684 940 4731 in
970 4675 1201 4743 epistola.
1247 4675 1629 4742 Floriacensis,
1672 4675 1733 4731 (te
1766 4684 1881 4747 qui-

331 4744 422 4796 bus
450 4756 494 4797 et
513 4758 713 4801 sanctas
743 4747 965 4802 Faustus
993 4750 1257 4816 episcopus
1282 4751 1333 4802 in
1360 4751 1594 4819 epistola.
1630 4750 1748 4805 Jac.
1772 4744 1887 4805 Sitt-

330 4830 551 4870 ιιιιΜιυε.

343 4929 412 4941 ﬁ.

2001 3240 2125 3283 ante
2146 3232 2374 3283 tribunal
2402 3230 2601 3286 Christi
2622 3232 2986 3299 expediat,ubi
3012 3245 3194 3287 eontra
3218 3230 3337 3286 eum
3364 3249 3551 3288 omnes

2000 3302 2089 3369 qui
2118 3316 2348 3355 canones
2392 3311 2689 3355 statuerunt
2724 3318 2911 3357 causas
2962 3305 3221 3356 snntsine
3265 3306 3364 3355 ulla
3396 3305 3550 3356 (lubi-

2001 3373 2196 3423 tatione
2226 3373 2434 3425 dicturi.
2483 3370 2535 3424 ln
2567 3388 2786 3440 quorum
2820 3373 3133 3427 domitorum
3180 3389 3415 3427 ineorum
3460 3390 3550 3427 sa-

2000 3443 2272 3494 cerdotum
2324 3444 2566 3495 manibus
2596 3442 2832 3496 chartula
2864 3443 2960 3496 iStn
2996 3445 3325 3512 pet-venerit,
3358 3444 3401 3496 si
3433 3462 3549 3497 eam

1999 3511 2115 3564 aliis
2147 3513 2508 3565 sacerdotibus
2547 3529 2651 3566 non
2693 3516 2864 3567 solum
2909 3514 2971 3567 ad
3001 3511 3281 3582 legendum
3330 3514 3547 3578 offerre,

1998 3584 2091 3634 sed
2146 3586 2303 3635 etiam
2354 3582 2595 3650 ingerere
2642 3584 3091 3637 transcribendum
3144 3586 3428 3647 noluerint,
3480 3587 3549 3639 ti-

1997 3665 2172 3705 meant
2204 3668 2268 3705 uc
2299 3655 2421 3707 inde
2450 3654 2673 3707 reddant
2703 3655 2754 3707 in
2786 3657 2870 3708 die
2896 3654 3078 3721 judicii
3111 3656 3393 3710 rationem.
3440 3656 3551 3708 Nec

1996 3722 2117 3774 illud
2148 3725 2413 3777 credimus
2455 3724 2827 3787 Omittendum,
2877 3735 2934 3778 ut
2972 3726 3034 3779 iis
3074 3726 3161 3794 qui
3211 3742 3303 3788 pro
3346 3727 3550 3780 scelere

1992 3806 2089 3842 suo
2118 3808 2146 3844 a
2172 3795 2483 3864 przesidihus
2507 3810 2600 3847 seu
2628 3812 2655 3845 a
2699 3795 2993 3848 rectozibus
3024 3797 3196 3864 populi
3234 3796 3428 3850 fuerint
3470 3796 3551 3849 in-

1994 3863 2236 3931 terempti
2258 3906 2272 3927 ,
2306 3874 2359 3917 et
2381 3865 2702 3928 sepulturam
2726 3864 2777 3917 in
2804 3863 3110 3920 cmmeterio
3130 3866 3548 3920 Christianorum

1991 3932 2207 3993 habere.
2241 3943 2296 3986 et
2331 3933 2666 3987 offerentium
2701 3951 2794 4001 pro
2826 3936 2956 4001 ipsis
2984 3937 3266 3989 oblationis
3294 3937 3437 4002 juxta
3466 3952 3553 3990 ca-

1993 4017 2187 4055 nonum
2231 4004 2524 4076 indicamus
2554 4005 2816 4076 licentiam
2868 4021 2972 4058 non
3018 4007 3216 4076 negari.
3258 4007 3552 4061 Violatores

1994 4086 2120 4147 vero
2149 4073 2375 4139 sepulcri
2409 4075 2529 4127 licet
2556 4074 2917 4147 Augustorum
2941 4073 3233 4144 principum
3255 4080 3551 4147 capitaliter

1990 4143 2207 4195 damnet
2233 4154 2513 4209 sententia,
2548 4155 2720 4199 tamen
2748 4145 2793 4198 si
2835 4146 2922 4214 qui
2954 4148 3003 4200 in
3052 4143 3148 4199 hoc
3180 4143 3410 4201 facinore
3440 4146 3553 4200 fueo

1991 4220 2099 4284 rint
2124 4214 2320 4280 reperti
2338 4216 2673 4284 superstites,
2706 4217 2774 4269 ab
2797 4218 3157 4272 ecclesiastica
3177 4217 3553 4272 communione

1991 4282 2271 4350 priventur
2301 4300 2315 4336 :
2342 4286 2463 4352 quia
2495 4288 2641 4339 nel‘as
2662 4282 2752 4339 est
2798 4297 2855 4339 ut
2885 4289 2963 4340 eis
2994 4286 3413 4342 Christianorum
3444 4304 3549 4341 non

1989 4353 2265 4407 obseretur
2289 4357 2635 4419 consiirtium,
2660 4357 2747 4423 qui
2779 4357 3091 4411 temeritatis
3130 4374 3259 4413 ausu
3304 4362 3550 4411 humato-

1988 4438 2103 4475 ruiii
2127 4430 2331 4479 cineres
2358 4425 2580 4481 reddere
2610 4440 3062 4496 praesumpserant
3086 4429 3371 4496 inquietos.

2058 4536 2086 4576 δ
2128 4539 2409 4604 Hucusqtte
2438 4539 2605 4594 codex
2632 4539 2993 4606 Cnrbeiensis,
3024 4553 3076 4595 et
3104 4542 3365 4599 Piihmani
3394 4544 3552 4599 ambo

1987 4607 2128 4681 [cum
2151 4625 2201 4664 c.
2233 4607 2296 4678 Η]
2324 4630 2335 4661 ;
2365 4622 2557 4664 εωιενε
2584 4628 2650 4665 ex
2679 4613 2831 4667 unico
2854 4622 2977 4667 sunt
3002 4612 3307 4669 Rhemensi.

2061 4768 2075 4783 ‘
2116 4761 2285 4814 Lucus
2311 4761 2361 4814 in
2393 4778 2493 4816 ms.
2520 4774 2816 4833 corruptus.

2086 4936 2809 4947 ηομ-ψ*

347 4907 3553 4953 W

1576 5005 1739 5045 ANNO
1776 5004 1996 5046 DUMINI
2032 5006 2301 5048 DXXXVI.

775 5119 1595 5429 Αίὲἓέξβ
1608 5124 2829 5429 ΤῈΞΞΒᾼΡΑ
2921 5138 3081 5340 Ι·

1418 5397 2192 5429 ⁷.*,νν.ᾠῳ
2271 5397 2325 5416 ιι
2385 5400 2433 5418 ο.

1418 5422 1435 5436 θ’
1536 5442 1551 5451 δ
1640 5438 1657 5452 ν
1771 5430 1837 5443 »δ
1902 5430 2197 5452 »ει-ιιι
2260 5421 2433 5445 ιδνι

1356 5451 1435 5527 :“z
1464 5442 1740 5535 ...ῖηιξῦιίει
1866 5442 2432 5536 arietet-eaea;

396 5575 659 5642 Agapetus
691 5581 716 5609 ⁸
746 5574 959 5626 natione
1003 5573 1271 5625 Romanus
1296 5615 1309 5629 .
1342 5587 1403 5626 ex
1436 5586 1582 5641 patre
1612 5574 1881 5629 Gordiano

403 5718 427 5745 ³
470 5713 622 5762 Anno
648 5708 843 5761 Christi
868 5708 990 5769 5523.
1018 5707 1130 5772 ipsa
1164 5707 1358 5769 hieme.
1391 5708 1659 5777 Agiipetus
1699 5709 1871 5761 arclii-

334 5778 586 5835 diaconus
616 5778 850 5846 apprime
891 5778 1123 5833 eruditus
1166 5780 1215 5831 in
1262 5778 1434 5831 locum
1478 5778 1692 5833 Joannis
1725 5796 1871 5848 papae

1988 5575 2326 5644 presbytero,
2354 5576 2579 5631 cleiicus
2601 5573 2666 5630 ad
2697 5587 2911 5633 sanctos
2935 5578 3191 5634 Joannem
3216 5590 3270 5635 et
3297 5580 3538 5645 Paulum,

1981 5709 2298 5783 subrogatus
2339 5710 2435 5763 fiiit
2455 5751 2471 5772 ,
2503 5719 2560 5762 nt
2600 5717 2919 5783 constat_ex
2950 5709 3192 5778 epistolis
3225 5713 3444 5783 Agapeti
3472 5716 3536 5766 ad

1980 5780 2325 5835 Justinianuin
2355 5784 2718 5849 imperatorem
2748 5791 2800 5836 ct
2820 5779 3134 5850 Reparatum
3163 5779 3539 5853 Carthaginem
