4032 6184
331 341 398 393 35
1631 332 1779 390 ‘AGA
1793 332 1912 387 ΡΕἸ

1985 337 2065 391 PA
2075 335 2229 389 WE"!
3480 332 3546 385 5G

332 449 529 505 habere
558 449 963 504 altercationem
994 466 1112 506 cum
1159 450 1682 519 piissimoprincipe
1721 453 1885 520 impe-
1915 454 1965 513 Α
1992 459 2204 501 naturas
2236 449 2285 500 iu
2318 447 2543 501 Domino
2558 448 2693 501 ‘Jesu
2725 448 2958 501 Christo.
3002 447 3171 514 Quem
3217 462 3339 501 cum
3383 464 3543 503 Vicis-

328 554 504 594 ratore
532 540 745 594 domino
782 542 1080 595 Justiniano
1110 542 1345 610 Augusto
1374 541 1439 596 de
1469 542 1749 611 religione.
1779 541 1876 596 Cui

258 678 267 691 ,
337 632 678 685 beatissimus
707 634 969 699 Agapetus
995 634 1278 700 episcopus
1308 634 1736 687 constantissime
1765 632 1887 686 lidei

327 726 634 792 apostolica:
690 739 1007 792 responsum
1070 724 1302 777 reddidit
1361 725 1428 778 de
1480 725 1698 778 domino
1736 724 1878 778 iJesu

326 816 558 880 Christo,
592 818 701 869 Deo
725 824 777 868 et
807 815 1041 880 ltomine,
1073 814 1174 868 hoc
1201 826 1303 881 est,
1350 816 1417 869 de
1446 816 1651 869 duabus
1680 816 1885 869 naturis

328 905 382 959 in
410 906 640 960 Christo.
661 906 723 958 Et
745 909 866 958 dum
898 906 1169 959 contentio
1196 916 1516 969 versaretur,
1547 907 1615 959 ita
1636 906 1888 959 Dominus

330 996 520 1057 adfuit,
551 1003 607 1047 ut
635 996 941 1064 episcopum
985 989 1633 1062 (Ionstautinpolitanum
1676 996 1888 1047 nomine

328 1089 675 1151 Anthimum,
731 1089 993 1142 inveniret
1053 1096 1318 1158 Agapetus
1370 1104 1499 1156 papa
1556 1092 1885 1142 bmreticum.

326 1181 562 1249 Cumque
589 1184 862 1235 contentio
896 1192 1196 1251 verteretur
1228 1197 1347 1236 cum
1390 1188 1624 1249 Augusto
1653 1192 1706 1234 et
1747 1185 1885 1249 Aga-

331 1282 449 1337 peto
476 1288 645 1339 papa,
671 1273 803 1325 dixit
832 1274 879 1326 ei
910 1273 1200 1339 imperator
1226 1273 1586 1327 Justinianus:
1622 1278 1725 1325 Aut
1753 1289 1885 1325 cnu—

326 1363 462 1417 senti
494 1365 678 1424 nobis,
711 1374 804 1416 aut
850 1364 1036 1417 exsilio
1086 1364 1355 1432 deportari
1404 1376 1453 1417 te
1485 1366 1693 1417 iaciam.
1740 1364 1889 1418 Tunc

328 1456 669 1509 beatissimus
721 1471 850 1523 papa
883 1457 1148 1525 Agapetus
1197 1458 1471 1525 respondit
1506 1472 1624 1509 cum
1657 1456 1845 1524 gaudio
1868 1496 1883 1516 ,

327 1547 512 1599 dicens
554 1546 617 1598 ad
671 1546 1079 1614 imperatorem:
1127 1547 1237 1615 Ego
1283 1548 1497 1615 quidem
1546 1558 1792 1616 peccator
1819 1548 1883 1600 ad

325 1637 679 1689 Justinianum
713 1638 1086 1703 imperatorem
1137 1638 1649 1691 Cbristianissimum
1703 1636 1887 1691 venire

326 1728 657 1791 desideravi,
710 1745 849 1781 nunc
890 1739 1066 1783 autem
1098 1729 1478 1783 Diocletianum
1521 1728 1722 1782 inveni.
1785 1730 1884 1791 Qui

1989 549 2072 592 set
2097 548 2311 592 sanctus
2340 553 2469 607 papa
2518 543 2808 607 Agapetns,
2852 538 3173 608 glorificatus
3212 550 3294 594 est
3330 541 3397 594 ab
3432 556 3546 595 om-

1968 630 2145 682 nibus
2166 630 2406 683 Christus
2425 630 2520 699 (a).
2550 630 2696 683 Tunc
2727 632 3268 701 pii~simusAugustus
3288 631 3545 686 Justinia-

1970 736 2090 773 nus
2136 721 2330 788 gaudio
2361 722 2592 790 repletus
2648 721 2936 774 Inuniliavit
2966 737 3024 774 se
3067 722 3182 776 sedi
3216 723 3543 791 apostolicae,

1990 823 2044 865 et
2072 814 2311 865 adoravit
2354 813 2715 867 beatissimum
2765 819 3055 881 Agapetum
3095 830 3313 883 papam.
3346 817 3544 871 Eodem

1984 914 2229 972 tempore
2263 903 2421 971 ejecit
2448 903 2756 957 Anthimum
2785 919 2813 957 a
2842 907 3215 960 communione
3234 948 3251 971 ,
3300 915 3355 961 et
3382 924 3547 975 expu—

1986 997 2049 1049 lit
2078 996 2129 1049 in
2153 996 2418 1049 exsilium.
2450 997 2600 1050 Tunc
2632 997 2900 1062 piissimus
2926 1000 3194 1065 Augustus
3218 998 3547 1054 Justiuiauus

1991 1088 2195 1156 rogavit
2226 1087 2587 1141 beatissimum
2621 1103 2806 1155 papam
2841 1089 3132 1157 Agapetum
3153 1130 3167 1153 ,
3201 1099 3257 1141 ut
3281 1090 3333 1143 in
3364 1090 3542 1144 locum

1982 1180 2225 1233 Anthimi
2266 1181 2574 1248 episcOpum
2602 1180 2923 1233 catholicum
2960 1193 3299 1235 consecraret
3332 1184 3547 1238 nomine

1978 1271 2256 1322 ‘M-‘lllmtll.
2310 1271 2406 1334 Qui
2462 1276 2726 1339 Agapetus
2769 1286 2901 1339 papa
2940 1272 3116 1323 omnia
3172 1274 3400 1325 obtinuit
3447 1290 3545 1339 pro

1988 1361 2179 1427 quibus
2196 1360 2394 1413 missus
2423 1359 2611 1412 fuerat.
2636 1358 2763 1413 Post
2784 1359 2896 1413 dies
2921 1375 3047 1412 vero
3069 1360 3368 1428 aliquantos
3390 1362 3542 1431 a-gri-

1948 1455 2171 1504 tudine
2223 1460 2536 1519 correptus,
2590 1451 2867 1504 defunctus
2922 1462 3004 1505 est
3051 1451 3534 1519 Constantinopoli.

1988 1543 2150 1609 Cujus
2180 1558 2371 1609 corpus
2400 1543 2449 1594 in
2489 1542 2660 1594 loculo
2703 1541 2952 1608 plumbeo
2986 1540 3294 1594 translatum
3322 1554 3403 1594 est
3434 1541 3538 1594 Ro-

1970 1652 2150 1696 tunnn,
2184 1650 2349 1702 usque
2379 1636 2427 1686 in
2478 1636 2747 1688 basilicam
2797 1634 2943 1687 Beati
2976 1635 3116 1687 Petri
3150 1635 3418 1701 apostoli,
3452 1635 3540 1687 ubi

1988 1739 2040 1778 et
2072 1728 2307 1792 sepultus
2334 1739 2407 1779 est
2436 1743 2507 1779 xu
2558 1728 2802 1779 calendas
2833 1726 3098 1780 Octobris.
3134 1727 3227 1779 llic
3258 1726 3380 1780 fecit
3404 1727 3541 1780 ordi-

327 1828 497 1871 tamen
521 1819 689 1871 minas
715 1828 831 1872 tuas
865 1836 966 1873 non
992 1821 1326 1888 pertimesco.
1361 1822 1425 1872 Et
1456 1821 1589 1872 dixit
1612 1819 1659 1873 ei
1691 1819 1883 1873 iterum
1902 1828 1964 1887 (Β
1993 1819 2255 1871 nationem
2290 1821 2339 1871 in
2385 1820 2516 1871 urbe
2549 1818 2738 1881 Itonia.
2771 1820 3023 1872 dtaCOIleS
3047 1821 3099 1879 4.
3135 1818 3421 1887 εμίδιτοροδ
3453 1835 3545 1886 Per

325 1912 592 1978 Agapetns
624 1909 941 1963 venerabilis
965 1924 1125 1977 papa:
1160 1910 1380 1973 Tamen,
1417 1920 1473 1963 ut
1500 1911 1636 1963 scias
1671 1921 1723 1961 tu
1754 1925 1873 1960 cum

326 2004 573 2050 idoneum
609 2014 714 2051 non
759 2014 882 2053 esse
928 2001 1170 2068 religioni
1200 2000 1547 2066 Christianae,
1604 2000 1885 2064 episcopus

328 2100 447 2141 tuus
488 2090 805 2143 conﬁteatur
850 2091 982 2143 duas
1014 2096 1231 2142 naturas
1263 2090 1315 2142 in
1342 2090 1575 2141 Christo.
1626 2090 1775 2142 Tunc
1799 2104 1885 2141 ac-

323 2178 520 2231 cersito
559 2196 619 2232 8\
654 2190 919 2248 praecepto
950 2179 1172 2250 Augusxi
1219 2182 1468 2249 episcopo
1512 2180 1887 2234 Constantino-

325 2270 560 2336 politano
582 2271 794 2324 nomine
824 2271 1098 2337 Authimo,
1123 2280 1177 2325 et
1198 2272 1528 2325 discussione
1559 2272 1714 2335 facta,
1746 2289 1881 2323 nun-

323 2375 480 2424 quam
524 2362 690 2413 voluit
723 2362 967 2415 confiteri
996 2364 1046 2415 in
1078 2362 1318 2415 doctrina
1350 2363 1625 2416 catholicae
1667 2378 1887 2431 respon-

324 2455 494 2507 sionis
534 2455 599 2509 ad
631 2456 1106 2525 interrogationem
1137 2456 1276 2510 beati
1321 2471 1470 2525 papae
1495 2455 1714 2524 Agapeti
1756 2456 1887 2510 duas

322 2589 375 2641 in
403 2588 656 2659 Ecclesia,
688 2590 823 2659 quod
852 2590 935 2644 hic
964 2591 1029 2645 de
1060 2600 1295 2658 tempore
1324 2592 1499 2644 obitus
1527 2592 1748 2657 etsedis
1777 2606 1867 2643 va-

1966 1910 2194 1961 vdnersa
2244 1908 2355 1960 luca
2407 1924 2628 1960 numero
2678 1909 2763 1962 ll.
2826 1908 2891 1961 Et
2938 1912 3167 1964 cessavit
3208 1910 3545 1979 episeopatus

1989 2015 2223 2053 mensem
2256 2016 2419 2052 uuunt
2450 2002 2561 2053 (“0‘
2594 2003 2770 2067 viginti
2795 2011 2933 2055 octo.

2302 2090 2384 2144 Ea:
2404 2090 2642 2146 Gratiani
2663 2095 2861 2146 decreto
2883 2096 3224 2165 desumptuut.

2059 2187 2327 2257 Ag'petus
2352 2202 2515 2255 papa,
2571 2204 2660 2241 \as
2688 2174 3009 2243 catholicum
3029 2229 3045 2253 ,
3077 2190 3337 2257 evangelii
3383 2190 3500 2241 tuha
3526 2231 3539 2251 ,

1985 2293 2161 2346 ρετιὊο
2186 2279 2421 2344 jttstilizn,
2453 2293 2600 2330 sacra
2646 2280 2828 2331 altaris
2858 2280 3105 2344 sedisque
3134 2281 3418 2344 Velamina,
3452 2299 3539 2333 sa-

1988 2367 2202 2436 crilegis
2244 2368 2475 2420 Antbimi
2500 2368 2690 2422 intecta
2725 2369 2937 2434 fabulis,
2972 2371 3082 2423 suis
3110 2371 3392 2423 catholicis
3424 2387 3543 2439 pre-

1988 2459 2138 2512 cibus
2168 2458 2386 2512 delevit.

1974 2590 2108 2650 150,
2140 2592 2276 2659 apud
2307 2590 2774 2648 Baronuinvenies
2814 2610 2953 2649 anno
2979 2597 3231 2666 przedicto
3253 2639 3267 2654 .
3304 2614 3356 2651 n.
3392 2599 3456 2652 60
3491 2612 3542 2653 et

322 2658 492 2711 cautis
522 2658 680 2711 reb-rt
710 2658 1039 2714 'Anasnisius
1070 2664 1168 2716 fide
1199 2674 1361 2714 caret.
1394 2664 1559 2729 Quam
1596 2662 1868 2713 historiam

322 2732 390 2780 de
420 2733 653 2797 Agapeto
680 2731 847 2783 refert
874 2733 1142 2798 Sophron.
1173 2733 1224 2784 in
1274 2735 1426 2784 l’ratu
1457 2734 1719 2794 spirituali
1752 2747 1870 2797 cap.

1134 2886 1975 3003 .AG'APETI
2047 2886 2577 2997 PAPE
2650 2888 2720 2994 I

1560 3052 2314 3166 EPISTOLfE.

2070 3286 2371 3341 Reddeutes
2416 3288 2671 3342 honorem
2726 3290 3029 3355 apostolica:
3084 3290 3196 3344 se‘di
3256 3300 3311 3345 ct
3359 3302 3549 3345 vestrae

1995 3378 2283 3443 sanctitati,
2306 3378 2449 3447 quod
2483 3394 2695 3448 semper
2724 3380 2950 3433 nobisin
2984 3390 3106 3433 voto
3138 3383 3255 3446 fuit,
3280 3382 3462 3445 etest,
3497 3392 3555 3434 ut

1999 3471 2150 3523 decet
2195 3478 2433 3537 patrem,
2489 3471 2807 3524 honorantes
2859 3487 2922 3524 ve
2956 3483 3089 3526 tram
3149 3472 3551 3534 beatitudinem,

1993 3563 2193 3627 omnia,
2227 3576 2343 3629 quae
2371 3560 2435 3614 ad
2465 3562 2818 3617 Ecclesiarum
2846 3572 3039 3617 statum
3075 3567 3369 3632 pertinent,
3407 3567 3553 3619 festi-

1976 3668 2180 3706 namus
2211 3652 2275 3706 ad
2308 3653 2547 3706 notitiam
2592 3653 2800 3709 deferre
2828 3666 3017 3709 vestra:
3046 3657 3346 3710 sanctitatis
3378 3676 3388 3708 :
3422 3673 3551 3725 quo-

1996 3745 2133 3797 niam
2166 3760 2379 3812 semper
2406 3760 2654 3815 magnum
2678 3745 2837 3800 nobis
2881 3746 3250 3802 fuitstudium
3292 3750 3543 3801 unitatem

1994 3846 2182 3890 vestra:
2214 3838 2518 3905 apostolicae
2564 3837 2709 3891 sedis
2731 3879 2747 3903 ,
2782 3847 2843 3892 et
2883 3850 3079 3891 statum
3122 3848 3424 3892 sanctarum
3459 3839 3551 3892 Dei

1995 3928 2352 3983 Ecclesiarum
2375 3928 2668 3995 custodire,
2696 3944 2813 3997 quae
2845 3929 3099 3982 hactenus
3128 3928 3354 3993 obtinet,
3387 3939 3440 3981 et
3470 3930 3549 3981 in-

1972 4030 2261 4075 tcommote
2292 4029 2595 4089 permanet,
2646 4021 2785 4073 nulla
2839 4020 3209 4075 intercedente
3264 4022 3555 4074 contrarie-

1996 4123 2121 4165 tate.
2171 4112 2408 4166 Petimus
2428 4126 2556 4180 ergo
2586 4122 2826 4164 vestrum
2879 4120 3155 4175 paternum
3190 4109 3434 4164 aﬂ'ecmm
3454 4152 3469 4173 ,
3499 4121 3555 4163 ut

1995 4206 2187 4257 vestris
2210 4204 2273 4254 ad
2303 4202 2705 4255 nosdestinaiis
2734 4202 2944 4266 litteris,
2975 4214 3025 4255 et
3056 4202 3120 4254 ad
3153 4202 3545 4256 sanctissimum

1993 4298 2297 4364 episcopum
2321 4293 2477 4362 hujus
2503 4293 2657 4346 alma:
2681 4292 2831 4345 urbis
2850 4302 2903 4346 et
2930 4292 3284 4361 patriarcham
3312 4302 3548 4345 vestrum

1997 4390 2246 4454 fratrem,
2280 4390 2529 4465 quoniam
2561 4398 2615 4441 et
2662 4388 2777 4455 ipse
2831 4403 2924 4456 per
2971 4387 3185 4441 eosdem
3236 4388 3449 4457 scripsit
3488 4389 3551 4439 ad

1999 4491 2226 4535 vestram
2257 4482 2589 4533 sanetitalem
2614 4520 2628 4544 ,
2661 4479 2922 4532 festinans
2948 4479 2999 4532 in
3032 4478 3279 4531 oiunibus
3307 4481 3555 4546 consequi

1996 4574 2177 4625 sedem
2204 4569 2549 4638 apostolicam
2591 4569 2931 4622 beatitudinis
2961 4576 3152 4621 vestrm
3172 4608 3186 4629 ,
3215 4569 3554 4622 manilestmu

1977 2677 2127 2726 seqq.
3067 2666 3193 2721 Sev.
3232 2669 3429 2723 limus.

2053 2733 2128 2798 (ιι)
2164 2731 2307 2783 Idem
2335 2732 2479 2793 cod.,
2499 2731 2820 2785 Christianis.

720 3289 1044 3345 EPISTULA
1112 3288 1482 3345 JUSTINIANI

897 3397 962 3434 AD
1016 3397 1315 3435 AGAPEI‘UM.

335 3499 480 3552 More
526 3501 777 3587 mxijprum
824 3515 1033 3587 silerem
1080 3500 1228 3587 apud,
1256 3497 1876 3587 pontiﬁcempﬂamaunm
1916 3530 1958 3587 Ο

407 3585 575 3621 recens
602 3569 811 3622 electum
837 3570 956 3636 fidei
980 3585 1086 3622 sua!
1108 3570 1469 3638 professionem
1508 3569 1632 3633 edit,
1664 3569 1890 3621 eamdem

404 3657 553 3706 quant
583 3657 735 3710 supra
766 3644 832 3690 ad
853 3640 1105 3692 Joannem
1127 3657 1309 3706 papam
1332 3638 1394 3692 ΙΙ
1415 3640 1638 3692 miserat.

408 3755 461 3807 In
502 3756 715 3808 nmnine
744 3754 947 3807 Domini
992 3755 1156 3808 nostri
1187 3755 1311 3808 Jesu
1350 3755 1549 3808 Christi
1603 3755 1692 3808 Dei
1725 3759 1891 3822 impe-

320 3859 479 3901 rator
513 3847 688 3898 Caesar
721 3845 938 3899 Flavius
974 3845 1092 3899 Just
1115 3847 1331 3909 nianus,
1366 3846 1700 3899 Alemanicus
1723 3887 1737 3907 ,
1781 3844 1885 3898 Go-

335 3937 852 4004 thicus,Francicus
877 3938 1278 4004 ,Germanicus,
1308 3940 1559 4000 Anticus,
1605 3939 1853 3992 Alauicus
1879 3982 1892 4005 ,

338 4030 688 4093 Vandalicas,
720 4032 1036 4093 Africanus,
1071 4030 1222 4094 Pius,
1260 4030 1435 4090 Felix.
1475 4031 1737 4101 luclytus,
1774 4030 1894 4083 Vic-

318 4131 457 4184 tor,
508 4134 569 4174 ac
618 4119 998 4188 Triumphator
1047 4134 1260 4175 semper
1310 4125 1609 4188 Angustus,
1659 4121 1895 4189 Agapeto

334 4208 679 4262 sanctissimo
708 4209 1111 4278 archiepiscopo
1138 4211 1292 4262 aluta:
1318 4210 1469 4264 urbis
1500 4210 1685 4263 Romae
1710 4220 1763 4264 et
1805 4226 1897 4278 pa-

314 4304 607 4359 -triarcluc.

407 4400 545 4450 Ante
583 4406 791 4465 tempus
832 4397 882 4447 in
923 4396 1021 4448 liae
1066 4396 1210 4466 regia
1240 4396 1374 4449 urbe
1424 4405 1605 4449 nostra
1632 4409 1892 4464 quorum-

316 4485 459 4538 ‘dam
488 4486 555 4539 de
577 4501 740 4539 causa
772 4484 892 4538 fidei
916 4486 1118 4539 exsutit
1142 4487 1387 4539 morbosa
1414 4486 1713 4548 contentio;
1738 4500 1893 4552 quam

314 4593 434 4633 nos
453 4594 684 4647 congrue
714 4590 1028 4647 respui-mes
1067 4580 1384 4646 interposito
1424 4580 1601 4634 edicto
1631 4582 1890 4647 repressi-

310 4684 472 4723 stuus.
525 4672 589 4723 lat
639 4671 759 4739 quia
808 4671 965 4723 atudii
997 4671 1164 4723 nostri
1209 4680 1294 4724 est
1320 4682 1656 4739 emergentes
1712 4670 1894 4739 bujus-
1999 4662 2541 4731 llobisfacialissQUUd
2568 4676 2756 4716 omnes
2778 4661 3196 4731 quipz‘mditlam
3228 4659 3555 4714 ἶῖάθιιιΐυείϐ

309 4762 478 4816 ιιιηοάί
504 4777 693 4816 causas
719 4762 783 4816 ad
826 4763 1132 4831 apostolica:
1172 4762 1314 4817 sedis
1354 4771 1544 4817 vestra:
1586 4761 1784 4816 referre
1813 4766 1896 4831 ju-
1976 4757 2315 4810 confitentur
2340 4752 2562 4820 suscipit
2587 4763 2761 4807 vestra
2782 4754 3057 4817 sanctitas,
3096 4766 3281 4805 eorum
3324 4754 3414 4820 qui
3459 4751 3553 4805 Ju-

308 4856 554 4919 rdicium,
602 4854 840 4924 ejusdem
896 4855 1013 4908 fidei
1041 4870 1197 4924 quam
1249 4855 1572 4922 sequendam
1622 4854 1888 4920 duximus,
1920 4891 1973 4950 Β
1998 4850 2149 4903 daice
2172 4848 2283 4901 ausi
2312 4856 2434 4900 sunt
2460 4855 2655 4900 rectam
2684 4846 2950 4915 denegare
2978 4846 3136 4899 fidem
3162 4886 3178 4911 ,
3236 4845 3557 4899 condemnat

313 4956 574 4999 utoiiorem
602 4947 845 5012 Cpislttla'.
869 4959 1064 5000 nostra:
1086 4946 1369 5008 insertum,
1397 4944 1463 4998 ad
1495 4946 1669 4999 beata
1696 4961 1895 4997 memo-
1921 4937 1968 4950 ⁴“’
2002 4940 2294 5008 perfidiam.
2326 4939 2451 4993 Plus
2478 4938 2617 4992 enim
2649 4939 2715 4990 ita
2742 4947 2795 4991 et
2818 4940 2956 4990 circa
2989 4952 3081 4989 vos
3109 4937 3344 4989 omnium
3376 4950 3547 4998 amor,

315 5038 427 5089 'rize
456 5037 905 5104 praedecessorem
931 5046 1163 5088 vestrum
1189 5035 1445 5089 Joannem
1477 5051 1569 5103 per
1615 5034 1893 5105 Hypatium
1998 5044 2051 5086 et
2077 5045 2267 5087 vestra:
2294 5031 2435 5085 sedis
2465 5030 2657 5084 crescit
2682 5030 2992 5091 auctoritas,
3028 5037 3079 5081 et
3108 5043 3225 5096 qua:
3257 5028 3322 5079 ad
3360 5041 3452 5078 γωδ
3476 5038 3556 5077 est

308 5141 385 5183 ret
416 5129 737 5183 Demetrium
772 5127 1107 5181 venerabiles
1131 5128 1413 5194 episeopos
1446 5127 1603 5179 missa
1630 5127 1895 5195 legatione
2000 5127 2176 5177 unitas
2199 5138 2500 5178 sanetarum
2540 5120 2896 5175 Ecclesiarum
2920 5120 3183 5174 iuturbata
3214 5118 3516 5173 servabitur
3543 5142 3555 5176 τ

306 5220 650 5273 υόὶῑοχίιηυε.
681 5217 848 5284 Quam
896 5233 991 5285 pro
1041 5218 1345 5286 integritate
1395 5219 1516 5272 ﬁdei
1572 5229 1895 5271 memoratus
1998 5216 2243 5284 quoniam
2293 5229 2388 5284 per
2416 5228 2508 5265 vos
2564 5211 2847 5264 didicerint
2887 5224 3072 5263 omnes
3103 5210 3389 5262 beatissimi
3431 5208 3551 5274 epi-

310 5310 695 5376 :.-pra.~decessor
746 5318 922 5361 vester
954 5308 1132 5361 libenti
1184 5308 1539 5376 gratulatione
1569 5310 1891 5374 suscipiens,
1996 5308 2141 5372 scopi
2170 5307 2354 5358 horum
2384 5320 2502 5371 qua:
2531 5303 2595 5355 ad
2618 5316 2712 5354 vos
2741 5303 2902 5355 relata
2931 5311 3055 5355 sunt
3081 5302 3345 5354 sinceram
3365 5310 3557 5354 Vestrae

308 5419 431 5454 υςιιυ
474 5418 536 5455 ac
569 5402 727 5453 totius
769 5399 1023 5453 Ecclesia:
1069 5398 1321 5452 Romana-
1366 5398 1595 5452 ﬁrmavit
1646 5416 1888 5453 assensu.
1999 5399 2263 5453 sanetitati
2292 5399 2607 5452 doctrinam.
2656 5396 2887 5449 Petimus
2911 5405 3093 5447 autent
3115 5404 3344 5448 vestram
3389 5394 3558 5445 beati-

309 5493 496 5561 anjus
526 5495 769 5563 epistolae
813 5508 907 5545 nos
937 5508 1006 5545 [ιιι
1032 5500 1183 5545 tenor
1211 5492 1510 5559 huiusmodi
1536 5502 1646 5545 est:
1999 5492 2233 5545 tudinem
2264 5505 2423 5544 orare
2456 5506 2549 5556 pro
2603 5488 2755 5540 nobis
2781 5529 2795 5551 ,
2839 5497 2893 5539 et
2940 5488 3029 5539 Dei
3078 5488 3230 5538 nobis
3276 5487 3556 5553 acquirere

404 5586 581 5639 Victor
624 5587 986 5649 Justiniauus,
1021 5585 1166 5647 Pius,
1200 5583 1364 5649 Felix,
1402 5584 1654 5653 lnclytus,
1685 5583 1893 5635 Trium-
2000 5583 2407 5652 providentiam.
2456 5580 2733 5648 Exemplar
2780 5578 3182 5647 subu'rr'ptiouis.
3225 5578 3481 5631 Divittiuas
3507 5590 3556 5631 te

308 5679 541 5745 ψιιιιιοτ,
574 5692 783 5746 semper
810 5682 1099 5747 Augustus,
1129 5676 1320 5730 Joauni
1357 5675 1693 5729 sanctissimo
1723 5674 1895 5729 arcbi-
2003 5684 2177 5729 servet
2226 5689 2317 5741 per
2369 5672 2563 5724 multas
2619 5684 2808 5733 tlllllOS,
2844 5678 3024 5721 sancte
3068 5683 3129 5721 ac
3159 5672 3558 5737 religiosissime

304 5776 576 5842 sepiscopo
608 5772 760 5827 alone
786 5771 933 5826 urbis
966 5771 1145 5826 Roma:
1170 5779 1219 5826 et
1255 5768 1588 5840 patriarcha.
2004 5776 2172 5836 pater.
2229 5766 2353 5818 Data
2391 5779 2479 5816 vtu
2513 5762 2687 5816 iduum
2706 5761 3013 5823 .Jnn'arum,
3049 5762 3503 5829 Constantinopoli
3539 5799 3554 5813 .
