  <div class='ocr_page' id='page_1' title='image "/cluster/home/n/w/nwhite01/storage/ocr_20150623/66/hvd.32044054758701/024.png"; bbox 0 0 4032 6184; ppageno 0'>
   <div class='ocr_carea' id='block_1_1' title="bbox 409 226 1986 289">
    <p class='ocr_par' dir='ltr' id='par_1_1' title="bbox 409 226 1986 285">
     <span class='ocr_line' id='line_1_1' title="bbox 409 226 1986 285; baseline -0.004 0"><span class='ocrx_word' id='word_1_1' title='bbox 409 234 476 285; x_wconf 75' lang='lat'><strong><em>37</em></strong></span> <span class='ocrx_word' id='word_1_2' title='bbox 1887 226 1986 280; x_wconf 78' lang='lat' dir='ltr'><strong><em>El‘l</em></strong></span> 
     </span>
    </p>
   </div>
   <div class='ocr_carea' id='block_1_2' title="bbox 2085 226 3654 289">
    <p class='ocr_par' dir='ltr' id='par_1_2' title="bbox 2085 227 3654 289">
     <span class='ocr_line' id='line_1_2' title="bbox 2085 227 3654 289; baseline -0.013 -9"><span class='ocrx_word' id='word_1_3' title='bbox 2085 227 2256 282; x_wconf 50' lang='grc' dir='ltr'><strong><em>υιαιῖ.</em></strong></span> <span class='ocrx_word' id='word_1_4' title='bbox 3577 233 3654 289; x_wconf 56' lang='grc' dir='ltr'><strong><em>δε</em></strong></span> 
     </span>
    </p>
   </div>
   <div class='ocr_carea' id='block_1_3' title="bbox 406 339 3647 413">
    <p class='ocr_par' dir='ltr' id='par_1_3' title="bbox 406 339 3647 413">
     <span class='ocr_line' id='line_1_3' title="bbox 406 339 3647 413; baseline 0.001 -18"><span class='ocrx_word' id='word_1_5' title='bbox 406 348 628 402; x_wconf 82' lang='lat' dir='ltr'><strong><em>domino</em></strong></span> <span class='ocrx_word' id='word_1_6' title='bbox 656 351 841 397; x_wconf 85' lang='lat' dir='ltr'><strong><em>nostro</em></strong></span> <span class='ocrx_word' id='word_1_7' title='bbox 864 343 1164 398; x_wconf 79' lang='lat' dir='ltr'><strong><em>JnSIiniano</em></strong></span> <span class='ocrx_word' id='word_1_8' title='bbox 1200 350 1459 413; x_wconf 70' lang='lat' dir='ltr'><strong><em>perpetuo</em></strong></span> <span class='ocrx_word' id='word_1_9' title='bbox 1497 341 1734 409; x_wconf 78' lang='lat' dir='ltr'><strong><em>Angusto</em></strong></span> <span class='ocrx_word' id='word_1_10' title='bbox 1757 354 1812 391; x_wconf 84' lang='lat' dir='ltr'><strong><em>tu</em></strong></span> <span class='ocrx_word' id='word_1_11' title='bbox 1844 354 1972 391; x_wconf 80' lang='lat' dir='ltr'><strong><em>con-</em></strong></span> <span class='ocrx_word' id='word_1_12' title='bbox 2002 343 2048 398; x_wconf 69' lang='grc' dir='ltr'><strong>Α</strong></span> <span class='ocrx_word' id='word_1_13' title='bbox 2079 339 2303 393; x_wconf 86' lang='lat' dir='ltr'><strong><em>ctrinam</em></strong></span> <span class='ocrx_word' id='word_1_14' title='bbox 2338 339 2686 405; x_wconf 82' lang='lat' dir='ltr'><strong><em>aposmlicam</em></strong></span> <span class='ocrx_word' id='word_1_15' title='bbox 2737 339 2927 391; x_wconf 81' lang='lat' dir='ltr'><strong><em>iuerint</em></strong></span> <span class='ocrx_word' id='word_1_16' title='bbox 2979 341 3281 405; x_wconf 90' lang='lat' dir='ltr'><strong><em>consecuti,</em></strong></span> <span class='ocrx_word' id='word_1_17' title='bbox 3336 343 3647 400; x_wconf 71' lang='lat' dir='ltr'><strong><em>nullatenus</em></strong></span> 
     </span>
    </p>
   </div>
   <div class='ocr_carea' id='block_1_4' title="bbox 408 438 593 493">
    <p class='ocr_par' dir='ltr' id='par_1_4' title="bbox 408 438 593 493">
     <span class='ocr_line' id='line_1_4' title="bbox 408 438 593 493; baseline -0.027 0"><span class='ocrx_word' id='word_1_18' title='bbox 408 440 526 493; x_wconf 84' lang='lat' dir='ltr'><strong><em>snle</em></strong></span> <span class='ocrx_word' id='word_1_19' title='bbox 555 438 593 488; x_wconf 78' lang='grc'><strong>⁸.</strong></span> 
     </span>
    </p>
   </div>
   <div class='ocr_carea' id='block_1_5' title="bbox 577 541 1804 603">
    <p class='ocr_par' dir='ltr' id='par_1_5' title="bbox 577 541 1804 603">
     <span class='ocr_line' id='line_1_5' title="bbox 577 541 1804 603; baseline -0.006 -2"><span class='ocrx_word' id='word_1_20' title='bbox 577 546 901 603; x_wconf 68' lang='grc' dir='ltr'><strong><em>ΕΡΙΞΤΟΙΑ</em></strong></span> <span class='ocrx_word' id='word_1_21' title='bbox 944 546 1148 601; x_wconf 70' lang='lat' dir='ltr'><strong><em>PRIMA</em></strong></span> <span class='ocrx_word' id='word_1_22' title='bbox 1192 544 1487 599; x_wconf 74' lang='lat' dir='ltr'><strong><em>AGAPETI</em></strong></span> <span class='ocrx_word' id='word_1_23' title='bbox 1532 541 1730 596; x_wconf 71' lang='lat' dir='ltr'><strong><em>l‘APrE</em></strong></span> <span class='ocrx_word' id='word_1_24' title='bbox 1788 544 1804 595; x_wconf 97' lang='grc' dir='ltr'><strong>Ι</strong></span> 
     </span>
    </p>
   </div>
   <div class='ocr_carea' id='block_1_6' title="bbox 956 652 1429 694">
    <p class='ocr_par' dir='ltr' id='par_1_6' title="bbox 956 652 1429 694">
     <span class='ocr_line' id='line_1_6' title="bbox 956 652 1429 694; baseline -0.011 -2"><span class='ocrx_word' id='word_1_25' title='bbox 956 655 1023 694; x_wconf 73' lang='lat' dir='ltr'><strong><em>AD</em></strong></span> <span class='ocrx_word' id='word_1_26' title='bbox 1058 652 1429 691; x_wconf 68' lang='lat' dir='ltr'><strong><em>IUSTINIANUM.</em></strong></span> 
     </span>
    </p>
   </div>
   <div class='ocr_carea' id='block_1_7' title="bbox 481 747 1902 820">
    <p class='ocr_par' dir='ltr' id='par_1_7' title="bbox 481 747 1902 820">
     <span class='ocr_line' id='line_1_7' title="bbox 481 747 1902 820; baseline -0.006 -12"><span class='ocrx_word' id='word_1_27' title='bbox 481 754 756 808; x_wconf 62' lang='lat' dir='ltr'><strong><em>Iustiniani</em></strong></span> <span class='ocrx_word' id='word_1_28' title='bbox 786 753 906 820; x_wconf 80' lang='lat' dir='ltr'><strong><em>ﬁdei</em></strong></span> <span class='ocrx_word' id='word_1_29' title='bbox 926 752 1151 804; x_wconf 84' lang='lat' dir='ltr'><strong><em>libellum</em></strong></span> <span class='ocrx_word' id='word_1_30' title='bbox 1179 791 1192 812; x_wconf 90' lang='lat'><strong><em>,</em></strong></span> <span class='ocrx_word' id='word_1_31' title='bbox 1223 759 1473 815; x_wconf 84' lang='lat' dir='ltr'><strong><em>quatenus</em></strong></span> <span class='ocrx_word' id='word_1_32' title='bbox 1504 747 1781 816; x_wconf 76' lang='lat' dir='ltr'><strong><em>conformis</em></strong></span> <span class='ocrx_word' id='word_1_33' title='bbox 1831 758 1902 799; x_wconf 85' lang='lat' dir='ltr'><strong><em>est</em></strong></span> 
     </span>
    </p>
   </div>
   <div class='ocr_carea' id='block_1_8' title="bbox 787 822 1602 886">
    <p class='ocr_par' dir='ltr' id='par_1_8' title="bbox 787 822 1602 886">
     <span class='ocr_line' id='line_1_8' title="bbox 787 822 1602 886; baseline -0.009 -10"><span class='ocrx_word' id='word_1_34' title='bbox 787 826 943 876; x_wconf 84' lang='lat' dir='ltr'><strong><em>sacris</em></strong></span> <span class='ocrx_word' id='word_1_35' title='bbox 971 822 1244 873; x_wconf 84' lang='lat' dir='ltr'><strong><em>canouibus</em></strong></span> <span class='ocrx_word' id='word_1_36' title='bbox 1264 864 1277 886; x_wconf 85' lang='lat'><strong><em>,</em></strong></span> <span class='ocrx_word' id='word_1_37' title='bbox 1312 823 1602 883; x_wconf 78' lang='lat' dir='ltr'><strong><em>con/irruat.</em></strong></span> 
     </span>
    </p>
   </div>
   <div class='ocr_carea' id='block_1_9' title="bbox 482 929 1655 1004">
    <p class='ocr_par' dir='ltr' id='par_1_9' title="bbox 482 929 1655 1004">
     <span class='ocr_line' id='line_1_9' title="bbox 482 929 1655 1004; baseline -0.01 -14"><span class='ocrx_word' id='word_1_38' title='bbox 482 939 747 1004; x_wconf 73' lang='lat' dir='ltr'><strong><em>Agapetus</em></strong></span> <span class='ocrx_word' id='word_1_39' title='bbox 768 934 1047 1001; x_wconf 88' lang='lat' dir='ltr'><strong><em>episcopus</em></strong></span> <span class='ocrx_word' id='word_1_40' title='bbox 1073 930 1373 983; x_wconf 75' lang='lat' dir='ltr'><strong><em>Jusﬁniano</em></strong></span> <span class='ocrx_word' id='word_1_41' title='bbox 1395 929 1655 995; x_wconf 82' lang='lat' dir='ltr'><strong><em>Angusto.</em></strong></span> 
     </span>
    </p>
   </div>
   <div class='ocr_carea' id='block_1_10' title="bbox 485 1016 1976 1086">
    <p class='ocr_par' dir='ltr' id='par_1_10' title="bbox 485 1016 1976 1086">
     <span class='ocr_line' id='line_1_10' title="bbox 485 1016 1976 1086; baseline -0.007 -6"><span class='ocrx_word' id='word_1_42' title='bbox 485 1026 826 1080; x_wconf 79' lang='lat' dir='ltr'><strong><em>Gratulamur</em></strong></span> <span class='ocrx_word' id='word_1_43' title='bbox 849 1063 864 1086; x_wconf 91' lang='lat'><strong><em>,</em></strong></span> <span class='ocrx_word' id='word_1_44' title='bbox 913 1021 1233 1076; x_wconf 90' lang='lat' dir='ltr'><strong><em>venerabilis</em></strong></span> <span class='ocrx_word' id='word_1_45' title='bbox 1274 1021 1567 1085; x_wconf 78' lang='lat' dir='ltr'><strong><em>imperator</em></strong></span> <span class='ocrx_word' id='word_1_46' title='bbox 1594 1058 1608 1078; x_wconf 93' lang='lat'><strong><em>,</em></strong></span> <span class='ocrx_word' id='word_1_47' title='bbox 1658 1016 1797 1082; x_wconf 86' lang='lat' dir='ltr'><strong><em>quod</em></strong></span> <span class='ocrx_word' id='word_1_48' title='bbox 1830 1024 1976 1069; x_wconf 86' lang='lat' dir='ltr'><strong><em>tanto</em></strong></span> 
     </span>
    </p>
   </div>
   <div class='ocr_carea' id='block_1_11' title="bbox 413 1106 1976 1175">
    <p class='ocr_par' dir='ltr' id='par_1_11' title="bbox 413 1106 1976 1175">
     <span class='ocr_line' id='line_1_11' title="bbox 413 1106 1976 1175; baseline -0.01 -1"><span class='ocrx_word' id='word_1_49' title='bbox 413 1118 697 1174; x_wconf 79' lang='lat' dir='ltr'><strong><em>catholica:</em></strong></span> <span class='ocrx_word' id='word_1_50' title='bbox 716 1115 853 1169; x_wconf 86' lang='lat' dir='ltr'><strong><em>ﬁdei</em></strong></span> <span class='ocrx_word' id='word_1_51' title='bbox 877 1115 1069 1168; x_wconf 88' lang='lat' dir='ltr'><strong><em>ardore</em></strong></span> <span class='ocrx_word' id='word_1_52' title='bbox 1096 1111 1464 1174; x_wconf 86' lang='lat' dir='ltr'><strong><em>succenderis,</em></strong></span> <span class='ocrx_word' id='word_1_53' title='bbox 1496 1116 1556 1161; x_wconf 92' lang='lat' dir='ltr'><strong><em>ut</em></strong></span> <span class='ocrx_word' id='word_1_54' title='bbox 1578 1108 1825 1161; x_wconf 91' lang='lat' dir='ltr'><strong><em>omnibus</em></strong></span> <span class='ocrx_word' id='word_1_55' title='bbox 1852 1106 1976 1175; x_wconf 87' lang='lat' dir='ltr'><strong><em>piis-</em></strong></span> 
     </span>
    </p>
   </div>
   <div class='ocr_carea' id='block_1_12' title="bbox 409 1198 1975 1272">
    <p class='ocr_par' dir='ltr' id='par_1_12' title="bbox 409 1198 1975 1272">
     <span class='ocr_line' id='line_1_12' title="bbox 409 1198 1975 1272; baseline -0.008 -9"><span class='ocrx_word' id='word_1_56' title='bbox 409 1212 563 1264; x_wconf 67' lang='lat' dir='ltr'><strong><em>sima‘.</em></strong></span> <span class='ocrx_word' id='word_1_57' title='bbox 608 1210 730 1261; x_wconf 68' lang='lat' dir='ltr'><strong><em>vitae</em></strong></span> <span class='ocrx_word' id='word_1_58' title='bbox 776 1214 969 1260; x_wconf 70' lang='lat' dir='ltr'><strong><em>vestrm</em></strong></span> <span class='ocrx_word' id='word_1_59' title='bbox 1004 1205 1330 1272; x_wconf 81' lang='lat' dir='ltr'><strong><em>temporibus</em></strong></span> <span class='ocrx_word' id='word_1_60' title='bbox 1373 1202 1511 1269; x_wconf 83' lang='lat' dir='ltr'><strong><em>piam</em></strong></span> <span class='ocrx_word' id='word_1_61' title='bbox 1559 1198 1975 1253; x_wconf 73' lang='lat' dir='ltr'><strong><em>sollicitudinem</em></strong></span> 
     </span>
    </p>
   </div>
   <div class='ocr_carea' id='block_1_13' title="bbox 411 1293 1977 1365">
    <p class='ocr_par' dir='ltr' id='par_1_13' title="bbox 411 1293 1977 1365">
     <span class='ocr_line' id='line_1_13' title="bbox 411 1293 1977 1365; baseline -0.007 -10"><span class='ocrx_word' id='word_1_62' title='bbox 411 1304 555 1356; x_wconf 79' lang='lat' dir='ltr'><strong><em>circa</em></strong></span> <span class='ocrx_word' id='word_1_63' title='bbox 578 1302 894 1355; x_wconf 79' lang='lat' dir='ltr'><strong><em>servandam</em></strong></span> <span class='ocrx_word' id='word_1_64' title='bbox 924 1296 1325 1365; x_wconf 81' lang='lat' dir='ltr'><strong><em>augendamqne</em></strong></span> <span class='ocrx_word' id='word_1_65' title='bbox 1372 1293 1727 1348; x_wconf 84' lang='lat' dir='ltr'><strong><em>Ecclesiarum</em></strong></span> <span class='ocrx_word' id='word_1_66' title='bbox 1755 1305 1977 1345; x_wconf 90' lang='lat' dir='ltr'><strong><em>concor-</em></strong></span> 
     </span>
    </p>
   </div>
   <div class='ocr_carea' id='block_1_14' title="bbox 411 1389 1978 1454">
    <p class='ocr_par' dir='ltr' id='par_1_14' title="bbox 411 1389 1978 1454">
     <span class='ocr_line' id='line_1_14' title="bbox 411 1389 1978 1454; baseline -0.006 -5"><span class='ocrx_word' id='word_1_67' title='bbox 411 1394 555 1449; x_wconf 84' lang='lat' dir='ltr'><strong><em>diam</em></strong></span> <span class='ocrx_word' id='word_1_68' title='bbox 576 1394 867 1446; x_wconf 82' lang='lat' dir='ltr'><strong><em>clementer</em></strong></span> <span class='ocrx_word' id='word_1_69' title='bbox 894 1392 1167 1454; x_wconf 83' lang='lat' dir='ltr'><strong><em>exhibeas,</em></strong></span> <span class='ocrx_word' id='word_1_70' title='bbox 1186 1398 1241 1445; x_wconf 86' lang='lat' dir='ltr'><strong><em>et</em></strong></span> <span class='ocrx_word' id='word_1_71' title='bbox 1267 1404 1425 1443; x_wconf 90' lang='lat' dir='ltr'><strong><em>unam</em></strong></span> <span class='ocrx_word' id='word_1_72' title='bbox 1456 1389 1636 1447; x_wconf 83' lang='lat' dir='ltr'><strong><em>fidem,</em></strong></span> <span class='ocrx_word' id='word_1_73' title='bbox 1659 1402 1859 1453; x_wconf 89' lang='lat' dir='ltr'><strong><em>suaque</em></strong></span> <span class='ocrx_word' id='word_1_74' title='bbox 1882 1400 1978 1452; x_wconf 89' lang='lat' dir='ltr'><strong><em>per</em></strong></span> 
     </span>
    </p>
   </div>
   <div class='ocr_carea' id='block_1_15' title="bbox 415 1475 1978 1545">
    <p class='ocr_par' dir='ltr' id='par_1_15' title="bbox 415 1475 1978 1545">
     <span class='ocr_line' id='line_1_15' title="bbox 415 1475 1978 1545; baseline -0.008 -6"><span class='ocrx_word' id='word_1_75' title='bbox 415 1484 593 1539; x_wconf 84' lang='lat' dir='ltr'><strong><em>omnia</em></strong></span> <span class='ocrx_word' id='word_1_76' title='bbox 640 1482 892 1536; x_wconf 82' lang='lat' dir='ltr'><strong><em>ﬁrmitate</em></strong></span> <span class='ocrx_word' id='word_1_77' title='bbox 920 1480 1252 1535; x_wconf 80' lang='lat' dir='ltr'><strong><em>consimilem</em></strong></span> <span class='ocrx_word' id='word_1_78' title='bbox 1298 1480 1540 1534; x_wconf 89' lang='lat' dir='ltr'><strong><em>omnibus</em></strong></span> <span class='ocrx_word' id='word_1_79' title='bbox 1580 1477 1788 1545; x_wconf 87' lang='lat' dir='ltr'><strong><em>populis</em></strong></span> <span class='ocrx_word' id='word_1_80' title='bbox 1828 1475 1978 1530; x_wconf 83' lang='lat' dir='ltr'><strong><em>Cliti-</em></strong></span> 
     </span>
    </p>
   </div>
   <div class='ocr_carea' id='block_1_16' title="bbox 417 1567 1979 1644">
    <p class='ocr_par' dir='ltr' id='par_1_16' title="bbox 417 1567 1979 1644">
     <span class='ocr_line' id='line_1_16' title="bbox 417 1567 1979 1644; baseline -0.006 -14"><span class='ocrx_word' id='word_1_81' title='bbox 417 1576 599 1630; x_wconf 65' lang='grc' dir='ltr'>ιιίειηὶς</span> <span class='ocrx_word' id='word_1_82' title='bbox 617 1578 804 1644; x_wconf 84' lang='lat' dir='ltr'><strong><em>cupias</em></strong></span> <span class='ocrx_word' id='word_1_83' title='bbox 827 1572 1125 1643; x_wconf 83' lang='lat' dir='ltr'><strong><em>praedicari.</em></strong></span> <span class='ocrx_word' id='word_1_84' title='bbox 1151 1572 1258 1625; x_wconf 76' lang='lat' dir='ltr'><strong><em>Nec</em></strong></span> <span class='ocrx_word' id='word_1_85' title='bbox 1290 1571 1481 1624; x_wconf 90' lang='lat' dir='ltr'><strong><em>mirum</em></strong></span> <span class='ocrx_word' id='word_1_86' title='bbox 1507 1571 1557 1622; x_wconf 93' lang='lat' dir='ltr'><strong><em>in</em></strong></span> <span class='ocrx_word' id='word_1_87' title='bbox 1584 1567 1844 1638; x_wconf 82' lang='lat' dir='ltr'><strong><em>ejusmodi</em></strong></span> <span class='ocrx_word' id='word_1_88' title='bbox 1871 1568 1979 1621; x_wconf 88' lang='lat' dir='ltr'><strong><em>cle-</em></strong></span> 
     </span>
    </p>
   </div>
   <div class='ocr_carea' id='block_1_17' title="bbox 420 1661 1975 1735">
    <p class='ocr_par' dir='ltr' id='par_1_17' title="bbox 420 1661 1975 1735">
     <span class='ocr_line' id='line_1_17' title="bbox 420 1661 1975 1735; baseline -0.004 -14"><span class='ocrx_word' id='word_1_89' title='bbox 420 1668 666 1721; x_wconf 76' lang='lat' dir='ltr'><strong><em>mentium</em></strong></span> <span class='ocrx_word' id='word_1_90' title='bbox 705 1677 931 1720; x_wconf 63' lang='lat' dir='ltr'><strong><em>vestram</em></strong></span> <span class='ocrx_word' id='word_1_91' title='bbox 961 1664 1155 1735; x_wconf 88' lang='lat' dir='ltr'><strong><em>placita</em></strong></span> <span class='ocrx_word' id='word_1_92' title='bbox 1188 1664 1295 1717; x_wconf 91' lang='lat' dir='ltr'><strong><em>Deo</em></strong></span> <span class='ocrx_word' id='word_1_93' title='bbox 1327 1662 1643 1732; x_wconf 82' lang='lat' dir='ltr'><strong><em>cogitatione</em></strong></span> <span class='ocrx_word' id='word_1_94' title='bbox 1668 1661 1975 1729; x_wconf 77' lang='lat' dir='ltr'><strong><em>persistere,</em></strong></span> 
     </span>
    </p>
   </div>
   <div class='ocr_carea' id='block_1_18' title="bbox 416 1754 2051 1824">
    <p class='ocr_par' dir='ltr' id='par_1_18' title="bbox 416 1754 2051 1824">
     <span class='ocr_line' id='line_1_18' title="bbox 416 1754 2051 1824; baseline -0.007 -11"><span class='ocrx_word' id='word_1_95' title='bbox 416 1776 535 1813; x_wconf 89' lang='lat' dir='ltr'><strong><em>cum</em></strong></span> <span class='ocrx_word' id='word_1_96' title='bbox 568 1776 669 1811; x_wconf 89' lang='lat' dir='ltr'><strong><em>non</em></strong></span> <span class='ocrx_word' id='word_1_97' title='bbox 716 1758 850 1811; x_wconf 87' lang='lat' dir='ltr'><strong><em>alios</em></strong></span> <span class='ocrx_word' id='word_1_98' title='bbox 882 1756 1090 1824; x_wconf 86' lang='lat' dir='ltr'><strong><em>imperii</em></strong></span> <span class='ocrx_word' id='word_1_99' title='bbox 1128 1757 1283 1808; x_wconf 78' lang='lat' dir='ltr'><strong><em>vestri</em></strong></span> <span class='ocrx_word' id='word_1_100' title='bbox 1332 1758 1451 1807; x_wconf 84' lang='lat' dir='ltr'><strong><em>beat</em></strong></span> <span class='ocrx_word' id='word_1_101' title='bbox 1479 1769 1540 1807; x_wconf 92' lang='lat' dir='ltr'><strong><em>or</em></strong></span> <span class='ocrx_word' id='word_1_102' title='bbox 1571 1754 1639 1805; x_wconf 92' lang='lat' dir='ltr'><strong><em>sit</em></strong></span> <span class='ocrx_word' id='word_1_103' title='bbox 1670 1763 1972 1821; x_wconf 57' lang='lat' dir='ltr'><strong><em>prove-elus,</em></strong></span> <span class='ocrx_word' id='word_1_104' title='bbox 2009 1759 2051 1818; x_wconf 79' lang='grc' dir='ltr'><strong>Β</strong></span> 
     </span>
    </p>
   </div>
   <div class='ocr_carea' id='block_1_19' title="bbox 416 1844 1975 1922">
    <p class='ocr_par' dir='ltr' id='par_1_19' title="bbox 416 1844 1975 1922">
     <span class='ocr_line' id='line_1_19' title="bbox 416 1844 1975 1922; baseline -0.005 -15"><span class='ocrx_word' id='word_1_105' title='bbox 416 1870 572 1922; x_wconf 88' lang='lat' dir='ltr'><strong><em>quam</em></strong></span> <span class='ocrx_word' id='word_1_106' title='bbox 606 1852 875 1921; x_wconf 78' lang='lat' dir='ltr'><strong><em>religionis</em></strong></span> <span class='ocrx_word' id='word_1_107' title='bbox 900 1858 1265 1918; x_wconf 81' lang='lat' dir='ltr'><strong><em>augmentum.</em></strong></span> <span class='ocrx_word' id='word_1_108' title='bbox 1299 1847 1633 1915; x_wconf 84' lang='lat' dir='ltr'><strong><em>Quapmpter</em></strong></span> <span class='ocrx_word' id='word_1_109' title='bbox 1665 1844 1843 1899; x_wconf 85' lang='lat' dir='ltr'><strong><em>libenti</em></strong></span> <span class='ocrx_word' id='word_1_110' title='bbox 1875 1845 1975 1899; x_wconf 92' lang='lat' dir='ltr'><strong><em>hoc</em></strong></span> 
     </span>
    </p>
   </div>
   <div class='ocr_carea' id='block_1_20' title="bbox 412 1938 1976 2014">
    <p class='ocr_par' dir='ltr' id='par_1_20' title="bbox 412 1938 1976 2014">
     <span class='ocr_line' id='line_1_20' title="bbox 412 1938 1976 2014; baseline -0.006 -13"><span class='ocrx_word' id='word_1_111' title='bbox 412 1956 468 2001; x_wconf 85' lang='lat' dir='ltr'><strong><em>et</em></strong></span> <span class='ocrx_word' id='word_1_112' title='bbox 493 1946 800 2014; x_wconf 85' lang='lat' dir='ltr'><strong><em>prephetica</em></strong></span> <span class='ocrx_word' id='word_1_113' title='bbox 834 1958 964 1998; x_wconf 91' lang='lat' dir='ltr'><strong><em>voce</em></strong></span> <span class='ocrx_word' id='word_1_114' title='bbox 993 1944 1219 1995; x_wconf 88' lang='lat' dir='ltr'><strong><em>cantabo</em></strong></span> <span class='ocrx_word' id='word_1_115' title='bbox 1247 1958 1259 1992; x_wconf 90' lang='lat'><strong>:</strong></span> <span class='ocrx_word' id='word_1_116' title='bbox 1303 1939 1567 2007; x_wconf 85' lang='lat' dir='ltr'><strong><em>Repletum</em></strong></span> <span class='ocrx_word' id='word_1_117' title='bbox 1601 1949 1671 1992; x_wconf 90' lang='lat' dir='ltr'><strong><em>est</em></strong></span> <span class='ocrx_word' id='word_1_118' title='bbox 1700 1938 1890 2008; x_wconf 74' lang='lat' dir='ltr'><strong><em>gaudio</em></strong></span> <span class='ocrx_word' id='word_1_119' title='bbox 1921 1954 1976 1991; x_wconf 87' lang='lat' dir='ltr'><strong><em>os</em></strong></span> 
     </span>
    </p>
   </div>
   <div class='ocr_carea' id='block_1_21' title="bbox 412 2030 1972 2106">
    <p class='ocr_par' dir='ltr' id='par_1_21' title="bbox 412 2030 1972 2106">
     <span class='ocr_line' id='line_1_21' title="bbox 412 2030 1972 2106; baseline -0.007 -13"><span class='ocrx_word' id='word_1_120' title='bbox 412 2050 670 2104; x_wconf 86' lang='lat' dir='ltr'><strong><em>nostrum,</em></strong></span> <span class='ocrx_word' id='word_1_121' title='bbox 701 2047 748 2090; x_wconf 87' lang='lat' dir='ltr'><strong><em>et</em></strong></span> <span class='ocrx_word' id='word_1_122' title='bbox 779 2035 955 2106; x_wconf 81' lang='lat' dir='ltr'><strong><em>lngua</em></strong></span> <span class='ocrx_word' id='word_1_123' title='bbox 987 2046 1160 2088; x_wconf 88' lang='lat' dir='ltr'><strong><em>nostra</em></strong></span> <span class='ocrx_word' id='word_1_124' title='bbox 1197 2033 1533 2087; x_wconf 75' lang='lat' dir='ltr'><strong><em>exsultatione</em></strong></span> <span class='ocrx_word' id='word_1_125' title='bbox 1564 2030 1735 2095; x_wconf 86' lang='lat' dir='ltr'><strong><em>(Psal.</em></strong></span> <span class='ocrx_word' id='word_1_126' title='bbox 1778 2030 1935 2098; x_wconf 65' lang='grc' dir='ltr'><strong><em>ουν)</em></strong></span> <span class='ocrx_word' id='word_1_127' title='bbox 1956 2071 1972 2095; x_wconf 87' lang='grc'><em>,</em></span> 
     </span>
    </p>
   </div>
   <div class='ocr_carea' id='block_1_22' title="bbox 414 2122 1977 2201">
    <p class='ocr_par' dir='ltr' id='par_1_22' title="bbox 414 2122 1977 2201">
     <span class='ocr_line' id='line_1_22' title="bbox 414 2122 1977 2201; baseline -0.005 -18"><span class='ocrx_word' id='word_1_128' title='bbox 414 2132 563 2201; x_wconf 90' lang='lat' dir='ltr'><strong><em>quod</em></strong></span> <span class='ocrx_word' id='word_1_129' title='bbox 607 2129 1040 2185; x_wconf 83' lang='lat' dir='ltr'><strong><em>ﬂorentissimum</em></strong></span> <span class='ocrx_word' id='word_1_130' title='bbox 1094 2126 1447 2195; x_wconf 73' lang='lat' dir='ltr'><strong><em>principatum</em></strong></span> <span class='ocrx_word' id='word_1_131' title='bbox 1498 2134 1731 2178; x_wconf 82' lang='lat' dir='ltr'><strong><em>vestrum</em></strong></span> <span class='ocrx_word' id='word_1_132' title='bbox 1784 2122 1977 2176; x_wconf 86' lang='lat' dir='ltr'><strong><em>divinis</em></strong></span> 
     </span>
    </p>
   </div>
   <div class='ocr_carea' id='block_1_23' title="bbox 414 2214 1975 2292">
    <p class='ocr_par' dir='ltr' id='par_1_23' title="bbox 414 2214 1975 2292">
     <span class='ocr_line' id='line_1_23' title="bbox 414 2214 1975 2292; baseline -0.006 -16"><span class='ocrx_word' id='word_1_133' title='bbox 414 2222 658 2292; x_wconf 89' lang='lat' dir='ltr'><strong><em>quotidie</em></strong></span> <span class='ocrx_word' id='word_1_134' title='bbox 679 2221 985 2292; x_wconf 86' lang='lat' dir='ltr'><strong><em>inspicimus</em></strong></span> <span class='ocrx_word' id='word_1_135' title='bbox 1012 2218 1282 2272; x_wconf 81' lang='lat' dir='ltr'><strong><em>beneficiis</em></strong></span> <span class='ocrx_word' id='word_1_136' title='bbox 1305 2216 1574 2271; x_wconf 85' lang='lat' dir='ltr'><strong><em>adornari.</em></strong></span> <span class='ocrx_word' id='word_1_137' title='bbox 1599 2214 1759 2281; x_wconf 85' lang='lat' dir='ltr'><strong><em>Cupis</em></strong></span> <span class='ocrx_word' id='word_1_138' title='bbox 1789 2215 1933 2267; x_wconf 91' lang='lat' dir='ltr'><strong><em>enim</em></strong></span> <span class='ocrx_word' id='word_1_139' title='bbox 1962 2254 1975 2277; x_wconf 92' lang='lat'><strong><em>,</em></strong></span> 
     </span>
    </p>
   </div>
   <div class='ocr_carea' id='block_1_24' title="bbox 409 2308 1976 2381">
    <p class='ocr_par' dir='ltr' id='par_1_24' title="bbox 409 2308 1976 2381">
     <span class='ocr_line' id='line_1_24' title="bbox 409 2308 1976 2381; baseline -0.006 -11"><span class='ocrx_word' id='word_1_140' title='bbox 409 2316 738 2372; x_wconf 74' lang='lat' dir='ltr'><strong><em>venerabilis</em></strong></span> <span class='ocrx_word' id='word_1_141' title='bbox 776 2316 1064 2381; x_wconf 77' lang='lat' dir='ltr'><strong><em>imperator</em></strong></span> <span class='ocrx_word' id='word_1_142' title='bbox 1088 2355 1101 2377; x_wconf 93' lang='lat'><strong><em>,</em></strong></span> <span class='ocrx_word' id='word_1_143' title='bbox 1132 2321 1188 2366; x_wconf 93' lang='lat' dir='ltr'><strong><em>ut</em></strong></span> <span class='ocrx_word' id='word_1_144' title='bbox 1217 2324 1318 2366; x_wconf 68' lang='lat' dir='ltr'><strong><em>tute</em></strong></span> <span class='ocrx_word' id='word_1_145' title='bbox 1356 2312 1564 2381; x_wconf 80' lang='lat' dir='ltr'><strong><em>pietatis</em></strong></span> <span class='ocrx_word' id='word_1_146' title='bbox 1602 2310 1879 2377; x_wconf 87' lang='lat' dir='ltr'><strong><em>epistolam</em></strong></span> <span class='ocrx_word' id='word_1_147' title='bbox 1910 2308 1976 2361; x_wconf 91' lang='lat' dir='ltr'><strong><em>de</em></strong></span> 
     </span>
    </p>
   </div>
   <div class='ocr_carea' id='block_1_25' title="bbox 412 2403 1980 2474">
    <p class='ocr_par' dir='ltr' id='par_1_25' title="bbox 412 2403 1980 2474">
     <span class='ocr_line' id='line_1_25' title="bbox 412 2403 1980 2474; baseline -0.005 -11"><span class='ocrx_word' id='word_1_148' title='bbox 412 2411 533 2463; x_wconf 78' lang='lat' dir='ltr'><strong><em>ﬁdei</em></strong></span> <span class='ocrx_word' id='word_1_149' title='bbox 565 2422 762 2462; x_wconf 72' lang='lat' dir='ltr'><strong><em>vesrrze</em></strong></span> <span class='ocrx_word' id='word_1_150' title='bbox 813 2407 1145 2474; x_wconf 61' lang='lat' dir='ltr'><strong><em>expos&#39;tioue</em></strong></span> <span class='ocrx_word' id='word_1_151' title='bbox 1177 2422 1347 2471; x_wconf 84' lang='lat' dir='ltr'><strong><em>nuper</em></strong></span> <span class='ocrx_word' id='word_1_152' title='bbox 1373 2405 1438 2458; x_wconf 91' lang='lat' dir='ltr'><strong><em>ad</em></strong></span> <span class='ocrx_word' id='word_1_153' title='bbox 1491 2406 1656 2458; x_wconf 82' lang='lat' dir='ltr'><strong><em>beata:</em></strong></span> <span class='ocrx_word' id='word_1_154' title='bbox 1705 2403 1980 2457; x_wconf 77' lang='lat' dir='ltr'><strong><em>memoria:</em></strong></span> 
     </span>
    </p>
   </div>
   <div class='ocr_carea' id='block_1_26' title="bbox 422 2496 1981 2570">
    <p class='ocr_par' dir='ltr' id='par_1_26' title="bbox 422 2496 1981 2570">
     <span class='ocr_line' id='line_1_26' title="bbox 422 2496 1981 2570; baseline -0.003 -17"><span class='ocrx_word' id='word_1_155' title='bbox 422 2503 869 2570; x_wconf 69' lang='lat' dir='ltr'><strong><em>praedecessorem</em></strong></span> <span class='ocrx_word' id='word_1_156' title='bbox 902 2510 1142 2553; x_wconf 89' lang='lat' dir='ltr'><strong><em>nostrum</em></strong></span> <span class='ocrx_word' id='word_1_157' title='bbox 1162 2497 1421 2553; x_wconf 84' lang='lat' dir='ltr'><strong><em>Joannem</em></strong></span> <span class='ocrx_word' id='word_1_158' title='bbox 1447 2498 1696 2551; x_wconf 70' lang='lat' dir='ltr'><strong><em>Romana:</em></strong></span> <span class='ocrx_word' id='word_1_159' title='bbox 1720 2496 1863 2549; x_wconf 84' lang='lat' dir='ltr'><strong><em>sedis</em></strong></span> <span class='ocrx_word' id='word_1_160' title='bbox 1886 2511 1981 2549; x_wconf 89' lang='lat' dir='ltr'><strong><em>an-</em></strong></span> 
     </span>
    </p>
   </div>
   <div class='ocr_carea' id='block_1_27' title="bbox 425 2588 1979 2659">
    <p class='ocr_par' dir='ltr' id='par_1_27' title="bbox 425 2588 1979 2659">
     <span class='ocr_line' id='line_1_27' title="bbox 425 2588 1979 2659; baseline -0.004 -16"><span class='ocrx_word' id='word_1_161' title='bbox 425 2593 635 2645; x_wconf 88' lang='lat' dir='ltr'><strong><em>tistitem</em></strong></span> <span class='ocrx_word' id='word_1_162' title='bbox 661 2633 676 2655; x_wconf 93' lang='lat'><strong><em>,</em></strong></span> <span class='ocrx_word' id='word_1_163' title='bbox 714 2606 808 2659; x_wconf 83' lang='lat' dir='ltr'><strong><em>per</em></strong></span> <span class='ocrx_word' id='word_1_164' title='bbox 840 2590 1122 2659; x_wconf 78' lang='lat' dir='ltr'><strong><em>Hypatium</em></strong></span> <span class='ocrx_word' id='word_1_165' title='bbox 1150 2602 1307 2655; x_wconf 88' lang='lat' dir='ltr'><strong><em>atque</em></strong></span> <span class='ocrx_word' id='word_1_166' title='bbox 1340 2588 1665 2642; x_wconf 86' lang='lat' dir='ltr'><strong><em>Demetrium</em></strong></span> <span class='ocrx_word' id='word_1_167' title='bbox 1694 2588 1979 2655; x_wconf 87' lang='lat' dir='ltr'><strong><em>episcopos</em></strong></span> 
     </span>
    </p>
   </div>
   <div class='ocr_carea' id='block_1_28' title="bbox 421 2680 1981 2749">
    <p class='ocr_par' dir='ltr' id='par_1_28' title="bbox 421 2680 1981 2749">
     <span class='ocr_line' id='line_1_28' title="bbox 421 2680 1981 2749; baseline -0.003 -13"><span class='ocrx_word' id='word_1_168' title='bbox 421 2683 761 2749; x_wconf 83' lang='lat' dir='ltr'><strong><em>destinatam,</em></strong></span> <span class='ocrx_word' id='word_1_169' title='bbox 796 2691 900 2736; x_wconf 89' lang='lat' dir='ltr'><strong><em>eta</em></strong></span> <span class='ocrx_word' id='word_1_170' title='bbox 939 2681 1155 2749; x_wconf 67' lang='lat' dir='ltr'><strong><em>prmfato</em></strong></span> <span class='ocrx_word' id='word_1_171' title='bbox 1188 2682 1413 2748; x_wconf 59' lang='lat' dir='ltr'><strong><em>praesule</em></strong></span> <span class='ocrx_word' id='word_1_172' title='bbox 1456 2680 1757 2734; x_wconf 87' lang='lat' dir='ltr'><strong><em>roboratam</em></strong></span> <span class='ocrx_word' id='word_1_173' title='bbox 1800 2687 1981 2731; x_wconf 89' lang='lat' dir='ltr'><strong><em>nostra</em></strong></span> 
     </span>
    </p>
   </div>
   <div class='ocr_carea' id='block_1_29' title="bbox 417 2769 1986 2843">
    <p class='ocr_par' dir='ltr' id='par_1_29' title="bbox 417 2769 1986 2843">
     <span class='ocr_line' id='line_1_29' title="bbox 417 2769 1986 2843; baseline -0.004 -17"><span class='ocrx_word' id='word_1_174' title='bbox 417 2789 631 2843; x_wconf 89' lang='lat' dir='ltr'><strong><em>quoque</em></strong></span> <span class='ocrx_word' id='word_1_175' title='bbox 673 2774 989 2826; x_wconf 87' lang='lat' dir='ltr'><strong><em>auctoritate</em></strong></span> <span class='ocrx_word' id='word_1_176' title='bbox 1020 2772 1290 2826; x_wconf 88' lang='lat' dir='ltr'><strong><em>firmemus</em></strong></span> <span class='ocrx_word' id='word_1_177' title='bbox 1329 2787 1343 2824; x_wconf 94' lang='lat'>:</span> <span class='ocrx_word' id='word_1_178' title='bbox 1376 2771 1682 2834; x_wconf 88' lang='lat' dir='ltr'><strong><em>laudamus,</em></strong></span> <span class='ocrx_word' id='word_1_179' title='bbox 1714 2769 1986 2838; x_wconf 86' lang='lat' dir='ltr'><strong><em>amplecti-</em></strong></span> 
     </span>
    </p>
   </div>
   <div class='ocr_carea' id='block_1_30' title="bbox 416 2859 1983 2931">
    <p class='ocr_par' dir='ltr' id='par_1_30' title="bbox 416 2859 1983 2931">
     <span class='ocr_line' id='line_1_30' title="bbox 416 2859 1983 2931; baseline -0.003 -13"><span class='ocrx_word' id='word_1_180' title='bbox 416 2879 567 2918; x_wconf 85' lang='lat' dir='ltr'><strong><em>mur:</em></strong></span> <span class='ocrx_word' id='word_1_181' title='bbox 599 2879 703 2916; x_wconf 89' lang='lat' dir='ltr'><strong><em>non</em></strong></span> <span class='ocrx_word' id='word_1_182' title='bbox 726 2862 848 2931; x_wconf 85' lang='lat' dir='ltr'><strong><em>quia</em></strong></span> <span class='ocrx_word' id='word_1_183' title='bbox 879 2863 1029 2917; x_wconf 90' lang='lat' dir='ltr'><strong><em>laicis</em></strong></span> <span class='ocrx_word' id='word_1_184' title='bbox 1060 2864 1429 2917; x_wconf 85' lang='lat' dir='ltr'><strong><em>auctoritatem</em></strong></span> <span class='ocrx_word' id='word_1_185' title='bbox 1466 2860 1861 2931; x_wconf 58' lang='lat' dir='ltr'><strong><em>praedicationis</em></strong></span> <span class='ocrx_word' id='word_1_186' title='bbox 1889 2859 1983 2913; x_wconf 89' lang='lat' dir='ltr'><strong><em>ad-</em></strong></span> 
     </span>
    </p>
   </div>
   <div class='ocr_carea' id='block_1_31' title="bbox 421 2952 1983 3021">
    <p class='ocr_par' dir='ltr' id='par_1_31' title="bbox 421 2952 1983 3021">
     <span class='ocr_line' id='line_1_31' title="bbox 421 2952 1983 3021; baseline -0.003 -15"><span class='ocrx_word' id='word_1_187' title='bbox 421 2952 704 3017; x_wconf 84' lang='lat' dir='ltr'><strong><em>mittimus,</em></strong></span> <span class='ocrx_word' id='word_1_188' title='bbox 736 2955 827 3006; x_wconf 88' lang='lat' dir='ltr'><strong><em>sed</em></strong></span> <span class='ocrx_word' id='word_1_189' title='bbox 857 2955 979 3021; x_wconf 88' lang='lat' dir='ltr'><strong><em>quia</em></strong></span> <span class='ocrx_word' id='word_1_190' title='bbox 1009 2953 1241 3007; x_wconf 90' lang='lat' dir='ltr'><strong><em>studium</em></strong></span> <span class='ocrx_word' id='word_1_191' title='bbox 1272 2953 1392 3007; x_wconf 91' lang='lat' dir='ltr'><strong><em>ﬁdei</em></strong></span> <span class='ocrx_word' id='word_1_192' title='bbox 1419 2961 1611 3007; x_wconf 67' lang='lat' dir='ltr'><strong><em>vestra:</em></strong></span> <span class='ocrx_word' id='word_1_193' title='bbox 1650 2960 1861 3020; x_wconf 85' lang='lat' dir='ltr'><strong><em>patrum</em></strong></span> <span class='ocrx_word' id='word_1_194' title='bbox 1887 2968 1983 3004; x_wconf 90' lang='lat' dir='ltr'><strong><em>nn-</em></strong></span> 
     </span>
    </p>
   </div>
   <div class='ocr_carea' id='block_1_32' title="bbox 420 3043 1987 3113">
    <p class='ocr_par' dir='ltr' id='par_1_32' title="bbox 420 3043 1987 3113">
     <span class='ocr_line' id='line_1_32' title="bbox 420 3043 1987 3113; baseline -0.001 -16"><span class='ocrx_word' id='word_1_195' title='bbox 420 3053 655 3097; x_wconf 85' lang='lat' dir='ltr'><strong><em>strorum</em></strong></span> <span class='ocrx_word' id='word_1_196' title='bbox 687 3044 1219 3113; x_wconf 82' lang='lat' dir='ltr'><strong><em>regulisconveniens</em></strong></span> <span class='ocrx_word' id='word_1_197' title='bbox 1246 3044 1623 3100; x_wconf 89' lang='lat' dir='ltr'><strong><em>conﬁrmamus</em></strong></span> <span class='ocrx_word' id='word_1_198' title='bbox 1646 3053 1804 3110; x_wconf 85' lang='lat' dir='ltr'><strong><em>atque</em></strong></span> <span class='ocrx_word' id='word_1_199' title='bbox 1830 3043 1987 3097; x_wconf 89' lang='lat' dir='ltr'><strong><em>robo-</em></strong></span> 
     </span>
    </p>
   </div>
   <div class='ocr_carea' id='block_1_33' title="bbox 418 3132 2061 3205">
    <p class='ocr_par' dir='ltr' id='par_1_33' title="bbox 418 3132 2061 3205">
     <span class='ocr_line' id='line_1_33' title="bbox 418 3132 2061 3205; baseline 0.004 -18"><span class='ocrx_word' id='word_1_200' title='bbox 418 3149 626 3187; x_wconf 82' lang='lat' dir='ltr'><strong><em>ranius.</em></strong></span> <span class='ocrx_word' id='word_1_201' title='bbox 646 3134 747 3187; x_wconf 83' lang='lat' dir='ltr'><strong><em>Per</em></strong></span> <span class='ocrx_word' id='word_1_202' title='bbox 762 3134 901 3202; x_wconf 88' lang='lat' dir='ltr'><strong><em>quod</em></strong></span> <span class='ocrx_word' id='word_1_203' title='bbox 932 3136 1037 3204; x_wconf 66' lang='lat' dir='ltr'><strong><em>jam</em></strong></span> <span class='ocrx_word' id='word_1_204' title='bbox 1068 3145 1121 3189; x_wconf 90' lang='lat' dir='ltr'><strong><em>et</em></strong></span> <span class='ocrx_word' id='word_1_205' title='bbox 1152 3136 1327 3189; x_wconf 86' lang='lat' dir='ltr'><strong><em>unitas</em></strong></span> <span class='ocrx_word' id='word_1_206' title='bbox 1354 3136 1597 3205; x_wconf 79' lang='lat' dir='ltr'><strong><em>provenit</em></strong></span> <span class='ocrx_word' id='word_1_207' title='bbox 1620 3135 1909 3198; x_wconf 79' lang='lat' dir='ltr'><strong><em>Ecelesite,</em></strong></span> <span class='ocrx_word' id='word_1_208' title='bbox 1934 3144 1987 3189; x_wconf 87' lang='lat' dir='ltr'><strong><em>et</em></strong></span> <span class='ocrx_word' id='word_1_209' title='bbox 2015 3132 2061 3193; x_wconf 83' lang='lat' dir='ltr'><strong><em>C</em></strong></span> 
     </span>
    </p>
   </div>
   <div class='ocr_carea' id='block_1_34' title="bbox 420 3225 1984 3296">
    <p class='ocr_par' dir='ltr' id='par_1_34' title="bbox 420 3225 1984 3296">
     <span class='ocr_line' id='line_1_34' title="bbox 420 3225 1984 3296; baseline 0 -16"><span class='ocrx_word' id='word_1_210' title='bbox 420 3225 626 3293; x_wconf 80' lang='lat' dir='ltr'><strong><em>reliqua</em></strong></span> <span class='ocrx_word' id='word_1_211' title='bbox 652 3226 931 3281; x_wconf 76' lang='lat' dir='ltr'><strong><em>catholica:</em></strong></span> <span class='ocrx_word' id='word_1_212' title='bbox 958 3228 1194 3282; x_wconf 87' lang='lat' dir='ltr'><strong><em>membra</em></strong></span> <span class='ocrx_word' id='word_1_213' title='bbox 1240 3227 1492 3281; x_wconf 78' lang='lat' dir='ltr'><strong><em>Ecclesiae</em></strong></span> <span class='ocrx_word' id='word_1_214' title='bbox 1521 3226 1586 3280; x_wconf 89' lang='lat' dir='ltr'><strong><em>ad</em></strong></span> <span class='ocrx_word' id='word_1_215' title='bbox 1619 3226 1734 3296; x_wconf 88' lang='lat' dir='ltr'><strong><em>ejus</em></strong></span> <span class='ocrx_word' id='word_1_216' title='bbox 1768 3241 1984 3294; x_wconf 81' lang='lat' dir='ltr'><strong><em>compa-</em></strong></span> 
     </span>
    </p>
   </div>
   <div class='ocr_carea' id='block_1_35' title="bbox 421 3316 1983 3385">
    <p class='ocr_par' dir='ltr' id='par_1_35' title="bbox 421 3316 1983 3385">
     <span class='ocr_line' id='line_1_35' title="bbox 421 3316 1983 3385; baseline -0.002 -14"><span class='ocrx_word' id='word_1_217' title='bbox 421 3331 542 3385; x_wconf 75' lang='lat' dir='ltr'><strong><em>gem</em></strong></span> <span class='ocrx_word' id='word_1_218' title='bbox 569 3317 989 3371; x_wconf 86' lang='lat' dir='ltr'><strong><em>Christianitatis</em></strong></span> <span class='ocrx_word' id='word_1_219' title='bbox 1041 3318 1337 3372; x_wconf 86' lang='lat' dir='ltr'><strong><em>constantia</em></strong></span> <span class='ocrx_word' id='word_1_220' title='bbox 1370 3316 1604 3372; x_wconf 86' lang='lat' dir='ltr'><strong><em>reditura</em></strong></span> <span class='ocrx_word' id='word_1_221' title='bbox 1645 3316 1983 3371; x_wconf 87' lang='lat' dir='ltr'><strong><em>conﬁdimus.</em></strong></span> 
     </span>
    </p>
   </div>
   <div class='ocr_carea' id='block_1_36' title="bbox 426 3408 1986 3479">
    <p class='ocr_par' dir='ltr' id='par_1_36' title="bbox 426 3408 1986 3479">
     <span class='ocr_line' id='line_1_36' title="bbox 426 3408 1986 3479; baseline -0.001 -15"><span class='ocrx_word' id='word_1_222' title='bbox 426 3409 587 3478; x_wconf 91' lang='lat' dir='ltr'><strong><em>Cujus</em></strong></span> <span class='ocrx_word' id='word_1_223' title='bbox 609 3409 957 3479; x_wconf 76' lang='lat' dir='ltr'><strong><em>professionis</em></strong></span> <span class='ocrx_word' id='word_1_224' title='bbox 980 3411 1063 3464; x_wconf 90' lang='lat' dir='ltr'><strong><em>vel</em></strong></span> <span class='ocrx_word' id='word_1_225' title='bbox 1088 3409 1327 3477; x_wconf 61' lang='lat' dir='ltr'><strong><em>epistola:</em></strong></span> <span class='ocrx_word' id='word_1_226' title='bbox 1367 3419 1560 3463; x_wconf 73' lang='lat' dir='ltr'><strong><em>vestra:</em></strong></span> <span class='ocrx_word' id='word_1_227' title='bbox 1591 3421 1825 3463; x_wconf 82' lang='lat' dir='ltr'><strong><em>tenorem</em></strong></span> <span class='ocrx_word' id='word_1_228' title='bbox 1855 3408 1986 3463; x_wconf 85' lang='lat' dir='ltr'><strong><em>infe-</em></strong></span> 
     </span>
    </p>
   </div>
   <div class='ocr_carea' id='block_1_37' title="bbox 427 3498 1988 3569">
    <p class='ocr_par' dir='ltr' id='par_1_37' title="bbox 427 3498 1988 3569">
     <span class='ocr_line' id='line_1_37' title="bbox 427 3498 1988 3569; baseline 0 -17"><span class='ocrx_word' id='word_1_229' title='bbox 427 3504 541 3553; x_wconf 86' lang='lat' dir='ltr'><strong><em>rius</em></strong></span> <span class='ocrx_word' id='word_1_230' title='bbox 564 3510 931 3566; x_wconf 68' lang='lat' dir='ltr'><strong><em>anne-olentes,</em></strong></span> <span class='ocrx_word' id='word_1_231' title='bbox 973 3500 1228 3565; x_wconf 88' lang='lat' dir='ltr'><strong><em>studium,</em></strong></span> <span class='ocrx_word' id='word_1_232' title='bbox 1262 3499 1403 3569; x_wconf 88' lang='lat' dir='ltr'><strong><em>quod</em></strong></span> <span class='ocrx_word' id='word_1_233' title='bbox 1421 3500 1563 3553; x_wconf 91' lang='lat' dir='ltr'><strong><em>circa</em></strong></span> <span class='ocrx_word' id='word_1_234' title='bbox 1592 3498 1757 3554; x_wconf 89' lang='lat' dir='ltr'><strong><em>Deum</em></strong></span> <span class='ocrx_word' id='word_1_235' title='bbox 1786 3499 1988 3567; x_wconf 81' lang='lat' dir='ltr'><strong><em>integre</em></strong></span> 
     </span>
    </p>
   </div>
   <div class='ocr_carea' id='block_1_38' title="bbox 426 3589 1990 3659">
    <p class='ocr_par' dir='ltr' id='par_1_38' title="bbox 426 3589 1990 3659">
     <span class='ocr_line' id='line_1_38' title="bbox 426 3589 1990 3659; baseline 0.001 -17"><span class='ocrx_word' id='word_1_236' title='bbox 426 3592 641 3657; x_wconf 74' lang='lat' dir='ltr'><strong><em>geritis,</em></strong></span> <span class='ocrx_word' id='word_1_237' title='bbox 687 3602 871 3645; x_wconf 87' lang='lat' dir='ltr'><strong><em>nostra</em></strong></span> <span class='ocrx_word' id='word_1_238' title='bbox 925 3591 1245 3646; x_wconf 88' lang='lat' dir='ltr'><strong><em>auctoritate</em></strong></span> <span class='ocrx_word' id='word_1_239' title='bbox 1291 3589 1596 3656; x_wconf 89' lang='lat' dir='ltr'><strong><em>ﬁrmamus,</em></strong></span> <span class='ocrx_word' id='word_1_240' title='bbox 1641 3589 1990 3659; x_wconf 66' lang='lat' dir='ltr'><strong><em>praedicantes</em></strong></span> 
     </span>
    </p>
   </div>
   <div class='ocr_carea' id='block_1_39' title="bbox 424 3680 1986 3753">
    <p class='ocr_par' dir='ltr' id='par_1_39' title="bbox 424 3680 1986 3753">
     <span class='ocr_line' id='line_1_39' title="bbox 424 3680 1986 3753; baseline -0.002 -18"><span class='ocrx_word' id='word_1_241' title='bbox 424 3682 730 3751; x_wconf 89' lang='lat' dir='ltr'><strong><em>bujusmodi</em></strong></span> <span class='ocrx_word' id='word_1_242' title='bbox 763 3683 919 3737; x_wconf 91' lang='lat' dir='ltr'><strong><em>ﬁdem</em></strong></span> <span class='ocrx_word' id='word_1_243' title='bbox 940 3682 1189 3736; x_wconf 86' lang='lat' dir='ltr'><strong><em>omnibus</em></strong></span> <span class='ocrx_word' id='word_1_244' title='bbox 1216 3692 1423 3753; x_wconf 89' lang='lat' dir='ltr'><strong><em>patrum</em></strong></span> <span class='ocrx_word' id='word_1_245' title='bbox 1451 3695 1754 3735; x_wconf 80' lang='lat' dir='ltr'><strong><em>nos=rorum</em></strong></span> <span class='ocrx_word' id='word_1_246' title='bbox 1786 3680 1986 3747; x_wconf 82' lang='lat' dir='ltr'><strong><em>regulis</em></strong></span> 
     </span>
    </p>
   </div>
   <div class='ocr_carea' id='block_1_40' title="bbox 422 3770 1991 3843">
    <p class='ocr_par' dir='ltr' id='par_1_40' title="bbox 422 3770 1991 3843">
     <span class='ocr_line' id='line_1_40' title="bbox 422 3770 1991 3843; baseline -0.003 -16"><span class='ocrx_word' id='word_1_247' title='bbox 422 3775 735 3835; x_wconf 85' lang='lat' dir='ltr'><strong><em>convenire.</em></strong></span> <span class='ocrx_word' id='word_1_248' title='bbox 760 3783 814 3827; x_wconf 87' lang='lat' dir='ltr'><strong><em>et</em></strong></span> <span class='ocrx_word' id='word_1_249' title='bbox 841 3774 1144 3843; x_wconf 69' lang='lat' dir='ltr'><strong><em>apostolicae</em></strong></span> <span class='ocrx_word' id='word_1_250' title='bbox 1174 3772 1318 3827; x_wconf 69' lang='lat' dir='ltr'><strong><em>sedis</em></strong></span> <span class='ocrx_word' id='word_1_251' title='bbox 1361 3770 1690 3826; x_wconf 86' lang='lat' dir='ltr'><strong><em>concordare</em></strong></span> <span class='ocrx_word' id='word_1_252' title='bbox 1730 3770 1991 3840; x_wconf 79' lang='lat' dir='ltr'><strong><em>dogmati-</em></strong></span> 
     </span>
    </p>
   </div>
   <div class='ocr_carea' id='block_1_41' title="bbox 422 3859 1987 3933">
    <p class='ocr_par' dir='ltr' id='par_1_41' title="bbox 422 3859 1987 3933">
     <span class='ocr_line' id='line_1_41' title="bbox 422 3859 1987 3933; baseline -0.003 -16"><span class='ocrx_word' id='word_1_253' title='bbox 422 3864 526 3917; x_wconf 87' lang='lat' dir='ltr'><strong><em>bus</em></strong></span> <span class='ocrx_word' id='word_1_254' title='bbox 559 3881 574 3917; x_wconf 89' lang='lat'><strong>:</strong></span> <span class='ocrx_word' id='word_1_255' title='bbox 607 3865 991 3918; x_wconf 86' lang='lat' dir='ltr'><strong><em>constituentes</em></strong></span> <span class='ocrx_word' id='word_1_256' title='bbox 1016 3873 1071 3917; x_wconf 90' lang='lat' dir='ltr'><strong><em>ut</em></strong></span> <span class='ocrx_word' id='word_1_257' title='bbox 1107 3864 1148 3917; x_wconf 87' lang='lat' dir='ltr'><strong><em>si</em></strong></span> <span class='ocrx_word' id='word_1_258' title='bbox 1174 3864 1293 3933; x_wconf 94' lang='lat' dir='ltr'><strong><em>quis</em></strong></span> <span class='ocrx_word' id='word_1_259' title='bbox 1316 3872 1508 3915; x_wconf 71' lang='lat' dir='ltr'><strong><em>nostra:</em></strong></span> <span class='ocrx_word' id='word_1_260' title='bbox 1542 3860 1819 3914; x_wconf 73' lang='lat' dir='ltr'><strong><em>catholica:</em></strong></span> <span class='ocrx_word' id='word_1_261' title='bbox 1868 3859 1987 3913; x_wconf 86' lang='lat' dir='ltr'><strong><em>ﬁdei</em></strong></span> 
     </span>
    </p>
   </div>
   <div class='ocr_carea' id='block_1_42' title="bbox 421 3951 1987 4023">
    <p class='ocr_par' dir='ltr' id='par_1_42' title="bbox 421 3951 1987 4023">
     <span class='ocr_line' id='line_1_42' title="bbox 421 3951 1987 4023; baseline -0.003 -16"><span class='ocrx_word' id='word_1_262' title='bbox 421 3957 699 4009; x_wconf 88' lang='lat' dir='ltr'><strong><em>contraire</em></strong></span> <span class='ocrx_word' id='word_1_263' title='bbox 718 3955 1021 4020; x_wconf 89' lang='lat' dir='ltr'><strong><em>tentaveril,</em></strong></span> <span class='ocrx_word' id='word_1_264' title='bbox 1047 3969 1205 4023; x_wconf 88' lang='lat' dir='ltr'><strong><em>quam</em></strong></span> <span class='ocrx_word' id='word_1_265' title='bbox 1235 3969 1332 4020; x_wconf 90' lang='lat' dir='ltr'><strong><em>pro</em></strong></span> <span class='ocrx_word' id='word_1_266' title='bbox 1367 3952 1726 4006; x_wconf 88' lang='lat' dir='ltr'><strong><em>submovenda</em></strong></span> <span class='ocrx_word' id='word_1_267' title='bbox 1772 3951 1987 4007; x_wconf 63' lang='lat' dir='ltr'><strong><em>haereti-</em></strong></span> 
     </span>
    </p>
   </div>
   <div class='ocr_carea' id='block_1_43' title="bbox 419 4046 1987 4116">
    <p class='ocr_par' dir='ltr' id='par_1_43' title="bbox 419 4046 1987 4116">
     <span class='ocr_line' id='line_1_43' title="bbox 419 4046 1987 4116; baseline -0.003 -15"><span class='ocrx_word' id='word_1_268' title='bbox 419 4061 609 4101; x_wconf 87' lang='lat' dir='ltr'><strong><em>corum</em></strong></span> <span class='ocrx_word' id='word_1_269' title='bbox 630 4048 933 4116; x_wconf 87' lang='lat' dir='ltr'><strong><em>suspicione</em></strong></span> <span class='ocrx_word' id='word_1_270' title='bbox 961 4047 1193 4116; x_wconf 77' lang='lat' dir='ltr'><strong><em>paternis</em></strong></span> <span class='ocrx_word' id='word_1_271' title='bbox 1224 4046 1420 4116; x_wconf 81' lang='lat' dir='ltr'><strong><em>regulis</em></strong></span> <span class='ocrx_word' id='word_1_272' title='bbox 1442 4055 1820 4099; x_wconf 87' lang='lat' dir='ltr'><strong><em>consonantem</em></strong></span> <span class='ocrx_word' id='word_1_273' title='bbox 1850 4059 1987 4112; x_wconf 75' lang='lat' dir='ltr'><strong><em>prac-</em></strong></span> 
     </span>
    </p>
   </div>
   <div class='ocr_carea' id='block_1_44' title="bbox 420 4134 1990 4199">
    <p class='ocr_par' dir='ltr' id='par_1_44' title="bbox 420 4134 1990 4199">
     <span class='ocr_line' id='line_1_44' title="bbox 420 4134 1990 4199; baseline -0.005 -4"><span class='ocrx_word' id='word_1_274' title='bbox 420 4139 563 4195; x_wconf 82' lang='lat' dir='ltr'><strong><em>senti</em></strong></span> <span class='ocrx_word' id='word_1_275' title='bbox 616 4139 927 4193; x_wconf 88' lang='lat' dir='ltr'><strong><em>deﬁnitione</em></strong></span> <span class='ocrx_word' id='word_1_276' title='bbox 979 4136 1291 4199; x_wconf 88' lang='lat' dir='ltr'><strong><em>ﬁrmamus,</em></strong></span> <span class='ocrx_word' id='word_1_277' title='bbox 1343 4146 1542 4190; x_wconf 67' lang='lat' dir='ltr'><strong><em>sanctae</em></strong></span> <span class='ocrx_word' id='word_1_278' title='bbox 1600 4134 1990 4189; x_wconf 87' lang='lat' dir='ltr'><strong><em>communionis</em></strong></span> 
     </span>
    </p>
   </div>
   <div class='ocr_carea' id='block_1_45' title="bbox 421 4228 1989 4299">
    <p class='ocr_par' dir='ltr' id='par_1_45' title="bbox 421 4228 1989 4299">
     <span class='ocr_line' id='line_1_45' title="bbox 421 4228 1989 4299; baseline -0.004 -13"><span class='ocrx_word' id='word_1_279' title='bbox 421 4230 692 4286; x_wconf 78' lang='lat' dir='ltr'><strong><em>efﬁciatur</em></strong></span> <span class='ocrx_word' id='word_1_280' title='bbox 720 4240 1027 4284; x_wconf 82' lang='lat' dir='ltr'><strong><em>extraneos.</em></strong></span> <span class='ocrx_word' id='word_1_281' title='bbox 1048 4228 1202 4285; x_wconf 87' lang='lat' dir='ltr'><strong><em>Unde</em></strong></span> <span class='ocrx_word' id='word_1_282' title='bbox 1231 4239 1284 4283; x_wconf 93' lang='lat' dir='ltr'><strong><em>et</em></strong></span> <span class='ocrx_word' id='word_1_283' title='bbox 1306 4229 1524 4299; x_wconf 81' lang='lat' dir='ltr'><strong><em>Cyrum,</em></strong></span> <span class='ocrx_word' id='word_1_284' title='bbox 1557 4228 1777 4298; x_wconf 92' lang='lat' dir='ltr'><strong><em>ejusque</em></strong></span> <span class='ocrx_word' id='word_1_285' title='bbox 1801 4243 1989 4297; x_wconf 78' lang='lat' dir='ltr'><strong><em>seqna-</em></strong></span> 
     </span>
    </p>
   </div>
   <div class='ocr_carea' id='block_1_46' title="bbox 420 4320 1989 4389">
    <p class='ocr_par' dir='ltr' id='par_1_46' title="bbox 420 4320 1989 4389">
     <span class='ocr_line' id='line_1_46' title="bbox 420 4320 1989 4389; baseline -0.002 -13"><span class='ocrx_word' id='word_1_286' title='bbox 420 4337 536 4386; x_wconf 85' lang='lat' dir='ltr'><strong><em>ces,</em></strong></span> <span class='ocrx_word' id='word_1_287' title='bbox 558 4321 665 4389; x_wconf 88' lang='lat' dir='ltr'><strong><em>jam</em></strong></span> <span class='ocrx_word' id='word_1_288' title='bbox 693 4331 816 4375; x_wconf 89' lang='lat' dir='ltr'><strong><em>ante</em></strong></span> <span class='ocrx_word' id='word_1_289' title='bbox 844 4337 937 4388; x_wconf 89' lang='lat' dir='ltr'><strong><em>pro</em></strong></span> <span class='ocrx_word' id='word_1_290' title='bbox 969 4320 1068 4374; x_wconf 89' lang='lat' dir='ltr'><strong><em>bac</em></strong></span> <span class='ocrx_word' id='word_1_291' title='bbox 1102 4322 1306 4375; x_wconf 82' lang='lat' dir='ltr'><strong><em>insania</em></strong></span> <span class='ocrx_word' id='word_1_292' title='bbox 1330 4322 1398 4375; x_wconf 87' lang='lat' dir='ltr'><strong><em>ab</em></strong></span> <span class='ocrx_word' id='word_1_293' title='bbox 1422 4320 1677 4374; x_wconf 76' lang='lat' dir='ltr'><strong><em>Ecclesia:</em></strong></span> <span class='ocrx_word' id='word_1_294' title='bbox 1714 4321 1989 4374; x_wconf 61' lang='lat' dir='ltr'><strong><em>catholicae</em></strong></span> 
     </span>
    </p>
   </div>
   <div class='ocr_carea' id='block_1_47' title="bbox 420 4412 1987 4483">
    <p class='ocr_par' dir='ltr' id='par_1_47' title="bbox 420 4412 1987 4483">
     <span class='ocr_line' id='line_1_47' title="bbox 420 4412 1987 4483; baseline -0.001 -17"><span class='ocrx_word' id='word_1_295' title='bbox 420 4413 800 4466; x_wconf 89' lang='lat' dir='ltr'><strong><em>communione</em></strong></span> <span class='ocrx_word' id='word_1_296' title='bbox 828 4427 1148 4483; x_wconf 89' lang='lat' dir='ltr'><strong><em>suspensos,</em></strong></span> <span class='ocrx_word' id='word_1_297' title='bbox 1187 4423 1240 4467; x_wconf 90' lang='lat' dir='ltr'><strong><em>et</em></strong></span> <span class='ocrx_word' id='word_1_298' title='bbox 1270 4414 1321 4467; x_wconf 91' lang='lat' dir='ltr'><strong><em>in</em></strong></span> <span class='ocrx_word' id='word_1_299' title='bbox 1354 4428 1446 4466; x_wconf 91' lang='lat' dir='ltr'><strong><em>sua</em></strong></span> <span class='ocrx_word' id='word_1_300' title='bbox 1480 4412 1735 4466; x_wconf 85' lang='lat' dir='ltr'><strong><em>hactenus</em></strong></span> <span class='ocrx_word' id='word_1_301' title='bbox 1769 4412 1987 4480; x_wconf 89' lang='lat' dir='ltr'><strong><em>perﬁdia</em></strong></span> 
     </span>
    </p>
   </div>
   <div class='ocr_carea' id='block_1_48' title="bbox 2078 432 3632 499">
    <p class='ocr_par' dir='ltr' id='par_1_48' title="bbox 2078 432 3632 499">
     <span class='ocr_line' id='line_1_48' title="bbox 2078 432 3632 499; baseline 0.006 -18"><span class='ocrx_word' id='word_1_302' title='bbox 2078 435 2305 499; x_wconf 82' lang='lat' dir='ltr'><strong><em>patimur</em></strong></span> <span class='ocrx_word' id='word_1_303' title='bbox 2334 446 2426 484; x_wconf 81' lang='lat' dir='ltr'><strong><em>eos</em></strong></span> <span class='ocrx_word' id='word_1_304' title='bbox 2460 445 2626 482; x_wconf 62' lang='lat' dir='ltr'><strong><em>sacrae</em></strong></span> <span class='ocrx_word' id='word_1_305' title='bbox 2657 432 3013 485; x_wconf 82' lang='lat' dir='ltr'><strong><em>communioni</em></strong></span> <span class='ocrx_word' id='word_1_306' title='bbox 3045 434 3287 486; x_wconf 88' lang='lat' dir='ltr'><strong><em>restitui:</em></strong></span> <span class='ocrx_word' id='word_1_307' title='bbox 3335 436 3428 489; x_wconf 89' lang='lat' dir='ltr'><strong><em>sed</em></strong></span> <span class='ocrx_word' id='word_1_308' title='bbox 3467 438 3632 490; x_wconf 84' lang='lat' dir='ltr'><strong><em>etiam</em></strong></span> 
     </span>
    </p>
   </div>
   <div class='ocr_carea' id='block_1_49' title="bbox 2079 522 3639 596">
    <p class='ocr_par' dir='ltr' id='par_1_49' title="bbox 2079 522 3639 596">
     <span class='ocr_line' id='line_1_49' title="bbox 2079 522 3639 596; baseline 0.008 -23"><span class='ocrx_word' id='word_1_309' title='bbox 2079 534 2135 575; x_wconf 84' lang='lat' dir='ltr'><strong><em>tit</em></strong></span> <span class='ocrx_word' id='word_1_310' title='bbox 2166 523 2447 577; x_wconf 60' lang='grc' dir='ltr'><strong><em>Ιιιιξτειίευδ</em></strong></span> <span class='ocrx_word' id='word_1_311' title='bbox 2492 522 2817 577; x_wconf 80' lang='lat' dir='ltr'><strong><em>anathemati</em></strong></span> <span class='ocrx_word' id='word_1_312' title='bbox 2864 524 3193 593; x_wconf 58' lang='lat' dir='ltr'><strong><em>SlllljiClIIIUs,</em></strong></span> <span class='ocrx_word' id='word_1_313' title='bbox 3221 537 3271 578; x_wconf 93' lang='lat' dir='ltr'><strong><em>ut</em></strong></span> <span class='ocrx_word' id='word_1_314' title='bbox 3311 530 3397 596; x_wconf 88' lang='lat' dir='ltr'><strong><em>qui</em></strong></span> <span class='ocrx_word' id='word_1_315' title='bbox 3441 532 3639 585; x_wconf 79' lang='lat' dir='ltr'><strong><em>nostris</em></strong></span> 
     </span>
    </p>
   </div>
   <div class='ocr_carea' id='block_1_50' title="bbox 2077 615 3630 685">
    <p class='ocr_par' dir='ltr' id='par_1_50' title="bbox 2077 615 3630 685">
     <span class='ocr_line' id='line_1_50' title="bbox 2077 615 3630 685; baseline 0.004 -18"><span class='ocrx_word' id='word_1_316' title='bbox 2077 615 2546 669; x_wconf 87' lang='lat' dir='ltr'><strong><em>constitutionibus</em></strong></span> <span class='ocrx_word' id='word_1_317' title='bbox 2597 631 2783 681; x_wconf 86' lang='lat' dir='ltr'><strong><em>parere</em></strong></span> <span class='ocrx_word' id='word_1_318' title='bbox 2829 618 3245 685; x_wconf 87' lang='lat' dir='ltr'><strong><em>contempserit,</em></strong></span> <span class='ocrx_word' id='word_1_319' title='bbox 3296 619 3630 675; x_wconf 85' lang='lat' dir='ltr'><strong><em>ecclesiasti-</em></strong></span> 
     </span>
    </p>
   </div>
   <div class='ocr_carea' id='block_1_51' title="bbox 2076 708 3281 777">
    <p class='ocr_par' dir='ltr' id='par_1_51' title="bbox 2076 708 3281 777">
     <span class='ocr_line' id='line_1_51' title="bbox 2076 708 3281 777; baseline 0.003 -18"><span class='ocrx_word' id='word_1_320' title='bbox 2076 722 2195 760; x_wconf 92' lang='lat' dir='ltr'><strong><em>cnm</em></strong></span> <span class='ocrx_word' id='word_1_321' title='bbox 2237 719 2430 760; x_wconf 89' lang='lat' dir='ltr'><strong><em>statum</em></strong></span> <span class='ocrx_word' id='word_1_322' title='bbox 2465 708 2857 777; x_wconf 87' lang='lat' dir='ltr'><strong><em>puritatemque</em></strong></span> <span class='ocrx_word' id='word_1_323' title='bbox 2898 725 3001 762; x_wconf 91' lang='lat' dir='ltr'><strong><em>non</em></strong></span> <span class='ocrx_word' id='word_1_324' title='bbox 3036 710 3281 764; x_wconf 88' lang='lat' dir='ltr'><strong><em>maculet.</em></strong></span> 
     </span>
    </p>
   </div>
   <div class='ocr_carea' id='block_1_52' title="bbox 2146 799 3642 869">
    <p class='ocr_par' dir='ltr' id='par_1_52' title="bbox 2146 799 3642 869">
     <span class='ocr_line' id='line_1_52' title="bbox 2146 799 3642 869; baseline 0.002 -15"><span class='ocrx_word' id='word_1_325' title='bbox 2146 799 2336 854; x_wconf 78' lang='lat' dir='ltr'><strong><em>Textus</em></strong></span> <span class='ocrx_word' id='word_1_326' title='bbox 2382 812 2547 854; x_wconf 84' lang='lat' dir='ltr'><strong><em>autem</em></strong></span> <span class='ocrx_word' id='word_1_327' title='bbox 2590 800 2814 869; x_wconf 69' lang='lat' dir='ltr'><strong><em>epistola:</em></strong></span> <span class='ocrx_word' id='word_1_328' title='bbox 2843 802 2925 854; x_wconf 86' lang='lat' dir='ltr'><strong><em>lu&#39;c</em></strong></span> <span class='ocrx_word' id='word_1_329' title='bbox 2955 811 3027 854; x_wconf 87' lang='lat' dir='ltr'><strong><em>est</em></strong></span> <span class='ocrx_word' id='word_1_330' title='bbox 3053 820 3069 855; x_wconf 92' lang='lat'><strong><em>:</em></strong></span> <span class='ocrx_word' id='word_1_331' title='bbox 3094 802 3147 854; x_wconf 92' lang='lat' dir='ltr'><strong><em>In</em></strong></span> <span class='ocrx_word' id='word_1_332' title='bbox 3181 803 3394 857; x_wconf 88' lang='lat' dir='ltr'><strong><em>nomine</em></strong></span> <span class='ocrx_word' id='word_1_333' title='bbox 3427 803 3642 857; x_wconf 84' lang='lat' dir='ltr'><strong><em>Domini</em></strong></span> 
     </span>
    </p>
   </div>
   <div class='ocr_carea' id='block_1_53' title="bbox 2076 890 3646 962">
    <p class='ocr_par' dir='ltr' id='par_1_53' title="bbox 2076 890 3646 962">
     <span class='ocr_line' id='line_1_53' title="bbox 2076 890 3646 962; baseline 0.003 -18"><span class='ocrx_word' id='word_1_334' title='bbox 2076 892 2242 944; x_wconf 79' lang='lat' dir='ltr'><strong><em>nostri</em></strong></span> <span class='ocrx_word' id='word_1_335' title='bbox 2273 890 2417 954; x_wconf 86' lang='lat' dir='ltr'><strong><em>Jesu,</em></strong></span> <span class='ocrx_word' id='word_1_336' title='bbox 2462 900 2593 953; x_wconf 88' lang='lat' dir='ltr'><strong><em>etc.,</em></strong></span> <span class='ocrx_word' id='word_1_337' title='bbox 2627 902 2678 943; x_wconf 86' lang='lat' dir='ltr'><strong><em>ut</em></strong></span> <span class='ocrx_word' id='word_1_338' title='bbox 2704 908 2861 958; x_wconf 88' lang='lat' dir='ltr'><strong><em>supra</em></strong></span> <span class='ocrx_word' id='word_1_339' title='bbox 2902 891 3000 946; x_wconf 89' lang='lat' dir='ltr'><strong><em>col.</em></strong></span> <span class='ocrx_word' id='word_1_340' title='bbox 3035 892 3216 946; x_wconf 67' lang='lat'><strong><em>35-36.</em></strong></span> <span class='ocrx_word' id='word_1_341' title='bbox 3273 893 3347 962; x_wconf 69' lang='grc' dir='ltr'>(ιι)</span> <span class='ocrx_word' id='word_1_342' title='bbox 3376 896 3646 960; x_wconf 89' lang='lat' dir='ltr'><strong><em>Quamob-</em></strong></span> 
     </span>
    </p>
   </div>
   <div class='ocr_carea' id='block_1_54' title="bbox 2076 982 3643 1047">
    <p class='ocr_par' dir='ltr' id='par_1_54' title="bbox 2076 982 3643 1047">
     <span class='ocr_line' id='line_1_54' title="bbox 2076 982 3643 1047; baseline 0.003 -13"><span class='ocrx_word' id='word_1_343' title='bbox 2076 996 2187 1035; x_wconf 69' lang='lat' dir='ltr'><strong><em>rem</em></strong></span> <span class='ocrx_word' id='word_1_344' title='bbox 2245 982 2474 1047; x_wconf 81' lang='lat' dir='ltr'><strong><em>petimus</em></strong></span> <span class='ocrx_word' id='word_1_345' title='bbox 2525 991 2859 1035; x_wconf 74' lang='lat' dir='ltr'><strong><em>sanetuatetn</em></strong></span> <span class='ocrx_word' id='word_1_346' title='bbox 2908 992 3161 1039; x_wconf 84' lang='lat' dir='ltr'><strong><em>vestram.</em></strong></span> <span class='ocrx_word' id='word_1_347' title='bbox 3205 995 3255 1035; x_wconf 89' lang='lat' dir='ltr'><strong><em>nt</em></strong></span> <span class='ocrx_word' id='word_1_348' title='bbox 3299 993 3643 1038; x_wconf 73' lang='lat' dir='ltr'><strong><em>memoratam</em></strong></span> 
     </span>
    </p>
   </div>
   <div class='ocr_carea' id='block_1_55' title="bbox 2076 1073 3634 1145">
    <p class='ocr_par' dir='ltr' id='par_1_55' title="bbox 2076 1073 3634 1145">
     <span class='ocr_line' id='line_1_55' title="bbox 2076 1073 3634 1145; baseline 0.002 -19"><span class='ocrx_word' id='word_1_349' title='bbox 2076 1073 2353 1141; x_wconf 84' lang='lat' dir='ltr'><strong><em>epistolam</em></strong></span> <span class='ocrx_word' id='word_1_350' title='bbox 2399 1088 2577 1127; x_wconf 74' lang='lat' dir='ltr'><strong><em>ves&#39;ra</em></strong></span> <span class='ocrx_word' id='word_1_351' title='bbox 2634 1075 2950 1127; x_wconf 87' lang='lat' dir='ltr'><strong><em>auctoritate</em></strong></span> <span class='ocrx_word' id='word_1_352' title='bbox 3002 1075 3265 1136; x_wconf 84' lang='lat' dir='ltr'><strong><em>iit-metis,</em></strong></span> <span class='ocrx_word' id='word_1_353' title='bbox 3317 1085 3371 1128; x_wconf 90' lang='lat' dir='ltr'><strong><em>et</em></strong></span> <span class='ocrx_word' id='word_1_354' title='bbox 3436 1077 3634 1145; x_wconf 83' lang='lat' dir='ltr'><strong><em>Cyrum</em></strong></span> 
     </span>
    </p>
   </div>
   <div class='ocr_carea' id='block_1_56' title="bbox 2078 1167 3643 1235">
    <p class='ocr_par' dir='ltr' id='par_1_56' title="bbox 2078 1167 3643 1235">
     <span class='ocr_line' id='line_1_56' title="bbox 2078 1167 3643 1235; baseline 0.002 -16"><span class='ocrx_word' id='word_1_355' title='bbox 2078 1167 2161 1220; x_wconf 88' lang='lat' dir='ltr'><strong><em>vel</em></strong></span> <span class='ocrx_word' id='word_1_356' title='bbox 2215 1180 2473 1234; x_wconf 76' lang='lat' dir='ltr'><strong><em>sequaces</em></strong></span> <span class='ocrx_word' id='word_1_357' title='bbox 2518 1168 2632 1235; x_wconf 86' lang='lat' dir='ltr'><strong><em>ejus</em></strong></span> <span class='ocrx_word' id='word_1_358' title='bbox 2662 1181 2691 1219; x_wconf 87' lang='lat' dir='ltr'><strong><em>a</em></strong></span> <span class='ocrx_word' id='word_1_359' title='bbox 2721 1168 3095 1221; x_wconf 90' lang='lat' dir='ltr'><strong><em>communione</em></strong></span> <span class='ocrx_word' id='word_1_360' title='bbox 3138 1167 3375 1220; x_wconf 87' lang='lat' dir='ltr'><strong><em>habeatis</em></strong></span> <span class='ocrx_word' id='word_1_361' title='bbox 3418 1169 3643 1229; x_wconf 83' lang='lat' dir='ltr'><strong><em>alienos.</em></strong></span> 
     </span>
    </p>
   </div>
   <div class='ocr_carea' id='block_1_57' title="bbox 2078 1257 3647 1325">
    <p class='ocr_par' dir='ltr' id='par_1_57' title="bbox 2078 1257 3647 1325">
     <span class='ocr_line' id='line_1_57' title="bbox 2078 1257 3647 1325; baseline -0.002 -13"><span class='ocrx_word' id='word_1_362' title='bbox 2078 1259 2248 1312; x_wconf 90' lang='lat' dir='ltr'><strong><em>donec</em></strong></span> <span class='ocrx_word' id='word_1_363' title='bbox 2272 1258 2481 1311; x_wconf 75' lang='lat' dir='ltr'><strong><em>statutis</em></strong></span> <span class='ocrx_word' id='word_1_364' title='bbox 2509 1257 2805 1311; x_wconf 86' lang='lat' dir='ltr'><strong><em>sanctitatis</em></strong></span> <span class='ocrx_word' id='word_1_365' title='bbox 2834 1269 3025 1311; x_wconf 71' lang='lat' dir='ltr'><strong><em>vestrm</em></strong></span> <span class='ocrx_word' id='word_1_366' title='bbox 3047 1258 3435 1325; x_wconf 73' lang='lat' dir='ltr'><strong><em>obtemperent.</em></strong></span> <span class='ocrx_word' id='word_1_367' title='bbox 3461 1257 3647 1311; x_wconf 74' lang='lat' dir='ltr'><strong><em>Exem-</em></strong></span> 
     </span>
    </p>
   </div>
   <div class='ocr_carea' id='block_1_58' title="bbox 2080 1349 3643 1417">
    <p class='ocr_par' dir='ltr' id='par_1_58' title="bbox 2080 1349 3643 1417">
     <span class='ocr_line' id='line_1_58' title="bbox 2080 1349 3643 1417; baseline -0.002 -14"><span class='ocrx_word' id='word_1_368' title='bbox 2080 1349 2193 1416; x_wconf 85' lang='lat' dir='ltr'><strong><em>plar</em></strong></span> <span class='ocrx_word' id='word_1_369' title='bbox 2236 1349 2633 1417; x_wconf 78' lang='lat' dir='ltr'><strong><em>subscriptionis.</em></strong></span> <span class='ocrx_word' id='word_1_370' title='bbox 2688 1349 2944 1402; x_wconf 89' lang='lat' dir='ltr'><strong><em>Divinitas</em></strong></span> <span class='ocrx_word' id='word_1_371' title='bbox 2989 1359 3039 1403; x_wconf 93' lang='lat' dir='ltr'><strong><em>te</em></strong></span> <span class='ocrx_word' id='word_1_372' title='bbox 3082 1359 3258 1403; x_wconf 88' lang='lat' dir='ltr'><strong><em>servet</em></strong></span> <span class='ocrx_word' id='word_1_373' title='bbox 3309 1364 3401 1416; x_wconf 92' lang='lat' dir='ltr'><strong><em>per</em></strong></span> <span class='ocrx_word' id='word_1_374' title='bbox 3447 1350 3643 1401; x_wconf 81' lang='lat' dir='ltr'><strong><em>multos</em></strong></span> 
     </span>
    </p>
   </div>
   <div class='ocr_carea' id='block_1_59' title="bbox 2079 1440 3649 1509">
    <p class='ocr_par' dir='ltr' id='par_1_59' title="bbox 2079 1440 3649 1509">
     <span class='ocr_line' id='line_1_59' title="bbox 2079 1440 3649 1509; baseline 0.001 -17"><span class='ocrx_word' id='word_1_375' title='bbox 2079 1454 2267 1504; x_wconf 88' lang='lat' dir='ltr'><strong><em>annos,</em></strong></span> <span class='ocrx_word' id='word_1_376' title='bbox 2310 1451 2491 1494; x_wconf 88' lang='lat' dir='ltr'><strong><em>sancte</em></strong></span> <span class='ocrx_word' id='word_1_377' title='bbox 2536 1457 2597 1493; x_wconf 80' lang='lat' dir='ltr'><strong><em>at:</em></strong></span> <span class='ocrx_word' id='word_1_378' title='bbox 2650 1440 3051 1508; x_wconf 80' lang='lat' dir='ltr'><strong><em>religiosissime</em></strong></span> <span class='ocrx_word' id='word_1_379' title='bbox 3090 1451 3257 1509; x_wconf 90' lang='lat' dir='ltr'><strong><em>pater.</em></strong></span> <span class='ocrx_word' id='word_1_380' title='bbox 3312 1441 3437 1495; x_wconf 90' lang='lat' dir='ltr'><strong><em>Data</em></strong></span> <span class='ocrx_word' id='word_1_381' title='bbox 3481 1441 3649 1509; x_wconf 87' lang='lat' dir='ltr'><strong><em>pridie</em></strong></span> 
     </span>
    </p>
   </div>
   <div class='ocr_carea' id='block_1_60' title="bbox 2079 1532 3644 1601">
    <p class='ocr_par' dir='ltr' id='par_1_60' title="bbox 2079 1532 3644 1601">
     <span class='ocr_line' id='line_1_60' title="bbox 2079 1532 3644 1601; baseline -0.001 -14"><span class='ocrx_word' id='word_1_382' title='bbox 2079 1532 2258 1588; x_wconf 87' lang='lat' dir='ltr'><strong><em>iduum</em></strong></span> <span class='ocrx_word' id='word_1_383' title='bbox 2300 1533 2602 1587; x_wconf 82' lang='lat' dir='ltr'><strong><em>Martiarum</em></strong></span> <span class='ocrx_word' id='word_1_384' title='bbox 2648 1534 3107 1601; x_wconf 83' lang='lat' dir='ltr'><strong><em>ConStantinnpoli</em></strong></span> <span class='ocrx_word' id='word_1_385' title='bbox 3157 1534 3336 1588; x_wconf 82' lang='lat' dir='ltr'><strong><em>Flavio</em></strong></span> <span class='ocrx_word' id='word_1_386' title='bbox 3390 1534 3644 1586; x_wconf 72' lang='lat' dir='ltr'><strong><em>llelisario</em></strong></span> 
     </span>
    </p>
   </div>
   <div class='ocr_carea' id='block_1_61' title="bbox 2081 1622 3637 1694">
    <p class='ocr_par' dir='ltr' id='par_1_61' title="bbox 2081 1622 3637 1694">
     <span class='ocr_line' id='line_1_61' title="bbox 2081 1622 3637 1694; baseline -0.001 -18"><span class='ocrx_word' id='word_1_387' title='bbox 2081 1626 2194 1678; x_wconf 79' lang='lat' dir='ltr'><strong><em>viro</em></strong></span> <span class='ocrx_word' id='word_1_388' title='bbox 2215 1625 2509 1679; x_wconf 71' lang='lat' dir='ltr'><strong><em>clarissimo</em></strong></span> <span class='ocrx_word' id='word_1_389' title='bbox 2532 1626 2747 1679; x_wconf 84' lang='lat' dir='ltr'><strong><em>consule</em></strong></span> <span class='ocrx_word' id='word_1_390' title='bbox 2778 1623 2875 1694; x_wconf 69' lang='grc' dir='ltr'><strong><em>(δ).</em></strong></span> <span class='ocrx_word' id='word_1_391' title='bbox 2901 1623 2955 1678; x_wconf 82' lang='lat' dir='ltr'><strong><em>Is</em></strong></span> <span class='ocrx_word' id='word_1_392' title='bbox 2987 1624 3082 1693; x_wconf 73' lang='lat' dir='ltr'><strong><em>fuit</em></strong></span> <span class='ocrx_word' id='word_1_393' title='bbox 3110 1640 3274 1676; x_wconf 87' lang='lat' dir='ltr'><strong><em>annus</em></strong></span> <span class='ocrx_word' id='word_1_394' title='bbox 3301 1624 3487 1677; x_wconf 79' lang='lat' dir='ltr'><strong><em>Christi</em></strong></span> <span class='ocrx_word' id='word_1_395' title='bbox 3510 1622 3637 1676; x_wconf 65' lang='lat' dir='ltr'><strong><em>553i.</em></strong></span> 
     </span>
    </p>
   </div>
   <div class='ocr_carea' id='block_1_62' title="bbox 2152 1717 3649 1789">
    <p class='ocr_par' dir='ltr' id='par_1_62' title="bbox 2152 1717 3649 1789">
     <span class='ocr_line' id='line_1_62' title="bbox 2152 1717 3649 1789; baseline -0.005 -13"><span class='ocrx_word' id='word_1_396' title='bbox 2152 1721 2284 1776; x_wconf 86' lang='lat' dir='ltr'><strong><em>Huic</em></strong></span> <span class='ocrx_word' id='word_1_397' title='bbox 2314 1722 2490 1789; x_wconf 79' lang='lat' dir='ltr'><strong><em>igitur,</em></strong></span> <span class='ocrx_word' id='word_1_398' title='bbox 2524 1730 2582 1775; x_wconf 93' lang='lat' dir='ltr'><strong><em>ut</em></strong></span> <span class='ocrx_word' id='word_1_399' title='bbox 2610 1721 2916 1788; x_wconf 80' lang='lat' dir='ltr'><strong><em>praedictum</em></strong></span> <span class='ocrx_word' id='word_1_400' title='bbox 2945 1731 3049 1789; x_wconf 87' lang='lat' dir='ltr'><strong><em>est,</em></strong></span> <span class='ocrx_word' id='word_1_401' title='bbox 3068 1718 3415 1781; x_wconf 88' lang='lat' dir='ltr'><strong><em>confessioni,</em></strong></span> <span class='ocrx_word' id='word_1_402' title='bbox 3444 1728 3497 1770; x_wconf 84' lang='lat' dir='ltr'><strong><em>et</em></strong></span> <span class='ocrx_word' id='word_1_403' title='bbox 3529 1717 3649 1771; x_wconf 86' lang='lat' dir='ltr'><strong><em>huic</em></strong></span> 
     </span>
    </p>
   </div>
   <div class='ocr_carea' id='block_1_63' title="bbox 2082 1811 3643 1883">
    <p class='ocr_par' dir='ltr' id='par_1_63' title="bbox 2082 1811 3643 1883">
     <span class='ocr_line' id='line_1_63' title="bbox 2082 1811 3643 1883; baseline -0.004 -15"><span class='ocrx_word' id='word_1_404' title='bbox 2082 1814 2205 1868; x_wconf 90' lang='lat' dir='ltr'><strong><em>ﬁdei</em></strong></span> <span class='ocrx_word' id='word_1_405' title='bbox 2232 1814 2472 1883; x_wconf 80' lang='lat' dir='ltr'><strong><em>quisquis</em></strong></span> <span class='ocrx_word' id='word_1_406' title='bbox 2497 1813 2861 1868; x_wconf 77' lang='lat' dir='ltr'><strong><em>contradicere</em></strong></span> <span class='ocrx_word' id='word_1_407' title='bbox 2885 1820 3300 1881; x_wconf 70' lang='lat' dir='ltr'><strong><em>prarsump~erit,</em></strong></span> <span class='ocrx_word' id='word_1_408' title='bbox 3325 1829 3351 1865; x_wconf 86' lang='lat' dir='ltr'><strong><em>a</em></strong></span> <span class='ocrx_word' id='word_1_409' title='bbox 3383 1811 3643 1865; x_wconf 78' lang='lat' dir='ltr'><strong><em>catholica</em></strong></span> 
     </span>
    </p>
   </div>
   <div class='ocr_carea' id='block_1_64' title="bbox 2082 1903 3647 1960">
    <p class='ocr_par' dir='ltr' id='par_1_64' title="bbox 2082 1903 3647 1960">
     <span class='ocr_line' id='line_1_64' title="bbox 2082 1903 3647 1960; baseline -0.003 -1"><span class='ocrx_word' id='word_1_410' title='bbox 2082 1906 2455 1960; x_wconf 79' lang='lat' dir='ltr'><strong><em>communione</em></strong></span> <span class='ocrx_word' id='word_1_411' title='bbox 2487 1920 2545 1957; x_wconf 90' lang='lat' dir='ltr'><strong><em>se</em></strong></span> <span class='ocrx_word' id='word_1_412' title='bbox 2569 1904 2775 1957; x_wconf 88' lang='lat' dir='ltr'><strong><em>noverit</em></strong></span> <span class='ocrx_word' id='word_1_413' title='bbox 2801 1904 3053 1957; x_wconf 89' lang='lat' dir='ltr'><strong><em>alienum.</em></strong></span> <span class='ocrx_word' id='word_1_414' title='bbox 3081 1904 3265 1956; x_wconf 70' lang='lat' dir='ltr'><strong><em>Dttnm</em></strong></span> <span class='ocrx_word' id='word_1_415' title='bbox 3300 1919 3367 1955; x_wconf 75' lang='lat' dir='ltr'><strong><em>xv</em></strong></span> <span class='ocrx_word' id='word_1_416' title='bbox 3393 1903 3647 1955; x_wconf 69' lang='lat' dir='ltr'><strong><em>calendas</em></strong></span> 
     </span>
    </p>
   </div>
   <div class='ocr_carea' id='block_1_65' title="bbox 2079 1992 3646 2066">
    <p class='ocr_par' dir='ltr' id='par_1_65' title="bbox 2079 1992 3646 2066">
     <span class='ocr_line' id='line_1_65' title="bbox 2079 1992 3646 2066; baseline -0.005 -16"><span class='ocrx_word' id='word_1_417' title='bbox 2079 1996 2298 2066; x_wconf 89' lang='lat' dir='ltr'><strong><em>Aprilis,</em></strong></span> <span class='ocrx_word' id='word_1_418' title='bbox 2341 1994 2803 2064; x_wconf 65' lang='lat' dir='ltr'><strong><em>Constantinopoli</em></strong></span> <span class='ocrx_word' id='word_1_419' title='bbox 2858 1994 3038 2047; x_wconf 87' lang='lat' dir='ltr'><strong><em>Flavio</em></strong></span> <span class='ocrx_word' id='word_1_420' title='bbox 3087 1994 3338 2048; x_wconf 79' lang='lat' dir='ltr'><strong><em>Belisario</em></strong></span> <span class='ocrx_word' id='word_1_421' title='bbox 3383 1996 3497 2045; x_wconf 89' lang='lat' dir='ltr'><strong><em>viro</em></strong></span> <span class='ocrx_word' id='word_1_422' title='bbox 3538 1992 3646 2044; x_wconf 80' lang='lat' dir='ltr'><strong><em>cla-</em></strong></span> 
     </span>
    </p>
   </div>
   <div class='ocr_carea' id='block_1_66' title="bbox 2080 2084 3131 2157">
    <p class='ocr_par' dir='ltr' id='par_1_66' title="bbox 2080 2084 3131 2157">
     <span class='ocr_line' id='line_1_66' title="bbox 2080 2084 3131 2157; baseline -0.006 -15"><span class='ocrx_word' id='word_1_423' title='bbox 2080 2088 2292 2142; x_wconf 89' lang='lat' dir='ltr'><strong><em>rissimo</em></strong></span> <span class='ocrx_word' id='word_1_424' title='bbox 2322 2087 2540 2140; x_wconf 89' lang='lat' dir='ltr'><strong><em>consule</em></strong></span> <span class='ocrx_word' id='word_1_425' title='bbox 2563 2084 2689 2157; x_wconf 81' lang='grc' dir='ltr'><strong><em>[Αη.</em></strong></span> <span class='ocrx_word' id='word_1_426' title='bbox 2722 2084 2847 2139; x_wconf 86' lang='lat' dir='ltr'><strong><em>Chr.</em></strong></span> <span class='ocrx_word' id='word_1_427' title='bbox 2879 2085 3001 2157; x_wconf 80' lang='lat'><strong><em>555]</em></strong></span> <span class='ocrx_word' id='word_1_428' title='bbox 3033 2085 3131 2156; x_wconf 72' lang='grc' dir='ltr'><strong><em>(τ).</em></strong></span> 
     </span>
    </p>
   </div>
   <div class='ocr_carea' id='block_1_67' title="bbox 2149 2196 3646 2264">
    <p class='ocr_par' dir='ltr' id='par_1_67' title="bbox 2149 2196 3646 2264">
     <span class='ocr_line' id='line_1_67' title="bbox 2149 2196 3646 2264; baseline 0 -17"><span class='ocrx_word' id='word_1_429' title='bbox 2149 2197 2563 2250; x_wconf 70' lang='grc' dir='ltr'><strong><em>(ἒοιιεῑίίιιιίοηθε</em></strong></span> <span class='ocrx_word' id='word_1_430' title='bbox 2610 2196 2677 2250; x_wconf 92' lang='lat' dir='ltr'><strong><em>de</em></strong></span> <span class='ocrx_word' id='word_1_431' title='bbox 2722 2198 2878 2249; x_wconf 90' lang='lat' dir='ltr'><strong><em>lidea</em></strong></span> <span class='ocrx_word' id='word_1_432' title='bbox 2908 2196 3114 2250; x_wconf 83' lang='lat' dir='ltr'><strong><em>Justino</em></strong></span> <span class='ocrx_word' id='word_1_433' title='bbox 3160 2198 3475 2264; x_wconf 85' lang='lat' dir='ltr'><strong><em>imperatore</em></strong></span> <span class='ocrx_word' id='word_1_434' title='bbox 3522 2210 3646 2249; x_wconf 83' lang='lat' dir='ltr'><strong><em>san-</em></strong></span> 
     </span>
    </p>
   </div>
   <div class='ocr_carea' id='block_1_68' title="bbox 2082 2267 3651 2335">
    <p class='ocr_par' dir='ltr' id='par_1_68' title="bbox 2082 2267 3651 2335">
     <span class='ocr_line' id='line_1_68' title="bbox 2082 2267 3651 2335; baseline -0.003 -13"><span class='ocrx_word' id='word_1_435' title='bbox 2082 2269 2222 2328; x_wconf 67' lang='lat' dir='ltr'><strong><em>citae,</em></strong></span> <span class='ocrx_word' id='word_1_436' title='bbox 2271 2268 2541 2335; x_wconf 74' lang='lat' dir='ltr'><strong><em>pontificis</em></strong></span> <span class='ocrx_word' id='word_1_437' title='bbox 2586 2270 2900 2320; x_wconf 81' lang='lat' dir='ltr'><strong><em>auctoritate</em></strong></span> <span class='ocrx_word' id='word_1_438' title='bbox 2948 2267 3329 2319; x_wconf 79' lang='lat' dir='ltr'><strong><em>continuantur</em></strong></span> <span class='ocrx_word' id='word_1_439' title='bbox 3379 2267 3483 2318; x_wconf 67' lang='lat' dir='ltr'><strong><em>illa:</em></strong></span> <span class='ocrx_word' id='word_1_440' title='bbox 3530 2280 3651 2331; x_wconf 65' lang='lat' dir='ltr'><strong><em>quae</em></strong></span> 
     </span>
    </p>
   </div>
   <div class='ocr_carea' id='block_1_69' title="bbox 2082 2336 3649 2402">
    <p class='ocr_par' dir='ltr' id='par_1_69' title="bbox 2082 2336 3649 2402">
     <span class='ocr_line' id='line_1_69' title="bbox 2082 2336 3649 2402; baseline -0.002 -12"><span class='ocrx_word' id='word_1_441' title='bbox 2082 2339 2242 2391; x_wconf 75' lang='lat' dir='ltr'><strong><em>sacris</em></strong></span> <span class='ocrx_word' id='word_1_442' title='bbox 2274 2339 2563 2391; x_wconf 86' lang='lat' dir='ltr'><strong><em>canonihus</em></strong></span> <span class='ocrx_word' id='word_1_443' title='bbox 2605 2339 2917 2392; x_wconf 80' lang='lat' dir='ltr'><strong><em>innituntur.</em></strong></span> <span class='ocrx_word' id='word_1_444' title='bbox 2968 2336 3113 2390; x_wconf 90' lang='lat' dir='ltr'><strong><em>Unde</em></strong></span> <span class='ocrx_word' id='word_1_445' title='bbox 3161 2336 3327 2391; x_wconf 87' lang='lat' dir='ltr'><strong><em>sicubi</em></strong></span> <span class='ocrx_word' id='word_1_446' title='bbox 3360 2336 3555 2402; x_wconf 86' lang='lat' dir='ltr'><strong><em>aliquid</em></strong></span> <span class='ocrx_word' id='word_1_447' title='bbox 3583 2337 3649 2388; x_wconf 86' lang='lat' dir='ltr'><strong><em>de</em></strong></span> 
     </span>
    </p>
   </div>
   <div class='ocr_carea' id='block_1_70' title="bbox 2085 2407 3647 2469">
    <p class='ocr_par' dir='ltr' id='par_1_70' title="bbox 2085 2407 3647 2469">
     <span class='ocr_line' id='line_1_70' title="bbox 2085 2407 3647 2469; baseline -0.004 -8"><span class='ocrx_word' id='word_1_448' title='bbox 2085 2409 2244 2461; x_wconf 88' lang='lat' dir='ltr'><strong><em>rebus</em></strong></span> <span class='ocrx_word' id='word_1_449' title='bbox 2268 2410 2642 2461; x_wconf 73' lang='lat' dir='ltr'><strong><em>eeclesiasticis</em></strong></span> <span class='ocrx_word' id='word_1_450' title='bbox 2665 2420 2713 2459; x_wconf 86' lang='lat' dir='ltr'><strong><em>et</em></strong></span> <span class='ocrx_word' id='word_1_451' title='bbox 2741 2422 2897 2459; x_wconf 86' lang='lat' dir='ltr'><strong><em>causa</em></strong></span> <span class='ocrx_word' id='word_1_452' title='bbox 2927 2407 3045 2460; x_wconf 86' lang='lat' dir='ltr'><strong><em>ﬁdei</em></strong></span> <span class='ocrx_word' id='word_1_453' title='bbox 3074 2408 3412 2459; x_wconf 85' lang='lat' dir='ltr'><strong><em>constituisse</em></strong></span> <span class='ocrx_word' id='word_1_454' title='bbox 3435 2407 3647 2469; x_wconf 68' lang='lat' dir='ltr'><strong><em>legitur,</em></strong></span> 
     </span>
    </p>
   </div>
   <div class='ocr_carea' id='block_1_71' title="bbox 2087 2476 3648 2544">
    <p class='ocr_par' dir='ltr' id='par_1_71' title="bbox 2087 2476 3648 2544">
     <span class='ocr_line' id='line_1_71' title="bbox 2087 2476 3648 2544; baseline -0.003 -14"><span class='ocrx_word' id='word_1_455' title='bbox 2087 2478 2135 2530; x_wconf 88' lang='lat' dir='ltr'><strong><em>id</em></strong></span> <span class='ocrx_word' id='word_1_456' title='bbox 2186 2480 2435 2530; x_wconf 83' lang='lat' dir='ltr'><strong><em>instinctu</em></strong></span> <span class='ocrx_word' id='word_1_457' title='bbox 2486 2479 2759 2544; x_wconf 66' lang='lat' dir='ltr'><strong><em>lipiplianii</em></strong></span> <span class='ocrx_word' id='word_1_458' title='bbox 2802 2477 3366 2543; x_wconf 86' lang='lat' dir='ltr'><strong><em>Constantinopolitani</em></strong></span> <span class='ocrx_word' id='word_1_459' title='bbox 3412 2476 3648 2542; x_wconf 74' lang='lat' dir='ltr'><strong><em>episi&#39;opi</em></strong></span> 
     </span>
    </p>
   </div>
   <div class='ocr_carea' id='block_1_72' title="bbox 2084 2546 3648 2614">
    <p class='ocr_par' dir='ltr' id='par_1_72' title="bbox 2084 2546 3648 2614">
     <span class='ocr_line' id='line_1_72' title="bbox 2084 2546 3648 2614; baseline -0.003 -13"><span class='ocrx_word' id='word_1_460' title='bbox 2084 2560 2135 2601; x_wconf 84' lang='lat' dir='ltr'><strong><em>et</em></strong></span> <span class='ocrx_word' id='word_1_461' title='bbox 2166 2549 2525 2601; x_wconf 78' lang='lat' dir='ltr'><strong><em>Rtnnanorum</em></strong></span> <span class='ocrx_word' id='word_1_462' title='bbox 2557 2548 2864 2614; x_wconf 86' lang='lat' dir='ltr'><strong><em>pontiﬁcum</em></strong></span> <span class='ocrx_word' id='word_1_463' title='bbox 2896 2547 3087 2601; x_wconf 87' lang='lat' dir='ltr'><strong><em>fecisse</em></strong></span> <span class='ocrx_word' id='word_1_464' title='bbox 3118 2547 3266 2601; x_wconf 89' lang='lat' dir='ltr'><strong><em>credi</em></strong></span> <span class='ocrx_word' id='word_1_465' title='bbox 3293 2547 3469 2601; x_wconf 87' lang='lat' dir='ltr'><strong><em>debet.</em></strong></span> <span class='ocrx_word' id='word_1_466' title='bbox 3521 2546 3648 2599; x_wconf 72' lang='lat' dir='ltr'><strong><em>Ser.</em></strong></span> 
     </span>
    </p>
   </div>
   <div class='ocr_carea' id='block_1_73' title="bbox 2088 2618 2286 2672">
    <p class='ocr_par' dir='ltr' id='par_1_73' title="bbox 2088 2618 2286 2672">
     <span class='ocr_line' id='line_1_73' title="bbox 2088 2618 2286 2672; baseline 0 -1"><span class='ocrx_word' id='word_1_467' title='bbox 2088 2618 2286 2672; x_wconf 80' lang='lat' dir='ltr'><strong><em>Bmus.</em></strong></span> 
     </span>
    </p>
   </div>
   <div class='ocr_carea' id='block_1_74' title="bbox 2657 2705 3103 2772">
    <p class='ocr_par' dir='ltr' id='par_1_74' title="bbox 2657 2705 3103 2772">
     <span class='ocr_line' id='line_1_74' title="bbox 2657 2705 3103 2772; baseline -0.002 -13"><span class='ocrx_word' id='word_1_468' title='bbox 2657 2705 2980 2761; x_wconf 74' lang='lat' dir='ltr'><strong><em>EPISTULA</em></strong></span> <span class='ocrx_word' id='word_1_469' title='bbox 3013 2705 3103 2772; x_wconf 84' lang='lat' dir='ltr'><strong><em>IV,</em></strong></span> 
     </span>
    </p>
   </div>
   <div class='ocr_carea' id='block_1_75' title="bbox 2646 2816 3115 2854">
    <p class='ocr_par' dir='ltr' id='par_1_75' title="bbox 2646 2816 3115 2854">
     <span class='ocr_line' id='line_1_75' title="bbox 2646 2816 3115 2854; baseline 0 0"><span class='ocrx_word' id='word_1_470' title='bbox 2646 2817 2712 2854; x_wconf 70' lang='lat' dir='ltr'><strong>AD</strong></span> <span class='ocrx_word' id='word_1_471' title='bbox 2750 2816 3115 2854; x_wconf 63' lang='lat' dir='ltr'><strong><em>JUSTINIANUI.</em></strong></span> 
     </span>
    </p>
   </div>
   <div class='ocr_carea' id='block_1_76' title="bbox 2086 2911 3656 2981">
    <p class='ocr_par' dir='ltr' id='par_1_76' title="bbox 2086 2911 3656 2981">
     <span class='ocr_line' id='line_1_76' title="bbox 2086 2911 3656 2981; baseline -0.001 -17"><span class='ocrx_word' id='word_1_472' title='bbox 2086 2912 2379 2965; x_wconf 82' lang='lat' dir='ltr'><strong><em>Justiuiano</em></strong></span> <span class='ocrx_word' id='word_1_473' title='bbox 2414 2914 2603 2981; x_wconf 82' lang='lat' dir='ltr'><strong><em>gratias</em></strong></span> <span class='ocrx_word' id='word_1_474' title='bbox 2633 2913 2756 2979; x_wconf 76' lang='lat' dir='ltr'><strong><em>agit,</em></strong></span> <span class='ocrx_word' id='word_1_475' title='bbox 2781 2911 2918 2980; x_wconf 82' lang='lat' dir='ltr'><strong><em>quod</em></strong></span> <span class='ocrx_word' id='word_1_476' title='bbox 2954 2911 3048 2963; x_wconf 83' lang='lat' dir='ltr'><strong><em>sibi</em></strong></span> <span class='ocrx_word' id='word_1_477' title='bbox 3079 2912 3140 2962; x_wconf 86' lang='lat' dir='ltr'><strong><em>de</em></strong></span> <span class='ocrx_word' id='word_1_478' title='bbox 3165 2911 3408 2963; x_wconf 81' lang='lat' dir='ltr'><strong><em>electione</em></strong></span> <span class='ocrx_word' id='word_1_479' title='bbox 3439 2911 3490 2961; x_wconf 90' lang='lat' dir='ltr'><strong><em>in</em></strong></span> <span class='ocrx_word' id='word_1_480' title='bbox 3525 2926 3656 2972; x_wconf 87' lang='lat' dir='ltr'><strong><em>pon-</em></strong></span> 
     </span>
    </p>
   </div>
   <div class='ocr_carea' id='block_1_77' title="bbox 2158 2981 3653 3049">
    <p class='ocr_par' dir='ltr' id='par_1_77' title="bbox 2158 2981 3653 3049">
     <span class='ocr_line' id='line_1_77' title="bbox 2158 2981 3653 3049; baseline -0.002 -15"><span class='ocrx_word' id='word_1_481' title='bbox 2158 2984 2344 3049; x_wconf 77' lang='lat' dir='ltr'><strong><em>tiﬁcem</em></strong></span> <span class='ocrx_word' id='word_1_482' title='bbox 2391 2984 2542 3048; x_wconf 76' lang='lat' dir='ltr'><strong><em>fuerit</em></strong></span> <span class='ocrx_word' id='word_1_483' title='bbox 2588 2981 2909 3049; x_wconf 77' lang='lat' dir='ltr'><strong><em>gratulatus;</em></strong></span> <span class='ocrx_word' id='word_1_484' title='bbox 2940 2982 3079 3035; x_wconf 83' lang='lat' dir='ltr'><strong><em>illius</em></strong></span> <span class='ocrx_word' id='word_1_485' title='bbox 3126 2982 3280 3048; x_wconf 81' lang='lat' dir='ltr'><strong><em>ﬁdem</em></strong></span> <span class='ocrx_word' id='word_1_486' title='bbox 3313 2982 3551 3039; x_wconf 80' lang='lat' dir='ltr'><strong><em>laudans,</em></strong></span> <span class='ocrx_word' id='word_1_487' title='bbox 3586 2982 3653 3031; x_wconf 84' lang='lat' dir='ltr'><strong><em>ad</em></strong></span> 
     </span>
    </p>
   </div>
   <div class='ocr_carea' id='block_1_78' title="bbox 2159 3053 3658 3119">
    <p class='ocr_par' dir='ltr' id='par_1_78' title="bbox 2159 3053 3658 3119">
     <span class='ocr_line' id='line_1_78' title="bbox 2159 3053 3658 3119; baseline -0.001 -14"><span class='ocrx_word' id='word_1_488' title='bbox 2159 3054 2460 3105; x_wconf 78' lang='lat' dir='ltr'><strong><em>catholicam</em></strong></span> <span class='ocrx_word' id='word_1_489' title='bbox 2485 3053 2634 3117; x_wconf 79' lang='lat' dir='ltr'><strong><em>ﬁdem</em></strong></span> <span class='ocrx_word' id='word_1_490' title='bbox 2655 3055 2895 3105; x_wconf 82' lang='lat' dir='ltr'><strong><em>tuendam</em></strong></span> <span class='ocrx_word' id='word_1_491' title='bbox 2920 3054 3185 3113; x_wconf 84' lang='lat' dir='ltr'><strong><em>hortatur;</em></strong></span> <span class='ocrx_word' id='word_1_492' title='bbox 3208 3053 3374 3119; x_wconf 81' lang='lat' dir='ltr'><strong><em>lapsos</em></strong></span> <span class='ocrx_word' id='word_1_493' title='bbox 3398 3054 3658 3119; x_wconf 76' lang='lat' dir='ltr'><strong><em>episcopos</em></strong></span> 
     </span>
    </p>
   </div>
   <div class='ocr_carea' id='block_1_79' title="bbox 2157 3123 3369 3192">
    <p class='ocr_par' dir='ltr' id='par_1_79' title="bbox 2157 3123 3369 3192">
     <span class='ocr_line' id='line_1_79' title="bbox 2157 3123 3369 3192; baseline -0.001 -17"><span class='ocrx_word' id='word_1_494' title='bbox 2157 3139 2272 3175; x_wconf 89' lang='lat' dir='ltr'><strong><em>cum</em></strong></span> <span class='ocrx_word' id='word_1_495' title='bbox 2300 3123 2571 3176; x_wconf 80' lang='lat' dir='ltr'><strong><em>honoribus</em></strong></span> <span class='ocrx_word' id='word_1_496' title='bbox 2600 3124 2756 3188; x_wconf 83' lang='lat' dir='ltr'><strong><em>recipi</em></strong></span> <span class='ocrx_word' id='word_1_497' title='bbox 2785 3139 2883 3175; x_wconf 87' lang='lat' dir='ltr'><strong><em>non</em></strong></span> <span class='ocrx_word' id='word_1_498' title='bbox 2914 3139 3059 3188; x_wconf 81' lang='lat' dir='ltr'><strong><em>posse</em></strong></span> <span class='ocrx_word' id='word_1_499' title='bbox 3085 3124 3369 3192; x_wconf 82' lang='lat' dir='ltr'><strong><em>respondet.</em></strong></span> 
     </span>
    </p>
   </div>
   <div class='ocr_carea' id='block_1_80' title="bbox 2160 3233 3348 3304">
    <p class='ocr_par' dir='ltr' id='par_1_80' title="bbox 2160 3233 3348 3304">
     <span class='ocr_line' id='line_1_80' title="bbox 2160 3233 3348 3304; baseline 0 -16"><span class='ocrx_word' id='word_1_500' title='bbox 2160 3233 2429 3303; x_wconf 68' lang='lat' dir='ltr'><strong><em>Agapetus</em></strong></span> <span class='ocrx_word' id='word_1_501' title='bbox 2457 3235 2737 3303; x_wconf 87' lang='lat' dir='ltr'><strong><em>episcopus</em></strong></span> <span class='ocrx_word' id='word_1_502' title='bbox 2762 3234 3063 3289; x_wconf 69' lang='lat' dir='ltr'><strong><em>Iustiniano</em></strong></span> <span class='ocrx_word' id='word_1_503' title='bbox 3094 3238 3348 3304; x_wconf 79' lang='lat' dir='ltr'><strong><em>Augusto.</em></strong></span> 
     </span>
    </p>
   </div>
   <div class='ocr_carea' id='block_1_81' title="bbox 2161 3326 3659 3395">
    <p class='ocr_par' dir='ltr' id='par_1_81' title="bbox 2161 3326 3659 3395">
     <span class='ocr_line' id='line_1_81' title="bbox 2161 3326 3659 3395; baseline 0 -14"><span class='ocrx_word' id='word_1_504' title='bbox 2161 3326 2309 3381; x_wconf 81' lang='lat' dir='ltr'><strong><em>Licet</em></strong></span> <span class='ocrx_word' id='word_1_505' title='bbox 2345 3327 2411 3380; x_wconf 91' lang='lat' dir='ltr'><strong><em>de</em></strong></span> <span class='ocrx_word' id='word_1_506' title='bbox 2442 3326 2726 3381; x_wconf 91' lang='lat' dir='ltr'><strong><em>sacerdotii</em></strong></span> <span class='ocrx_word' id='word_1_507' title='bbox 2772 3327 2871 3381; x_wconf 86' lang='lat' dir='ltr'><strong><em>mei</em></strong></span> <span class='ocrx_word' id='word_1_508' title='bbox 2923 3326 3189 3395; x_wconf 83' lang='lat' dir='ltr'><strong><em>primitiis,</em></strong></span> <span class='ocrx_word' id='word_1_509' title='bbox 3226 3328 3433 3392; x_wconf 62' lang='lat' dir='ltr'><strong><em>pietatis</em></strong></span> <span class='ocrx_word' id='word_1_510' title='bbox 3468 3327 3659 3381; x_wconf 72' lang='lat' dir='ltr'><strong><em>divina:</em></strong></span> 
     </span>
    </p>
   </div>
   <div class='ocr_carea' id='block_1_82' title="bbox 2092 3418 3661 3487">
    <p class='ocr_par' dir='ltr' id='par_1_82' title="bbox 2092 3418 3661 3487">
     <span class='ocr_line' id='line_1_82' title="bbox 2092 3418 3661 3487; baseline 0 -16"><span class='ocrx_word' id='word_1_511' title='bbox 2092 3419 2398 3473; x_wconf 76' lang='lat' dir='ltr'><strong><em>muneribus</em></strong></span> <span class='ocrx_word' id='word_1_512' title='bbox 2422 3419 2487 3471; x_wconf 84' lang='lat' dir='ltr'><strong><em>ad</em></strong></span> <span class='ocrx_word' id='word_1_513' title='bbox 2530 3418 2839 3472; x_wconf 85' lang='lat' dir='ltr'><strong><em>referendas</em></strong></span> <span class='ocrx_word' id='word_1_514' title='bbox 2869 3433 3042 3473; x_wconf 80' lang='lat' dir='ltr'><strong><em>essent</em></strong></span> <span class='ocrx_word' id='word_1_515' title='bbox 3073 3421 3270 3487; x_wconf 73' lang='lat' dir='ltr'><strong><em>gratias</em></strong></span> <span class='ocrx_word' id='word_1_516' title='bbox 3299 3420 3661 3487; x_wconf 85' lang='lat' dir='ltr'><strong><em>multipliciter</em></strong></span> 
     </span>
    </p>
   </div>
   <div class='ocr_carea' id='block_1_83' title="bbox 2090 3508 3747 3577">
    <p class='ocr_par' dir='ltr' id='par_1_83' title="bbox 2090 3508 3747 3577">
     <span class='ocr_line' id='line_1_83' title="bbox 2090 3508 3747 3577; baseline 0.001 -16"><span class='ocrx_word' id='word_1_517' title='bbox 2090 3509 2371 3577; x_wconf 73' lang='lat' dir='ltr'><strong><em>obligatus,</em></strong></span> <span class='ocrx_word' id='word_1_518' title='bbox 2414 3510 2677 3575; x_wconf 89' lang='lat' dir='ltr'><strong><em>susceptis</em></strong></span> <span class='ocrx_word' id='word_1_519' title='bbox 2727 3518 2935 3574; x_wconf 89' lang='lat' dir='ltr'><strong><em>tamen,</em></strong></span> <span class='ocrx_word' id='word_1_520' title='bbox 2980 3508 3297 3563; x_wconf 85' lang='lat' dir='ltr'><strong><em>venerabilis</em></strong></span> <span class='ocrx_word' id='word_1_521' title='bbox 3339 3510 3661 3575; x_wconf 82' lang='lat' dir='ltr'><strong><em>imperator,</em></strong></span> <span class='ocrx_word' id='word_1_522' title='bbox 3738 3518 3747 3529; x_wconf 90' lang='lat'><strong>&#39;</strong></span> 
     </span>
    </p>
   </div>
   <div class='ocr_carea' id='block_1_84' title="bbox 2090 3597 3659 3668">
    <p class='ocr_par' dir='ltr' id='par_1_84' title="bbox 2090 3597 3659 3668">
     <span class='ocr_line' id='line_1_84' title="bbox 2090 3597 3659 3668; baseline -0.001 -16"><span class='ocrx_word' id='word_1_523' title='bbox 2090 3613 2186 3668; x_wconf 86' lang='lat' dir='ltr'><strong><em>per</em></strong></span> <span class='ocrx_word' id='word_1_524' title='bbox 2218 3597 2517 3653; x_wconf 85' lang='lat' dir='ltr'><strong><em>lleraclium</em></strong></span> <span class='ocrx_word' id='word_1_525' title='bbox 2564 3599 2922 3651; x_wconf 87' lang='lat' dir='ltr'><strong><em>venerabilem</em></strong></span> <span class='ocrx_word' id='word_1_526' title='bbox 2969 3598 3333 3668; x_wconf 84' lang='lat' dir='ltr'><strong><em>presbyterum</em></strong></span> <span class='ocrx_word' id='word_1_527' title='bbox 3368 3598 3530 3651; x_wconf 90' lang='lat' dir='ltr'><strong><em>lilium</em></strong></span> <span class='ocrx_word' id='word_1_528' title='bbox 3560 3615 3659 3652; x_wconf 80' lang='lat' dir='ltr'><strong><em>no-</em></strong></span> 
     </span>
    </p>
   </div>
   <div class='ocr_carea' id='block_1_85' title="bbox 2089 3688 3658 3757">
    <p class='ocr_par' dir='ltr' id='par_1_85' title="bbox 2089 3688 3658 3757">
     <span class='ocr_line' id='line_1_85' title="bbox 2089 3688 3658 3757; baseline 0.001 -16"><span class='ocrx_word' id='word_1_529' title='bbox 2089 3699 2255 3742; x_wconf 90' lang='lat' dir='ltr'><strong><em>strum</em></strong></span> <span class='ocrx_word' id='word_1_530' title='bbox 2288 3698 2483 3742; x_wconf 69' lang='lat' dir='ltr'><strong><em>vestra:</em></strong></span> <span class='ocrx_word' id='word_1_531' title='bbox 2517 3688 2816 3742; x_wconf 87' lang='lat' dir='ltr'><strong><em>serenitatis</em></strong></span> <span class='ocrx_word' id='word_1_532' title='bbox 2853 3688 3119 3749; x_wconf 74' lang='lat' dir='ltr'><strong><em>affatibus,</em></strong></span> <span class='ocrx_word' id='word_1_533' title='bbox 3151 3704 3283 3757; x_wconf 84' lang='lat' dir='ltr'><strong><em>quos</em></strong></span> <span class='ocrx_word' id='word_1_534' title='bbox 3314 3690 3500 3742; x_wconf 54' lang='lat' dir='ltr'><strong><em>aeterni</em></strong></span> <span class='ocrx_word' id='word_1_535' title='bbox 3546 3689 3658 3744; x_wconf 83' lang='lat' dir='ltr'><strong><em>frn-</em></strong></span> 
     </span>
    </p>
   </div>
   <div class='ocr_carea' id='block_1_86' title="bbox 2088 3778 3654 3846">
    <p class='ocr_par' dir='ltr' id='par_1_86' title="bbox 2088 3778 3654 3846">
     <span class='ocr_line' id='line_1_86' title="bbox 2088 3778 3654 3846; baseline 0.001 -13"><span class='ocrx_word' id='word_1_536' title='bbox 2088 3789 2206 3834; x_wconf 90' lang='lat' dir='ltr'><strong><em>ctus</em></strong></span> <span class='ocrx_word' id='word_1_537' title='bbox 2237 3780 2477 3833; x_wconf 88' lang='lat' dir='ltr'><strong><em>ubertate</em></strong></span> <span class='ocrx_word' id='word_1_538' title='bbox 2502 3778 2841 3846; x_wconf 63' lang='lat' dir='ltr'><strong><em>plenissimos</em></strong></span> <span class='ocrx_word' id='word_1_539' title='bbox 2868 3780 3196 3845; x_wconf 88' lang='lat' dir='ltr'><strong><em>destinastis,</em></strong></span> <span class='ocrx_word' id='word_1_540' title='bbox 3232 3792 3475 3832; x_wconf 88' lang='lat' dir='ltr'><strong><em>vntormn</em></strong></span> <span class='ocrx_word' id='word_1_541' title='bbox 3504 3796 3654 3834; x_wconf 83' lang='lat' dir='ltr'><strong><em>meo-</em></strong></span> 
     </span>
    </p>
   </div>
   <div class='ocr_carea' id='block_1_87' title="bbox 2091 3870 3665 3941">
    <p class='ocr_par' dir='ltr' id='par_1_87' title="bbox 2091 3870 3665 3941">
     <span class='ocr_line' id='line_1_87' title="bbox 2091 3870 3665 3941; baseline 0.003 -17"><span class='ocrx_word' id='word_1_542' title='bbox 2091 3886 2208 3924; x_wconf 87' lang='lat' dir='ltr'><strong><em>rum</em></strong></span> <span class='ocrx_word' id='word_1_543' title='bbox 2238 3879 2362 3924; x_wconf 90' lang='lat' dir='ltr'><strong><em>sunt</em></strong></span> <span class='ocrx_word' id='word_1_544' title='bbox 2389 3870 2441 3923; x_wconf 91' lang='lat' dir='ltr'><strong><em>in</em></strong></span> <span class='ocrx_word' id='word_1_545' title='bbox 2466 3870 2691 3924; x_wconf 88' lang='lat' dir='ltr'><strong><em>Domino</em></strong></span> <span class='ocrx_word' id='word_1_546' title='bbox 2719 3870 2907 3939; x_wconf 81' lang='lat' dir='ltr'><strong><em>gaudia</em></strong></span> <span class='ocrx_word' id='word_1_547' title='bbox 2933 3872 3220 3940; x_wconf 79' lang='lat' dir='ltr'><strong><em>geminata,</em></strong></span> <span class='ocrx_word' id='word_1_548' title='bbox 3245 3872 3383 3941; x_wconf 85' lang='lat' dir='ltr'><strong><em>quod</em></strong></span> <span class='ocrx_word' id='word_1_549' title='bbox 3414 3873 3665 3929; x_wconf 78' lang='lat' dir='ltr'><strong><em>adunatis</em></strong></span> 
     </span>
    </p>
   </div>
   <div class='ocr_carea' id='block_1_88' title="bbox 2089 3960 3664 4033">
    <p class='ocr_par' dir='ltr' id='par_1_88' title="bbox 2089 3960 3664 4033">
     <span class='ocr_line' id='line_1_88' title="bbox 2089 3960 3664 4033; baseline 0.002 -18"><span class='ocrx_word' id='word_1_550' title='bbox 2089 3960 2358 4016; x_wconf 87' lang='lat' dir='ltr'><strong><em>felicitatis</em></strong></span> <span class='ocrx_word' id='word_1_551' title='bbox 2397 3972 2589 4017; x_wconf 66' lang='lat' dir='ltr'><strong><em>vestrm</em></strong></span> <span class='ocrx_word' id='word_1_552' title='bbox 2637 3963 3000 4031; x_wconf 81' lang='lat' dir='ltr'><strong><em>provectibus,</em></strong></span> <span class='ocrx_word' id='word_1_553' title='bbox 3030 3964 3120 4017; x_wconf 89' lang='lat' dir='ltr'><strong><em>tali</em></strong></span> <span class='ocrx_word' id='word_1_554' title='bbox 3176 3965 3369 4018; x_wconf 87' lang='lat' dir='ltr'><strong><em>mentis</em></strong></span> <span class='ocrx_word' id='word_1_555' title='bbox 3416 3964 3664 4033; x_wconf 77' lang='lat' dir='ltr'><strong><em>gloriosa:</em></strong></span> 
     </span>
    </p>
   </div>
   <div class='ocr_carea' id='block_1_89' title="bbox 2091 4052 3662 4123">
    <p class='ocr_par' dir='ltr' id='par_1_89' title="bbox 2091 4052 3662 4123">
     <span class='ocr_line' id='line_1_89' title="bbox 2091 4052 3662 4123; baseline 0.003 -19"><span class='ocrx_word' id='word_1_556' title='bbox 2091 4052 2367 4120; x_wconf 89' lang='lat' dir='ltr'><strong><em>pr0posito</em></strong></span> <span class='ocrx_word' id='word_1_557' title='bbox 2413 4061 2623 4106; x_wconf 90' lang='lat' dir='ltr'><strong><em>terrena</em></strong></span> <span class='ocrx_word' id='word_1_558' title='bbox 2671 4052 2826 4106; x_wconf 84' lang='lat' dir='ltr'><strong><em>vobis</em></strong></span> <span class='ocrx_word' id='word_1_559' title='bbox 2875 4068 3037 4121; x_wconf 75' lang='lat' dir='ltr'><strong><em>regna</em></strong></span> <span class='ocrx_word' id='word_1_560' title='bbox 3084 4053 3364 4123; x_wconf 85' lang='lat' dir='ltr'><strong><em>subjicitis,</em></strong></span> <span class='ocrx_word' id='word_1_561' title='bbox 3399 4065 3457 4108; x_wconf 90' lang='lat' dir='ltr'><strong><em>ut</em></strong></span> <span class='ocrx_word' id='word_1_562' title='bbox 3504 4055 3662 4109; x_wconf 90' lang='lat' dir='ltr'><strong><em>simul</em></strong></span> 
     </span>
    </p>
   </div>
   <div class='ocr_carea' id='block_1_90' title="bbox 2090 4142 3656 4213">
    <p class='ocr_par' dir='ltr' id='par_1_90' title="bbox 2090 4142 3656 4213">
     <span class='ocr_line' id='line_1_90' title="bbox 2090 4142 3656 4213; baseline 0.001 -17"><span class='ocrx_word' id='word_1_563' title='bbox 2090 4143 2327 4196; x_wconf 67' lang='lat' dir='ltr'><strong><em>caelestia</em></strong></span> <span class='ocrx_word' id='word_1_564' title='bbox 2370 4142 2717 4211; x_wconf 88' lang='lat' dir='ltr'><strong><em>conquiratis.</em></strong></span> <span class='ocrx_word' id='word_1_565' title='bbox 2768 4143 2931 4212; x_wconf 85' lang='lat' dir='ltr'><strong><em>Cujus</em></strong></span> <span class='ocrx_word' id='word_1_566' title='bbox 2978 4146 3052 4197; x_wconf 90' lang='lat' dir='ltr'><strong><em>rei</em></strong></span> <span class='ocrx_word' id='word_1_567' title='bbox 3099 4159 3202 4197; x_wconf 91' lang='lat' dir='ltr'><strong><em>non</em></strong></span> <span class='ocrx_word' id='word_1_568' title='bbox 3242 4154 3366 4198; x_wconf 87' lang='lat' dir='ltr'><strong><em>sunt</em></strong></span> <span class='ocrx_word' id='word_1_569' title='bbox 3411 4145 3656 4213; x_wconf 77' lang='lat' dir='ltr'><strong><em>ambigua</em></strong></span> 
     </span>
    </p>
   </div>
   <div class='ocr_carea' id='block_1_91' title="bbox 2090 4231 3659 4304">
    <p class='ocr_par' dir='ltr' id='par_1_91' title="bbox 2090 4231 3659 4304">
     <span class='ocr_line' id='line_1_91' title="bbox 2090 4231 3659 4304; baseline 0.002 -18"><span class='ocrx_word' id='word_1_570' title='bbox 2090 4231 2429 4296; x_wconf 87' lang='lat' dir='ltr'><strong><em>documenta,</em></strong></span> <span class='ocrx_word' id='word_1_571' title='bbox 2456 4234 2670 4304; x_wconf 84' lang='lat' dir='ltr'><strong><em>quando</em></strong></span> <span class='ocrx_word' id='word_1_572' title='bbox 2715 4235 2784 4288; x_wconf 89' lang='lat' dir='ltr'><strong><em>ita</em></strong></span> <span class='ocrx_word' id='word_1_573' title='bbox 2840 4236 3054 4298; x_wconf 77' lang='lat' dir='ltr'><strong><em>veSIris,</em></strong></span> <span class='ocrx_word' id='word_1_574' title='bbox 3085 4250 3202 4303; x_wconf 60' lang='lat' dir='ltr'><strong><em>quae</em></strong></span> <span class='ocrx_word' id='word_1_575' title='bbox 3236 4236 3508 4289; x_wconf 79' lang='lat' dir='ltr'><strong><em>direxistis</em></strong></span> <span class='ocrx_word' id='word_1_576' title='bbox 3534 4252 3659 4290; x_wconf 86' lang='lat' dir='ltr'><strong><em>ora-</em></strong></span> 
     </span>
    </p>
   </div>
   <div class='ocr_carea' id='block_1_92' title="bbox 2093 4323 3659 4393">
    <p class='ocr_par' dir='ltr' id='par_1_92' title="bbox 2093 4323 3659 4393">
     <span class='ocr_line' id='line_1_92' title="bbox 2093 4323 3659 4393; baseline -0.002 -13"><span class='ocrx_word' id='word_1_577' title='bbox 2093 4326 2248 4385; x_wconf 90' lang='lat' dir='ltr'><strong><em>culis,</em></strong></span> <span class='ocrx_word' id='word_1_578' title='bbox 2274 4323 2554 4379; x_wconf 72' lang='lat' dir='ltr'><strong><em>catholica:</em></strong></span> <span class='ocrx_word' id='word_1_579' title='bbox 2587 4323 2934 4393; x_wconf 82' lang='lat' dir='ltr'><strong><em>professionis</em></strong></span> <span class='ocrx_word' id='word_1_580' title='bbox 2957 4324 3133 4378; x_wconf 86' lang='lat' dir='ltr'><strong><em>lumen</em></strong></span> <span class='ocrx_word' id='word_1_581' title='bbox 3159 4325 3393 4379; x_wconf 84' lang='lat' dir='ltr'><strong><em>irradiat.</em></strong></span> <span class='ocrx_word' id='word_1_582' title='bbox 3420 4335 3479 4379; x_wconf 82' lang='lat' dir='ltr'><strong><em>ut</em></strong></span> <span class='ocrx_word' id='word_1_583' title='bbox 3499 4326 3659 4380; x_wconf 79' lang='lat' dir='ltr'><strong><em>etiam</em></strong></span> 
     </span>
    </p>
   </div>
   <div class='ocr_carea' id='block_1_93' title="bbox 2094 4414 3665 4484">
    <p class='ocr_par' dir='ltr' id='par_1_93' title="bbox 2094 4414 3665 4484">
     <span class='ocr_line' id='line_1_93' title="bbox 2094 4414 3665 4484; baseline -0.001 -15"><span class='ocrx_word' id='word_1_584' title='bbox 2094 4414 2263 4469; x_wconf 89' lang='lat' dir='ltr'><strong><em>beatis</em></strong></span> <span class='ocrx_word' id='word_1_585' title='bbox 2291 4415 2543 4483; x_wconf 89' lang='lat' dir='ltr'><strong><em>operibus</em></strong></span> <span class='ocrx_word' id='word_1_586' title='bbox 2570 4417 2852 4470; x_wconf 77' lang='lat' dir='ltr'><strong><em>enitescat.</em></strong></span> <span class='ocrx_word' id='word_1_587' title='bbox 2897 4415 3170 4484; x_wconf 87' lang='lat' dir='ltr'><strong><em>Siquidem</em></strong></span> <span class='ocrx_word' id='word_1_588' title='bbox 3216 4416 3303 4469; x_wconf 86' lang='lat' dir='ltr'><strong><em>illa</em></strong></span> <span class='ocrx_word' id='word_1_589' title='bbox 3341 4426 3421 4471; x_wconf 89' lang='lat' dir='ltr'><strong><em>est</em></strong></span> <span class='ocrx_word' id='word_1_590' title='bbox 3463 4417 3514 4470; x_wconf 92' lang='lat' dir='ltr'><strong><em>in</em></strong></span> <span class='ocrx_word' id='word_1_591' title='bbox 3556 4417 3665 4469; x_wconf 89' lang='lat' dir='ltr'><strong><em>Deo</em></strong></span> 
     </span>
    </p>
   </div>
   <div class='ocr_carea' id='block_1_94' title="bbox 422 4499 3649 4575">
    <p class='ocr_par' dir='ltr' id='par_1_94' title="bbox 422 4499 3649 4575">
     <span class='ocr_line' id='line_1_94' title="bbox 422 4499 3649 4575; baseline 0.001 -18"><span class='ocrx_word' id='word_1_592' title='bbox 422 4515 832 4573; x_wconf 80' lang='lat' dir='ltr'><strong><em>permanentes,</em></strong></span> <span class='ocrx_word' id='word_1_593' title='bbox 888 4506 990 4559; x_wconf 86' lang='lat' dir='ltr'><strong><em>nisi</em></strong></span> <span class='ocrx_word' id='word_1_594' title='bbox 1034 4506 1134 4560; x_wconf 84' lang='lat' dir='ltr'><strong><em>sub</em></strong></span> <span class='ocrx_word' id='word_1_595' title='bbox 1180 4505 1544 4561; x_wconf 82' lang='lat' dir='ltr'><strong><em>satisfactione</em></strong></span> <span class='ocrx_word' id='word_1_596' title='bbox 1600 4506 1853 4560; x_wconf 89' lang='lat' dir='ltr'><strong><em>canonica</em></strong></span> <span class='ocrx_word' id='word_1_597' title='bbox 1898 4507 1991 4558; x_wconf 89' lang='lat' dir='ltr'><strong><em>do-</em></strong></span> <span class='ocrx_word' id='word_1_598' title='bbox 2016 4499 2066 4557; x_wconf 87' lang='lat' dir='ltr'><strong>D</strong></span> <span class='ocrx_word' id='word_1_599' title='bbox 2094 4514 2275 4559; x_wconf 90' lang='lat' dir='ltr'><strong><em>nostro</em></strong></span> <span class='ocrx_word' id='word_1_600' title='bbox 2318 4505 2473 4574; x_wconf 90' lang='lat' dir='ltr'><strong><em>plena</em></strong></span> <span class='ocrx_word' id='word_1_601' title='bbox 2500 4514 2555 4559; x_wconf 91' lang='lat' dir='ltr'><strong><em>et</em></strong></span> <span class='ocrx_word' id='word_1_602' title='bbox 2583 4506 2729 4560; x_wconf 87' lang='lat' dir='ltr'><strong><em>ﬁrma</em></strong></span> <span class='ocrx_word' id='word_1_603' title='bbox 2761 4506 3066 4572; x_wconf 88' lang='lat' dir='ltr'><strong><em>credulitas,</em></strong></span> <span class='ocrx_word' id='word_1_604' title='bbox 3102 4521 3258 4575; x_wconf 86' lang='lat' dir='ltr'><strong><em>quam</em></strong></span> <span class='ocrx_word' id='word_1_605' title='bbox 3290 4508 3649 4575; x_wconf 73' lang='lat' dir='ltr'><strong><em>Spiritualtum</em></strong></span> 
     </span>
    </p>
   </div>
   <div class='ocr_carea' id='block_1_95' title="bbox 499 4685 1851 4752">
    <p class='ocr_par' dir='ltr' id='par_1_95' title="bbox 499 4685 1851 4752">
     <span class='ocr_line' id='line_1_95' title="bbox 499 4685 1851 4752; baseline 0 -13"><span class='ocrx_word' id='word_1_606' title='bbox 499 4687 518 4718; x_wconf 89' lang='grc'>¹</span> <span class='ocrx_word' id='word_1_607' title='bbox 558 4687 623 4739; x_wconf 81' lang='lat' dir='ltr'><strong><em>At</em></strong></span> <span class='ocrx_word' id='word_1_608' title='bbox 659 4686 757 4739; x_wconf 67' lang='lat' dir='ltr'><strong><em>ista</em></strong></span> <span class='ocrx_word' id='word_1_609' title='bbox 787 4702 890 4740; x_wconf 91' lang='lat' dir='ltr'><strong><em>non</em></strong></span> <span class='ocrx_word' id='word_1_610' title='bbox 921 4687 1219 4752; x_wconf 64' lang='lat' dir='ltr'><strong><em>coluerent,</em></strong></span> <span class='ocrx_word' id='word_1_611' title='bbox 1260 4696 1315 4739; x_wconf 89' lang='lat' dir='ltr'><strong><em>ut</em></strong></span> <span class='ocrx_word' id='word_1_612' title='bbox 1349 4687 1575 4739; x_wconf 90' lang='lat' dir='ltr'><strong><em>dicimus</em></strong></span> <span class='ocrx_word' id='word_1_613' title='bbox 1606 4685 1657 4739; x_wconf 91' lang='lat' dir='ltr'><strong><em>in</em></strong></span> <span class='ocrx_word' id='word_1_614' title='bbox 1692 4685 1851 4739; x_wconf 89' lang='lat' dir='ltr'><strong><em>notis.</em></strong></span> 
     </span>
    </p>
   </div>
   <div class='ocr_carea' id='block_1_96' title="bbox 498 4757 1987 4826">
    <p class='ocr_par' dir='ltr' id='par_1_96' title="bbox 498 4757 1987 4826">
     <span class='ocr_line' id='line_1_96' title="bbox 498 4757 1987 4826; baseline -0.001 -15"><span class='ocrx_word' id='word_1_615' title='bbox 498 4757 572 4826; x_wconf 81' lang='grc'><strong><em>(³)</em></strong></span> <span class='ocrx_word' id='word_1_616' title='bbox 606 4757 805 4811; x_wconf 85' lang='lat' dir='ltr'><strong><em>Inclusa</em></strong></span> <span class='ocrx_word' id='word_1_617' title='bbox 831 4759 1132 4825; x_wconf 84' lang='lat' dir='ltr'><strong><em>parenthesi</em></strong></span> <span class='ocrx_word' id='word_1_618' title='bbox 1166 4758 1364 4826; x_wconf 90' lang='lat' dir='ltr'><strong><em>reliqua</em></strong></span> <span class='ocrx_word' id='word_1_619' title='bbox 1394 4769 1517 4811; x_wconf 88' lang='lat' dir='ltr'><strong><em>sunt</em></strong></span> <span class='ocrx_word' id='word_1_620' title='bbox 1545 4758 1783 4825; x_wconf 63' lang='lat' dir='ltr'><strong><em>epistola:</em></strong></span> <span class='ocrx_word' id='word_1_621' title='bbox 1818 4757 1987 4811; x_wconf 83' lang='lat' dir='ltr'><strong><em>Justi-</em></strong></span> 
     </span>
    </p>
   </div>
   <div class='ocr_carea' id='block_1_97' title="bbox 421 4827 1003 4895">
    <p class='ocr_par' dir='ltr' id='par_1_97' title="bbox 421 4827 1003 4895">
     <span class='ocr_line' id='line_1_97' title="bbox 421 4827 1003 4895; baseline -0.009 -11"><span class='ocrx_word' id='word_1_622' title='bbox 421 4829 566 4884; x_wconf 81' lang='lat' dir='ltr'><strong><em>niani</em></strong></span> <span class='ocrx_word' id='word_1_623' title='bbox 596 4827 661 4879; x_wconf 89' lang='lat' dir='ltr'><strong><em>ad</em></strong></span> <span class='ocrx_word' id='word_1_624' title='bbox 692 4828 1003 4895; x_wconf 79' lang='lat' dir='ltr'><strong><em>Agapetum.</em></strong></span> 
     </span>
    </p>
   </div>
   <div class='ocr_carea' id='block_1_98' title="bbox 493 4894 1983 4968">
    <p class='ocr_par' dir='ltr' id='par_1_98' title="bbox 493 4894 1983 4968">
     <span class='ocr_line' id='line_1_98' title="bbox 493 4894 1983 4968; baseline 0.012 -35"><span class='ocrx_word' id='word_1_625' title='bbox 493 4896 571 4968; x_wconf 66' lang='grc' dir='ltr'>(ιι)</span> <span class='ocrx_word' id='word_1_626' title='bbox 612 4894 1012 4968; x_wconf 77' lang='lat' dir='ltr'><strong><em>Reponendum,</em></strong></span> <span class='ocrx_word' id='word_1_627' title='bbox 1044 4908 1152 4966; x_wconf 85' lang='lat' dir='ltr'><strong><em>post</em></strong></span> <span class='ocrx_word' id='word_1_628' title='bbox 1179 4897 1492 4968; x_wconf 82' lang='lat' dir='ltr'><strong><em>consulatum</em></strong></span> <span class='ocrx_word' id='word_1_629' title='bbox 1534 4896 1770 4949; x_wconf 81' lang='lat' dir='ltr'><strong><em>Belisarii</em></strong></span> <span class='ocrx_word' id='word_1_630' title='bbox 1804 4894 1869 4950; x_wconf 81' lang='grc' dir='ltr'><strong><em>ν.</em></strong></span> <span class='ocrx_word' id='word_1_631' title='bbox 1902 4895 1983 4959; x_wconf 72' lang='grc'><strong><em>(1.,</em></strong></span> 
     </span>
    </p>
   </div>
   <div class='ocr_carea' id='block_1_99' title="bbox 421 4966 1982 5038">
    <p class='ocr_par' dir='ltr' id='par_1_99' title="bbox 421 4966 1982 5038">
     <span class='ocr_line' id='line_1_99' title="bbox 421 4966 1982 5038; baseline -0.004 -14"><span class='ocrx_word' id='word_1_632' title='bbox 421 4966 620 5038; x_wconf 85' lang='lat' dir='ltr'><strong><em>nempe</em></strong></span> <span class='ocrx_word' id='word_1_633' title='bbox 662 4982 799 5020; x_wconf 85' lang='lat' dir='ltr'><strong><em>anno</em></strong></span> <span class='ocrx_word' id='word_1_634' title='bbox 842 4967 966 5028; x_wconf 76' lang='lat'><strong><em>536.</em></strong></span> <span class='ocrx_word' id='word_1_635' title='bbox 995 4979 1046 5021; x_wconf 90' lang='lat' dir='ltr'><strong><em>ut</em></strong></span> <span class='ocrx_word' id='word_1_636' title='bbox 1095 4966 1282 5038; x_wconf 83' lang='lat' dir='ltr'><strong><em>legitur</em></strong></span> <span class='ocrx_word' id='word_1_637' title='bbox 1313 4968 1362 5019; x_wconf 90' lang='lat' dir='ltr'><strong><em>in</em></strong></span> <span class='ocrx_word' id='word_1_638' title='bbox 1398 4984 1498 5021; x_wconf 90' lang='lat' dir='ltr'><strong><em>ms.</em></strong></span> <span class='ocrx_word' id='word_1_639' title='bbox 1539 4967 1811 5026; x_wconf 73' lang='lat' dir='ltr'><strong><em>Vaticano,</em></strong></span> <span class='ocrx_word' id='word_1_640' title='bbox 1845 4978 1982 5020; x_wconf 88' lang='lat' dir='ltr'><strong><em>teste</em></strong></span> 
     </span>
    </p>
   </div>
   <div class='ocr_carea' id='block_1_100' title="bbox 424 5037 1988 5093">
    <p class='ocr_par' dir='ltr' id='par_1_100' title="bbox 424 5037 1988 5093">
     <span class='ocr_line' id='line_1_100' title="bbox 424 5037 1988 5093; baseline -0.001 0"><span class='ocrx_word' id='word_1_641' title='bbox 424 5040 548 5093; x_wconf 85' lang='lat' dir='ltr'><strong><em>Em.</em></strong></span> <span class='ocrx_word' id='word_1_642' title='bbox 581 5037 792 5091; x_wconf 78' lang='lat' dir='ltr'><strong><em>Norisio</em></strong></span> <span class='ocrx_word' id='word_1_643' title='bbox 840 5039 889 5090; x_wconf 89' lang='lat' dir='ltr'><strong><em>in</em></strong></span> <span class='ocrx_word' id='word_1_644' title='bbox 944 5037 1165 5091; x_wconf 82' lang='lat' dir='ltr'><strong><em>Dissert.</em></strong></span> <span class='ocrx_word' id='word_1_645' title='bbox 1190 5038 1257 5090; x_wconf 91' lang='lat' dir='ltr'><strong><em>de</em></strong></span> <span class='ocrx_word' id='word_1_646' title='bbox 1306 5037 1419 5090; x_wconf 88' lang='lat' dir='ltr'><strong><em>Uno</em></strong></span> <span class='ocrx_word' id='word_1_647' title='bbox 1446 5053 1510 5091; x_wconf 81' lang='lat' dir='ltr'><strong><em>ex</em></strong></span> <span class='ocrx_word' id='word_1_648' title='bbox 1542 5038 1798 5091; x_wconf 90' lang='lat' dir='ltr'><strong><em>Trinitate</em></strong></span> <span class='ocrx_word' id='word_1_649' title='bbox 1825 5052 1988 5091; x_wconf 89' lang='lat' dir='ltr'><strong><em>carne</em></strong></span> 
     </span>
    </p>
   </div>
   <div class='ocr_carea' id='block_1_101' title="bbox 423 5104 1987 5177">
    <p class='ocr_par' dir='ltr' id='par_1_101' title="bbox 423 5104 1987 5177">
     <span class='ocr_line' id='line_1_101' title="bbox 423 5104 1987 5177; baseline -0.002 -15"><span class='ocrx_word' id='word_1_650' title='bbox 423 5123 605 5177; x_wconf 83' lang='lat' dir='ltr'><strong><em>passo,</em></strong></span> <span class='ocrx_word' id='word_1_651' title='bbox 631 5110 765 5170; x_wconf 85' lang='lat' dir='ltr'><strong><em>loco,</em></strong></span> <span class='ocrx_word' id='word_1_652' title='bbox 800 5104 887 5162; x_wconf 69' lang='grc' dir='ltr'><strong><em>Π.</em></strong></span> <span class='ocrx_word' id='word_1_653' title='bbox 914 5106 1159 5162; x_wconf 87' lang='lat' dir='ltr'><strong><em>Belisario</em></strong></span> <span class='ocrx_word' id='word_1_654' title='bbox 1210 5106 1274 5160; x_wconf 86' lang='lat' dir='ltr'><strong><em>V.</em></strong></span> <span class='ocrx_word' id='word_1_655' title='bbox 1316 5105 1374 5160; x_wconf 70' lang='grc' dir='ltr'><strong><em>ϐ.</em></strong></span> <span class='ocrx_word' id='word_1_656' title='bbox 1425 5110 1647 5169; x_wconf 86' lang='lat' dir='ltr'><strong><em>consule,</em></strong></span> <span class='ocrx_word' id='word_1_657' title='bbox 1676 5107 1725 5160; x_wconf 87' lang='lat' dir='ltr'><strong><em>id</em></strong></span> <span class='ocrx_word' id='word_1_658' title='bbox 1756 5118 1836 5161; x_wconf 64' lang='lat' dir='ltr'><strong><em>est</em></strong></span> <span class='ocrx_word' id='word_1_659' title='bbox 1862 5108 1987 5168; x_wconf 70' lang='lat'><strong><em>553,</em></strong></span> 
     </span>
    </p>
   </div>
   <div class='ocr_carea' id='block_1_102' title="bbox 425 5178 1991 5247">
    <p class='ocr_par' dir='ltr' id='par_1_102' title="bbox 425 5178 1991 5247">
     <span class='ocr_line' id='line_1_102' title="bbox 425 5178 1991 5247; baseline 0 -16"><span class='ocrx_word' id='word_1_660' title='bbox 425 5193 485 5231; x_wconf 91' lang='lat' dir='ltr'><strong><em>ut</em></strong></span> <span class='ocrx_word' id='word_1_661' title='bbox 515 5178 600 5231; x_wconf 81' lang='lat' dir='ltr'><strong><em>hic</em></strong></span> <span class='ocrx_word' id='word_1_662' title='bbox 629 5180 836 5247; x_wconf 85' lang='lat' dir='ltr'><strong><em>legitur.</em></strong></span> <span class='ocrx_word' id='word_1_663' title='bbox 870 5180 977 5232; x_wconf 83' lang='lat' dir='ltr'><strong><em>Hoc</em></strong></span> <span class='ocrx_word' id='word_1_664' title='bbox 1007 5181 1147 5232; x_wconf 88' lang='lat' dir='ltr'><strong><em>enim</em></strong></span> <span class='ocrx_word' id='word_1_665' title='bbox 1187 5192 1325 5231; x_wconf 90' lang='lat' dir='ltr'><strong><em>anno</em></strong></span> <span class='ocrx_word' id='word_1_666' title='bbox 1362 5193 1543 5232; x_wconf 87' lang='lat' dir='ltr'><strong><em>mense</em></strong></span> <span class='ocrx_word' id='word_1_667' title='bbox 1573 5179 1752 5230; x_wconf 75' lang='lat' dir='ltr'><strong><em>Martio</em></strong></span> <span class='ocrx_word' id='word_1_668' title='bbox 1783 5178 1991 5245; x_wconf 78' lang='lat' dir='ltr'><strong><em>Agape-</em></strong></span> 
     </span>
    </p>
   </div>
   <div class='ocr_carea' id='block_1_103' title="bbox 426 5248 1986 5315">
    <p class='ocr_par' dir='ltr' id='par_1_103' title="bbox 426 5248 1986 5315">
     <span class='ocr_line' id='line_1_103' title="bbox 426 5248 1986 5315; baseline -0.001 -14"><span class='ocrx_word' id='word_1_669' title='bbox 426 5258 515 5301; x_wconf 85' lang='lat' dir='ltr'><strong><em>tus</em></strong></span> <span class='ocrx_word' id='word_1_670' title='bbox 541 5252 769 5301; x_wconf 88' lang='lat' dir='ltr'><strong><em>nondum</em></strong></span> <span class='ocrx_word' id='word_1_671' title='bbox 798 5260 913 5302; x_wconf 89' lang='lat' dir='ltr'><strong><em>erat</em></strong></span> <span class='ocrx_word' id='word_1_672' title='bbox 943 5248 1200 5315; x_wconf 81' lang='lat' dir='ltr'><strong><em>pontifex,</em></strong></span> <span class='ocrx_word' id='word_1_673' title='bbox 1224 5258 1277 5301; x_wconf 92' lang='lat' dir='ltr'><strong><em>et</em></strong></span> <span class='ocrx_word' id='word_1_674' title='bbox 1322 5248 1436 5312; x_wconf 89' lang='lat' dir='ltr'><strong><em>ejus</em></strong></span> <span class='ocrx_word' id='word_1_675' title='bbox 1484 5249 1767 5308; x_wconf 78' lang='lat' dir='ltr'><strong><em>ordinatio,</em></strong></span> <span class='ocrx_word' id='word_1_676' title='bbox 1800 5264 1986 5315; x_wconf 87' lang='lat' dir='ltr'><strong><em>quem-</em></strong></span> 
     </span>
    </p>
   </div>
   <div class='ocr_carea' id='block_1_104' title="bbox 425 5316 1985 5377">
    <p class='ocr_par' dir='ltr' id='par_1_104' title="bbox 425 5316 1985 5377">
     <span class='ocr_line' id='line_1_104' title="bbox 425 5316 1985 5377; baseline -0.001 -5"><span class='ocrx_word' id='word_1_677' title='bbox 425 5319 712 5373; x_wconf 83' lang='lat' dir='ltr'><strong><em>admodum</em></strong></span> <span class='ocrx_word' id='word_1_678' title='bbox 739 5318 883 5372; x_wconf 88' lang='lat' dir='ltr'><strong><em>card.</em></strong></span> <span class='ocrx_word' id='word_1_679' title='bbox 911 5320 1148 5372; x_wconf 80' lang='lat' dir='ltr'><strong><em>Nortsius</em></strong></span> <span class='ocrx_word' id='word_1_680' title='bbox 1176 5327 1319 5372; x_wconf 86' lang='lat' dir='ltr'><strong><em>recte</em></strong></span> <span class='ocrx_word' id='word_1_681' title='bbox 1345 5319 1576 5377; x_wconf 87' lang='lat' dir='ltr'><strong><em>disserit,</em></strong></span> <span class='ocrx_word' id='word_1_682' title='bbox 1601 5320 1651 5370; x_wconf 90' lang='lat' dir='ltr'><strong><em>in</em></strong></span> <span class='ocrx_word' id='word_1_683' title='bbox 1681 5316 1985 5370; x_wconf 87' lang='lat' dir='ltr'><strong><em>.Iannarinm</em></strong></span> 
     </span>
    </p>
   </div>
   <div class='ocr_carea' id='block_1_105' title="bbox 425 5388 1981 5455">
    <p class='ocr_par' dir='ltr' id='par_1_105' title="bbox 425 5388 1981 5455">
     <span class='ocr_line' id='line_1_105' title="bbox 425 5388 1981 5455; baseline -0.001 -13"><span class='ocrx_word' id='word_1_684' title='bbox 425 5405 473 5442; x_wconf 74' lang='lat' dir='ltr'><strong><em>et</em></strong></span> <span class='ocrx_word' id='word_1_685' title='bbox 494 5398 710 5443; x_wconf 88' lang='lat' dir='ltr'><strong><em>euntem</em></strong></span> <span class='ocrx_word' id='word_1_686' title='bbox 738 5391 1053 5442; x_wconf 89' lang='lat' dir='ltr'><strong><em>relrahenda</em></strong></span> <span class='ocrx_word' id='word_1_687' title='bbox 1085 5388 1236 5452; x_wconf 89' lang='lat' dir='ltr'><strong><em>foret,</em></strong></span> <span class='ocrx_word' id='word_1_688' title='bbox 1267 5398 1323 5442; x_wconf 91' lang='lat' dir='ltr'><strong><em>ul</em></strong></span> <span class='ocrx_word' id='word_1_689' title='bbox 1347 5388 1632 5455; x_wconf 80' lang='lat' dir='ltr'><strong><em>imperator</em></strong></span> <span class='ocrx_word' id='word_1_690' title='bbox 1661 5403 1727 5439; x_wconf 82' lang='lat' dir='ltr'><strong><em>ex</em></strong></span> <span class='ocrx_word' id='word_1_691' title='bbox 1758 5388 1981 5441; x_wconf 64' lang='lat' dir='ltr'><strong><em>&#39;l‘ltracizt</em></strong></span> 
     </span>
    </p>
   </div>
   <div class='ocr_carea' id='block_1_106' title="bbox 424 5458 1984 5527">
    <p class='ocr_par' dir='ltr' id='par_1_106' title="bbox 424 5458 1984 5527">
     <span class='ocr_line' id='line_1_106' title="bbox 424 5458 1984 5527; baseline -0.001 -15"><span class='ocrx_word' id='word_1_692' title='bbox 424 5458 494 5512; x_wconf 85' lang='lat' dir='ltr'><strong><em>ad</em></strong></span> <span class='ocrx_word' id='word_1_693' title='bbox 523 5461 766 5511; x_wconf 89' lang='lat' dir='ltr'><strong><em>eumdem</em></strong></span> <span class='ocrx_word' id='word_1_694' title='bbox 797 5460 1029 5513; x_wconf 85' lang='lat' dir='ltr'><strong><em>scribere</em></strong></span> <span class='ocrx_word' id='word_1_695' title='bbox 1055 5461 1337 5526; x_wconf 84' lang='lat' dir='ltr'><strong><em>potuisset;</em></strong></span> <span class='ocrx_word' id='word_1_696' title='bbox 1364 5473 1481 5512; x_wconf 86' lang='lat' dir='ltr'><strong><em>cunt</em></strong></span> <span class='ocrx_word' id='word_1_697' title='bbox 1516 5468 1687 5510; x_wconf 81' lang='lat' dir='ltr'><strong><em>tamen</em></strong></span> <span class='ocrx_word' id='word_1_698' title='bbox 1720 5461 1984 5527; x_wconf 75' lang='lat' dir='ltr'><strong><em>Agupettts</em></strong></span> 
     </span>
    </p>
   </div>
   <div class='ocr_carea' id='block_1_107' title="bbox 424 5528 1987 5612">
    <p class='ocr_par' dir='ltr' id='par_1_107' title="bbox 424 5528 1987 5612">
     <span class='ocr_line' id='line_1_107' title="bbox 424 5528 1987 5612; baseline 0.001 -32"><span class='ocrx_word' id='word_1_699' title='bbox 424 5530 618 5612; x_wconf 57' lang='lat' dir='ltr'><strong><em>primae</em></strong></span> <span class='ocrx_word' id='word_1_700' title='bbox 635 5530 718 5612; x_wconf 32' lang='lat' dir='ltr'><strong><em>[ad</em></strong></span> <span class='ocrx_word' id='word_1_701' title='bbox 746 5544 804 5612; x_wconf 47' lang='lat' dir='ltr'><strong><em>se</em></strong></span> <span class='ocrx_word' id='word_1_702' title='bbox 827 5545 854 5609; x_wconf 82' lang='lat' dir='ltr'><strong><em>a</em></strong></span> <span class='ocrx_word' id='word_1_703' title='bbox 880 5530 1175 5612; x_wconf 63' lang='lat' dir='ltr'><strong><em>Justiniauu</em></strong></span> <span class='ocrx_word' id='word_1_704' title='bbox 1202 5530 1374 5612; x_wconf 50' lang='lat' dir='ltr'><strong><em>innisi:</em></strong></span> <span class='ocrx_word' id='word_1_705' title='bbox 1394 5529 1629 5595; x_wconf 68' lang='lat' dir='ltr'><strong><em>epistola:</em></strong></span> <span class='ocrx_word' id='word_1_706' title='bbox 1652 5528 1987 5612; x_wconf 75' lang='lat' dir='ltr'><strong><em>rcSpomlerit</em></strong></span> 
     </span>
    </p>
   </div>
   <div class='ocr_carea' id='block_1_108' title="bbox 422 5596 1986 5665">
    <p class='ocr_par' dir='ltr' id='par_1_108' title="bbox 422 5596 1986 5665">
     <span class='ocr_line' id='line_1_108' title="bbox 422 5596 1986 5665; baseline -0.003 -10"><span class='ocrx_word' id='word_1_707' title='bbox 422 5596 604 5655; x_wconf 72' lang='lat' dir='ltr'><strong><em>idibus</em></strong></span> <span class='ocrx_word' id='word_1_708' title='bbox 631 5600 871 5653; x_wconf 82' lang='lat' dir='ltr'><strong><em>Octobris</em></strong></span> <span class='ocrx_word' id='word_1_709' title='bbox 900 5601 1022 5653; x_wconf 90' lang='lat' dir='ltr'><strong><em>anui</em></strong></span> <span class='ocrx_word' id='word_1_710' title='bbox 1048 5598 1243 5652; x_wconf 83' lang='lat' dir='ltr'><strong><em>Christi</em></strong></span> <span class='ocrx_word' id='word_1_711' title='bbox 1273 5596 1396 5661; x_wconf 80' lang='lat'><strong>555,</strong></span> <span class='ocrx_word' id='word_1_712' title='bbox 1424 5610 1478 5651; x_wconf 91' lang='lat' dir='ltr'><strong><em>ut</em></strong></span> <span class='ocrx_word' id='word_1_713' title='bbox 1505 5608 1645 5664; x_wconf 88' lang='lat' dir='ltr'><strong><em>patet</em></strong></span> <span class='ocrx_word' id='word_1_714' title='bbox 1674 5614 1735 5649; x_wconf 77' lang='lat' dir='ltr'><strong><em>ex</em></strong></span> <span class='ocrx_word' id='word_1_715' title='bbox 1764 5599 1986 5665; x_wconf 89' lang='lat' dir='ltr'><strong><em>epistola</em></strong></span> 
     </span>
    </p>
   </div>
   <div class='ocr_carea' id='block_1_109' title="bbox 424 5669 1987 5739">
    <p class='ocr_par' dir='ltr' id='par_1_109' title="bbox 424 5669 1987 5739">
     <span class='ocr_line' id='line_1_109' title="bbox 424 5669 1987 5739; baseline -0.003 -13"><span class='ocrx_word' id='word_1_716' title='bbox 424 5671 461 5726; x_wconf 71' lang='grc'>4</span> <span class='ocrx_word' id='word_1_717' title='bbox 485 5669 724 5739; x_wconf 79' lang='lat' dir='ltr'><strong><em>ejusdem</em></strong></span> <span class='ocrx_word' id='word_1_718' title='bbox 756 5670 854 5724; x_wconf 87' lang='lat' dir='ltr'><strong><em>sub</em></strong></span> <span class='ocrx_word' id='word_1_719' title='bbox 884 5670 1099 5725; x_wconf 77' lang='lat' dir='ltr'><strong><em>exordio</em></strong></span> <span class='ocrx_word' id='word_1_720' title='bbox 1128 5688 1139 5721; x_wconf 85' lang='lat'>:</span> <span class='ocrx_word' id='word_1_721' title='bbox 1171 5669 1303 5723; x_wconf 79' lang='lat' dir='ltr'><strong><em>Licet</em></strong></span> <span class='ocrx_word' id='word_1_722' title='bbox 1342 5671 1402 5721; x_wconf 83' lang='lat' dir='ltr'><strong><em>de</em></strong></span> <span class='ocrx_word' id='word_1_723' title='bbox 1445 5669 1706 5723; x_wconf 81' lang='lat' dir='ltr'><strong><em>sacerdotii</em></strong></span> <span class='ocrx_word' id='word_1_724' title='bbox 1748 5670 1844 5721; x_wconf 84' lang='lat' dir='ltr'><strong><em>mei</em></strong></span> <span class='ocrx_word' id='word_1_725' title='bbox 1882 5669 1987 5739; x_wconf 60' lang='lat' dir='ltr'><strong><em>pri—</em></strong></span> 
     </span>
    </p>
   </div>
   <div class='ocr_carea' id='block_1_110' title="bbox 2087 4685 3648 4756">
    <p class='ocr_par' dir='ltr' id='par_1_110' title="bbox 2087 4685 3648 4756">
     <span class='ocr_line' id='line_1_110' title="bbox 2087 4685 3648 4756; baseline 0.004 -18"><span class='ocrx_word' id='word_1_726' title='bbox 2087 4685 2263 4751; x_wconf 83' lang='lat' dir='ltr'><strong><em>mi‘iis,</em></strong></span> <span class='ocrx_word' id='word_1_727' title='bbox 2291 4692 2418 4756; x_wconf 44' lang='lat' dir='ltr'><strong><em>etc;</em></strong></span> <span class='ocrx_word' id='word_1_728' title='bbox 2451 4700 2727 4753; x_wconf 79' lang='lat' dir='ltr'><strong><em>perperam</em></strong></span> <span class='ocrx_word' id='word_1_729' title='bbox 2781 4686 2865 4739; x_wconf 88' lang='lat' dir='ltr'><strong><em>hic</em></strong></span> <span class='ocrx_word' id='word_1_730' title='bbox 2908 4686 2959 4739; x_wconf 90' lang='lat' dir='ltr'><strong><em>in</em></strong></span> <span class='ocrx_word' id='word_1_731' title='bbox 3006 4686 3156 4756; x_wconf 72' lang='lat' dir='ltr'><strong><em>titulo</em></strong></span> <span class='ocrx_word' id='word_1_732' title='bbox 3203 4686 3356 4756; x_wconf 89' lang='lat' dir='ltr'><strong><em>hujus</em></strong></span> <span class='ocrx_word' id='word_1_733' title='bbox 3409 4690 3648 4755; x_wconf 76' lang='lat' dir='ltr'><strong><em>epistola:</em></strong></span> 
     </span>
    </p>
   </div>
   <div class='ocr_carea' id='block_1_111' title="bbox 2090 4754 3668 4825">
    <p class='ocr_par' dir='ltr' id='par_1_111' title="bbox 2090 4754 3668 4825">
     <span class='ocr_line' id='line_1_111' title="bbox 2090 4754 3668 4825; baseline 0.002 -16"><span class='ocrx_word' id='word_1_734' title='bbox 2090 4757 2284 4809; x_wconf 89' lang='lat' dir='ltr'><strong><em>dicitur</em></strong></span> <span class='ocrx_word' id='word_1_735' title='bbox 2306 4774 2319 4807; x_wconf 73' lang='grc' dir='ltr'>ε</span> <span class='ocrx_word' id='word_1_736' title='bbox 2342 4754 2577 4824; x_wconf 82' lang='lat' dir='ltr'><strong><em>Epistula</em></strong></span> <span class='ocrx_word' id='word_1_737' title='bbox 2602 4757 2755 4809; x_wconf 83' lang='lat' dir='ltr'><strong><em>missa</em></strong></span> <span class='ocrx_word' id='word_1_738' title='bbox 2778 4756 2840 4808; x_wconf 90' lang='lat' dir='ltr'><strong><em>ab</em></strong></span> <span class='ocrx_word' id='word_1_739' title='bbox 2868 4758 2991 4821; x_wconf 89' lang='lat' dir='ltr'><strong><em>imp.</em></strong></span> <span class='ocrx_word' id='word_1_740' title='bbox 3022 4754 3319 4810; x_wconf 73' lang='lat' dir='ltr'><strong><em>Iustiniano</em></strong></span> <span class='ocrx_word' id='word_1_741' title='bbox 3345 4754 3481 4811; x_wconf 86' lang='lat' dir='ltr'><strong><em>more</em></strong></span> <span class='ocrx_word' id='word_1_742' title='bbox 3503 4764 3668 4825; x_wconf 58' lang='lat' dir='ltr'><strong><em>maio-</em></strong></span> 
     </span>
    </p>
   </div>
   <div class='ocr_carea' id='block_1_112' title="bbox 2088 4822 3672 4899">
    <p class='ocr_par' dir='ltr' id='par_1_112' title="bbox 2088 4822 3672 4899">
     <span class='ocr_line' id='line_1_112' title="bbox 2088 4822 3672 4899; baseline 0.004 -24"><span class='ocrx_word' id='word_1_743' title='bbox 2088 4843 2203 4899; x_wconf 85' lang='lat' dir='ltr'><strong><em>rum</em></strong></span> <span class='ocrx_word' id='word_1_744' title='bbox 2243 4822 2628 4899; x_wconf 67' lang='lat' dir='ltr'><strong><em>adpontiﬁcem</em></strong></span> <span class='ocrx_word' id='word_1_745' title='bbox 2677 4827 2823 4899; x_wconf 82' lang='lat' dir='ltr'><strong><em>Rom.</em></strong></span> <span class='ocrx_word' id='word_1_746' title='bbox 2870 4843 3038 4879; x_wconf 83' lang='lat' dir='ltr'><strong><em>recens</em></strong></span> <span class='ocrx_word' id='word_1_747' title='bbox 3066 4829 3299 4885; x_wconf 80' lang='lat' dir='ltr'><strong><em>electum,</em></strong></span> <span class='ocrx_word' id='word_1_748' title='bbox 3323 4844 3438 4881; x_wconf 88' lang='lat' dir='ltr'><strong><em>cum</em></strong></span> <span class='ocrx_word' id='word_1_749' title='bbox 3470 4822 3672 4899; x_wconf 72' lang='lat' dir='ltr'><strong><em>profes-</em></strong></span> 
     </span>
    </p>
   </div>
   <div class='ocr_carea' id='block_1_113' title="bbox 2091 4896 3669 4969">
    <p class='ocr_par' dir='ltr' id='par_1_113' title="bbox 2091 4896 3669 4969">
     <span class='ocr_line' id='line_1_113' title="bbox 2091 4896 3669 4969; baseline 0.001 -18"><span class='ocrx_word' id='word_1_750' title='bbox 2091 4898 2232 4951; x_wconf 82' lang='lat' dir='ltr'><strong><em>sione</em></strong></span> <span class='ocrx_word' id='word_1_751' title='bbox 2254 4896 2374 4969; x_wconf 74' lang='lat' dir='ltr'><strong><em>fidei</em></strong></span> <span class='ocrx_word' id='word_1_752' title='bbox 2400 4912 2417 4948; x_wconf 92' lang='lat'><em>:</em></span> <span class='ocrx_word' id='word_1_753' title='bbox 2443 4896 2704 4969; x_wconf 79' lang='lat' dir='ltr'><strong><em>siquidem</em></strong></span> <span class='ocrx_word' id='word_1_754' title='bbox 2733 4898 2992 4969; x_wconf 75' lang='lat' dir='ltr'><strong><em>janiante</em></strong></span> <span class='ocrx_word' id='word_1_755' title='bbox 3021 4912 3216 4969; x_wconf 86' lang='lat' dir='ltr'><strong><em>annum</em></strong></span> <span class='ocrx_word' id='word_1_756' title='bbox 3251 4900 3430 4953; x_wconf 64' lang='lat' dir='ltr'><strong><em>Roma:</em></strong></span> <span class='ocrx_word' id='word_1_757' title='bbox 3460 4896 3669 4969; x_wconf 77' lang='lat' dir='ltr'><strong><em>Agape-</em></strong></span> 
     </span>
    </p>
   </div>
   <div class='ocr_carea' id='block_1_114' title="bbox 2092 4966 3667 5034">
    <p class='ocr_par' dir='ltr' id='par_1_114' title="bbox 2092 4966 3667 5034">
     <span class='ocr_line' id='line_1_114' title="bbox 2092 4966 3667 5034; baseline 0.003 -16"><span class='ocrx_word' id='word_1_758' title='bbox 2092 4980 2179 5021; x_wconf 89' lang='lat' dir='ltr'><strong><em>tus</em></strong></span> <span class='ocrx_word' id='word_1_759' title='bbox 2232 4967 2446 5020; x_wconf 89' lang='lat' dir='ltr'><strong><em>sederat</em></strong></span> <span class='ocrx_word' id='word_1_760' title='bbox 2497 4966 2754 5031; x_wconf 80' lang='lat' dir='ltr'><strong><em>pontifex,</em></strong></span> <span class='ocrx_word' id='word_1_761' title='bbox 2784 4967 3025 5034; x_wconf 89' lang='lat' dir='ltr'><strong><em>aliasque</em></strong></span> <span class='ocrx_word' id='word_1_762' title='bbox 3054 4968 3117 5018; x_wconf 89' lang='lat' dir='ltr'><strong><em>ad</em></strong></span> <span class='ocrx_word' id='word_1_763' title='bbox 3169 4970 3412 5022; x_wconf 81' lang='lat' dir='ltr'><strong><em>eumdem</em></strong></span> <span class='ocrx_word' id='word_1_764' title='bbox 3462 4966 3667 5024; x_wconf 72' lang='lat' dir='ltr'><strong><em>litteras</em></strong></span> 
     </span>
    </p>
   </div>
   <div class='ocr_carea' id='block_1_115' title="bbox 2091 5034 3555 5105">
    <p class='ocr_par' dir='ltr' id='par_1_115' title="bbox 2091 5034 3555 5105">
     <span class='ocr_line' id='line_1_115' title="bbox 2091 5034 3555 5105; baseline 0.002 -14"><span class='ocrx_word' id='word_1_765' title='bbox 2091 5037 2381 5103; x_wconf 87' lang='lat' dir='ltr'><strong><em>imperator</em></strong></span> <span class='ocrx_word' id='word_1_766' title='bbox 2412 5036 2645 5089; x_wconf 87' lang='lat' dir='ltr'><strong><em>miserat.</em></strong></span> <span class='ocrx_word' id='word_1_767' title='bbox 2678 5034 2871 5105; x_wconf 71' lang='lat' dir='ltr'><strong><em>Pagina</em></strong></span> <span class='ocrx_word' id='word_1_768' title='bbox 2897 5039 2964 5090; x_wconf 77' lang='lat' dir='ltr'><strong><em>ad</em></strong></span> <span class='ocrx_word' id='word_1_769' title='bbox 2994 5054 3079 5089; x_wconf 81' lang='lat' dir='ltr'><strong><em>an.</em></strong></span> <span class='ocrx_word' id='word_1_770' title='bbox 3112 5036 3233 5091; x_wconf 80' lang='lat' dir='ltr'><strong><em>Chr.</em></strong></span> <span class='ocrx_word' id='word_1_771' title='bbox 3262 5041 3386 5103; x_wconf 78' lang='lat'><strong><em>555,</em></strong></span> <span class='ocrx_word' id='word_1_772' title='bbox 3415 5056 3468 5092; x_wconf 83' lang='grc' dir='ltr'><strong><em>η.</em></strong></span> <span class='ocrx_word' id='word_1_773' title='bbox 3501 5041 3555 5095; x_wconf 83' lang='lat'><strong><em>5.</em></strong></span> 
     </span>
    </p>
   </div>
   <div class='ocr_carea' id='block_1_116' title="bbox 2163 5105 3670 5176">
    <p class='ocr_par' dir='ltr' id='par_1_116' title="bbox 2163 5105 3670 5176">
     <span class='ocr_line' id='line_1_116' title="bbox 2163 5105 3670 5176; baseline 0.005 -19"><span class='ocrx_word' id='word_1_774' title='bbox 2163 5109 2240 5176; x_wconf 72' lang='grc' dir='ltr'><strong><em>(ο)</em></strong></span> <span class='ocrx_word' id='word_1_775' title='bbox 2275 5106 2395 5159; x_wconf 87' lang='lat' dir='ltr'><strong><em>Post</em></strong></span> <span class='ocrx_word' id='word_1_776' title='bbox 2420 5105 2740 5159; x_wconf 86' lang='lat' dir='ltr'><strong><em>consulatum</em></strong></span> <span class='ocrx_word' id='word_1_777' title='bbox 2766 5106 3002 5159; x_wconf 87' lang='lat' dir='ltr'><strong><em>Belisarii</em></strong></span> <span class='ocrx_word' id='word_1_778' title='bbox 3038 5106 3095 5159; x_wconf 86' lang='lat' dir='ltr'><strong><em>V.</em></strong></span> <span class='ocrx_word' id='word_1_779' title='bbox 3128 5106 3185 5162; x_wconf 71' lang='grc' dir='ltr'><strong><em>(Σ.</em></strong></span> <span class='ocrx_word' id='word_1_780' title='bbox 3217 5109 3327 5163; x_wconf 85' lang='lat' dir='ltr'><strong><em>Hoc</em></strong></span> <span class='ocrx_word' id='word_1_781' title='bbox 3354 5110 3670 5165; x_wconf 78' lang='lat' dir='ltr'><strong><em>charactere</em></strong></span> 
     </span>
    </p>
   </div>
   <div class='ocr_carea' id='block_1_117' title="bbox 2093 5176 3676 5235">
    <p class='ocr_par' dir='ltr' id='par_1_117' title="bbox 2093 5176 3676 5235">
     <span class='ocr_line' id='line_1_117' title="bbox 2093 5176 3676 5235; baseline 0.003 -4"><span class='ocrx_word' id='word_1_782' title='bbox 2093 5178 2361 5231; x_wconf 81' lang='lat' dir='ltr'><strong><em>consulari</em></strong></span> <span class='ocrx_word' id='word_1_783' title='bbox 2391 5178 2441 5230; x_wconf 92' lang='lat' dir='ltr'><strong><em>in</em></strong></span> <span class='ocrx_word' id='word_1_784' title='bbox 2476 5176 2688 5231; x_wconf 86' lang='lat' dir='ltr'><strong><em>laudato</em></strong></span> <span class='ocrx_word' id='word_1_785' title='bbox 2723 5178 2907 5231; x_wconf 82' lang='lat' dir='ltr'><strong><em>cadice</em></strong></span> <span class='ocrx_word' id='word_1_786' title='bbox 2936 5177 3190 5232; x_wconf 75' lang='lat' dir='ltr'><strong><em>Vaticano</em></strong></span> <span class='ocrx_word' id='word_1_787' title='bbox 3224 5195 3250 5230; x_wconf 92' lang='lat' dir='ltr'><strong><em>a</em></strong></span> <span class='ocrx_word' id='word_1_788' title='bbox 3284 5180 3429 5232; x_wconf 74' lang='lat' dir='ltr'><strong><em>card.</em></strong></span> <span class='ocrx_word' id='word_1_789' title='bbox 3462 5179 3676 5235; x_wconf 81' lang='lat' dir='ltr'><strong><em>Norisio</em></strong></span> 
     </span>
    </p>
   </div>
   <div class='ocr_carea' id='block_1_118' title="bbox 2094 5248 3663 5315">
    <p class='ocr_par' dir='ltr' id='par_1_118' title="bbox 2094 5248 3663 5315">
     <span class='ocr_line' id='line_1_118' title="bbox 2094 5248 3663 5315; baseline 0.003 -15"><span class='ocrx_word' id='word_1_790' title='bbox 2094 5249 2231 5301; x_wconf 87' lang='lat' dir='ltr'><strong><em>lecto</em></strong></span> <span class='ocrx_word' id='word_1_791' title='bbox 2256 5250 2349 5301; x_wconf 87' lang='lat' dir='ltr'><strong><em>des</em></strong></span> <span class='ocrx_word' id='word_1_792' title='bbox 2374 5259 2563 5315; x_wconf 79' lang='lat' dir='ltr'><strong><em>gnatnr</em></strong></span> <span class='ocrx_word' id='word_1_793' title='bbox 2602 5264 2770 5302; x_wconf 81' lang='lat' dir='ltr'><strong><em>annos</em></strong></span> <span class='ocrx_word' id='word_1_794' title='bbox 2798 5248 2922 5302; x_wconf 81' lang='lat'><strong><em>556.</em></strong></span> <span class='ocrx_word' id='word_1_795' title='bbox 2958 5250 3010 5302; x_wconf 88' lang='lat' dir='ltr'><strong><em>In</em></strong></span> <span class='ocrx_word' id='word_1_796' title='bbox 3040 5250 3361 5304; x_wconf 83' lang='lat' dir='ltr'><strong><em>editiontbns</em></strong></span> <span class='ocrx_word' id='word_1_797' title='bbox 3391 5250 3663 5305; x_wconf 86' lang='lat' dir='ltr'><strong><em>Concilio-</em></strong></span> 
     </span>
    </p>
   </div>
   <div class='ocr_carea' id='block_1_119' title="bbox 2093 5319 3670 5391">
    <p class='ocr_par' dir='ltr' id='par_1_119' title="bbox 2093 5319 3670 5391">
     <span class='ocr_line' id='line_1_119' title="bbox 2093 5319 3670 5391; baseline 0.003 -22"><span class='ocrx_word' id='word_1_798' title='bbox 2093 5333 2208 5391; x_wconf 61' lang='grc' dir='ltr'>ῃιιη</span> <span class='ocrx_word' id='word_1_799' title='bbox 2237 5320 2386 5391; x_wconf 75' lang='lat' dir='ltr'><strong><em>gravi</em></strong></span> <span class='ocrx_word' id='word_1_800' title='bbox 2411 5319 2789 5391; x_wconf 74' lang='lat' dir='ltr'><strong><em>allucinatione</em></strong></span> <span class='ocrx_word' id='word_1_801' title='bbox 2817 5322 3072 5387; x_wconf 89' lang='lat' dir='ltr'><strong><em>scriptum</em></strong></span> <span class='ocrx_word' id='word_1_802' title='bbox 3099 5332 3200 5383; x_wconf 91' lang='lat' dir='ltr'><strong><em>est,</em></strong></span> <span class='ocrx_word' id='word_1_803' title='bbox 3228 5321 3670 5391; x_wconf 79' lang='lat' dir='ltr'><strong><em>Constantinopoli</em></strong></span> 
     </span>
    </p>
   </div>
   <div class='ocr_carea' id='block_1_120' title="bbox 2092 5385 2695 5442">
    <p class='ocr_par' dir='ltr' id='par_1_120' title="bbox 2092 5385 2695 5442">
     <span class='ocr_line' id='line_1_120' title="bbox 2092 5385 2695 5442; baseline 0.005 -5"><span class='ocrx_word' id='word_1_804' title='bbox 2092 5385 2181 5439; x_wconf 85' lang='lat' dir='ltr'><strong><em>Fl.</em></strong></span> <span class='ocrx_word' id='word_1_805' title='bbox 2227 5389 2474 5441; x_wconf 83' lang='lat' dir='ltr'><strong><em>Belisario</em></strong></span> <span class='ocrx_word' id='word_1_806' title='bbox 2527 5387 2591 5442; x_wconf 84' lang='lat' dir='ltr'><strong><em>V.</em></strong></span> <span class='ocrx_word' id='word_1_807' title='bbox 2636 5387 2695 5440; x_wconf 87' lang='lat' dir='ltr'><strong><em>C.</em></strong></span> 
     </span>
    </p>
   </div>
   <div class='ocr_carea' id='block_1_121' title="bbox 2093 5458 3661 5529">
    <p class='ocr_par' dir='ltr' id='par_1_121' title="bbox 2093 5458 3661 5529">
     <span class='ocr_line' id='line_1_121' title="bbox 2093 5458 3661 5529; baseline 0.003 -20"><span class='ocrx_word' id='word_1_808' title='bbox 2093 5459 2470 5511; x_wconf 72' lang='lat' dir='ltr'><strong><em>observa~sent</em></strong></span> <span class='ocrx_word' id='word_1_809' title='bbox 2498 5458 2584 5511; x_wconf 89' lang='lat' dir='ltr'><strong><em>die</em></strong></span> <span class='ocrx_word' id='word_1_810' title='bbox 2617 5459 2683 5512; x_wconf 81' lang='lat' dir='ltr'><strong><em>l8</em></strong></span> <span class='ocrx_word' id='word_1_811' title='bbox 2716 5459 2888 5513; x_wconf 86' lang='lat' dir='ltr'><strong><em>Martii</em></strong></span> <span class='ocrx_word' id='word_1_812' title='bbox 2926 5462 3187 5515; x_wconf 89' lang='lat' dir='ltr'><strong><em>currentis</em></strong></span> <span class='ocrx_word' id='word_1_813' title='bbox 3217 5464 3339 5514; x_wconf 87' lang='lat' dir='ltr'><strong><em>anni</em></strong></span> <span class='ocrx_word' id='word_1_814' title='bbox 3366 5476 3470 5529; x_wconf 85' lang='lat' dir='ltr'><strong><em>quo</em></strong></span> <span class='ocrx_word' id='word_1_815' title='bbox 3518 5462 3661 5514; x_wconf 81' lang='lat' dir='ltr'><strong><em>Beli-</em></strong></span> 
     </span>
    </p>
   </div>
   <div class='ocr_carea' id='block_1_122' title="bbox 2092 5529 3662 5598">
    <p class='ocr_par' dir='ltr' id='par_1_122' title="bbox 2092 5529 3662 5598">
     <span class='ocr_line' id='line_1_122' title="bbox 2092 5529 3662 5598; baseline 0.003 -18"><span class='ocrx_word' id='word_1_816' title='bbox 2092 5531 2262 5580; x_wconf 82' lang='lat' dir='ltr'><strong><em>sarius</em></strong></span> <span class='ocrx_word' id='word_1_817' title='bbox 2290 5531 2620 5581; x_wconf 87' lang='lat' dir='ltr'><strong><em>consulatum</em></strong></span> <span class='ocrx_word' id='word_1_818' title='bbox 2649 5529 2835 5596; x_wconf 80' lang='lat' dir='ltr'><strong><em>gessit,</em></strong></span> <span class='ocrx_word' id='word_1_819' title='bbox 2869 5530 3176 5598; x_wconf 87' lang='lat' dir='ltr'><strong><em>neutiquam</em></strong></span> <span class='ocrx_word' id='word_1_820' title='bbox 3209 5531 3377 5586; x_wconf 86' lang='lat' dir='ltr'><strong><em>fuisse</em></strong></span> <span class='ocrx_word' id='word_1_821' title='bbox 3402 5531 3662 5585; x_wconf 80' lang='lat' dir='ltr'><strong><em>Constan-</em></strong></span> 
     </span>
    </p>
   </div>
   <div class='ocr_carea' id='block_1_123' title="bbox 2097 5598 3661 5673">
    <p class='ocr_par' dir='ltr' id='par_1_123' title="bbox 2097 5598 3661 5673">
     <span class='ocr_line' id='line_1_123' title="bbox 2097 5598 3661 5673; baseline 0.005 -23"><span class='ocrx_word' id='word_1_822' title='bbox 2097 5598 2339 5673; x_wconf 77' lang='lat' dir='ltr'><strong><em>tinopoli,</em></strong></span> <span class='ocrx_word' id='word_1_823' title='bbox 2368 5614 2468 5673; x_wconf 62' lang='lat' dir='ltr'><strong><em>qua</em></strong></span> <span class='ocrx_word' id='word_1_824' title='bbox 2515 5599 2585 5673; x_wconf 87' lang='lat' dir='ltr'><strong><em>in_</em></strong></span> <span class='ocrx_word' id='word_1_825' title='bbox 2613 5600 2742 5673; x_wconf 78' lang='lat' dir='ltr'><strong><em>urbe</em></strong></span> <span class='ocrx_word' id='word_1_826' title='bbox 2782 5600 2982 5655; x_wconf 89' lang='lat' dir='ltr'><strong><em>diserte</em></strong></span> <span class='ocrx_word' id='word_1_827' title='bbox 3023 5602 3262 5667; x_wconf 73' lang='lat' dir='ltr'><strong><em>signatur</em></strong></span> <span class='ocrx_word' id='word_1_828' title='bbox 3293 5602 3404 5659; x_wconf 73' lang='lat' dir='ltr'><strong><em>lucc</em></strong></span> <span class='ocrx_word' id='word_1_829' title='bbox 3434 5604 3661 5673; x_wconf 80' lang='lat' dir='ltr'><strong><em>epistola</em></strong></span> 
     </span>
    </p>
   </div>
   <div class='ocr_carea' id='block_1_124' title="bbox 2095 5667 3131 5739">
    <p class='ocr_par' dir='ltr' id='par_1_124' title="bbox 2095 5667 3131 5739">
     <span class='ocr_line' id='line_1_124' title="bbox 2095 5667 3131 5739; baseline 0.004 -18"><span class='ocrx_word' id='word_1_830' title='bbox 2095 5667 2331 5738; x_wconf 77' lang='lat' dir='ltr'><strong><em>Agapeli.</em></strong></span> <span class='ocrx_word' id='word_1_831' title='bbox 2363 5667 2487 5739; x_wconf 83' lang='lat' dir='ltr'><strong><em>Pag.</em></strong></span> <span class='ocrx_word' id='word_1_832' title='bbox 2518 5669 2585 5722; x_wconf 87' lang='lat' dir='ltr'><strong><em>ad</em></strong></span> <span class='ocrx_word' id='word_1_833' title='bbox 2605 5670 2793 5724; x_wconf 85' lang='lat' dir='ltr'><strong><em>dictum</em></strong></span> <span class='ocrx_word' id='word_1_834' title='bbox 2820 5687 2966 5737; x_wconf 64' lang='lat' dir='ltr'><strong><em>unm,</em></strong></span> <span class='ocrx_word' id='word_1_835' title='bbox 2996 5686 3047 5723; x_wconf 92' lang='lat' dir='ltr'><strong><em>n.</em></strong></span> <span class='ocrx_word' id='word_1_836' title='bbox 3078 5673 3131 5726; x_wconf 83' lang='lat'><strong><em>7.</em></strong></span> 
     </span>
    </p>
   </div>
   <div class='ocr_carea' id='block_1_125' title="bbox 2743 5392 3751 5455">
    <p class='ocr_par' dir='ltr' id='par_1_125' title="bbox 2743 5392 3751 5455">
     <span class='ocr_line' id='line_1_125' title="bbox 2743 5392 3751 5455; baseline 0.007 -15"><span class='ocrx_word' id='word_1_837' title='bbox 2743 5392 2977 5451; x_wconf 82' lang='lat' dir='ltr'><strong><em>consule,</em></strong></span> <span class='ocrx_word' id='word_1_838' title='bbox 3024 5405 3143 5443; x_wconf 87' lang='lat' dir='ltr'><strong><em>cum</em></strong></span> <span class='ocrx_word' id='word_1_839' title='bbox 3195 5393 3506 5444; x_wconf 86' lang='lat' dir='ltr'><strong><em>collectores</em></strong></span> <span class='ocrx_word' id='word_1_840' title='bbox 3558 5408 3669 5446; x_wconf 82' lang='lat' dir='ltr'><strong><em>non</em></strong></span> <span class='ocrx_word' id='word_1_841' title='bbox 3746 5450 3751 5455; x_wconf 72' lang='grc'><strong><em>,</em></strong></span> 
     </span>
    </p>
   </div>
  </div>
