4032 6184
386 279 458 335 £5
1828 268 2200 330 ΕΡΙΞ’1”ΟΙ..¹Ε.
3568 268 3635 319 η

390 382 668 437 laudamus
691 383 989 450 hortamur,
1045 385 1431 449 amplectimur,
1479 392 1534 437 ut
1599 395 1787 438 rereia
1845 379 1960 450 ejus
1983 394 2032 453 Α
2138 387 2307 443 Tanta
2337 397 2440 453 est,
2467 388 2576 444 Dea
2607 385 2856 458 propitio,
2882 395 2936 442 et
2963 387 3025 441 ad
3057 402 3116 441 ea
3143 385 3490 442 libentissime
3511 398 3638 438 con-

390 475 785 542 promotiouem
813 486 906 532 aut
928 476 1162 532 officium
1187 480 1237 531 in
1256 493 1361 548 quo
1391 477 1583 534 fuerim
1611 477 1961 547 abuegantes,

385 581 654 624 canonum
695 585 790 624 vos
850 572 1150 626 reverentia
1191 571 1432 640 judicent
1476 586 1664 627 omnes
1712 579 1964 640 appetere

385 658 567 724 patius
597 674 754 728 quam
777 676 966 731 gerere
1004 662 1309 731 cupiditatis
1366 661 1635 718 ardorem.
1680 662 1964 720 Venientes

380 754 547 822 igitur
575 754 646 807 ad
679 753 837 810 fidem
872 754 1291 810 sincerissimam
1317 795 1335 821 ,
1383 757 1585 814 nutriat
1628 755 1963 820 humanitas,

378 845 712 917 consoletur,
771 856 1024 918 prompta
1065 847 1138 902 sit
1180 847 1428 904 omnibus
1478 847 1864 914 misericordia,
1909 846 1966 904 in

381 935 540 1001 cujus
568 937 998 992 remuneratione
1032 935 1232 992 dictum
1263 945 1346 992 est
1370 956 1382 990 :
1405 937 1556 996 Beati
1583 937 1958 1002 misericordes,

379 1028 504 1099 quia
529 1027 629 1098 ipsi
651 1028 1051 1082 misericordiam
1079 1039 1450 1098 consequentur
1471 1029 1688 1099 (Matth.
1718 1033 1794 1099 v).
1827 1030 1960 1087 lllud

380 1134 598 1188 quoque
645 1120 786 1190 quod
838 1120 1157 1187 catholicos,
1191 1123 1278 1190 qui
1331 1134 1567 1191 praisunt
1596 1131 1688 1176 aut
1732 1123 1962 1180 militant

382 1209 662 1275 Ecclesiae,
690 1212 806 1277 sine
835 1211 1175 1266 sacerdotum
1225 1227 1443 1267 suorum
1475 1213 1667 1270 litteris
1698 1215 1898 1286 suscipi
1927 1231 1958 1272 a

379 1302 541 1357 nobis
587 1302 817 1357 minime
853 1303 1052 1358 debere
1099 1305 1397 1370 mandatis,
1445 1315 1503 1360 et
1547 1308 1838 1364 canonihus
1878 1318 1962 1364 est

377 1407 697 1463 congruum,
717 1402 771 1447 et
790 1393 1089 1463 disciplinis
1117 1396 1369 1463 prodesse
1389 1396 1703 1466 iudicamus.
1723 1415 1784 1456 ac
1810 1400 1956 1466 fidei,

377 1487 474 1557 qui
522 1487 884 1556 permanentia
920 1489 973 1542 in
1008 1489 1260 1544 Ecclesiis
1300 1490 1350 1543 in
1394 1491 1588 1560 quibus
1620 1492 1868 1559 militant,
1904 1502 1959 1548 et

380 1578 664 1634 ministerii
693 1579 775 1634 sui
805 1590 1059 1649 poterunt
1085 1581 1396 1637 assiduitate
1440 1583 1493 1637 in
1532 1583 1624 1639 Dei
1660 1584 1958 1643 Salvator-is

378 1669 550 1731 nostri
576 1684 760 1725 amore
789 1671 1117 1738 fervescere,
1149 1681 1203 1724 et
1229 1687 1348 1740 qua:
1379 1672 1434 1728 in
1462 1676 1840 1745 pervagatione
1867 1691 1955 1732 re-

2062 481 2298 537 cedenda
2327 497 2445 551 quae
2472 482 2741 537 alimoniis
2790 482 3076 552 proﬁciunt
3105 496 3424 550 pauperum,
3452 488 3506 534 et
3529 479 3636 533 clrr

2062 590 2123 629 ca
2156 583 2258 630 tute.
2285 574 2632 630 fraternitatis
2645 575 2914 639 affectum,
2948 584 3127 628 nostra
3153 573 3392 638 devotio,
3425 581 3482 626 ut
3503 586 3638 626 one.

2062 679 2245 721 rosum
2276 665 2430 720 nobis
2456 665 2760 720 nullatenus
2781 680 2902 720 esse
2928 665 3259 734 judicemus,
3278 664 3419 734 quod
3473 663 3638 718 annui

2061 757 2252 810 vestris
2282 754 2563 810 desideriis
2595 756 2893 824 postulatis.
2919 757 3021 812 Sed
3055 766 3305 811 revocant
3326 771 3424 810 nos
3476 769 3640 812 vene:-

2061 846 2224 902 randa
2241 846 2454 901 Patrum
2472 847 2905 901 manifestissima
2919 849 3227 914 constituta,
3246 845 3436 912 quibus
3457 846 3640 914 prohi-

2061 935 2249 992 bemur
2273 938 2467 1007 prmdia
2489 937 2608 1006 jure
2632 937 2908 1003 Ecclesiae,
2937 939 3022 991 cui
3053 953 3149 991 nos
3171 937 3511 1004 omnipotens
3533 936 3641 989 Do-

2061 1027 2237 1084 minus
2251 1043 2481 1097 prteesse
2494 1030 2793 1095 constituit,
2818 1030 3057 1098 quolibet
3079 1030 3230 1083 titulo
3250 1029 3315 1082 ad
3332 1029 3499 1082 aliena
3516 1028 3636 1096 jura

2063 1119 2372 1179 transferre.
2403 1123 2516 1188 Qua
2549 1121 2598 1174 in
2629 1137 2687 1176 re
2704 1131 2898 1176 vestrae
2929 1137 3141 1192 quoque
3184 1123 3464 1190 sapientiae
3519 1137 3640 1174 cre-

2061 1210 2236 1265 dimus
2264 1227 2383 1266 esse
2408 1212 2767 1281 gratissimum
2787 1255 2801 1279 ,
2836 1213 2976 1280 quod
3000 1214 3053 1266 in
3071 1214 3217 1266 nullo
3237 1223 3419 1266 contra
3444 1212 3636 1281 priscae

2061 1303 2387 1362 definitionis
2415 1306 2701 1360 constituta
2733 1305 2818 1359 vel
2847 1305 3077 1374 regulas,
3106 1320 3204 1374 pro
3218 1306 3451 1372 qualibet
3479 1321 3637 1358 occa-

2059 1395 2230 1457 sione,
2265 1398 2346 1452 vel
2379 1397 2478 1451 sub
2509 1397 2874 1466 cujuscunque
2907 1412 3149 1466 personze
3175 1399 3641 1465 respectu,ven§re

2058 1487 2451 1556 praesumimus.
2471 1487 2580 1542 Nec
2600 1488 2900 1542 tenacitatis
2922 1488 3117 1550 studio,
3131 1499 3222 1541 aut
3238 1488 3512 1542 szrcularis
3538 1488 3639 1540 uti—

2060 1578 2225 1634 litatis
2249 1593 2411 1632 causa
2445 1580 2547 1634 hoc
2575 1580 2748 1635 facere
2779 1595 2877 1634 nos
2897 1579 3152 1645 credatis,
3175 1580 3268 1634 sed
3302 1579 3464 1633 divini
3512 1596 3640 1634 con-

2059 1675 2382 1730 sideratione
2413 1675 2599 1744 judicii
2633 1692 2851 1732 necesse
2881 1677 3033 1731 nobis
3057 1685 3141 1730 est
3169 1676 3424 1746 quidquid
3456 1685 3640 1730 sancta

379 1765 820 1835 reprehensibilia
871 1777 1029 1836 sunt,
1066 1765 1262 1822 vitare.
1309 1766 1385 1838 (a)
1429 1769 1562 1824 Data
1592 1785 1622 1825 v
1657 1769 1775 1827 idus
1822 1771 1955 1842 Sep-
1985 1759 2032 1822 B
2057 1767 2329 1836 synodalis
2349 1767 2588 1822 decrevit
2619 1769 2913 1823 auctoritas
2943 1768 3320 1823 inviolabiliter
3345 1769 3635 1822 custodire.

379 1859 630 1914 tembris.

942 1950 1270 2010 EPISTOLA
1310 1953 1393 2010 lll.

937 2062 1005 2099 AD
1055 2063 1393 2104 REPARATL'M.

375 2133 747 2210 Gratiasagit,
777 2136 913 2210 quod
937 2137 1034 2205 sibi
1065 2139 1127 2191 de
1153 2138 1393 2210 electione
1413 2139 1464 2192 in
1486 2141 1776 2209 pontiﬁcem
1801 2141 1955 2210 fuerit

449 2206 638 2282 litteris
649 2208 992 2282 gratulatus,
1003 2210 1161 2282 simul
1187 2206 1495 2282 signiﬁcans
1525 2227 1579 2264 se
1608 2206 1717 2282 ejus
1747 2206 1955 2266 consul-

450 2277 732 2354 totionibus
776 2278 1115 2354 respondisse,
1143 2279 1375 2348 idemque
1420 2296 1507 2345 per
1536 2277 1727 2354 legatos
1757 2284 1955 2354 prasti-

448 2355 644 2422 turum.
688 2344 892 2422 Interea
930 2350 1194 2422 hortatur,
1226 2344 1426 2418 tit-qum
1449 2367 1544 2422 pro
1573 2344 1676 2422 [ide
1699 2344 1956 2413 catholica

449 2417 659 2487 scripsit
687 2418 940 2487 divulgari
967 2428 1131 2474 curet.

449 2511 723 2578 Agapetus
756 2510 1020 2579 Reparato
1046 2513 1297 2583 episcopo
1325 2513 1751 2585 Carthaginensi.

451 2600 829 2656 Fraternitatis
871 2611 976 2658 tuae
1020 2603 1214 2659 litteris
1257 2606 1501 2661 iudicasti
1533 2616 1654 2678 post
1676 2609 1954 2679 epistolam

379 2692 658 2748 decessori
708 2709 827 2748 meo
860 2694 1212 2765 dirigendam,
1245 2697 1384 2756 inter
1409 2700 1600 2769 navigii
1632 2703 1958 2772 suscipiendi

382 2799 588 2850 moras,
617 2800 748 2856 quas
777 2785 968 2840 hiemis
1002 2788 1324 2842 continuatae
1355 2791 1646 2858 generabat
1673 2793 1956 2862 asperitas,

375 2874 771 2931 ordinationem
797 2886 1032 2932 nostram
1059 2879 1150 2932 tibi
1173 2879 1552 2949 omnipotentis
1573 2881 1669 2937 Dei
1697 2883 1959 2942 beneficio

376 2971 715 3034 nuntiatam,
761 2977 817 3024 et
863 2971 1185 3039 gratulatum
1236 2982 1286 3027 te
1337 2974 1682 3028 fraternitatis
1725 2976 1956 3045 affectu,

375 3063 504 3133 quia
553 3062 894 3132 pointificatus
946 3062 1078 3117 mihi
1129 3063 1377 3119 divinitas
1426 3065 1648 3136 indulsit
1696 3067 1955 3135 officium,

2058 1857 2212 1925 Quod
2227 1867 2285 1912 ut
2302 1858 2544 1913 charitati
2569 1869 2675 1912 tua:
2691 1860 3050 1914 indubitanter
3064 1861 3352 1919 elucescat.
3378 1859 3441 1911 ad
3464 1858 3638 1912 locum

2057 1949 2125 2003 de
2156 1949 2257 2004 hoc
2279 1950 2527 2017 articulo,
2557 1965 2625 2008 ex
2655 1952 2960 2006 constitutis
2991 1952 3208 2005 Patrum
3242 1950 3461 2008 fecimus
3491 1964 3642 2004 reve-

2058 2039 2178 2101 lari.
2209 2057 2326 2112 quze
2352 2057 2472 2096 cum
2502 2045 2856 2112 prmsentibus
2869 2043 3065 2113 pariter
3087 2043 3334 2104 affatibus
3353 2041 3502 2103 vobis
3522 2055 3641 2094 ore.

2058 2133 2233 2188 dimus
2263 2133 2558 2203 dirigenda.
2593 2134 2736 2189 Deus
2787 2145 2840 2190 te
2886 2134 3210 2188 incolumem
3232 2131 3642 2196 custodiat,fra-

2061 2234 2142 2279 ter
2157 2225 2488 2282 charissima.
2511 2226 2640 2280 Data
2669 2242 2736 2288 xv
2753 2225 3002 2282 calendas
3028 2228 3290 2296 Augustas
3312 2233 3641 2294 postconsu-

2057 2314 2222 2371 latum
2251 2315 2453 2371 Paulini
2479 2313 2711 2386 junioris
2749 2316 2850 2382 viri
2903 2315 3188 2372 clarissimi
3219 2314 3396 2387 [Anno
3442 2311 3642 2377 Christi

2058 2407 2208 2480 555].

2628 2539 2966 2596 EPISTOLA
2995 2539 3108 2595 Vll.

2289 2671 2356 2710 AD
2382 2669 2660 2711 ειελιιιωι
2689 2670 2974 2711 ΒΡΙδΕΟΡυΙ
3006 2669 3409 2711 Αιιειλτεδδεη.

2061 2765 2141 2828 De
2166 2765 2561 2836 Contumeliam,
2591 2785 2706 2822 cum
2751 2769 2822 2893 riui
2869 2768 3040 2894 s‘edem
3073 2769 3407 2840 apostolicam
3445 2770 3636 2840 appet.

2773 2855 2888 2894 asse
2917 2877 2932 2893 .

2773 2855 2932 2894 asset.

2134 2953 2494 3008 Dilectissimo
2515 2952 2665 3010 fratri
2688 2952 2925 3010 Caesarlo
2947 2956 3238 3028 Agapetus.

2131 3065 2710 3136 Optaveramus,frater
2727 3067 3433 3138 amantissitne,utepiscopi
3446 3068 3645 3125 Contu-

376 3156 525 3236 quod
567 3156 639 3212 de
684 3159 994 3212 sinceritate
1043 3166 1130 3211 tua
1177 3173 1282 3213 non
1326 3172 1511 3230 sumus
1545 3159 1820 3216 admirati.
1871 3160 1961 3217 Sic
1985 3136 2032 3200 (ἶ
2064 3156 2530 3224 meliosiOpinione
2554 3156 2756 3226 integra
2788 3169 3156 3227 permanente,
3192 3136 3291 3219 nec
3331 3136 3422 3215 tibi
3445 3160 3647 3215 dudum

376 3253 527 3318 enim
569 3260 620 3307 te
658 3252 812 3306 nobis
850 3252 1075 3320 alloquii
1112 3251 1304 3321 directi
1359 3257 1701 3322 prmsentavit
1725 3254 1960 3320 affectio,

379 3353 447 3400 ut
471 3359 591 3399 cum
623 3344 1000 3400 dilectissimas
1039 3354 1159 3400 tuas
1204 3346 1411 3400 litteras
1444 3346 1697 3416 legerem,
1723 3355 1779 3402 te
1814 3347 1962 3404 vide-

379 3437 508 3492 rim.
555 3437 888 3506 Quapropter
917 3438 1034 3505 ipsa
1068 3447 1138 3504 te,
1169 3453 1326 3506 quam
1360 3437 1489 3502 vidi,
1520 3448 1698 3492 mente
1727 3441 1964 3508 comple-

378 3537 560 3598 ctens,
610 3529 817 3599 postulo
869 3528 1293 3584 misericordiam
1344 3528 1672 3596 divinitatis,
1706 3539 1760 3584 ut
1812 3539 1866 3584 et
1907 3529 1961 3586 in

384 3623 538 3675 vobis
563 3623 752 3690 quietis
776 3632 1017 3689 reparata
1047 3621 1217 3690 gratia
1262 3621 1568 3687 fructificet,
1595 3629 1651 3673 et
1681 3621 1822 3676 Deus
1848 3636 1964 3675 om-

384 3713 657 3781 nipotens,
683 3712 771 3783 qui
807 3711 936 3765 mihi
970 3713 1264 3766 sacerdotis
1289 3711 1436 3766 dedit
1462 3712 1681 3777 donum,
1707 3711 1966 3775 concedat

382 3813 444 3860 et
473 3803 741 3858 meritum.
771 3803 1037 3857 Praeterea
1069 3802 1132 3856 ad
1161 3819 1224 3858 ea
1256 3817 1376 3873 qua:
1401 3802 1560 3858 Caius
1588 3815 1745 3874 atque
1774 3804 1966 3862 Petrus

382 3895 580 3951 fratres
596 3905 650 3951 et
668 3895 973 3965 coepiscopi
1001 3895 1196 3960 nostri,
1218 3895 1313 3950 sed
1336 3906 1390 3952 et
1411 3895 1690 3952 Liberatus
1710 3895 1965 3952 diaconus

386 3987 533 4042 filius
561 3998 762 4055 noster,
788 3995 846 4041 ut
867 3986 1003 4056 apud
1033 4002 1128 4042 nos
1153 3996 1375 4057 agerent
1395 3987 1560 4044 verbo
1581 4003 1610 4042 a
1637 3987 1967 4048 fraternitate

386 4087 479 4134 tua
527 4079 624 4134 sibi
668 4076 906 4148 injuncta
949 4079 1296 4146 direxerunt,
1324 4095 1620 4150 congruum
1664 4085 1966 4150 putavimus

387 4172 556 4227 verbo
603 4171 732 4226 dare
779 4187 1115 4242 responsum,
1149 4173 1293 4242 quod
1348 4188 1442 4242 per
1493 4173 1699 4243 legatos
1749 4185 1968 4240 nostros

387 4261 470 4335 (si
505 4261 726 4316 Domino
757 4263 1048 4332 placuerit)
1086 4263 1310 4320 reddere
1352 4280 1457 4318 non
1509 4279 1801 4319 nim-amur.
1839 4265 1967 4322 Uni-

391 4367 551 4408 versa
606 4363 881 4420 piraterea,
933 4369 1051 4422 quae
1083 4355 1420 4418 inimicorum
1473 4358 1793 4426 perversitas
1821 4358 1970 4412 iuva.-

385 4453 565 4509 serat,
591 4443 834 4498 cbaritati
883 4455 984 4499 tua:
1018 4447 1426 4516 metropolitana
1468 4449 1587 4516 jura
1632 4461 1964 4519 reparantes,

390 4535 693 4601 hortamur,
724 4546 782 4591 ut
808 4552 869 4592 ea
902 4554 1019 4607 quae
1050 4548 1140 4592 tuo
1170 4540 1251 4593 vel
1277 4541 1500 4594 aliorum
1533 4546 1745 4600 nomine
1775 4548 1967 4602 rescri-

393 4629 614 4696 psimus,
650 4631 912 4686 universis
941 4632 1137 4688 debeas
1169 4634 1524 4701 innotescere,
1573 4641 1964 4708 metropolitani

390 4720 588 4790 quippe
615 4725 930 4776 auctoritate
970 4725 1245 4779 sumntum
1275 4741 1381 4786 :,ne
1412 4728 1532 4794 quis
1563 4743 1619 4782 se
1649 4732 1968 4786 excusabili-

393 4821 476 4866 ter
504 4825 705 4867 asserat
737 4817 979 4884 ignorare
1015 4819 1154 4885 qttod
1187 4821 1330 4874 sedis
1359 4824 1665 4888 aposwlicaa
1697 4827 1964 4894 principao

394 4906 516 4960 litas
575 4922 840 4962 canonum
893 4913 1318 4968 consideratione
1368 4918 1695 4985 perscripsit.
1753 4919 1880 4972 Data
1933 4935 1964 4972 .v

393 4999 512 5054 idus
537 4998 870 5070 Septembris
898 5007 1380 5071 postcousulatutn
1412 5006 1616 5062 Paulini
1650 5010 1745 5062 viri
1776 5010 1966 5064 claris-

392 5093 534 5150 simi.

963 5189 1290 5245 EPISTULA
1317 5191 1400 5245 Vl.

607 5295 679 5342 ¹ΑΙ)
699 5295 973 5334 C£SABIUM
1001 5297 1079 5336 EPl
1111 5297 1283 5338 COPUM
1327 5300 1729 5341 Αῐ-ειλτεκιεκ.

391 5363 546 5432 Quod
593 5371 789 5435 pra’dia
837 5374 972 5441 juris
1015 5370 1254 5495 Ειξῖιεδὶοῗ
1277 5376 1426 5430 nullo
1456 5378 1602 5440 titulo
1625 5379 1837 5433 alienari
1877 5383 1967 5433 (le-

1127 5461 1218 5495 ean
1250 5484 1260 5495 .
1783 5456 1792 5466 '

1127 5456 1260 5495 eant.
1783 5456 1792 5466 ‘

471 5527 834 5594 Dilectissimo
862 5534 1005 5587 fratri
1029 5532 1263 5590 Cmsario
1293 5540 1581 5612 Algapelus.

2063 3248 2214 3303 fieret
2230 3248 2734 3320 necessitasjudicii,
2749 3265 2846 3304 nec
2861 3254 3016 3304 nobis
3031 3266 3192 3306 causa
3222 3251 3477 3306 censendi
3496 3269 3512 3306 :
3531 3269 3615 3306 ma
3627 3281 3649 3292 -

2061 3339 2337 3408 ximequia
2357 3339 2407 3396 in
2428 3355 2588 3408 supra
2615 3342 2802 3410 scripti
2839 3339 2940 3396 viri
2974 3343 3314 3397 accusatione
3351 3344 3651 3406 communis

2075 3429 2296 3490 honoris
2318 3432 2619 3486 reverentia
2635 3431 3032 3500 quodammodo
3048 3433 3252 3487 videtur
3265 3436 3528 3488 incuruata
3545 3434 3652 3507 [im-

2064 3519 2292 3591 cusata].
2314 3520 2465 3574 Unde
2476 3529 2738 3590 quatenus
2750 3523 3652 3590 prmsumptione,sicutasserit,in-

2065 3612 2328 3670 nocentiae
2359 3613 2425 3667 ad
2454 3612 2829 3681 appellationis
2857 3614 3028 3668 voluit
3053 3615 3308 3678 auxilium
3342 3617 3649 3680 convolare,

2067 3704 2399 3764 Orationibus
2415 3704 2644 3760 assiduis
2663 3704 2762 3759 hoc
2787 3705 3097 3770 innitamur,
3117 3716 3173 3760 ut
3188 3721 3310 3762 eum
3325 3710 3648 3778 cognitionis

2069 3795 2272 3850 iteratae
2299 3795 2612 3851 beneficium
2639 3796 2980 3866 gratulationi
3003 3798 3243 3864 omnium
3287 3803 3530 3854 restituat
3554 3801 3652 3853 ab-

2067 3888 2325 3945 solutum.
2354 3888 2655 3960 Delegaturi
2677 3889 2843 3955 enim,
2875 3891 2984 3946 Deo
3008 3901 3194 3946 nostro
3219 3891 3527 3961 adjuvante,
3566 3907 3654 3947 str-

2069 3996 2189 4038 mus
2215 3995 2464 4048 examen,
2489 3991 2547 4037 ut
2595 3983 2890 4039 secundum
2947 4000 3214 4040 canonum
3267 3987 3650 4042 venerabilium

2069 4073 2500 4138 constituta,sub
2529 4073 2960 4130 consideratione
3012 4078 3258 4145 justitiae,
3317 4078 3493 4132 omnia
3530 4091 3652 4148 qum

2067 4165 2209 4235 apud
2231 4165 2624 4226 fraternitatem
2666 4175 2808 4220 tuam
2827 4165 2897 4222 de
2922 4167 3221 4233 huiusmodi
3269 4169 3479 4236 negotio
3533 4181 3650 4223 acta

2071 4267 2292 4327 gestuve
2317 4266 2460 4323 sunt,
2504 4257 2912 4328 diligentissima
2943 4260 3296 4327 vestigatiune
3318 4260 3647 4330 flagitantur.

2071 4349 2256 4417 Neque
2282 4348 2425 4408 enim
2457 4351 2766 4419 praedictum
2791 4354 2960 4404 virum
2989 4351 3237 4405 convenit
3258 4361 3450 4406 eventu
3507 4351 3652 4421 prius

2070 4445 2269 4502 habitae
2297 4446 2618 4516 cognitionis
2640 4447 2838 4517 urgeri,
2861 4449 3071 4516 .quippe
3097 4462 3217 4503 cum
3247 4457 3302 4501 ιιι
3352 4448 3465 4516 ipse
3509 4448 3653 4516 judi.

1996 4521 2050 4581 D
2073 4535 2214 4588 cium
2239 4535 2474 4602 petierit.
2517 4536 2630 4590 Non
2658 4545 2934 4590 avertatur
2964 4537 3210 4592 voluntas
3234 4537 3394 4590 animi
3417 4554 3447 4592 a
3479 4539 3652 4606 preci-

2068 4627 2172 4691 .btts
2197 4630 2550 4694 infirmorum,
2573 4647 2692 4683 cum
2718 4632 2768 4684 in
2796 4631 3111 4686 necessitate
3131 4631 3334 4684 fuerint
3363 4671 3378 4695 ,
3430 4646 3495 4684 ne
3555 4647 3654 4684 tto—'-

2068 4722 2177 4785 ,bis,
2208 4724 2348 4792 quod
2381 4733 2587 4778 avertat
2617 4723 2973 4789 Dominus,ca
3004 4740 3121 4793 qute
3146 4726 3396 4794 leguntur
3429 4726 3480 4777 in
3517 4724 3650 4778 Prn-

2074 4815 2293 4878 verbiis,
2340 4813 2446 4868 dici
2468 4813 2670 4882 possint
2703 4832 2716 4867 :
2753 4814 2852 4880 Qui
2904 4816 3104 4866 obturat
3154 4831 3331 4866 aurem
3380 4830 3547 4880 suam,
3597 4825 3652 4866 ut

2071 4919 2174 4958 non
2202 4903 2378 4957 audiat
2405 4902 2687 4970 inﬁrmum,
2715 4914 2764 4957 et
2815 4905 2923 4972 ipse
2969 4906 3218 4963 invocabit
3273 4906 3566 4968 Dominum,
3604 4915 3653 4958 et

2073 5010 2175 5048 non
2197 4995 2292 5046 erit
2316 4997 2402 5061 qui
2426 4998 2660 5047 exaudiet
2691 5011 2806 5048 eum
2847 4995 3028 5065 (Prov.
3066 5000 3176 5064 XXI)
3215 4999 3361 5065 Quid
3394 5009 3478 5052 est
3503 5002 3650 5053 enini

2076 5083 2337 5144 infirmius
2366 5086 2618 5152 episcolto
2640 5087 3058 5152 Cantumnliuso,
3087 5092 3174 5156 qui
3223 5092 3274 5142 itt
3307 5091 3614 5144 trilutlnlinn
3636 5110 3650 5129 ι

2077 5176 2278 5244 positus
2299 5189 2347 5230 et
2380 5176 2446 5231 de
2477 5179 2731 5245 praeteriti
2767 5178 2950 5248 judicii
2979 5182 3181 5248 pudore
3204 5183 3560 5238 coniumlitur.
3595 5193 3654 5236 et

2073 5269 2396 5338 cognitionis
2428 5287 2549 5340 qua:
2580 5272 2751 5325 futura
2812 5284 2890 5326 est
2925 5275 3333 5340 exsliectntioue
3372 5274 3655 5331 turbatur?

2073 5363 2502 5432 qttiaquantliltvt
2533 5365 2600 5426 ei,
2629 5366 2767 5430 quod
2801 5370 3092 5434 optandum
3119 5376 3227 5429 est,
3279 5367 3482 5433 pttr'itas
3514 5366 3652 5422 forte

2075 5453 2395 5523 suffragetur
2426 5456 2764 5520 innocentiae,
2789 5474 2892 5512 non
2921 5471 3088 5526 potest
3111 5457 3297 5528 judicii
3335 5460 3649 5516 sollicitudi-

2075 5562 2196 5603 ttettt
2226 5564 2331 5603 non
2369 5550 2596 5607 habere.
2623 5551 2685 5604 Et
2712 5567 2808 5605 nos
2851 5551 3084 5621 quidcut,
3120 5556 3361 5620 quamvis
3413 5554 3654 5622 culpattts

461 5685 541 5784 is)
575 5689 626 5784 lu
666 5690 761 5747 hac
812 5708 874 5748 ac
927 5695 1163 5764 sequenti
1211 5697 1391 5767 epist.,
1428 5699 1616 5765 Quinto
1651 5702 1760 5755 idus
1823 5702 2121 5758 divenditis
2173 5704 2452 5778 legendum
2498 5711 2769 5768 contendit
2815 5711 3004 5780 Pagius
3046 5712 3108 5765 ad
3155 5699 3277 5768 ann.
3333 5711 3462 5770 Chr.
3516 5717 3650 5784 535,

388 5772 541 5813 nutu.
573 5760 625 5814 4.
