4032 6184
464 294 547 349 ’57

1786 326 1793 333 “
1882 304 2261 363 ΕΝΒΪΟΙΑΕ.

463 418 626 478 οὕτως
645 418 994 491 ἐπιτετίμηται
1019 431 1135 496 παρ’
1154 421 1313 492 ὐμῶν,
1337 424 1418 476 καί
1437 422 1726 483 ἐπιϐέϐληται
1750 432 1840 481 τοῦ
1861 425 2018 499 θρόνοι

2134 418 2344 486 htverit,
2376 422 2555 476 statim
2589 421 2643 477 in
2673 430 2868 478 tantam
2903 431 2960 479 et
2996 412 3467 492 incomparabilem
3499 422 3577 478 illi
3609 422 3711 479 Er.-

462 518 554 569 τῆς
583 508 843 581 βασιλίδος
868 513 1057 572 ταύτης
1088 512 1273 573 πόλεως
1311 519 1403 567 τοῦ
1429 517 1738 571 πιστοτάτου
1770 517 1909 587 ἡμῦν
1939 517 2040 585 βα·

462 604 639 663 σιλέως
668 626 758 662 την
783 603 973 660 δικαίαν
1003 608 1143 676 ὐμῶν
1172 608 1252 660 ἐπὶ
1279 610 1470 663 τούτων
1507 610 1842 680 ἀγανάκτησιν
1873 631 2040 682 προσ-

461 693 759 765 δεξαμένου,
816 699 901 750 καί
949 701 1391 772 συνεπαμύναντος
1437 707 1542 760 τοῖς
1587 722 1641 755 τε
1685 705 1829 762 θείοις
1866 702 2039 757 κανόσι

461 790 542 839 καί
588 795 651 858 τῇ
699 789 932 864 καθολικῇ
973 792 1164 853 πίστει,
1214 792 1271 843 οὐ
1308 791 1545 861 βούλεσθε
1594 789 1647 846 δί
1692 795 1781 849 τὴν
1818 792 2038 851 παντελῆ

458 881 642 933 τούτου
675 883 945 942 ἀπώλειαν,
966 884 1034 941 ὡς
1056 883 1114 936 τὸ
1147 883 1448 959 ἐπιστρέψαι
1476 884 1626 937 αὐτόν
1660 885 1915 953 (μιμεῖσθε
1936 886 2038 960 ’γὰρ

456 979 494 1021 x
504 973 684 1037 ριστὸν
709 971 794 1024 τὸν
817 973 935 1024 Θεὸν
959 974 1116 1041 ἡμῶν,
1137 973 1222 1027 τόν
1248 972 1447 1028 ἐλθόντα
1472 974 1681 1027 καῦσαι
1709 974 1764 1026 οὐ
1792 971 2035 1038 δικαίους,

444 1056 555 1111 ἀλλ’
593 1057 921 1134 άμαρτωλούς
956 1059 1026 1116 εἰς
1068 1064 1483 1131 μετάνοιαν),καί
1520 1062 1715 1123 πάντω,
1764 1068 2029 1134 πατρικοῖς

449 1150 794 1222 σπλάγχνοις,
813 1154 858 1204 εἰ
872 1153 1108 1221 ἐπιγνούς
1128 1157 1217 1211 τὴν
1234 1153 1415 1206 οἰκείαν
1438 1150 1690 1227 ἁμαρτίαν
1712 1151 2025 1223 ἐπιστρέψει,

442 1239 822 1312 προσδέχισθεο
861 1241 1121 1316 ὁρκίζομιν
1156 1248 1246 1301 την
1279 1243 1532 1317 ὑμετέραν
1572 1238 1950 1315 μακαριότητα,
1984 1246 2031 1296 εἰ

445 1334 537 1387 καί
563 1332 805 1407 τολμηρόν
825 1354 875 1389 τι
899 1339 1159 1405 ποιοῦμεν.
1195 1336 1326 1388 κατά
1354 1342 1445 1393 τῆς
1469 1332 1618 1405 ἁγίας
1646 1337 1727 1386 καί
1752 1332 2026 1404 ὁμοουσίου

442 1422 596 1493 ἁγίας
614 1420 835 1495 τριάδος,
860 1425 943 1476 καί
959 1430 1047 1477 τοῦ
1068 1427 1346 1497 κορυφαίου
1367 1430 1466 1477 τῶν
1481 1423 1800 1478 ’Λποστόλων
1813 1424 2024 1497 Πέτρου,

442 1516 527 1567 καί
550 1523 642 1575 τῆς
671 1517 928 1589 σωτηρίας
958 1519 1042 1570 καί
1068 1519 1207 1575 νίκης
1236 1521 1331 1569 τοῦ
1360 1516 1731 1570 εὐσεϐεστάτου
1761 1516 1898 1584 ἡμῶν
1926 1515 2025 1586 βα-

380 1598 385 1599 ⁷
442 1608 648 1668 σιλέως,
688 1613 759 1678 μή
798 1608 1043 1684 περιιδεῖν
1078 1612 1199 1670 τούς
1232 1611 1397 1671 θείους
1440 1610 1680 1673 κανόνας,
1703 1610 1803 1663 ὐπὸ
1841 1611 2026 1664 τούτου

443 1703 950 1772 καταπατουμένους,
978 1701 1105 1772 μηδέ
1126 1703 1583 1777 περιφρονουμένην
1608 1702 1731 1776 παρ’
1758 1703 1917 1755 αὐτοῦ
1936 1707 2027 1760 τήν

2132 508 2352 563 clesiam
2407 511 2645 580 seipsum
2699 511 2941 581 porrexit
2990 528 3008 567 :
3057 522 3306 582 tanquam
3352 512 3713 568 sufﬁcientem

2127 600 2448 653 existentem
2473 600 2640 667 ipsius
2660 615 2841 655 curam
2866 602 3080 657 habere.
3108 602 3239 670 Quia
3264 603 3424 673 igitur
3450 603 3548 658 iste
3563 602 3711 673 justo

2128 706 2156 744 a
2198 691 2353 745 vobis
2393 693 2607 760 punitus
2646 693 2765 758 fuit,
2805 703 2860 748 et
2891 693 2960 748 de
2996 698 3125 750 sede
3168 694 3326 764 hujus
3369 696 3528 763 regis
3562 694 3711 749 urbis

2127 785 2353 856 ejecttts,
2383 794 2434 839 et
2470 786 2810 841 ﬁdelissimus
2841 789 3132 857 imperatur
3168 799 3351 843 noster
3382 788 3578 858 justam
3612 803 3709 843 ve-

2126 888 2292 929 stram
2339 891 2505 946 super
2551 877 2691 932 hunc
2740 879 3157 947 indignationem
3208 881 3537 948 susceperit,
3589 879 3709 949 ipso

2129 967 2285 1020 etiam
2312 967 2596 1035 adjuvante
2616 969 2827 1024 divinos
2848 984 3084 1024 canones
3107 978 3158 1024 et
3180 970 3494 1024 catholicam
3523 972 3705 1036 ﬁdem;

2126 1069 2180 1112 et
2214 1073 2317 1111 non
2345 1061 2509 1113 vultis
2530 1061 2894 1114 omnimodam
2930 1061 3087 1129 hujus
3131 1063 3503 1130 perditionem,
3531 1064 3623 1116 sed
3650 1071 3711 1116 ut

2127 1159 2469 1204 convertatur
2484 1151 2787 1222 (imitamini
2804 1153 2944 1207 enim
2964 1152 3233 1206 Christum
3251 1153 3413 1209 Deum
3438 1164 3701 1220 nostrum,

2125 1242 2211 1308 qui
2226 1242 2352 1295 venit
2366 1258 2544 1297 vacare
2557 1261 2659 1298 non
2672 1248 2859 1317 justas.
2880 1251 2969 1299 sed
2988 1256 3269 1311 peccatores
3282 1248 3351 1299 ad
3365 1249 3709 1313 pauitantia":

2128 1330 2336 1403 [Μαιιή.
2360 1332 2481 1403 tx]).
2513 1346 2564 1389 et
2595 1337 2812 1390 omnino
2839 1337 3073 1404 paternis
3096 1338 3390 1393 visceribus
3413 1339 3703 1405 suscipitis,

2125 1426 2169 1477 si
2206 1427 2576 1494 recognoverit
2603 1443 2873 1498 proprum
2908 1440 3203 1498 peccatum,
3241 1441 3294 1485 et
3324 1439 3700 1495 convertatur;

2124 1516 2428 1583 adjuratnus
2469 1530 2703 1574 vestram
2757 1523 3140 1577 beatitudinem
3166 1524 3328 1595 (licet
3370 1524 3542 1577 audax
3579 1524 3706 1593 quid

2125 1612 2399 1680 faciamus)
2417 1627 2757 1681 persanctam
2776 1628 2825 1671 et
2846 1618 3351 1672 consubstantialem
3365 1619 3701 1683 Triuildem,

2124 1718 2188 1757 ac
2211 1719 2305 1773 per
2327 1706 2618 1776 principem
2646 1711 3005 1777 apostolorum
3041 1710 3274 1775 Petrum,
3305 1720 3361 1765 et
3387 1710 3611 1766 salutem
3641 1724 3706 1767 ac

441 1792 816 1868 παραδοθεῖσαν
856 1796 992 1865 αὐτῷ
1028 1796 1319 1859 ἐκκλησίαν,
1364 1795 1467 1849 ἀλλ’
1512 1796 1932 1857 ἐξακολουθοῦσαν
1972 1798 2018 1849 ἐν

2127 1797 2398 1851 victoriam
2434 1800 2654 1867 piissimi
2700 1803 3040 1871 imperatoris
3072 1806 3268 1869 nostri.
3312 1819 3416 1857 non
3462 1807 3705 1858 contem-

442 1886 607 1943 ἅπασι
634 1897 747 1949 τοῖς
791 1892 892 1965 πρὸ
939 1892 1094 1949 αὐτῆς
1135 1887 1483 1958 διαλάμψασιν
1526 1890 1577 1943 έν
1612 1897 1688 1962 τῷ
1714 1890 2028 1963 ἀποστολικῷ

439 1980 581 2048 ὐμῶν
608 1981 788 2054 θρόνῳ,
812 1981 1011 2055 πρᾶξαι
1040 1980 1119 2034 ἔπ’
1147 1982 1305 2052 αὐτῷ,
1332 1978 1412 2035 ἔτι
1433 1984 1517 2034 καί
1546 1986 1635 2033 νῦν
1656 1982 1785 2035 κατὰ
1809 1988 1904 2040 τῆς
1926 1986 2028 2035 τῶν

438 2076 659 2128 κανόνων
703 2076 966 2135 αὐθεντίας
1006 2076 1361 2146 νεανιευομένῳ
1398 2077 1483 2127 καί
1523 2076 1896 2149 προτιμήσαντι
1935 2077 2027 2132 τήν

439 2168 573 2235 μετά
597 2174 698 2220 τῶν
726 2168 995 2242 εἰρημένων
1017 2167 1281 2245 αἱρετικῶν
1307 2167 1653 2239 συνδιαγωγήν
1678 2174 1769 2227 τῆς
1796 2166 1925 2227 ἰδίας
1948 2168 2030 2219 ἐκ·

439 2259 683 2322 κλησίας,
716 2256 838 2333 ὅπερ
866 2258 892 2314 ὃ
930 2260 985 2313 έν
1024 2258 1186 2329 ἁγίοις
1222 2260 1518 2319 Κελεστῖνος
1546 2260 1628 2314 ἐπί
1660 2261 1915 2334 Nee-rapit,»
1951 2267 2026 2334 τῷ

439 2348 687 2405 δυσσεϐεῖ
703 2356 925 2423 φαίνεται
950 2351 1359 2427 διαπραξάμενος
1373 2392 1388 2416 ,
1411 2354 1722 2424 προθεσμίαν
1744 2354 1883 2425 αὐτῷ
1897 2370 2026 2424 παρ-

443 2443 652 2511 έχοντες
671 2479 690 2505 ,
744 2445 916 2518 ὥσπερ
940 2438 1031 2498 οὖν
1059 2445 1283 2505 κάκεῖνος
1301 2446 1574 2516 Νεστορίῳ,
1601 2441 1661 2502 ἧς
1684 2443 1823 2503 ἐντὸς
1849 2444 1936 2497 ἐὰν
1954 2448 2025 2509 μὴ

442 2536 740 2596 ἀπαντήσας
763 2536 852 2591 τόν
888 2537 1142 2613 εἰρημένον
1178 2535 1395 2591 λίϐελλον
1436 2545 1498 2611 τῇ
1537 2536 1848 2611 ἀποστολικῇ
1882 2537 2024 2608 ὐμῶν

440 2625 659 2701 καθέδρᾳ
681 2626 857 2699 ἐπιδῷ,
877 2635 941 2702 τῇ
966 2650 1018 2683 τε
1042 2629 1266 2704 ὐμετέρᾳ
1292 2629 1644 2703 μακαριότητι,
1670 2632 1756 2683 καί
1776 2637 1847 2702 τῷ
1871 2629 2026 2703 ἁγιω-

439 2717 581 2788 τάτῳ
628 2725 723 2778 τῆς
764 2717 1025 2789 βασιλίδος
1068 2721 1486 2794 ἀρχιεπισκόπῳ,
1506 2723 1593 2775 καί
1635 2730 1727 2782 τῆς
1768 2722 2024 2796 αἰρετικῆς

440 2809 591 2863 νόσου
616 2809 796 2865 ἑαυτὸν
819 2812 1094 2883 ἀπαλλάξῃ,
1122 2817 1204 2867 καί
1224 2814 1306 2868 ἐπί
1330 2812 1419 2872 τήν
1446 2814 1867 2882 ἐμπιστευθεῖσαν
1888 2817 2023 2885 αὐτῷ

438 2907 820 2972 Τραπεζοῦντος
864 2904 1118 2964 ἐκκλησίαν
1167 2904 1448 2980 ἐξορμήσῃ,
1472 2905 1696 2979 ὃρίσατε,
1728 2905 2020 2977 ἆγιώτατοι,

438 2994 700 3067 ἆλλότμον
739 2997 830 3068 μέν
860 2998 1013 3051 αὐτόν
1047 2992 1193 3052 εἶναι.
1237 2999 1323 3050 καί
1350 2999 1540 3069 γυμνόν
1564 2999 1735 3058 πάσης
1771 2998 2023 3075 ἀρχιερα-

437 3086 579 3147 τικῆς
621 3086 767 3150 ἀξίας
808 3107 865 3142 τε
906 3091 993 3141 καί
1028 3088 1303 3163 ἐνεργείας,
1339 3096 1413 3159 τῷ
1455 3091 1661 3165 κρίματι
1698 3090 2022 3147 ύποϐαλὸντα

2132 1904 2261 1943 nere
2303 1891 2512 1946 divinos
2557 1909 2819 1959 canones,
2857 1898 2945 1964 qui
2994 1897 3063 1950 ab
3105 1897 3221 1964 ipso
3274 1897 3700 1965 pessundantur;

2131 1994 2304 2049 neque
2338 1980 2632 2036 Ecclesium
2664 1985 2715 2037 ei
2748 1986 2994 2039 traditam
3021 2029 3033 2049 ,
3058 2002 3177 2057 quae
3215 1988 3281 2042 ab
3326 1990 3441 2056 ipso
3469 1989 3703 2057 despici-

2129 2083 2250 2140 tur;
2300 2079 2391 2130 sed
2427 2081 2698 2147 sequendo
2724 2080 2777 2133 in
2806 2080 3053 2134 omnibus
3080 2097 3173 2136 eos
3203 2088 3289 2151 qui
3321 2093 3445 2137 ante
3467 2091 3699 2136 vestram

2129 2168 2510 2225 beatitudinem
2557 2172 2609 2225 in
2660 2173 2787 2228 sede
2835 2186 3007 2228 vestra
3057 2177 3391 2231 claruerunt.
3427 2174 3599 2229 facere
3643 2176 3697 2229 in

2127 2259 2245 2328 ipso
2270 2260 2444 2314 adhuc
2490 2271 2545 2316 et
2591 2278 2730 2317 nunc
2780 2275 2966 2319 contra
3012 2268 3382 2321 auctoritatem
3432 2282 3699 2321 canonum

2128 2351 2574 2419 invalescentem,
2621 2367 2675 2410 et
2712 2356 2806 2425 qui
2849 2358 3084 2425 pra-tulit
3125 2359 3285 2413 vitam
3335 2359 3529 2430 degere
3575 2375 3697 2414 cum

2128 2441 2415 2508 haereticis,
2447 2461 2606 2514 quam
2629 2463 2747 2500 eum
2781 2449 2992 2516 propria
3024 2450 3278 2513 Ecclesia,
3308 2466 3368 2504 ea
3394 2467 3512 2520 qua:
3539 2465 3698 2506 sanc-

2128 2540 2238 2587 tum
2261 2534 2613 2590 Caelestinum
2640 2547 2824 2592 contra
2855 2539 3153 2593 Nestorium
3183 2541 3348 2610 liquet
3370 2541 3556 2597 fecisse
3574 2582 3590 2608 ,
3609 2556 3698 2597 asp

2125 2625 2383 2694 signando
2410 2628 2456 2681 ei
2491 2628 2807 2693 terminum,
2844 2631 2983 2685 sicut
3009 2642 3063 2686 et
3106 2633 3195 2687 ille
3225 2634 3511 2698 Nestorio;
3554 2634 3696 2692 intra

2122 2732 2280 2787 quem
2312 2719 2410 2773 nisi
2440 2734 2728 2776 occurrens
2758 2724 3069 2792 praedictum
3112 2726 3347 2781 libellum
3388 2728 3699 2796 apostolica

2125 2822 2323 2865 vestrae
2362 2813 2477 2867 sedi
2534 2820 2865 2883 pnrexertt,
2908 2831 2972 2871 ac
3014 2831 3207 2873 vesth
3254 2820 3596 2884 beatitudini,
3641 2829 3697 2875 et

2124 2906 2464 2960 sanctissimo
2510 2906 2913 2977 archiepiscouo
2945 2910 3092 2963 urbis
3121 2911 3314 2980 regite,
3356 2920 3410 2966 et
3439 2913 3469 2965 a
3510 2913 3698 2968 morbo

2126 2994 2382 3049 ltzcretico
2419 2998 2653 3065 seipsttm
2701 2999 3041 3067 liberaverit,
3084 3010 3245 3071 atque
3285 3001 3351 3055 ad
3401 3002 3699 3059 Ecclesiatn

2124 3087 2591 3157 Trapezundarum
2622 3091 2722 3145 sibi
2749 3093 3005 3147 creditam
3028 3093 3416 3163 proficiscatur,
3440 3095 3694 3164 diffinite,

439 3180 641 3242 ἑαυτὸν,
672 3186 771 3233 τῶν
798 3182 1067 3252 εἰρημένων
1094 3182 1374 3257 αίρετικῶν,
1405 3185 1483 3236 καί
1503 3188 1590 3242 την
1618 3185 1801 3260 μερίδα
1827 3188 2018 3240 τούτων

2123 3180 2465 3248 sanctissimi,
2504 3181 2678 3251 ipsum
2721 3183 2951 3239 alienum
2982 3201 3101 3241 esse
3128 3195 3182 3241 et
3213 3188 3410 3241 nudum
3452 3187 3520 3241 ab
3548 3184 3695 3242 omni

437 3270 822 3340 ἀσπασάμενον,
854 3271 1023 3344 ἶτερον
1049 3269 1102 3326 δέ
1128 3274 1237 3328 ἀντί
1265 3274 1451 3329 τούτου
1471 3281 1534 3347 τῇ
1559 3275 1795 3349 ἐκκλησίᾳ
1814 3288 2019 3351 Τραπε-

437 3367 679 3428 ζουντίων
707 3368 1149 3441 προχειρισθῆναι.
1167 3367 1364 3428 ἐπιιδὴ
1389 3367 1441 3423 δέ
1468 3371 1523 3423 οὐ
1548 3371 1693 3440 μόνον
1718 3369 2021 3435 οὐτος,ἁλλά

432 3461 519 3512 καί
539 3458 699 3536 ἕτεροι
721 3461 991 3514 ἐπίσκοποί
1012 3481 1087 3522 τε,
1117 3465 1200 3515 καί
1233 3461 1478 3540 κληριγοί,
1506 3467 1584 3517 καί
1613 3463 2019 3540 ἀρχιμανδρῖται

434 3551 793 3624 εὐαρίθμητοι,
834 3551 1116 3613 ἐπιϐουλαῖς
1150 3555 1440 3627 χρὼμενοι,
1481 3558 1616 3611 κατά
1653 3565 1741 3618 τῆς
1770 3564 1861 3611 τοῦ
1890 3562 2017 3613 Θεοῦ

434 3641 729 3704 ἐκκλησίας,
759 3646 843 3697 καί
868 3642 952 3698 διά
988 3652 1138 3699 τοῦτο
1165 3649 1253 3700 καί
1283 3647 1432 3717 μόνον
1457 3646 1574 3722 τῇδε
1604 3658 1664 3719 τῇ
1696 3650 1832 3705 πόλει
1856 3649 2021 3718 ἐνδια-

429 3735 687 3809 τρίϐοντες
710 3736 950 3811 ταραχάς
987 3740 1241 3811 παρέχειν
1266 3743 1349 3793 καί
1373 3742 1561 3809 ταύτῃ,
1601 3745 1687 3795 καί
1715 3750 1829 3802 ταῖς
1856 3742 2017 3798 ἁπαν-

428 3832 607 3895 ταχοῦ
650 3827 969 3892 ἐκκλησίαις,
1011 3830 1121 3883 κατ’
1168 3828 1346 3885 οὐδένα
1390 3831 1579 3906 τρόπον
1616 3841 2015 3907 παραιτοῦνται,

429 3916 641 3987 δεόμεθα
664 3922 748 3972 καί
767 3921 887 3979 τούς
908 3920 1168 3980 τοιούτους
1194 3919 1446 3985 ἅπαντας,
1474 3923 1598 4000 πρὸς
1620 3922 1756 3992 ιόμᾶς
1775 3923 2018 3993 ἀχθῆναι,

426 4013 525 4077 καί
542 4011 745 4072 εὐθύνας
781 4012 1040 4082 ὑποσχεῖν
1061 4014 1152 4072 τὰς
1177 4020 1281 4072 τοῖς
1309 4012 1485 4069 κανόσι
1511 4017 1842 4088 πρεπούσας,
1874 4014 2017 4075 δῆλον

428 4102 511 4157 ὄτι
539 4108 621 4157 καί
664 4107 748 4157 έπί
795 4112 884 4160 τοῦ
922 4108 1289 4181 προειρημένου
1317 4110 1573 4177 ’Δνείμου,
1616 4112 1701 4162 καί
1734 4111 1926 4165 τούτων
1958 4109 2014 4165 δέ

378 4212 383 4217 ’
426 4195 659 4255 πάντων,
699 4195 1054 4271 γρηγοροῦσης
1080 4206 1172 4258 τῆς
1206 4196 1568 4273 δικαιοκρισίας
1594 4207 1698 4254 τῶν
1719 4200 1839 4274 παρ’
1872 4203 2013 4271 ὐμῶν

426 4292 589 4345 καλῶς
616 4288 995 4358 φυλαττομένων
1028 4288 1245 4344 κανόνων
1263 4331 1273 4344 .
1305 4291 1386 4344 ἶνα
1410 4291 1584 4364 μικρὸν
1613 4289 1841 4365 ὰναψύξῃ
1867 4294 1898 4350 ἠ
1919 4298 2010 4348 τοῦ

425 4384 556 4453 φεοῦ
583 4378 822 4436 ἐκκλησία
848 4380 1042 4435 τούτων
1071 4380 1483 4455 έλιυθερουμίνη,
1513 4384 1596 4435 καί
1622 4383 1854 4453 μάθωσιν
1880 4385 1926 4438 οί
1947 4392 2010 4460 τῇ

423 4478 725 4545 ποιμαντικῇ
760 4474 847 4524 καί
880 4479 953 4543 τῷ
999 4471 1163 4544 κλήρῳ
1195 4472 1490 4546 προσελθεῖν
1525 4476 1687 4543 τούτῳ
1725 4480 1799 4546 τῷ
1837 4474 2007 4549 τρόπῳ

2124 3273 2419 3340 pontificali
2449 3274 2707 3343 dignitate
2735 3288 2894 3346 atque
2924 3278 3161 3334 efficacia
3180 3319 3197 3344 ,
3227 3290 3282 3334 et
3305 3280 3537 3349 seipsum
3569 3279 3696 3337 sub-

2118 3366 2334 3420 mittere
2356 3368 2788 3423 condemnationi
2815 3370 3187 3439 praedictorum
3219 3372 3614 3436 haereticorum,
3638 3379 3696 3432 et

2118 3465 2325 3527 partem
2354 3459 2562 3514 illorum
2588 3461 2890 3530 accepisse,
2918 3465 3142 3518 alterum
3170 3479 3299 3519 vero
3329 3480 3426 3533 pro
3454 3465 3562 3521 isto
3588 3465 3693 3521 Ec-

2118 3550 2299 3606 clesiae
2324 3551 2727 3621 Trapt-zttntinte
2754 3554 3111 3610 ordinandum
3140 3571 3281 3611 esse.
3326 3556 3518 3611 Verum
3554 3572 3699 3625 quo-

2119 3646 2261 3699 niam
2293 3660 2395 3699 non
2424 3647 2595 3701 solum
2623 3647 2756 3712 iste,
2782 3646 2875 3703 sed
2909 3656 2967 3703 et
2989 3649 3169 3704 caeteri
3207 3650 3442 3717 episcopi
3463 3690 3481 3713 .
3507 3649 3690 3707 clerici

2117 3746 2173 3791 et
2199 3736 2629 3792 archimandritas
2660 3738 2712 3792 in
2739 3754 2932 3810 magno
2956 3754 3178 3794 numero
3196 3780 3211 3802 ,
3242 3741 3329 3809 qui
3360 3739 3572 3794 insidiis
3593 3740 3689 3794 ad-

2118 3841 2303 3882 versus
2332 3826 2425 3881 Dei
2458 3827 2751 3907 Ecclesiam
2777 3838 3024 3893 utuntur,
3056 3840 3109 3886 et
3141 3839 3360 3899 propter
3385 3830 3485 3885 hoc
3512 3832 3695 3902 solum

2116 3918 2168 3974 in
2207 3922 2307 3975 hac
2332 3921 2546 3975 civitate
2572 3932 2974 3977 commorantur
3003 3924 3052 3978 ei
3094 3935 3143 3979 et
3191 3924 3455 3979 universis
3502 3926 3688 3981 Eccle-

2115 4011 2210 4067 siis
2252 4013 2677 4087 perturbationes
2706 4013 2835 4069 dare
2865 4015 3012 4069 nullo
3044 4017 3201 4072 modo
3224 4029 3501 4084 recusant;
3535 4034 3687 4089 roga-

2116 4120 2231 4157 mus
2258 4113 2312 4159 et
2333 4106 2611 4160 universos
2640 4108 2768 4163 tales
2796 4107 2861 4162 ad
2889 4123 2983 4163 vos
3013 4110 3201 4164 adduci
3225 4152 3243 4175 ,
3276 4121 3327 4166 et
3360 4127 3543 4181 poenas
3564 4127 3693 4167 sus-

2116 4196 2288 4251 tinere
2314 4199 2609 4254 eanonibus
2632 4200 2990 4256 condccentes
3010 4242 3028 4265 ,
3055 4205 3251 4272 qttipl'e
3279 4216 3330 4259 et
3354 4206 3404 4258 in
3431 4205 3686 4272 prtedicto

2114 4288 2370 4343 Anthinto
2391 4300 2446 4344 et
2483 4290 2598 4345 istis
2623 4292 2867 4346 omnibus
2903 4293 2989 4360 τίς
3014 4293 3155 4349 laute
3177 4294 3324 4365 justo
3347 4294 3549 4365 judicio
3587 4309 3687 4351 ca-

2117 4396 2319 4434 nonum
2345 4397 2375 4435 a
2403 4383 2555 4438 vobis
2579 4384 2713 4439 bene
2739 4384 3122 4440 custoditorum
3147 4428 3161 4451 ,
3192 4398 3251 4441 ut
3288 4389 3554 4457 paululum
3594 4404 3681 4444 re-

2114 4471 2397 4542 frigeretur
2428 4474 2520 4528 Dei
2555 4474 2788 4528 Ecaiesia
2810 4515 2827 4541 ,
2858 4475 2926 4529 ab
2955 4476 3070 4530 istis
3101 4477 3356 4543 liberata;
3407 4488 3461 4533 et
3485 4493 3685 4547 cogno-

420 4562 745 4633 βουλόμενοι.
786 4565 856 4621 ὡς
900 4565 988 4617 οὐκ
1025 4567 1098 4623 εἰς
1144 4565 1282 4624 τέλος
1323 4568 1786 4639 παρασιωπήσεται
1814 4567 2006 4643 κύριος,

2118 4575 2262 4618 scant
2295 4565 2384 4635 qui
2419 4567 2484 4619 ad
2526 4566 2845 4635 pastoralem
2876 4581 3058 4621 curam
3086 4576 3140 4623 et
3166 4569 3366 4623 clerum
3394 4569 3495 4624 hoc
3520 4569 3682 4627 modo

423 4653 529 4707 ἀλλ’
556 4655 940 4724 άπαγρυπνήσει
969 4655 1051 4708 ἐπί
1078 4658 1194 4713 τούς
1220 4657 1481 4716 τοιούτους
1505 4654 1778 4730 ποιμένας,
1820 4658 1889 4731 ἐφ’
1917 4657 2006 4719 οὐς

423 4746 555 4805 κατά
578 4746 663 4799 τὸν
686 4748 938 4819 προφήτην
967 4750 1052 4801 καί
1076 4745 1374 4822 παρωξύνθη
1407 4746 1433 4802 ὁ
1464 4750 1620 4819 θυμός
1648 4752 1829 4806 αὐτοῦ.
1847 4747 2006 4807 Οὐτοι

421 4837 515 4908 γάρ
542 4832 703 4897 οὗτοι,
727 4840 1073 4907 ποιμαίνοντες
1094 4840 1149 4891 οὐ
1170 4841 1236 4893 τὰ
1264 4838 1525 4911 πρόϐατα,
1548 4840 1652 4893 ἀλλ’
1673 4841 1902 4907 ἑαυτούς,
1920 4846 2006 4897 καί

421 4927 813 5005 ᾗδελνσσόμενοι
840 4937 994 5004 κρῖμα
1012 4971 1029 4993 ,
1072 4934 1155 4985 καί
1177 4930 1348 4987 πάντα
1371 4935 1437 4988 τὰ
1472 4933 1595 5006 ὀρθά
1622 4932 2004 5010 διαστρέφοντες

421 5020 544 5098 παρ’
572 5022 713 5077 οὐδὲν
738 5020 903 5076 ἔθεντο
928 5029 1017 5082 την
1045 5028 1173 5077 κατά
1203 5033 1293 5085 τῆς
1315 5025 1573 5086 ἐκκλησίας
1599 5028 1892 5092 ἐπιϐουλήν,
1921 5032 2006 5083 καί

421 5120 510 5172 την
528 5121 628 5170 τῶν
654 5114 811 5188 ἁγίων
838 5116 1070 5189 πατέρων
1088 5116 1437 5189 βλασφημίαν,
1461 5120 1520 5178 ἣν
1544 5119 1870 5186 ἐκδικοῦντες,
1898 5144 2002 5193 μοι*

422 5210 744 5281 καριώτατοι,
778 5206 1123 5281 προσδέξασθε
1159 5214 1244 5266 τήν
1277 5211 1519 5283 ἡμετέραν
1559 5212 1742 5265 ἱκεσίαν
1788 5215 1869 5267 καὶ
1910 5218 2003 5272 τήν

421 5304 560 5375 παρὰ
580 5308 671 5358 τοῦ
699 5309 825 5358 Θεοῦ
854 5301 1090 5356 δοθεῖσαν
1112 5304 1236 5371 ύμῖν
1262 5306 1511 5368 ἐξουσίαν,
1542 5304 1620 5359 ἐπ’
1647 5307 1836 5367 αὐτούς
1867 5310 1999 5364 κινή-

415 5415 597 5454 σαντες
649 5395 957 5467 καθαρίσατε
988 5400 1078 5453 την
1120 5402 1208 5450 τοῦ
1238 5403 1364 5449 Θεοῦ
1401 5396 1661 5455 ἐκκλησίαν
1686 5404 1785 5451 τῶν
1821 5396 1995 5461 λύκων,

416 5486 679 5556 έπαφέντες
705 5487 877 5545 αὐτοῖς
914 5487 972 5540 οὐ
998 5493 1087 5547 τήν
1115 5492 1470 5560 ποιμαντιειην,
1518 5487 1640 5541 ἀλλὰ
1665 5492 1754 5545 τὴν
1780 5487 1995 5545 παιδευσ-

418 5584 554 5633 τικην
578 5577 717 5646 ὐμῶν
743 5575 947 5649 ῥάϐδον.
977 5573 1072 5648 κᾷν
1097 5578 1197 5651 γάρ
1226 5584 1485 5649 μετανοεῖν
1518 5577 1929 5650 ἐπαγγείλωνται,
1962 5580 1995 5638 ἠ

419 5668 745 5739 σρολαξοῦσα
774 5669 940 5721 αὐτῶν
968 5675 1068 5732 ζωή
1112 5666 1281 5723 ἄλλοτε
1341 5666 1502 5728 ἄλλως
1542 5677 1645 5729 τοῖς
1684 5677 1883 5740 καιροῖς
1910 5674 1992 5724 καί

412 5760 469 5810 οὐ
490 5766 548 5831 rp
574 5759 765 5832 ἁληθείί
793 5758 1322 5832 συμμεταίῖαλλομένη,
1348 5759 1672 5814 πιστεύεσθαι
1698 5761 1757 5815 τὰ
1782 5763 1988 5830 ποίμνια

2107 4655 2286 4708 venire
2313 4648 2591 4726 volunl,q
2617 4655 2699 4710 :od
2733 4672 2837 4710 non
2882 4658 2933 4709 in
2970 4657 3127 4711 linem
3158 4658 3350 4713 tacebit
3383 4659 3679 4725 Dominus.

2105 4746 2197 4823 sed
2229 4748 2497 4817 evigilavit
2524 4763 2686 4817 super
2710 4748 2842 4803 tales
2870 4761 3133 4819 pa~tores,
3163 4767 3318 4821 super
3335 4769 3460 4821 quas
3488 4769 3683 4809 secun-

2105 4848 2229 4899 dutu
2269 4830 2580 4914 prophetam
2619 4845 2947 4901 exacerbatus
2995 4856 3066 4900 est
3111 4848 3257 4915 {urar
3297 4849 3411 4918 ejus
3442 4849 3463 4919 (
3490 4849 3683 4906 Each.

2104 4936 2625 5000 xxxvuthlstienim,
2652 4937 2735 4990 isti
2770 4947 2992 5004 pascunt
3016 4953 3119 4990 non
3147 4952 3307 5003 oves,
3330 4939 3421 4993 sed
3448 4940 3676 5007 seipsos;

2106 5036 2161 5081 et
2183 5028 2441 5097 judicium
2466 5029 2838 5082 abominantes
2858 5070 2873 5093 ,
2901 5040 2954 5081 et
2982 5020 3158 5082 omnia
3187 5041 3331 5086 recta
3359 5041 3675 5099 perverten-

2108 5127 2210 5184 les,
2227 5118 2292 5172 ad
2322 5119 2543 5173 nihilum
2576 5129 2865 5187 posuerunt
2900 5119 3155 5185 insidias,
3184 5136 3301 5190 qua:
3332 5122 3462 5176 fiunt
3488 5129 3673 5175 contra

2106 5211 2437 5277 Ecclesiant,
2478 5221 2531 5265 et
2564 5211 2945 5280 hiaSphemiatn
2977 5222 3164 5267 contra
3201 5224 3415 5268 Sanctos
3466 5214 3671 5268 Patres.

2100 5300 2270 5374 Quam
2322 5300 2668 5371 defendentes
2699 5343 2715 5367 ,
2760 5302 3082 5365 beatissimi,
3132 5306 3386 5368 Suscipite
3430 5316 3669 5363 nostram

2099 5393 2539 5461 supplicationem
2562 5435 2575 5455 ,
2603 5402 2656 5445 et
2686 5403 2996 5462 potestatem
3021 5396 3167 5449 vobis
3197 5412 3226 5449 a
3267 5397 3375 5450 Deo
3404 5396 3581 5450 datam
3610 5401 3664 5453 in

2101 5485 2248 5553 ipsos
2280 5495 2583 5550 moventes,
2627 5493 2847 5555 purgate
2878 5486 2966 5540 Dei
3008 5486 3335 5554 Ecclesiam,
3369 5499 3423 5541 et
3452 5503 3480 5541 a
3529 5489 3668 5556 lupis

2098 5577 2318 5630 liberate
2344 5618 2358 5634 .
2391 5577 2736 5629 immittentes
2761 5577 2887 5645 ipsis
2913 5593 3016 5631 non
3044 5577 3362 5647 pastoralem
3384 5620 3398 5643 ,
3431 5579 3525 5635 sed
3555 5580 3666 5638 dis-

2093 5667 2451 5730 cipliuativam
2490 5669 2690 5735 virgam
2724 5678 2976 5720 vestram.
3033 5667 3166 5721 Nam
3216 5668 3318 5723 etsi
3350 5680 3665 5739 proutzttuut

2092 5776 2148 5815 sc
2201 5760 2563 5830 paenitentiam
2615 5768 2859 5826 acturos,
2902 5762 3163 5832 prxterita
3226 5763 3334 5818 vita
3385 5758 3662 5835 ipsorum,

3636 300 3715 365 58"
