4032 6184
348 333 417 391 77
1785 319 2157 376 Ei’lSTOl..£.
3542 316 3601 372 is

802 418 1397 459 -ΑΔΙῨλᾸΑ-ᾼΙΙο-μ-ἰ
1414 451 1495 457 -———-
1522 447 1659 454 4———‘-‘
2318 446 2459 452 η--ο-σ-ν-
3128 450 3214 459 ..-

1704 499 2229 579 APPENDIX.

799 453 1397 464 __________....____-.—-—————
1414 451 1427 457 -
1436 451 1495 457 -——-
1522 447 1659 454 ~——“‘

936 730 1267 785 EPISTULA
1311 729 1348 780 Υ
1386 739 1431 779 ⁸.

718 840 781 877 ιι)
820 838 1092 876 summust
1131 839 1214 876 cr.
1258 836 1539 875 EPISCOPUH
1573 821 1610 871 ι.

342 939 587 996 arma
616 940 669 991 in
699 936 900 991 Christo
929 937 1058 989 duas
1103 936 1350 1001 perfectas
1394 951 1499 988 esse
1546 942 1755 984 naturas
1782 947 1799 984 :
1830 932 1934 983 An-

534 1010 745 1062 thimum
775 1008 1087 1060 contrarium
1114 1019 1414 1060 asserentem
1442 1008 1713 1057 dantuans.

424 1102 693 1168 Agapetus
720 1098 972 1153 Anthimo
1002 1098 1254 1166 episcotm
1283 1099 1531 1151 salutem.

424 1192 589 1247 Multo
632 1191 828 1262 gaudio
868 1205 1041 1245 essem
1090 1190 1325 1258 repletus
1354 1192 1374 1220 ¹
1394 1228 1408 1253 ,
1439 1190 1482 1243 si
1513 1197 1564 1241 te
1596 1187 1754 1241 talem
1788 1185 1929 1239 circa

350 1284 609 1340 Ecclesia:
655 1297 841 1351 pacem
886 1292 938 1337 et
978 1282 1348 1352 gloriosissimi
1391 1280 1727 1348 imperatoris
1772 1290 1930 1346 atque

353 1373 541 1444 pepuli
590 1373 887 1427 doctrinam
920 1373 1262 1442 reperissent,
1293 1370 1503 1441 qualem
1534 1380 1583 1424 te
1616 1370 1667 1423 in
1704 1370 1927 1437 primor-

352 1465 447 1520 dio
472 1481 593 1520 esse
622 1464 825 1519 audivi.
849 1463 953 1519 Sed
983 1479 1145 1530 nunc,
1172 1463 1291 1534 quia
1314 1463 1598 1523 didicimus
1622 1478 1652 1515 a
1680 1475 1932 1515 reveren-

352 1555 594 1610 dissimis
618 1555 892 1621 tratribus,
919 1562 969 1610 te
994 1564 1184 1610 contra
1203 1562 1397 1607 statuta
1431 1553 1666 1616 Patrum,
1699 1551 1927 1618 impexa.

356 1656 529 1702 torem
579 1656 635 1702 et
688 1646 921 1714 reliquos
972 1644 1198 1716 populos
1250 1643 1477 1707 docere,
1529 1643 1597 1696 ita
1646 1652 1704 1695 ut
1744 1648 1930 1709 negata

354 1740 608 1795 humana:
648 1742 824 1794 carnis
852 1742 873 1769 ⁸
900 1746 1061 1807 atque
1086 1737 1277 1793 anima:
1314 1738 1560 1802 veritate,
1587 1745 1789 1790 tantum
1824 1734 1928 1787 Do-

356 1833 563 1885 minum
588 1844 832 1885 nosrrum
860 1830 1041 1885 Jesum
1075 1830 1351 1885 Christum
1387 1828 1541 1882 unius
1570 1841 1787 1880 asseras
1810 1839 1932 1879 esse

355 1932 588 1989 natura},
641 1932 909 1992 tanquam.
938 1921 1097 1977 Verbi
1152 1920 1323 1975 deitas
1378 1920 1491 1989 ipsa
1532 1934 1590 1974 se
1633 1918 1685 1973 in
1716 1933 1929 1972 caruere

354 2014 701 2083 animamque
750 2013 984 2077 verterit,
1016 2023 1071 2068 et
1115 2023 1363 2082 tanquam
1402 2012 1609 2080 concipi
1654 2025 1715 2065 ac
1758 2011 1927 2072 nasci,

1954 727 2002 783 A
2032 732 2080 776 et
2119 738 2238 776 cum
2274 723 2556 791 Evangelia
2585 724 2817 777 veritatis
2846 739 2947 792 qua
2993 724 3195 776 ratione
3243 724 3594 786 concordent,

2034 817 2077 869 si
2113 832 2205 886 per
2232 816 2461 885 Virginis
2489 826 2693 885 partum
2725 826 2813 868 aut
2843 832 2967 868 raro
2995 817 3109 870 sine
3132 818 3342 882 deitate,
3369 832 3457 872 aut
3479 822 3595 873 dei-

2038 917 2118 961 tas
2142 918 2222 960 est
2244 922 2359 962 orta
2394 909 2511 961 sine
2539 923 2719 961 carne.
2749 907 2898 960 Sicut
2920 908 3060 959 enim
3086 908 3265 977 negari
3294 925 3397 961 nou
3431 922 3606 976 μοιμοι

2036 1000 2398 1068 (evangelista
2429 999 2674 1068 dicente)
2702 997 2843 1067 quod
2887 997 3099 1052 Verbum
3136 1016 3254 1051 caro
3284 1004 3475 1069 factum
3504 1020 3600 1058 est,

2034 1098 2079 1141 et
2106 1089 2343 1143 habitavit
2385 1091 2437 1143 in
2461 1091 2605 1143 nobis
2643 1088 2832 1157 (Joun.
2866 1088 2915 1159 ι)
2947 1108 2958 1140 :
2994 1091 3059 1142 ita
3094 1094 3269 1158 negari
3298 1107 3401 1144 non
3434 1102 3606 1160 potest

2033 1179 2229 1251 (beato
2272 1181 2517 1249 apostolo
2562 1184 2725 1235 Paulo
2766 1181 3121 1249 praedicante)
3149 1183 3285 1250 quod
3329 1183 3464 1236 Deus
3495 1196 3604 1236 erat

2033 1271 2087 1324 in
2114 1270 2334 1339 Christo,
2369 1272 2614 1329 mundum
2644 1273 2973 1326 reconcitiaus
3002 1274 3093 1325 sibi
3124 1271 3212 1340 (ll
3237 1273 3356 1330 Cor.
3384 1280 3605 1341 v).Qu:u

2033 1375 2212 1421 autem
2254 1368 2621 1421 reconciliatio
2650 1383 2769 1422 esse
2804 1375 3000 1436 posset,
3030 1383 3130 1436 qua
3161 1368 3394 1421 humano
3420 1372 3604 1437 generi

2033 1457 2470 1527 repropitiaretur
2516 1458 2675 1521 Deus,
2719 1459 2763 1513 si
2815 1457 3045 1512 hominis
3086 1474 3298 1511 causam
3347 1460 3605 1511 Medianu-

2034 1548 2128 1604 Dei
2169 1557 2224 1603 et
2252 1550 2524 1604 hominum
2572 1566 2676 1605 non
2719 1552 3051 1620 susciperet?
3084 1552 3197 1617 Qua
3229 1568 3353 1604 vero
3398 1554 3605 1605 ratione

2034 1634 2309 1695 veritatem
2343 1642 2648 1697 Mediatoris
2691 1642 2901 1708 implet,
2935 1643 3033 1699 nisi
3063 1646 3184 1711 quia
3216 1644 3303 1710 qui
3340 1644 3391 1695 in
3436 1642 3603 1696 forma

2037 1734 2129 1786 Dei
2153 1735 2371 1801 a-qualis
2396 1743 2478 1788 est
2505 1735 2669 1799 Patri,
2704 1736 2754 1788 in
2784 1734 2951 1788 forma
2986 1734 3126 1788 servi
3172 1736 3436 1803 particeps
3466 1748 3604 1788 esset

2036 1836 2089 1879 et
2128 1826 2316 1891 nostri,
2346 1836 2403 1880 ut
2444 1827 2631 1881 mortis
2658 1829 2927 1882 vinculum
2973 1829 3130 1884 unius
3175 1830 3605 1899 praevaricatione

2035 1928 2366 1972 contractum
2397 1918 2556 1973 unius
2597 1930 2789 1981 morte,
2821 1920 2909 1988 qui
2959 1921 3105 1974 solus
3137 1918 3295 1974 morti
3342 1920 3471 1974 niltil
3516 1921 3605 1972 dv-

2038 2010 2173 2070 buit,
2201 2011 2538 2066 solveretur?
2558 2010 2755 2066 Eﬂ'usio
2785 2014 2925 2067 enim
2950 2012 3078 2082 justi
3111 2015 3383 2082 sanguinis
3410 2013 3606 2067 Christi

355 2108 550 2164 nutriri
582 2116 639 2162 et
662 2121 927 2171 crescere,
954 2107 1190 2175 cruciﬁgi
1223 2123 1284 2160 ac
1313 2108 1444 2160 tnori
1468 2146 1480 2167 ,
1515 2104 1726 2173 sepeliri
1758 2118 1819 2157 ac
1850 2120 1931 2157 re-
1962 2104 2009 2163 B
2037 2110 2140 2151 tam
2175 2099 2269 2153 fuit
2298 2102 2450 2154 dives
2481 2102 2544 2154 ad
2580 2102 2827 2171 pretium,
2861 2112 2918 2155 ut
2946 2103 2992 2157 si
3027 2102 3343 2158 universitas
3370 2105 3606 2172 captivo.

353 2213 607 2268 surgere,
629 2206 681 2252 et
703 2197 992 2252 ascendere
1022 2197 1072 2250 in
1102 2198 1317 2252 coelum.
1343 2197 1530 2250 sedere
1560 2195 1622 2249 ad
1656 2195 1929 2248 dexteram

360 2286 556 2352 Patris,
591 2287 775 2341 venire
820 2287 887 2342 ad
930 2287 1250 2356 judicandos
1300 2288 1451 2339 vivos
1480 2298 1530 2341 et
1562 2296 1816 2349 lliOt‘lllttS,
1851 2285 1930 2339 tli-

356 2383 499 2437 vina:
541 2391 744 2435 tantum
777 2382 1066 2435 voluntatis
1114 2381 1290 2445 fuerit,
1324 2396 1444 2450 qua:
1475 2379 1603 2432 nihil
1655 2379 1844 2432 horum
1879 2379 1928 2430 in

356 2489 421 2530 se
475 2476 595 2529 sine
637 2474 813 2529 carnis
866 2474 1053 2543 recipit
1104 2476 1367 2528 veritate:
1398 2488 1515 2542 qua:
1566 2485 1751 2527 natura
1784 2474 1926 2525 unira

356 2578 565 2622 naturae
596 2564 788 2629 Patris,
822 2575 1008 2619 natura
1039 2577 1120 2619 est
1156 2564 1397 2635 Spiritus
1440 2566 1632 2629 sancti,
1665 2563 1929 2631 simulque

355 2658 726 2725 impassibilis,
779 2659 1047 2726 simulque
1092 2659 1557 2723 incommutabilis,
1590 2658 1931 2727 sempiterna:

357 2749 641 2810 Trinitatis
685 2750 911 2804 indivisa
945 2750 1140 2814 unitas,
1170 2759 1226 2805 et
1254 2750 1410 2804 unius
1442 2749 1726 2804 voluntatis
1756 2765 1929 2817 acqua-

357 2841 502 2895 litas.
542 2841 691 2896 Unde
718 2843 763 2896 si
797 2843 985 2911 aliquis
1017 2844 1169 2896 mala:
1201 2844 1484 2897 voluntatis
1516 2843 1697 2905 homo,
1728 2851 1817 2895 aut
1846 2842 1896 2896 in
1916 2869 1929 2878 -

356 2931 536 2993 ﬁdefis
586 2938 809 3003 quisque
854 2933 1124 2994 desciscit,
1176 2950 1242 2988 ne
1287 2934 1631 2988 convincatur
1679 2934 1929 2988 deitatem

357 3023 666 3091 passibilem
712 3024 931 3087 sentire,
968 3034 1126 3094 atque
1155 3025 1455 3089 mortalem,
1485 3035 1540 3080 et
1564 3033 1738 3078 tamen
1777 3025 1929 3079 Verbi

357 3115 640 3177 incarnati,
672 3116 721 3167 il
759 3124 842 3170 est
872 3115 1032 3170 Verhi
1061 3128 1117 3171 et
1154 3118 1333 3171 carnis
1366 3132 1520 3170 unam
1563 3133 1724 3170 ausus
1774 3115 1934 3171 fuerit

357 3209 709 3276 pronuntiare
752 3218 992 3261 naturam
1020 3250 1035 3275 ,
1067 3209 1346 3263 manifeste
1375 3208 1426 3261 itt
1458 3218 1696 3276 apertam
1737 3219 1791 3259 et
1826 3207 1932 3260 Deo

357 3297 612 3352 odibilem
654 3300 845 3351 transit
895 3298 1178 3363 insaniam,
1224 3298 1312 3368 qui
1361 3299 1709 3353 mediatorem
1763 3300 1850 3352 Dei
1878 3306 1934 3352 et

357 3389 658 3454 hominum,
710 3390 976 3447 hominem
1029 3390 1212 3446 Jesum
1259 3391 1552 3455 Christum,
1602 3389 1932 3443 sitnulatorie

2038 2208 2152 2246 rum
2185 2193 2235 2246 in
2270 2193 2678 2262 Redemptorem
2711 2211 2863 2249 suum
2891 2196 3155 2256 crederet,
3184 2195 3382 2249 nullum
3413 2197 3606 2248 dialiott

2046 2286 2311 2341 vinculum
2358 2290 2632 2342 retineret.
2665 2288 2923 2354 Quoniam
2974 2288 3067 2361 (si:
3088 2297 3146 2341 ut
3174 2289 3462 2356 Apostolus
3493 2289 3565 2341 ait
3592 2297 3604 2353 ι

2036 2380 2121 2430 ubi
2176 2380 2453 2433 abundavit
2511 2393 2808 2447 peccatum,
2862 2383 3289 2451 superabundavit
3342 2391 3389 2435 et
3442 2384 3606 2452 gratio

2034 2469 2210 2538 (Rom.
2243 2472 2321 2542 v).
2356 2472 2421 2527 Et
2444 2489 2561 2525 rum
2592 2476 2690 2527 sub
2728 2474 2927 2542 peccati
2958 2474 3263 2542 prmjudicio
3294 2475 3401 2528 nati
3436 2485 3609 2542 potes-

2036 2573 2197 2616 tatem
2246 2565 2549 2633 acreperint
2596 2565 2661 2618 ad
2712 2567 2972 2633 justitiam
3017 2568 3351 2638 renascendi,
3380 2569 3609 2623 validius

2037 2656 2233 2709 fartum
2264 2666 2347 2710 cst
2372 2662 2565 2711 «tonum
2603 2658 2885 2723 libertatis,
2912 2674 3071 2728 quam
3107 2658 3341 2713 debitum
3383 2662 3609 2714 servitu.

2038 2750 2126 2801 tis.
2152 2747 2318 2814 Quam
2366 2749 2542 2816 itaque
2584 2748 2681 2802 sibi
2714 2750 2766 2802 in
2797 2749 2953 2817 hujus
2990 2752 3311 2803 sacramenti
3362 2754 3608 2820 prtcsiatio

2037 2854 2187 2907 spem
2236 2840 2563 2908 relinquunt,
2610 2842 2697 2909 qui
2746 2843 2795 2893 in
2849 2843 3122 2896 Salvatore
3178 2855 3364 2898 nostro
3420 2856 3609 2914 negant

2038 2931 2253 2985 humani
2302 2936 2543 2999 corporis
2593 2933 2906 2988 veritatem?
2949 2934 3139 2989 Dieant
3190 2952 3297 3005 quo
3349 2938 3609 2991 sacriiitio

2038 3023 2384 3089 I'CCOltCiiiaii,
2414 3040 2520 3092 quo
2558 3025 2818 3095 sanguine
2862 3034 2987 3078 sunt
3031 3025 3336 3094 redempti?
3364 3026 3491 3094 Quis
3536 3039 3609 3081 est

2036 3114 2127 3185 (ut
2156 3115 2441 3184 Apostolus
2484 3112 2591 3184 ait)
2618 3116 2707 3181 qui
2736 3116 2944 3169 tradidit
2982 3117 3303 3187 semetipsum
3341 3134 3434 3187 pro
3465 3116 3609 3174 nabis

2035 3206 2340 3261 oblationem
2403 3215 2452 3260 et
2513 3207 2730 3261 hostium
2790 3206 2895 3261 Deo
2953 3209 3005 3261 in
3068 3209 3275 3262 odorem
3345 3214 3489 3264 suavi
3512 3213 3611 3268 atii

2037 3295 2262 3367 (Ephes.
2284 3296 2386 3365 v)?
2416 3304 2508 3350 aut
2534 3297 2675 3367 quod
2700 3312 2929 3367 unquam
2961 3298 3275 3352 sacriﬁcium
3303 3300 3397 3353 fuit
3428 3318 3610 3355 sacra-

2040 3390 2160 3453 tius,
2191 3404 2350 3457 quam
2379 3387 2518 3457 quod
2548 3403 2702 3443 verus
2729 3397 2783 3443 et
2803 3399 3035 3451 internus
3060 3391 3296 3457 pontifex
3324 3392 3480 3445 altari
3498 3408 3630 3447 crus

356 3480 536 3535 credit
562 3481 738 3533 omnia
770 3482 947 3550 egisse
968 3523 981 3547 ,
1013 3499 1111 3537 nec
1138 3498 1318 3536 verum
1349 3482 1403 3538 in
1438 3482 1553 3550 ipso
1576 3494 1770 3549 corpus
1793 3520 1808 3543 ,
1838 3479 1931 3533 sed
1962 3483 2015 3545 C
2037 3482 2116 3536 cis
2137 3495 2234 3550 per
2262 3482 2681 3554 immolationem
2716 3496 2828 3536 θυαε
2867 3483 3042 3536 carnis
3078 3482 3368 3550 impOsnit?
3396 3484 3460 3537 In
3485 3503 3610 3539 ωη-

356 3574 747 3643 pbantasticam
796 3574 912 3644 ejus
955 3575 1195 3641 corporis
1247 3575 1503 3643 Speciem,
1551 3572 1718 3626 oculis
1766 3586 1932 3640 appa-

357 3670 534 3722 ruisse
569 3669 923 3723 cernentium.
968 3670 1098 3736 Qua:
1148 3669 1434 3737 impietatis
1487 3668 1760 3722 mendacia
1804 3682 1934 3735 quo-

356 3759 509 3811 niam
539 3758 662 3811 olim
695 3759 825 3813 ﬁdes
853 3759 1111 3813 catholica
1165 3760 1480 3825 detestatur,
1511 3769 1566 3813 et
1600 3760 1721 3811 talia
1761 3772 1933 3811 asser-

353 3847 563 3900 tionum
615 3849 894 3917 sacrilegia
942 3826 1305 3904 concordibus
1348 3865 1442 3919 per
1475 3861 1639 3903 totum
1675 3850 1931 3903 mundum

352 3936 637 3990 beatorum
669 3937 882 3992 Panum
918 3939 1114 3993 dudutn
1145 3949 1268 3995 Sunt
1315 3940 1563 3993 damnata
1609 3940 1929 4003 sententiis;

351 4042 464 4081 non
494 4026 713 4081 dubium
739 4039 841 4094 est,
872 4045 988 4085 eam
1022 4046 1119 4085 nos
1144 4031 1300 4085 tidem
1329 4031 1623 4101 prtea'icare
1643 4042 1801 4100 atque
1830 4031 1929 4085 dc-

350 4118 598 4180 fendere,
629 4136 786 4190 quam
832 4123 1000 4177 sancti
1039 4124 1265 4192 apostoli
1315 4124 1633 4187 docuerunt,
1662 4132 1716 4178 et
1745 4123 1931 4178 hacte-

350 4228 459 4268 nos
489 4227 675 4267 eorum
714 4230 1047 4284 suorumque
1088 4231 1465 4272 successorum
1489 4233 1720 4286 sequens
1749 4228 1931 4273 sancta

349 4303 473 4358 hac
503 4302 744 4363 Romana
782 4317 836 4362 et
881 4308 1173 4378 apostolica
1226 4309 1470 4365 Ecclesia
1499 4309 1798 4365 doctrinam
1847 4321 1929 4363 te-

350 4398 472 4455 nuit
500 4411 564 4451 ac
604 4409 765 4465 tenet,
801 4399 980 4455 docuit
1020 4412 1074 4455 et
1101 4402 1277 4457 docet.
1306 4402 1359 4457 Si
1389 4402 1602 4470 quidam
1634 4400 1656 4432 ⁸
1686 4403 1827 4456 enim
1858 4401 1931 4454 ita

349 4498 478 4542 sunt
507 4486 791 4554 obctecati,
817 4501 870 4546 et
899 4507 929 4544 a
960 4492 1161 4547 lumine
1192 4493 1430 4547 veritatis
1458 4492 1642 4557 alieni,
1674 4503 1729 4545 ut
1766 4490 1929 4545 Verbi

350 4576 449 4632 Dei
497 4592 529 4633 a
572 4590 812 4651 tetupore
865 4583 1245 4639 incarnationis
1298 4584 1565 4654 denegem
1610 4584 1930 4647 veritatem,

349 4671 643 4726 ostendant
678 4672 731 4727 in
775 4688 881 4728 ouo
909 4673 1010 4729 sibi
1036 4673 1394 4729 Christianum
1422 4689 1614 4729 nomen
1646 4686 1930 4739 usurpem,

430 4865 460 4941 ft
486 4846 607 4908 Haec
629 4871 730 4925 qua
760 4858 1042 4941 Authimus
1064 4858 1128 4911 de
1158 4857 1346 4941 heresi
1371 4856 1697 4941 Eutychiana
1739 4857 1920 4941 redar-
1959 4836 2011 4896 D

349 4927 552 4999 καίων,
577 4934 1046 4999 qmcqneAgapeto
1068 4930 1368 4996 ascribitur,
1401 4930 1707 4994 imposturaa
1737 4932 1913 4998 suspi-

350 5004 509 5053 cione
539 4999 623 5051 Iab
646 5008 760 5050 arat.
792 5000 920 5051 Nam
951 5015 1071 5052 cum
1098 5001 1380 5053 Autliimus
1434 5016 1527 5064 per
1574 5000 1779 5053 litteras
1825 5003 1919 5056 Se—

352 5072 488 5134 veri,
512 5083 757 5137 cumquo
784 5068 1237 5137 Constantinoimli
1267 5069 1466 5125 diutius
1491 5082 1691 5137 egerat,
1715 5072 1781 5125 de
1813 5073 1920 5126 Ιιίε-

349 5138 865 5206 midiﬂamaretor,
896 5140 1054 5194 homo
1099 5141 1318 5194 callidus
1366 5156 1425 5193 se
1468 5141 1771 5207 juramento
1823 5158 1919 5201 ex-

351 5212 619 5284 purgavit,
670 5222 831 5278 atque
868 5226 1048 5264 caram
1093 5212 1209 5277 ipso
1271 5213 1592 5280 imperatore
1646 5214 1917 5281 professus

350 5293 455 5343 est,
481 5294 541 5335 se
571 5284 623 5333 in
650 5284 898 5335 omnibus
919 5296 1262 5339 assensurum
1296 5286 1357 5335 iis
1387 5300 1504 5350 qua:
1526 5285 1680 5338 sedes
1707 5296 1919 5349 aposto-

351 5352 456 5407 lica
490 5352 767 5404 sentienda
807 5365 1144 5421 proponeret.
1188 5355 1410 5407 Aci-edit
1462 5354 1601 5421 quod
1647 5356 1810 5411 etiam
1852 5372 1917 5411 ex

352 5424 484 5477 falsa
515 5422 737 5475 omnino
758 5423 1031 5477 consulum
1066 5434 1188 5476 nota
1218 5425 1497 5478 Justiuiaui
1523 5442 1590 5490 qu
1611 5439 1764 5480 irtum
1796 5444 1916 5482 cum

350 5493 680 5567 Theodato‘
724 5507 819 5547 seu
870 5493 1044 5562 potius
1077 5494 1358 5548 Theodoro
1406 5496 1606 5565 Collega
1653 5499 1917 5567 detegitur

351 5564 680 5635 impostura;
709 5582 827 5635 cum
860 5568 1152 5630 reperiatur
1180 5568 1288 5630 ipsi
1317 5564 1563 5631 epistula
1591 5574 1709 5620 data
1740 5564 1920 5622 calen-

350 5636 437 5690 dis
450 5634 569 5693 Maii
587 5635 708 5708 anni
731 5634 857 5708 55$,
879 5653 985 5701 quo
1000 5636 1232 5689 Joannes
1254 5638 1290 5656 "
1311 5640 1672 5705 praedecessor
1692 5640 1912 5708 Agapeti

350 5707 529 5758 adhuc
556 5705 789 5759 vivebat.
847 5707 955 5762 lttlo
976 5708 1088 5773 ipse
1116 5709 1282 5777 styitts
1311 5708 1379 5761 ab
1409 5708 1472 5761 aii
1498 5724 1523 5762 s
1567 5705 1781 5776 Agapeti
1812 5705 1921 5776 ept-

350 5778 504 5833 stulis
536 5776 691 5843 longe
716 5778 785 5830 ὡ·
803 5780 957 5831 e‘rstts
991 5788 1128 5833 hanc
1148 5779 1420 5845 epistolam
1443 5779 1667 5837 ulterius
1690 5796 1849 5849 paret)
1877 5786 1920 5835 is

2035 3584 2207 3643 specta
2225 3573 2428 3627 Domini
2462 3575 2683 3643 pretiosa
2704 3590 2839 3627 mors
2852 3576 3115 3645 justorum
3144 3575 3240 3643 fuit
3264 3574 3432 3647 (Psal.
3459 3583 3604 3637 cxv);

2037 3666 2231 3721 nullius
2262 3675 2436 3723 tamen
2466 3666 2691 3721 insontis
2721 3667 2917 3721 occisio
2947 3668 3244 3736 redemptio
3277 3669 3376 3722 fuit
3402 3674 3609 3723 tumuli.

2037 3758 2371 3825 Acceperunt
2401 3760 2545 3824 iusti,
2575 3774 2681 3812 non
2711 3759 2977 3813 dederunt
3004 3764 3251 3813 coronas.
3282 3760 3360 3816 De
3391 3760 3606 3815 fortiu-

2036 3852 2157 3905 dine
2190 3849 2420 3903 ﬁdelium
2445 3852 2683 3915 exempla
2716 3861 2836 3904 nata
2859 3862 2981 3904 sunt
3013 3853 3300 3919 patzcntizr,
3334 3869 3436 3905 non
3467 3855 3606 3907 dona

2033 3942 2271 4009 institue.
2306 3942 2613 4011 singulares
2642 3944 2836 4010 quippe
2882 3943 2933 3995 iu
2984 3944 3208 4007 singulis
3258 3956 3458 3997 mortes
3491 3946 3607 4015 fuc-

2036 4047 2178 4099 ruut,
2213 4051 2309 4088 nec
2340 4036 2559 4089 alterius
2602 4033 2880 4105 quisquam
2927 4024 3311 4088 debitum‘suo
3344 4040 3447 4087 iine
3494 4055 3611 4103 per-

2036 4132 2217 4194 solvit,
2249 4147 2368 4184 cum
2395 4130 2559 4185 Filius
2602 4130 2833 4185 hominis
2858 4147 2994 4185 unus
3025 4132 3168 4185 solus
3203 4131 3456 4185 Dominus
3485 4150 3610 4187 nos-

2038 4231 2119 4276 ter
2144 4222 2299 4275 Jesus
2326 4220 2592 4286 Christus,
2621 4222 2709 4293 qui
2756 4238 2884 4277 vere
2913 4223 3095 4290 Agnus
3137 4232 3254 4281 erat
3290 4225 3611 4286 immacula-

2038 4314 2442 4376 tus,exstiterit,
2464 4314 2513 4366 in
2535 4329 2641 4382 quo
2669 4328 2856 4368 omnes
2884 4316 3150 4377 cruciﬁxi,
3170 4334 3358 4371 omnes
3387 4323 3604 4387 mortui,

2037 4416 2224 4456 euntes
2254 4403 2481 4470 sepulti,
2513 4418 2701 4459 omnes
2730 4417 2853 4459 sunt
2881 4409 3042 4461 etiam
3092 4410 3352 4464 suscitati.
3386 4410 3460 4465 De
3492 4416 3608 4479 qui-’-

2036 4498 2137 4549 bus
2166 4496 2278 4564 ipse
2307 4496 2518 4551 dicebat
2542 4515 2553 4548 :
2588 4495 2716 4550 Cum
2745 4499 3000 4553 excitatus
3028 4505 3172 4569 fuero
3200 4518 3230 4553 a
3253 4513 3408 4567 terra,
3440 4507 3612 4557 omnia

2038 4588 2234 4645 trahant
2260 4588 2328 4643 ad
2368 4589 2615 4657 meipsum
2642 4589 2832 4659 (Joan.
2862 4591 2986 4663 XII).
3014 4592 3171 4648 Fides
3197 4598 3391 4649 etenim
3417 4596 3612 4665 justiti-

2039 4693 2168 4734 caus
2199 4681 2410 4749 impios,
2438 4690 2493 4736 et
2521 4697 2709 4736 rreans
2730 4682 2928 4753 justas,
2950 4684 3014 4739 ad
3039 4684 3353 4739 humilitatis
3378 4703 3606 4742 retracta

2036 4882 2271 4938 sobolem
2305 4896 2424 4936 es<e
2447 4882 2576 4935 satis
2608 4880 2820 4934 indicat.
2860 4881 2990 4936 Vide
3042 4882 3235 4938 Baroo.
3283 4900 3421 4937 anno
3480 4887 3605 4951 535,

2030 4973 2084 5011 η.
2118 4954 2186 5007 δὸ
2219 4957 2305 5004 "‘.
2334 4954 2462 5007 Sev.
2495 4952 2692 5005 BINIUS.

2105 5049 2117 5077 ¹
2151 5045 2357 5099 Falsam
2384 5051 2516 5097 hanc:
2548 5048 2713 5117 multa
2741 5046 2990 5111 probant;
3021 5064 3193 5117 neque.
3217 5050 3359 5102 enim
3394 5056 3599 5103 tantum

2028 5118 2333 5180 susuiciouc
2362 5117 2674 5181 impasturm
2704 5115 2924 5169 laborat.

2102 5190 2121 5219 ’
2154 5186 2463 5241 Hormisdas
2492 5202 2578 5250 ep.
2607 5186 2695 5239 80.

2101 5259 2120 5289 ⁸
2150 5259 2205 5313 S.
2242 5259 2346 5311 Leo
2372 5273 2457 5327 ep.
2491 5259 2559 5311 97
2603 5256 2742 5322 quini
2786 5258 3062 5313 advertere
3098 5260 3397 5314 debuerant
3448 5259 3609 5314 Baro-

2030 5330 2168 5386 nius.
2204 5329 2402 5391 Bittius,
2436 5329 2651 5394 aliique,
2685 5340 2737 5378 ut
2765 5333 2967 5382 ini-nuit
3000 5331 3060 5383 lt.
3090 5331 3152 5383 ϐ.

2102 5400 2123 5430 δ
2155 5400 2293 5453 litem
2327 5400 2383 5454 S.
2414 5399 2653 5452 Pontifex
2682 5399 2869 5452 eodem
2902 5401 3036 5454 loeti.

2092 5492 2109 5507 ‘
2138 5491 2357 5538 Deoilato
2386 5481 2529 5538 habet
2556 5504 2598 5538 c.
2625 5489 2750 5539 Just.

2094 5554 2130 5571 ’⁸
2159 5554 2289 5603 Obiit
2315 5556 2372 5601 26
2391 5552 2653 5603 Jtttttthtttti
2690 5553 2798 5602 555.

2188 5612 2477 5665 Praecedens
2514 5612 2729 5672 epistola,
2769 5615 2895 5670 quod
2939 5628 3024 5664 nec
3057 5615 3287 5665 Rat-anius
3312 5627 3400 5665 nec
3437 5615 3615 5666 Bittius

2027 5674 2110 5741 ani
2129 5676 2491 5741 nudum-terrui,
2510 5682 2605 5741 tota
2625 5675 2791 5741 (Iesum
2812 5685 2962 5741 »ιιι-σει
2990 5689 3053 5741 ea:
3083 5679 3238 5741 primo
3258 5690 3316 5727 ac
3355 5689 3449 5728 sec.
3474 5682 3587 5730 cant
3610 5702 3616 5708 ·

2027 5737 2126 5786 mlo
2147 5736 2356 5793 epistola:
2393 5740 2451 5787 97
2481 5736 2668 5787 'Lcouis
2709 5750 2848 5797 papa:
2874 5739 2897 5785 Ι
2960 5736 3171 5797 (Ferins.
3208 5739 3475 5791 dicendum
3502 5743 3616 5799 erat

2028 5811 2168 5869 regio
2190 5804 2454 5867 coici-tori,
2478 5800 2617 5859 cujus
2640 5809 2717 5848 est
2742 5803 2844 5850 hinc
2868 5801 3332 5865 observatiuncula.)
