4032 6184
435 179 503 243 83
1804 186 2000 245 SILVE

2137 182 2334 244 ΡΑΡᾸΕ
3611 192 3673 256 8i

442 300 750 363 liavennam
777 318 894 374 post
919 322 1112 362 annum
1138 324 1323 363 unum.
1368 275 1565 362 Eodem
1599 317 1838 375 tempore
1862 314 2006 359 tanta
2037 308 2083 363 A
2112 302 2237 358 Iesu
2279 305 2511 359 Christo.
2544 305 2607 358 Et
2655 308 2874 375 urgente
2901 306 3142 374 jussione
3180 307 3429 363 exierunt
3460 308 3680 377 quidam

441 399 607 454 fames
635 401 733 455 fuit
758 416 850 469 per
877 400 1181 455 universum
1210 400 1487 461 mundum.
1511 409 1569 453 ut
1600 398 1782 452 Datius
1802 397 2006 465 episco-

440 505 541 559 pus
561 491 790 545 civitatis
813 491 1219 545 Mediolanensis
1250 490 1506 545 relatione
1528 504 1621 544 sua
1655 488 1754 543 hoc
1785 489 2007 544 eviden-

442 593 528 634 ter
561 582 894 645 narraverit,
944 582 1082 651 quod
1117 582 1167 635 in
1216 582 1452 651 paitibus
1487 581 1713 649 Liguriae
1757 581 2008 633 mulieres

443 672 583 724 filios
631 687 755 725 suos
803 673 1163 727 comedissent
1190 671 1406 739 penuria
1459 672 1651 727 famis.
1706 671 1772 725 de
1816 669 2008 739 quibus

438 763 614 816 retulit
642 777 703 815 ex
734 763 976 817 ecclesia:
1005 778 1117 817 sua:
1164 763 1332 817 fuisse
1380 763 1597 816 familia.
1645 760 1841 816 Eodem
1875 769 2010 815 tem-

441 868 568 921 pore
596 854 890 906 ambulavit
916 853 1169 922 patricius
1199 854 1484 908 Belisarius
1516 852 1811 922 Neapolim,
1836 859 1893 905 et
1918 865 2009 904 or-

442 944 645 996 dinavit
674 960 789 997 eam
814 982 829 1008 ,
860 954 914 997 et
944 948 1278 1011 postmodum
1310 947 1455 999 venit
1481 946 1736 1010 Romani;
1766 946 1852 1013 qui
1884 958 2005 997 siis—

438 1046 625 1101 cepins
676 1049 757 1089 eSt
801 1052 827 1085 a
875 1036 1093 1089 domino
1141 1032 1374 1091 Silverio
1424 1039 1668 1106 benigne.
1740 1034 1806 1090 Et
1881 1034 2011 1088 abiit

441 1128 579 1181 Belis
619 1129 727 1181 iiiis
777 1129 1026 1195 patricius
1079 1128 1129 1180 iii
1179 1127 1432 1196 palatium
1482 1128 1789 1183 Pincianum
1838 1130 1914 1201 (a)
1960 1146 2011 1188 vi

440 1219 561 1272 litus
582 1219 763 1281 Maias.
789 1219 1077 1272 indictione
1101 1235 1186 1271 xv.
1203 1218 1353 1275 Tunc
1373 1233 1482 1274 erat
1504 1219 1727 1290 Vigilius
1749 1220 2009 1279 diaconus

440 1310 817 1376 apocrisiarius
840 1311 1319 1380 Constantinopoli.
1350 1311 1543 1366 Dolens
1564 1322 1739 1367 autem
1771 1316 2007 1383 Augusta

441 1419 536 1466 νει)
567 1402 815 1455 Anthiniii
862 1403 1155 1470 patriarcha
1182 1445 1197 1468 ,
1230 1403 1370 1472 quod
1418 1403 1694 1466 depositus
1746 1405 1934 1461 fuisset
1976 1422 2006 1460 a

438 1497 496 1547 ὃ.
528 1495 688 1560 Agap-
714 1505 765 1545 to
796 1508 949 1561 papa,
984 1495 1101 1558 quia
1128 1494 1435 1549 hmreficum
1458 1511 1578 1548 eum
1612 1497 1921 1563 reperisset,
1954 1509 2009 1551 et

440 1585 489 1635 iii
524 1585 641 1635 loco
672 1585 786 1645 eius
813 1584 1177 1637 constituisset
1201 1583 1448 1637 Mennam
1478 1599 1690 1638 servum
1723 1585 1848 1649 Dei;
1881 1596 2007 1640 tunc

2117 394 2233 448 falsi
2266 405 2449 457 testes.
2482 397 2567 465 qui
2590 396 3010 464 dixerunt:Quia
3038 413 3134 451 nos
3162 399 3340 454 multis
3373 400 3576 454 vicibus
3601 408 3680 454 in-

2115 488 2362 541 venimus
2385 486 2669 540 Sili-crium
2695 502 2879 555 papam
2903 489 3097 557 scripta
3127 487 3430 557 liujusmodi
3456 490 3679 544 mitten-

2118 586 2223 628 tem
2253 575 2317 627 ad
2348 590 2525 645 regem
2560 575 2850 630 Gothorum
2882 596 2894 629 :
2933 577 3061 631 \‘eni
3092 580 3158 631 ad
3193 592 3397 647 portam
3442 595 3561 650 qua:
3586 595 3682 634 vos

2114 675 2268 718 catur
2297 665 2541 719 Asinaria
2587 665 2739 735 juxta
2786 666 3112 731 Lateranas,
3161 676 3216 721 et
3258 670 3524 722 civitatem
3580 669 3677 723 tibi

2115 757 2289 818 trado.
2324 767 2379 810 et
2412 757 2725 812 Belisarium
2758 759 3059 827 patricium.
3093 759 3243 826 Quod
3290 760 3511 815 audiens
3542 761 3685 816 Beli-

2111 849 2489 917 sarius.primo
2520 867 2621 903 non
2642 850 2924 914 credebat;
2958 852 3158 907 sciebat
3183 852 3323 906 enim
3339 853 3475 923 quod
3500 854 3685 922 periu-

2113 939 2307 993 vidiam
2331 940 2444 993 bzec
2466 939 2531 993 de
2548 956 2613 994 eo
2633 940 2961 996 dicebantur.
2983 942 3088 998 Sed
3109 944 3232 997 dum
3256 944 3404 997 multi
3424 944 3474 997 in
3490 944 3684 999 eadem

2113 1031 2454 1083 acciisatione
2485 1032 2854 1099 persisterenf,
2888 1034 3174 1099 pertimuit.
3208 1033 3359 1088 Tunc
3388 1035 3507 1088 fecit
3538 1036 3684 1090 Beli-

2113 1120 2287 1175 sarius
2318 1122 2571 1191 patricius
2602 1121 2663 1177 Β.
2695 1122 2979 1176 Silverium
3009 1138 3197 1193 papam
3231 1124 3415 1179 venire
3439 1124 3503 1177 ad
3536 1141 3596 1179 se
3628 1130 3684 1179 in

2116 1214 2367 1280 palatium
2402 1211 2600 1279 Pincis,
2644 1222 2699 1266 ct
2738 1213 2801 1267 ad
2845 1215 3071 1284 primum
3102 1224 3156 1269 et
3181 1216 3471 1271 secundum
3502 1218 3684 1273 velum

2113 1303 2330 1357 retinuit
2382 1318 2594 1358 omnem
2638 1304 2861 1359 clerum.
2912 1304 3170 1374 Ingressis
3221 1307 3401 1374 itaiiue
3448 1308 3684 1363 Silveri’o

2115 1412 2235 1451 cum
2288 1397 2477 1468 Vigilio
2521 1400 2651 1453 solis
2701 1399 2753 1452 in
2806 1399 3113 1466 Mausoleo,
3146 1401 3411 1454 Antonina
3460 1403 3682 1471 patricia

2111 1491 2332 1544 sedebat
2372 1490 2422 1544 in
2466 1491 2643 1555 lecto,
2702 1501 2754 1545 ct
2804 1491 3092 1546 Belisarius
3145 1493 3406 1561 patricius
3463 1494 3685 1548 sedebat

2112 1581 2177 1633 ad
2226 1583 2385 1648 peili-s
2417 1582 2554 1648 ejus.
2590 1582 2652 1634 Et
2683 1581 2808 1635 dum
2857 1582 3076 1637 vidisset
3111 1599 3231 1637 eum
3280 1584 3545 1637 Antonina
3591 1602 3684 1654 pas

438 1678 669 1743 Attgusm
694 1676 860 1725 consil
887 1692 918 1724 ii
946 1690 1039 1726 usa
1064 1686 1086 1710 υ
1110 1690 1229 1727 cum
1264 1674 1451 1743 Vigiio
1472 1676 1696 1728 discum
1729 1677 2003 1746 uiisitcpi-
2039 1683 2086 1742 B
2114 1672 2263 1725 IriCia
2291 1713 2306 1736 .
2350 1671 2485 1725 diXil
2539 1672 2603 1725 ad
2651 1688 2771 1725 eum
2807 1687 2819 1723 ε
2852 1673 2945 1727 Dic
2970 1714 2985 1737 ,
3028 1673 3223 1727 domne
3266 1675 3455 1729 δυνοτί
3500 1692 3631 1745 papa
3661 1717 3677 1738 .

439 1772 629 1818 stolam
657 1765 877 1818 [ioniam
909 1765 972 1817 ad
1002 1766 1283 1820 Silverium
1311 1782 1522 1833 papam,
1557 1783 1750 1838 rogans
1772 1777 1825 1821 et
1852 1772 2007 1824 obse-

442 1872 594 1909 trans
620 1873 632 1908 :
668 1857 741 1909 Ne
776 1855 1038 1923 pigriteris
1068 1856 1129 1909 ad
1172 1872 1268 1909 nos
1292 1862 1495 1919 venire,
1525 1869 1618 1911 aut
1638 1868 1783 1913 certe
1816 1877 2006 1916 revoca

440 1947 754 2001 Autliimiim
789 1949 839 2001 iii
871 1948 1044 2001 locum
1071 1964 1244 2002 suum.
1273 1950 1338 2002 Et
1363 1967 1482 2004 cum
1509 1951 1722 2018 legisset
1746 1952 1806 2006 Β.
1832 1952 2011 2008 Silve-

441 2042 551 2094 rius
596 2040 818 2100 litteras.
852 2040 1145 2109 ingemuit,
1189 2051 1243 2095 et
1285 2041 1421 2095 dixit
1471 2059 1483 2092 :
1536 2040 1693 2095 Modo
1739 2043 1851 2097 scio
1884 2044 2007 2113 quia

437 2146 601 2184 causa
634 2133 747 2186 luce
775 2134 934 2188 tinem
968 2134 1088 2187 vitae
1113 2148 1247 2187 mea:
1273 2132 1504 2187 adducit.
1534 2132 1638 2189 Sed
1668 2134 2008 2191 beatissimus

440 2224 699 2281 Silveriiis
722 2228 965 2280 fiduciam
998 2226 1198 2279 habens
1232 2224 1284 2279 in
1311 2224 1420 2279 Deo
1450 2234 1502 2279 et
1529 2224 1587 2279 Β.
1623 2224 1779 2281 Petro
1810 2227 2008 2281 rescri-

439 2318 563 2385 psit,
588 2318 772 2373 dicens
806 2336 818 2367 ;
853 2319 1077 2371 Domina
1107 2319 1338 2384 Angusta
1363 2358 1378 2383 ,
1404 2333 1504 2387 ego
1534 2334 1645 2373 rem
1693 2320 1847 2373 istam
1897 2321 2010 2376 face

441 2420 590 2461 tiirns
620 2424 724 2461 nun
750 2423 885 2475 piam
910 2423 1025 2472 ero,
1051 2417 1105 2461 ut
1131 2422 1374 2463 revoeem
1400 2409 1667 2463 hominem
1696 2409 2005 2465 limreticum

439 2502 491 2552 in
539 2514 631 2552 sua
662 2499 893 2569 nequitia
921 2501 1226 2553 damnatum
1281 2500 1429 2554 Tunc
1462 2500 1728 2568 indignata
1771 2501 2006 2571 Augusta

436 2592 575 2644 misit
604 2592 875 2660 gussiones
899 2606 1022 2643 suas
1046 2591 1111 2643 ad
1143 2591 1455 2644 Belisarium
1483 2593 1762 2659 patricium
1793 2606 1889 2659 per
1917 2592 2006 2646 Vi-

437 2685 619 2751 giiiuin
662 2684 965 2745 diaconum,
997 2686 1066 2737 ita
1092 2686 1435 2739 continentes
1470 2699 1484 2737 :
1522 2684 1651 2739 Vide
1681 2687 1888 2754 aliquas
1916 2701 2007 2740 oc-

437 2778 682 2829 casiones
714 2776 765 2828 in
795 2774 1079 2829 Silverium
1128 2790 1315 2843 papam
1341 2820 1355 2843 ,
1402 2785 1455 2829 et
1494 2776 1706 2844 depone
1751 2776 1900 2829 illum
1940 2776 2008 2831 de

437 2870 764 2937 episcopatu,
791 2878 881 2922 aut
903 2879 1047 2921 certe
1078 2867 1302 2921 festinus
1332 2866 1628 2921 transmitte
1649 2882 1769 2921 eum
1796 2868 1859 2922 ad
1887 2884 2003 2923 nos.

438 2958 574 3013 Ecce
608 2957 680 3010 ibi
712 2956 874 3011 habes
900 2956 1143 3025 Vigiliuin
1177 2956 1609 3009 arcliidiaconum
1641 2965 1694 3009 et
1719 2958 2008 3025 apocrisia-

2111 1764 2234 1831 iiiiid
2264 1763 2482 1818 fecimus
2504 1764 2595 1817 tibi
2624 1776 2677 1819 et
2705 1765 2981 1829 Romanis,
3010 1777 3067 1819 ut
3089 1777 3142 1819 tu
3167 1767 3330 1821 velles
3357 1785 3454 1821 nus
3488 1771 3535 1821 in
3573 1787 3685 1823 nia-

2111 1871 2209 1907 nus
2236 1852 2536 1908 Gothorum
2579 1856 2824 1909 tradere?
2866 1856 2929 1909 Et
2972 1857 3145 1911 adhuc
3186 1874 3247 1911 ea
3283 1861 3554 1927 laqiicnte,
3590 1862 3675 1913 iii-

2110 1960 2325 2015 gressus
2373 1946 2733 2001 subdiaconus
2777 1948 3107 2015 regionarius
3156 1948 3387 2004 Joannes
3445 1952 3681 2020 regionis

2111 2053 2297 2107 prmae
2329 2038 2402 2107 (ιγ)
2435 2039 2554 2091 tulit
2586 2037 2796 2107 pallium
2841 2040 2907 2094 de
2934 2042 3072 2094 collo
3105 2041 3239 2110 ejus,
3273 2050 3326 2095 et
3366 2041 3515 2095 duxit
3557 2061 3680 2097 enni

2111 2132 2165 2184 in
2192 2130 2526 2195 cubiculum;
2556 2139 2611 2185 et
2639 2129 2942 2198 esspolians
2969 2147 3111 2193 eum,
3147 2135 3315 2185 induit
3344 2150 3463 2185 cuin
3493 2150 3684 2188 mona-

2108 2221 2317 2274 cl'iicatn
2346 2229 2574 2286 vestem,
2601 2229 2656 2275 et
2679 2221 2960 2276 abscondit
2984 2237 3127 2277 eum.
3158 2223 3309 2277 Tnttc
3338 2223 3520 2279 Sistus
3548 2229 3679 2279 sub-

2108 2312 2372 2368 diaconus
2392 2314 2723 2385 regionarius
2750 2316 2980 2385 regionis
3002 2324 3188 2380 sextae,
3211 2317 3396 2373 videns
3426 2334 3545 2373 eum
3567 2319 3680 2389 jam

2111 2406 2457 2473 monachum,
2483 2422 2733 2478 egressus
2763 2409 2925 2475 foras,
2958 2410 3225 2464 nuntiavit
3252 2410 3319 2465 ad
3352 2411 3574 2476 clerum,
3602 2415 3683 2467 dis

2109 2512 2238 2552 cens
2264 2515 2277 2550 :
2302 2498 2435 2565 Quia
2463 2499 2711 2553 dominus
2740 2514 2875 2569 papa
2901 2500 3175 2570 depositus
3197 2510 3300 2567 est,
3325 2512 3378 2557 et
3403 2502 3572 2559 factus
3599 2517 3681 2560 est

2110 2593 2428 2644 monachus.
2475 2590 2627 2656 Quod
2657 2591 2938 2646 audientes
2979 2594 3226 2662 fugerunt
3272 2611 3480 2650 omnes.
3511 2597 3679 2661 Quem

2110 2683 2345 2750 suscepit
2370 2682 2590 2751 Vigilius
2615 2682 3049 2748 archidiaconus,
3083 2685 3134 2739 in
3163 2700 3257 2739 sua
3289 2685 3443 2756 quasi
3472 2686 3596 2751 fide,
3627 2682 3680 2743 et

2113 2772 2258 2825 misit
2286 2786 2405 2826 eum
2440 2774 2491 2826 in
2524 2774 2772 2827 exsilium
2804 2783 2827 2811 ο
2862 2775 2927 2828 ad
2959 2774 3267 2842 Pontianas,
3291 2788 3344 2831 et
3365 2780 3682 2834 sustentavit

2113 2878 2235 2918 cum
2284 2880 2417 2931 pane
2461 2865 2814 2919 tribulationis
2840 2876 2894 2920 et
2934 2882 3069 2937 aqua
3107 2871 3363 2936 angustia:
3395 2868 3439 2921 τι.
3471 2870 3544 2941 (c)
3578 2870 3680 2938 Qui

2114 2955 2372 3010 deficiens
2398 2965 2638 3009 mortuus
2662 2966 2746 3011 est
2773 2959 3049 3012 confessor
3079 2958 3267 3012 factus.
3291 2959 3388 3026 Qui
3417 2962 3575 3014 etiam
3599 2978 3681 3015 se-

439 3052 575 3104 rium
607 3062 845 3105 nostrum
891 3050 1264 3105 charissimum
1291 3092 1305 3114 ,
1335 3057 1422 3119 qui
1455 3050 1607 3104 nobis
1636 3051 1901 3118 pollicitus
1926 3063 2010 3108 est
2037 3064 2082 3127 ρ
2117 3049 2291 3117 pullus
2321 3058 2401 3103 est
2438 3048 2489 3101 in
2515 3048 2702 3102 eodem
2733 3050 2873 3115 loco,
2906 3065 2978 3103 ιιι
3007 3051 3255 3105 eaielidas
3283 3051 3423 3105 Junii
3449 3054 3472 3088 ⁸
3506 3052 3681 3120 ibique

438 3157 691 3196 revocare
722 3142 1027 3195 Anthimuin
1062 3141 1087 3178 ιι
1126 3143 1500 3211 patriarcliam.
1532 3143 1683 3196 Tunc
1709 3144 2004 3210 suscipiens

437 3236 732 3303 jussioueni
766 3234 1048 3289 Belisarius
1080 3234 1332 3302 patricius
1358 3271 1374 3299 ,
1419 3234 1550 3287 dixit
1583 3252 1595 3285 :
1632 3235 1740 3303 Ego
1788 3235 2004 3304 quidem

437 3323 727 3395 iussionem
759 3326 914 3390 facio,
960 3327 1054 3380 sed
1099 3327 1146 3379 is
1176 3326 1265 3394 qui
1293 3327 1517 3380 interest
1548 3329 1601 3379 in
1628 3342 1756 3382 nece
1783 3328 2001 3384 Silverii

437 3432 589 3486 papa:
614 3458 629 3484 ,
661 3418 773 3487 ipse
819 3418 1008 3473 reddet
1055 3417 1316 3472 rationem
1347 3418 1415 3472 de
1444 3417 1596 3471 factis
1624 3419 1737 3473 suis
1770 3418 1997 3474 Domino

522 3603 707 3655 'llanc
736 3600 975 3655 eamdem
1002 3599 1275 3655 historiam
1310 3600 1598 3661 Procoiiius
1627 3599 1694 3655 de
1723 3600 1872 3656 Bello
1899 3599 2004 3655 Go-

436 3674 579 3726 thico
612 3672 703 3725 lib.
735 3686 750 3723 1
781 3681 833 3724 et
865 3669 1137 3725 Liberatus
1168 3673 1218 3725 in
1250 3672 1520 3727 Bi'eviario
1563 3686 1681 3739 cap.
1706 3672 1777 3724 22
1819 3684 2009 3727 recen-

437 3753 575 3796 sent.
612 3743 686 3795 Ea
716 3757 832 3808 qua:
871 3741 937 3793 ab
969 3741 1247 3796 Anastasio
1276 3752 1328 3795 et
1358 3741 1615 3810 Procopio
1645 3744 2003 3807 prieteruiissa

438 3823 557 3866 sunt
600 3815 781 3871 videre
823 3814 1021 3880 poteris
1069 3814 1205 3880 apud
1238 3813 1541 3867 Liberatum
1588 3812 1818 3883 allegato
1860 3814 1999 3869 loco.

436 3887 562 3938 Siav.
591 3883 786 3935 Dasius.

506 3953 535 3991 ι)
561 3955 709 4006 Adde
733 3951 1135 4019 promissionem
1162 3951 1388 4007 duorum
1414 3953 1527 4007 auri
1549 3954 1999 4021 centenariorum,

437 4025 479 4076 si
506 4035 716 4077 renioto
740 4023 967 4080 Silverio
986 4038 1047 4077 se
1070 4020 1319 4092 Vigilium
1342 4023 1577 4079 ordinari
1605 4036 1837 4079 curaret.
1870 4020 2001 4082 Ssv.

436 4095 613 4148 BINIUS

521 4175 542 4202 ε
571 4164 719 4230 Quod
755 4165 1001 4219 hreretica
1030 4162 1225 4216 femina
1257 4164 1512 4231 petierat,
1547 4164 1862 4220 ambitiosus
1891 4166 2005 4220 dia-

445 4250 615 4289 conus
654 4247 956 4303 procurarat
982 4275 996 4299 ,
1028 4233 1335 4303 Belisariius,
1368 4234 1533 4287 Pilato
1560 4234 1813 4298 deterior,
1843 4237 2004 4303 impie

434 4307 499 4359 ad
525 4302 717 4359 coitum
770 4314 1183 4359 consutnmarat.
1240 4302 1494 4359 Pmnituit
1540 4306 1750 4375 quidem
1802 4302 2002 4361 Helisa-

434 4377 570 4429 rium
599 4379 649 4429 in
675 4377 939 4430 Christum
970 4375 1179 4447 Domini
1204 4377 1699 4447 manussacriliigas
1730 4377 1997 4445 injecisse,

434 4462 551 4499 cuin
585 4448 651 4500 ad
683 4448 1000 4515 expiandum
1052 4445 1273 4509 facinus,
1301 4456 1353 4500 et
1384 4445 1627 4499 divinum
1654 4463 1848 4501 nuaien
1882 4449 1997 4517 pla-

433 4518 691 4581 candum,
728 4520 907 4571 Ronne
948 4517 1224 4572 ecclesiam
1273 4518 1401 4586 erigi
1452 4530 1705 4571 curaret:
1738 4521 1829 4571 sed
1878 4519 2001 4587 quia

433 4602 532 4639 suo
560 4590 723 4655 ipsius
750 4589 1053 4642 testimonio
1093 4587 1329 4641 edixe'at
1360 4595 1591 4640 futurum
1635 4599 1688 4640 iit
1740 4589 2000 4643 rationem

433 4659 683 4713 redderet
738 4661 951 4714 Christo
1001 4657 1224 4711 Domino
1269 4659 1509 4727 qttiSqttis
1564 4658 1679 4712 neci
1736 4659 2002 4723 pontificis

433 4740 828 4797 cooperaictur,
858 4729 1047 4783 accidit
1077 4739 1132 4781 iit
1153 4729 1239 4793 qui
1270 4730 1427 4794 impia
1451 4727 1598 4796 jiissa
1625 4731 1875 4799 Augustie
1905 4730 2005 4781 iin-

434 4799 629 4865 plebat,
654 4817 720 4855 ne
739 4801 791 4854 in
816 4802 1023 4854 feminae
1045 4800 1296 4852 ofl’cnsain
1321 4802 1636 4865 inim-terei,
1658 4801 2002 4868 exsequendo

432 4872 748 4935 sacrilegum
778 4877 843 4924 ab
888 4870 1225 4937 imperatrice
1257 4869 1588 4933 mandatum,
1621 4872 1993 4932 imperatorem

432 4940 531 4993 sibi
562 4942 716 4995 valde
756 4941 1019 4995 infensum
1053 4942 1375 5003 reddiderit,
1413 4940 1706 5009 meritoque
1730 4955 1761 4994 e
1788 4955 1993 5009 summa

432 5012 598 5076 gloria
629 5013 694 5065 ad
724 5026 985 5066 summam
1029 5012 1297 5065 miseriam
1340 5022 1393 5065 et
1423 5008 1788 5079 paupertatem
1832 5008 1992 5079 dejii-i

433 5083 647 5137 meruit.
684 5083 819 5147 Quid
867 5082 1126 5136 Silverius
1165 5083 1313 5134 exsul
1362 5080 1599 5149 pontilex
1643 5081 1696 5133 in
1749 5080 1991 5150 Vigiliqu

433 5152 971 5220 pseiidOpontificem,
1011 5167 1230 5206 munera
1274 5164 1327 5205 et
1356 5152 1529 5205 officia
1570 5151 1683 5205 veri
1728 5152 1995 5220 pontificis

430 5235 805 5292 usurpantem,
844 5223 1209 5285 constituerit,
1246 5226 1443 5289 patebit
1488 5221 1624 5275 infra
1663 5235 1729 5277 ex
1768 5222 1992 5292 epistola

428 5288 637 5359 Silverii
668 5294 732 5347 ad
765 5293 1030 5359 Vigiliuin.
1057 5296 1182 5347 SEV.
1212 5288 1409 5347 Btstus.

497 5358 525 5399 ἀ
556 5365 829 5419 Liberatus
857 5365 1024 5431 inquit
1050 5365 1329 5419 Silveriiim
1364 5364 1572 5417 duobus
1603 5363 1782 5430 Vigilii
1813 5362 1995 5415 defen-

428 5433 637 5487 snribus
662 5447 714 5488 et
744 5436 914 5490 servis
956 5436 1206 5492 traditum
1254 5436 1354 5488 sub
1384 5449 1567 5489 eorum
1598 5431 1838 5487 custodia
1882 5433 1995 5487 iue-

426 5498 510 5551 dia
538 5506 813 5560 defecisse.
846 5505 989 5559 Hauc
1014 5507 1082 5560 ob
1110 5519 1323 5560 eausain
1354 5503 1536 5568 pestis,
1562 5503 1750 5566 fames,
1784 5511 1839 5557 et
1861 5501 1997 5557 bella

426 5582 611 5694 grai-ta
641 5576 886 5645 fuerunt,
930 5578 998 5633 de
1035 5577 1225 5647 quibus
1259 5575 1517 5633 Barouius
1541 5587 1682 5630 anno
1708 5573 1830 5630 539.
1864 5573 1995 5631 δεῖν.

476 5656 627 5694 "illis.

476 5656 627 5697 IIO'IUS.

2109 3142 2342 3196 occurrit
2369 3139 2650 3194 multitudo
2681 3140 2816 3194 male
2847 3140 3174 3208 habentium,
3214 3151 3262 3195 et
3296 3143 3550 3195 salvator.
3580 3143 3677 3197 llic

2118 3233 2248 3287 fecit
2275 3231 2663 3285 ordinationem
2707 3246 2864 3284 unam
2892 3248 2985 3298 per
3013 3249 3247 3285 mensem
3280 3232 3623 3288 Decembrem
3655 3275 3671 3300 ,

2108 3325 2447 3395 presbyteros
2462 3323 2527 3379 l3
2544 3323 2645 3395 (ά),
2659 3323 2907 3378 diacones
2923 3325 2957 3379 5
2972 3324 3065 3395 (e),
3078 3324 3356 3394 episcopos
3368 3340 3461 3393 per
3472 3324 3680 3380 diversa

2107 3418 2223 3473 loca
2244 3433 2393 3472 num.
2411 3417 2472 3471 t9
2491 3414 2575 3487 (f).
2596 3416 2663 3470 Et
2688 3416 3262 3486 cessavitepiscopatus
3288 3417 3402 3470 dies
3427 3430 3521 3471 sex
3538 3415 3616 3487 (g)
3633 3413 3679 3471 ί.

2182 3612 2206 3639 ι
2240 3603 2395 3655 Anno
2423 3600 2616 3656 Christi
2641 3602 2763 3657 διο.
2788 3600 2917 3655 Nam
2948 3616 3088 3657 anno
3116 3599 3308 3656 Christi
3339 3601 3463 3667 559,
3495 3617 3678 3659 mense

2108 3671 2267 3727 Junio
2294 3672 2495 3725 litteras
2519 3672 2665 3728 dedit
2685 3673 2750 3726 ad
2784 3672 3059 3741 Vigilium.
3089 3670 3236 3726 Unde
3265 3673 3310 3726 si
3351 3689 3533 3726 verum
3565 3684 3677 3739 est,

2108 3744 2249 3811 quod
2287 3744 2360 3795 ait
2388 3743 2722 3808 Anastasius,
2760 3744 2930 3810 ipsum
2962 3757 3143 3796 mense
3179 3742 3316 3796 Maio
3344 3743 3485 3797 diem
3518 3745 3679 3798 obiis-

2108 3829 2191 3881 se,
2231 3828 2334 3865 non
2367 3814 2474 3866 alio
2511 3828 2666 3879 quain
2696 3816 2801 3869 540
2827 3830 2967 3867 anno
2994 3811 3188 3867 Christi
3218 3828 3339 3866 eum
3370 3813 3677 3869 defunctum

2110 3897 2231 3939 esse
2257 3883 2525 3937 affirmare
2554 3898 2773 3938 necesse
2797 3893 2901 3938 est.
2934 3883 3085 3940 Unde
3115 3892 3323 3937 constat
3348 3885 3486 3951 quod
3518 3900 3675 3951 supra

2112 3953 2222 4008 dixi
2239 3995 2255 4017 ,
2288 3969 2406 4008 eum
2431 3964 2657 4022 quatuor
2684 3956 2835 4008 annis
2860 3962 2913 4010 et
2937 3954 3163 4018 amplius
3192 3953 3417 4009 fortasse
3440 3954 3506 4008 ab
3531 3956 3675 4009 obitu

2114 4023 2338 4095 Agapeti
2389 4023 2660 4092 hucusque
2704 4026 2884 4083 sedem
2930 4023 3255 4092 poutificiam
3304 4026 3571 4095 tenuisse,
3612 4027 3679 4080 ad

2113 4094 2540 4149 consummatum
2573 4110 2738 4164 usque
2765 4098 3073 4165 martyrium
3101 4111 3116 4145 :
3146 4108 3358 4162 semper
3386 4094 3675 4162 legitimam

2113 4167 2418 4233 pontificem
2453 4165 2832 4232 permansisse.
2863 4181 3031 4234 eaque
3057 4180 3231 4219 munia
3273 4166 3535 4233 pontificis
3560 4184 3682 4230 qua:

2113 4236 2280 4304 putuit
2318 4234 2647 4305 exercuisse,
2671 4245 2880 4289 constat
2906 4252 2972 4291 ex
3010 4235 3270 4289 sententia
3301 4252 3332 4290 e
3373 4236 3680 4290 carceribus

2110 4315 2164 4359 et
2189 4306 2413 4358 vinculis
2441 4306 2579 4359 illius
2604 4309 2653 4359 in
2684 4306 2925 4375 V'igiliuin
2952 4306 3306 4375 pronuntiata.
3332 4306 3459 4360 Sav.
3481 4307 3678 4361 Bittius.

2188 4376 2207 4414 ί
2239 4376 2345 4429 Nisi
2388 4375 2627 4430 dicamus
2671 4376 2911 4446 Vigilittttt
2957 4386 3075 4445 βοαὶ
3113 4377 3315 4430 obitum
3358 4378 3678 4433 Sanctissuni

2109 4447 2319 4499 Silverii
2360 4452 2593 4513 seipsum
2628 4448 2677 4502 in
2715 4448 2955 4502 ordinem
2988 4448 3289 4511 redeai~se,
3339 4460 3505 4513 seque
3549 4462 3681 4513 pon-'

2110 4518 2334 4581 tificatu,
2368 4532 2524 4585 quem
2570 4534 2664 4583 per
2706 4518 3054 4572 iulrtlsionelll
3100 4528 3481 4584 occupaverat,
3523 4519 3678 4570 abili-

2108 4603 2281 4656 casse,
2311 4602 2417 4640 non
2463 4587 2616 4641 video
2660 4604 2763 4656 qua
2808 4599 3011 4643 ratione
3055 4597 3171 4655 post
3214 4590 3417 4641 obitum
3460 4588 3675 4643 Silverii

2106 4654 2263 4712 sedes
2295 4658 2585 4726 apostolica
2614 4654 2709 4713 ses
2753 4658 2941 4713 diebus
2983 4654 3172 4713 vacare
3211 4660 3461 4726 potuerit.
3514 4658 3677 4712 Valde

2106 4729 2285 4797 itaque
2315 4728 2585 4796 probabile
2612 4738 2691 4783 est
2724 4729 2864 4798 quod
2885 4732 3039 4783 simul
3062 4744 3124 4781 ac
3148 4728 3427 4783 Silverium
3460 4726 3680 4783 defunc-

2108 4810 2216 4852 tuiii
2255 4801 2507 4853 miracula
2549 4801 2711 4854 edere
2744 4801 2976 4864 audivit,
3019 4803 3253 4867 seipsqu
3296 4800 3423 4854 sede
3462 4808 3678 4863 aposto-

2106 4870 2207 4925 lica
2237 4870 2534 4939 abdicavit,
2565 4869 2634 4923 ob
2665 4870 2926 4936 simoniaa,
2967 4871 3181 4937 expulsi
3216 4880 3271 4923 et
3298 4869 3461 4923 occisi
3500 4870 3679 4923 Silve-

2105 4941 2198 5002 rii,
2227 4941 2518 5004 contempti
2550 4943 2923 5004 anatliematis,
2946 4942 3168 4995 ciiinina
3198 4955 3230 4993 a
3257 4956 3319 4994 se
3352 4940 3674 5000 commissa,

2104 5011 2273 5063 donec
2304 5011 2496 5063 iterum
2519 5022 2724 5064 secreta
2754 5013 3148 5066 machinatione
3171 5012 3412 5065 Belisarii
3442 5010 3674 5065 universi

2102 5079 2232 5133 cieri
2274 5094 2540 5149 COIlsellsu
2598 5080 2812 5147 egitime
2852 5082 3159 5149 eligeretur.
3198 5081 3393 5137 Barea.
3435 5097 3518 5137 an.
3568 5081 3674 5141 540

2102 5167 2244 5205 num.
2275 5148 2326 5209 4.
2360 5152 2391 5202 εἰ
2418 5160 2472 5203 et
2499 5154 2551 5205 6.
2574 5152 2696 5205 58v.
2732 5151 2927 5206 Btmus.

2182 5220 2258 5289 (a)
2300 5217 2409 5274 Ms.
2443 5221 2597 5287 Luc.,
2627 5238 2674 5273 ν.

2178 5293 2256 5357 ib)
2299 5292 2459 5356 idem,
2495 5292 2669 5361 prima:
2694 5291 2931 5361 regionis.

2178 5367 2249 5429 (ε)
2295 5362 2456 5429 fdem,
2488 5364 2540 5416 iu
2571 5359 2796 5415 Panzas.

2177 5435 2232 5499 (it
2278 5431 2443 5495 Idem,
2479 5433 2564 5486 H.

2179 5506 2251 5571 (ι’)
2297 5504 2347 5552 In
2380 5516 2564 5556 en-‘ciu
2588 5502 2743 5557 deest
2767 5502 3012 5557 Diaconos
3041 5503 3098 5561 5.

2174 5576 2258 5637 (fl
2304 5573 2444 5626 ldcut
2477 5588 2601 5637 ηις..
2646 5579 2729 5627 18.

2174 5656 2248 5711 ty)
2290 5643 2342 5696 lu
2384 5644 2568 5700 eodem
2611 5646 2709 5701 dce
2742 5646 2889 5701 tdt'i's
2919 5658 3028 5698 mi
