4032 6184
360 320 440 376 85
1803 318 2171 375 El‘lSTleR.
3545 322 3625 377 M-

1314 463 1735 543 SILVERII
1765 465 2032 541 PAPIE
2073 464 2628 544 EPIS’I‘OLE.

548 695 571 729 ¹
596 694 920 751 EPISTOLA
964 694 1170 749 PRIMA
1206 694 1495 748 SILVERll
1536 694 1758 749 PAPAS.

775 825 841 865 ΑΒ
864 823 1095 863 γιῦιιιυιι
1126 822 1513 865 Ρεευυοιδινλιι.

354 921 582 1001 Vigilio
599 923 1085 1001 ambitionvmaedis
1109 923 1402 989 apostolica:
1423 928 1471 974 et
1496 920 1723 1001 simonite
1740 920 1940 1001 crimen

438 992 722 1055 admissam
761 995 1063 1063 exprobrat,
1092 1006 1307 1062 eumque
1331 993 1577 1049 sententia
1606 992 1941 1053 anathemati:

437 1065 739 1119 condemnat
768 1064 810 1116 '.

438 1154 700 1209 Silverius
728 1154 1014 1222 episcopus
1039 1151 1253 1221 Vigilio.

438 1247 518 1319 (o)
547 1246 724 1301 Multis
755 1256 805 1299 te
845 1246 1351 1307 transaressionibus
1395 1245 1653 1299 irretitum
1686 1244 1936 1300 sacerdo-

361 1341 488 1405 talis
516 1339 823 1408 jamdudum
864 1339 1009 1392 novit
1052 1339 1405 1400 generalitas:
1438 1348 1493 1392 et
1532 1337 1678 1403 quia,
1703 1338 1939 1391 cruentis

362 1429 604 1484 bnmano
636 1430 893 1500 sanguine
924 1429 1165 1482 manibus
1187 1428 1556 1483 decessoribus
1586 1429 1783 1485 nostris
1814 1442 1938 1498 pcr-

362 1523 565 1577 vicaria
595 1530 683 1574 tua
718 1520 1039 1591 subripiens,
1069 1519 1304 1575 leviticis
1344 1520 1745 1588 pra‘sumpseris
1772 1534 1939 1573 excu-

364 1613 501 1667 bare
536 1612 848 1666 ministeriis
869 1611 910 1676 ³,
946 1611 1182 1679 plerique
1212 1620 1473 1663 noverunt
1515 1610 1771 1665 ﬁdelium.
1804 1610 1938 1665 Nam

366 1706 490 1774 quia
518 1714 705 1757 contra
731 1704 848 1772 jura
878 1703 1129 1756 canonica
1160 1701 1488 1772 temporibus
1513 1711 1710 1757 sanctae
1737 1717 1940 1757 mento-

374 1800 470 1849 ria‘.
523 1795 774 1850 llonilacii
823 1809 993 1864 papa',
1051 1795 1164 1862 ipso
1210 1795 1440 1857 vivente,
1496 1807 1775 1849 successor
1819 1792 1936 1862 ejus

366 1886 640 1956 designari
688 1884 997 1948 conabaris,
1054 1884 1157 1940 nisi
1203 1884 1296 1939 tibi
1355 1882 1665 1954 amplissimi
1723 1898 1939 1939 senatus

365 1979 638 2033 obviasset
663 1979 894 2047 justitia,
925 1990 1050 2033 tunc
1078 1977 1404 2046 providentia
1436 1977 1687 2048 pastorali
1717 1992 1780 2032 ac
1810 1993 1939 2045 pon-

365 2069 554 2133 tilicali
594 2068 907 2123 auctoritate
950 2066 1058 2140 [tua
1088 2084 1115 2121 ιι
1147 2067 1436 2137 pontiﬁcali
1468 2065 1691 2139 honore]
1717 2078 1810 2124 tua
1839 2084 1936 2122 ex—
1969 2084 2015 2143 Β

367 2161 634 2217 secranda
677 2160 785 2225 jam
835 2159 1127 2213 debuerant
1167 2158 1403 2226 auspicia
1454 2159 1784 2216 detruncari.
1830 2160 1934 2215 Sed

367 2253 498 2307 dum
545 2267 763 2322 parvum
792 2252 983 2305 vulnus
1010 2252 1062 2305 in
1092 2262 1145 2306 te
1180 2248 1343 2325 [ante]
1379 2253 1673 2323 neglectum
1706 2260 1820 2316 est,
1858 2254 1941 2306 in-

368 2344 614 2397 sanabile
644 2344 873 2396 accrevit
903 2352 1176 2408 apostema
1205 2360 1218 2395 :
1250 2343 1389 2411 quod
1418 2343 1519 2397 nisi
1547 2341 1692 2396 ferro
1718 2343 1939 2396 alterius

372 2432 745 2494 abscindatur,
775 2430 1127 2485 iumentorum
1171 2432 1372 2487 sentire
1404 2447 1508 2486 non
1538 2440 1715 2500 potest
1744 2430 1939 2506 [potes]

369 2523 733 2578 medicinam:
764 2522 959 2591 quippe
992 2520 1081 2592 qui
1115 2523 1426 2593 nequissimi
1455 2526 1677 2593 spiritus
1720 2527 1938 2580 audacia

371 2612 683 2669 ambitionis
711 2612 1010 2681 phrenesim
1040 2612 1370 2679 concipiens,
1404 2616 1455 2669 in
1490 2615 1633 2670 illius
1660 2617 1942 2681 apostolici

372 2703 603 2768 medici,
644 2704 725 2757 cui
768 2707 975 2757 admas
1015 2703 1211 2773 ligandi
1252 2704 1603 2772 solvendique
1647 2706 1842 2761 collata
1890 2717 1945 2762 et

370 2809 631 2849 concessa
679 2802 916 2863 potestas
956 2802 1069 2857 est,
1114 2798 1343 2848 versaris
1388 2797 1802 2862 contumeliam,
1849 2812 1945 2850 no-

374 2897 607 2955 vumque
635 2887 808 2939 scelus
847 2885 1045 2938 erroris
1074 2884 1125 2939 in
1157 2885 1502 2954 apostolicam
1535 2886 1714 2941 sedem
1761 2900 1946 2943 rursus

374 2979 565 3033 niteris
605 2979 875 3042 inducere,
908 2985 961 3031 et
986 2977 1038 3030 in
1080 2993 1284 3032 morem
1316 2978 1573 3049 Simonis,
1606 2981 1756 3050 cujus
1784 2980 1949 3035 disci-

376 3073 559 3142 pulum
592 3082 643 3126 te
687 3070 927 3126 ostendis
972 3070 1240 3139 operibus,
1286 3070 1405 3124 data
1453 3073 1708 3139 pecunia,
1756 3087 1947 3143 meque

376 3164 620 3231 repulso,
659 3163 1039 3232 qui,'tavrnte
1093 3162 1345 3229 Domino,
1391 3164 1560 3219 tribus
1603 3164 1710 3233 iam
1751 3164 1947 3235 jugiter
2004 3216 2007 3219 ,

376 3254 616 3308 emensis
654 3252 977 3321 temporibus
1004 3252 1054 3308 ei
1101 3254 1379 3321 praesideo,
1417 3262 1651 3323 tempora
1701 3269 1817 3308 mea
1861 3256 1947 3308 ni-

376 3346 513 3398 taris
548 3343 777 3417 [niteris]
808 3342 1080 3397 invadere.
1129 3344 1331 3398 llabeto
1355 3340 1532 3414 “ergo
1572 3359 1693 3399 cum
1741 3344 1825 3400 bis
1852 3345 1942 3416 qui

368 3438 473 3491 libi
503 3436 843 3491 consentiunt
881 3451 1052 3503 pinnat
1105 3436 1464 3492 damnationis
1488 3434 1803 3509 [perpetuat]
1825 3452 1946 3492 sen-
1976 3451 2021 3514 ρ

377 3530 597 3581 tentiam
620 3571 633 3588 ,
662 3518 1035 3595 sublatiimque
1063 3527 1156 3580 tibi
1185 3542 1379 3581 nomen
1413 3536 1467 3582 et
1506 3542 1698 3581 munus
1755 3524 1942 3582 minis-

377 3619 499 3671 terii
541 3617 884 3671 sacerdotalis
914 3631 1163 3685 agnosce,
1195 3617 1364 3671 sancti
1407 3616 1636 3685 Spiritus
1662 3615 1860 3685 judicio
1884 3626 1940 3671 et

374 3708 667 3776 apostolica
711 3722 739 3760 a
786 3708 938 3761 nobis
977 3710 1292 3761 auctoritate
1333 3708 1634 3763 damnatus.
1682 3708 1772 3764 Sic
1801 3709 1943 3763 enim

358 3801 532 3869 ὐβςὶθι
572 3799 726 3853 [idem
774 3808 1078 3853 sanctorum
1114 3798 1325 3853 Patrum
1372 3799 1425 3854 in
1471 3799 1705 3854 Ecclesia
1736 3800 1944 3855 servari

372 3891 667 3956 catholica,
701 3903 757 3946 ut
797 3893 938 3959 quod
986 3892 1167 3945 habuit
1192 3892 1433 3960 amittat,
1469 3892 1558 3960 qui
1599 3892 1944 3962 improbabili

374 3985 676 4040 temeritate
699 3984 837 4052 quod
866 3998 970 4039 non
991 3984 1197 4054 accepit
1214 3983 1579 4052 assumpserit.

452 4077 580 4130 Data
610 4086 800 4129 octavo
825 4075 1077 4128 calendas
1104 4074 1507 4142 .lulii,prineipo
1536 4074 1728 4129 Basilio
1751 4081 1802 4131 ι.
1828 4074 1942 4128 Cae-

375 4170 484 4223 lius
513 4168 769 4224 Silverius
801 4182 934 4237 papa
965 4169 1112 4224 urbis
1153 4168 1355 4232 Romae,
1391 4168 1513 4225 huic
1552 4169 1772 4227 decreto
1818 4185 1944 4224 ana-

381 4261 636 4313 thematis
662 4259 713 4312 in
751 4258 940 4328 Vigilio
966 4273 1249 4328 pervasore
1276 4258 1549 4330 [Vigilium
1579 4256 1944 4330 pervasorem]
1977 4243 2009 4273 ⁶

374 4355 522 4410 facio
570 4355 636 4409 ad
682 4354 860 4409 omnia
908 4363 1102 4409 statuta
1144 4368 1462 4409 consensum
1508 4354 1772 4422 pmbetis,
1804 4353 1944 4407 sub-

374 4445 602 4515 scripsi,
636 4444 832 4513 pariter
869 4453 1093 4511 quatuor
1133 4442 1368 4514 episcopi
1396 4441 1851 4509 subscripserunt,
1892 4439 1945 4497 id

2220 419 2572 431 ...ὰ-..ψ-

1962 696 2011 754 A
2040 708 2119 749 est
2154 696 2577 761 Tei'rat'inensis,
2614 698 2917 761 Fundinus,
2953 699 3249 762 Firmanus,
3284 711 3336 754 et
3386 702 3608 775 Mintur-

2043 790 2241 847 nensis.
2275 791 2400 844 Data
2448 793 2545 845 ista
2588 791 2828 846 chartula
2871 808 2964 862 per
3004 794 3344 859 Anastasiuui
3388 796 3611 869 subdia-

2039 896 2251 937 conum.

2470 979 2799 1034 EPISTULA
2838 980 3203 1046 ASIATORIS,

2113 1104 2340 1157 Episcopi
2372 1107 2885 1157 AUGURTODUN..N$lS,
2913 1108 2979 1148 AD
3007 1107 3285 1153 snvsawu
3322 1110 3492 1153 caras
3518 1097 3556 1149 '.

2042 1204 2122 1257 Ad
2143 1203 2406 1257 levandam
2429 1206 2651 1265 inanium
2674 1205 2839 1258 exsilii
2865 1205 3014 1258 mittit
3037 1206 3265 1273 νοηιιβεί
3287 1208 3609 1273 munusculo,

2323 1285 2490 1342 petens
2519 1276 2581 1335 de
2610 1284 2747 1328 statu
2771 1276 2959 1329 exsulis
2987 1277 3167 1329 certior
3197 1277 3324 1342 ﬁeri.

2115 1381 2424 1436 Beatissimo
2451 1382 2681 1438 Silverio
2704 1386 2922 1439 Amator
2946 1386 3249 1456 episcopus.

2114 1476 2156 1527 Α
2185 1472 2502 1542 quibusdam
2522 1518 2536 1540 ,
2568 1484 2716 1543 pater
2752 1474 3123 1543 dilectissime,
3157 1477 3267 1531 illis
3290 1492 3318 1530 a
3362 1488 3607 1546 partions

2042 1564 2448 1619 adventantibus
2477 1565 2777 1619 audivimus
2805 1581 2901 1621 vos
2937 1581 2968 1620 a
2998 1569 3128 1622 sede
3164 1567 3331 1622 sancti
3362 1567 3501 1622 Petri
3534 1569 3615 1623 in-

2038 1652 2184 1723 juste
2222 1652 2461 1723 pulsum,
2493 1655 2684 1711 exsilio
2711 1655 3056 1712 destinatum.
3089 1658 3240 1724 Quod
3270 1660 3427 1714 nimis
3453 1676 3615 1729 grave

2045 1748 2298 1811 ferentes,
2332 1747 2574 1802 misimus
2616 1763 2774 1816 parva
2807 1749 3151 1812 munuscula,
3185 1749 3237 1803 id
3279 1762 3362 1805 est
3404 1753 3614 1820 argenti

2042 1836 2210 1892 libras
2259 1837 2474 1907 triginta
2519 1837 2584 1892 ad
2628 1850 2858 1893 vestram
2904 1850 3310 1910 vestrornmque
3349 1852 3616 1896 sustenta-

2045 1928 2242 1983 tionem
2269 1946 2284 1984 :
2308 1945 2426 1997 qua:
2455 1931 2703 1997 petimus,
2730 1941 2782 1983 ut
2817 1932 2885 1985 ita
2907 1941 3057 1999 grato
3077 1933 3257 1986 animo
3285 1933 3610 2000 suscipiatis,

2048 2022 2181 2076 sicut
2211 2032 2356 2091 grata
2405 2022 2683 2077 mittuntur
2725 2024 3037 2079 intentione.
3088 2025 3373 2080 Precamur
3401 2042 3616 2097 quoque

2043 2122 2100 2167 ut
2131 2128 2224 2181 per
2256 2122 2489 2171 vestram
2518 2114 2798 2178 epistolam
2844 2113 2997 2169 nobis
3022 2116 3344 2173 .remandare
3384 2132 3488 2171 non
3520 2120 3613 2172 de-

2040 2206 2329 2273 dignemiui
2377 2206 2604 2275 qualiter
2655 2208 2736 2261 cir
2767 2222 2797 2260 a
2838 2216 2935 2262 Vos
2979 2207 3048 2261 sit
3091 2219 3302 2274 actum,
3332 2210 3411 2261 vel
3457 2211 3615 2263 modo

2040 2300 2234 2363 agitur,
2268 2309 2322 2351 ut
2351 2308 2549 2352 certam
2584 2299 2841 2353 rationem
2872 2300 2940 2354 de
2974 2300 3123 2356 vobis
3179 2303 3318 2357 scire
3342 2312 3398 2356 et
3428 2300 3607 2355 lintri-

2045 2388 2142 2440 hus
2171 2387 2369 2441 valeam
2401 2388 2662 2441 nuntiare.
2687 2388 2822 2454 Quid
2846 2389 2986 2443 enim
3017 2399 3168 2455 putas
3189 2390 3256 2444 de
3285 2392 3438 2445 nobis
3471 2391 3617 2455 ﬁeri,

2045 2488 2192 2545 pater
2236 2492 2472 2540 summe,
2520 2492 2640 2531 cum
2685 2478 2752 2531 de
2801 2492 3008 2532 summo
3059 2491 3272 2545 pastore
3316 2490 3370 2536 et
3416 2483 3616 2537 vicario

2044 2567 2212 2620 sancti
2258 2566 2401 2620 Petri
2448 2568 2572 2620 talia
2612 2568 2781 2621 liunt?
2822 2568 2928 2623 Vos
2973 2579 3147 2624 tamen
3182 2573 3346 2627 nolite
3392 2580 3631 2629 multum.

2048 2656 2245 2710 tristari
2269 2696 2283 2720 ,
2313 2656 2405 2713 sed
2434 2644 2808 2711 confortauiini
2848 2673 3060 2728 semper
3091 2658 3142 2714 in
3192 2660 3414 2719 Domino
3439 2679 3453 2714 :
3482 2680 3612 2731 quu-

2047 2748 2186 2803 niam
2219 2758 2406 2813 potens
2423 2755 2506 2801 est
2531 2748 2779 2804 divinitas
2810 2748 2832 2779 ⁸
2867 2752 3141 2805 immensa:
3169 2754 3504 2820 tempestatis
3535 2754 3612 2807 in-

2045 2847 2188 2892 C(TL'I
2218 2838 2355 2893 bono
2384 2840 2689 2894 serenitatis
2718 2856 2988 2897 amovere.
3015 2845 3119 2897 Ora
3151 2858 3246 2913 pro
3275 2845 3452 2912 nobis,
3488 2847 3613 2900 bea-

2048 2932 2250 2986 tissime
2278 2945 2429 3000 papa.

2327 3041 2653 3097 EPISTULA
2692 3040 2735 3097 il
2764 3041 3062 3098 SILVEBII
3098 3045 3296 3100 ΡΑΡῶ
3328 3048 3359 3078 τ

2348 3167 2540 3207 uoutns
2568 3167 2825 3208 CONPICTA
2854 3171 2922 3209 so
2952 3171 3241 3211 ΑιιΑτοιιειι
3266 3156 3314 3211 ιι.

2049 3266 2304 3318 Amatoris
2339 3266 2636 3320 charitatem
2682 3266 2857 3321 laudat
2876 3283 2896 3321 :
2923 3283 3037 3335 qua:
3076 3279 3255 3322 contra
3282 3287 3337 3325 se
3363 3281 3475 3325 acta
3500 3279 3634 3326 sunt

2118 3338 2347 3411 opponit.
2378 3335 2452 3391 De
2473 3336 2620 3404 falsis
2646 3337 2859 3392 testibus
2874 3349 3050 3393 contra
3066 3342 3358 3411 episcopum
3381 3358 3480 3396 non
3495 3338 3614 3397 sits-

2124 3406 2392 3474 cipiendis.

2123 3518 2479 3579 Dilectissimo
2504 3530 2661 3589 atque
2684 3522 3062 3579 amantissimo
3094 3524 3332 3580 Amatori
3359 3525 3615 3597 episcopo

2048 3611 2306 3667 Silverius

2118 3705 2163 3760 Ο
2188 3721 2341 3775 quam
2370 3704 2506 3759 bona
2543 3716 2624 3761 est
2661 3706 2912 3771 charitas,
2940 3724 3058 3775 qua:
3088 3707 3324 3771 absentia
3354 3726 3452 3780 per
3488 3711 3614 3777 ima-

2050 3798 2225 3867 ginem
2246 3798 2299 3863 ηε,
2329 3798 2613 3865 praesentia
2640 3798 2954 3869 sibimetipsi
2981 3802 3224 3856 exbibet’
3236 3818 3329 3873 per
3354 3818 3614 3859 amorem.

2052 3890 2229 3945 Divisa
2278 3893 2443 3961 tangit
2486 3889 2731 3963 [jungit],
2792 3892 3010 3947 confusa
3051 3894 3294 3961 ordinat,
3342 3897 3617 3966 inaequalia

2052 3986 2252 4048 sociat,
2285 3983 2592 4053 imperfecta
2635 3984 2861 4053 perlicit.
2903 3986 3070 4050 Quam
3118 3995 3262 4041 recte
3301 3987 3616 4056 pradicator

2050 4078 2294 4147 egregius
2334 4076 2605 4132 vinculum
2658 4075 3000 4147 perfectionis
3039 4088 3193 4133 vocat
3242 4079 3464 4149 (Colon.
3497 4081 3613 4143 in);

2051 4167 2171 4237 quia
2201 4166 2425 4221 virtutes
2451 4167 2663 4237 quidem
2693 4176 2909 4223 caeteras
2928 4168 3277 4238 pelectiooem
3319 4184 3573 4240 generant
3598 4214 3612 4234 ,

2050 4257 2143 4312 sed
2166 4265 2343 4312 tamen
2372 4272 2463 4312 eas
2490 4256 2723 4312 charitas
2769 4259 2926 4329 ligat,
2958 4271 3017 4314 ut
3056 4261 3123 4316 ab
3166 4263 3393 4317 amantis
3436 4274 3616 4318 mente

2050 4346 2265 4405 dissolvi
2304 4348 2415 4417 jam
2458 4357 2744 4419 nequeant.
2796 4349 3131 4420 Hacitaque
3177 4353 3405 4420 virtute,
3452 4355 3616 4408 inter

2051 4441 2391 4513 sliat-issine,
2421 4442 2635 4513 plenum
2666 4449 2721 4499 te
2760 4441 2992 4513 reperio,
3033 4443 3157 4501 dum
3189 4460 3293 4501 non
3340 4446 3512 4511 solum
3543 4448 3611 4501 de

448 4602 473 4627 ⁸·
506 4591 850 4667 Surrepsisse
860 4591 1077 4667 videtur
1100 4590 1302 4667 adjecta
1332 4599 1452 4667 nota
1481 4590 1795 4667 consularis,
1823 4589 1947 4667 quia
1974 4595 2033 4654 Β
2053 4587 2306 4667 Eamdem
2366 4603 2578 4659 quoque
2630 4605 2725 4667 par
2786 4602 2900 4647 erat
2967 4594 3401 4667 inscriptionibus
3452 4599 3616 4667 pluri.

376 4674 618 4731 ιιιιιιροιε
664 4654 875 4716 Silverii
926 4675 1099 4728 neque
1152 4654 1459 4723 Belisarius,
1505 4676 1674 4726 neque
1718 4654 1941 4715 Basilius

378 4734 545 4785 ullum
577 4734 907 4785 consulatum
939 4738 1188 4799 egi-runt,
1225 4734 1392 4799 inquit
1431 4731 1496 4783 ad
1530 4745 1676 4784 oram
1722 4731 1937 4785 Binius:

378 4817 559 4857 verum
593 4803 717 4855 mihi
752 4804 923 4864 potius
965 4802 1077 4855 haec
1102 4816 1326 4869 arguere
1356 4801 1601 4854 videntur
1629 4801 1940 4868 impostoris

376 4875 632 4926 audacem
666 4872 924 4926 inscitiam
966 4872 1054 4939 qui
1088 4871 1333 4925 Basilium
1362 4885 1502 4924 anno
1529 4871 1627 4925 5H
1658 4877 1933 4926 consulem

376 4942 782 4994 celeberrimum
831 4940 1037 4995 duobus
1081 4943 1356 5009 minimum
1397 4956 1552 4995 annis
1582 4951 1936 5008 prmverterit.

382 5018 448 5065 At
474 5012 543 5067 de
574 5011 719 5073 hisce
749 5011 1058 5067 Mercatoris
1084 5012 1511 5068 aberralionibus
1549 5010 1940 5081 chronologiqis

377 5082 482 5146 iam
510 5086 704 5150 saepius
723 5080 999 5150 conquesti
1021 5097 1223 5136 sumus.
1251 5083 1399 5137 PHIL.
1428 5082 1622 5137 lateae.

448 5154 472 5189 δ
507 5148 628 5206 nec
653 5148 873 5220 epismla
907 5154 1118 5205 nomine
1139 5153 1348 5207 Silverii
1372 5152 1438 5206 ad
1466 5156 1774 5206 Amatorem
1827 5152 1940 5220 epi-

377 5237 421 5273 st
434 5237 591 5292 opum
620 5222 1176 5291 Augustodunensem,
1204 5221 1426 5276 fortasse.
1456 5223 1543 5291 qui
1578 5222 1661 5275 his
1688 5225 1941 5291 tempori-

376 5294 475 5346 bus
517 5294 803 5347 sanctitate
846 5293 1224 5346 celeberrimus
1264 5292 1497 5353 exstitit,
1545 5293 1826 5359 rescripta,
1871 5295 1938 5349 ab

374 5364 550 5427 aliquo
576 5365 752 5417 otioso
780 5379 843 5417 ex
875 5364 1138 5416 Anastasii
1183 5364 1399 5423 scriptis
1444 5363 1810 5416 consarcinata
1854 5366 1936 5413 vi-

374 5435 550 5487 detur.
583 5434 713 5487 Nota
757 5434 1035 5487 consulum
1085 5434 1326 5487 mendaci
1370 5433 1611 5500 insignita
1644 5449 1672 5485 a
1713 5432 1937 5487 veritate

374 5503 625 5557 historica
658 5503 811 5558 valde
835 5506 1103 5564 abhorret,
1135 5515 1190 5556 ιιι
1219 5512 1429 5558 constat
1456 5518 1520 5558 ex
1552 5502 1802 5558 Liberato
1824 5502 1932 5555 dia~

369 5589 509 5626 cono
537 5574 692 5641 hujus
724 5578 979 5641 temporis
1006 5574 1265 5642 scriptore
1296 5573 1627 5628 ﬁdelis-imo.
1661 5572 1931 5641 Indignam

373 5644 555 5710 itaque
594 5645 927 5710 judicantes,
968 5661 1083 5713 «pta:
1126 5645 1226 5697 sub
1274 5645 1435 5713 ipsius
1474 5644 1691 5699 Silverii
1722 5646 1936 5698 nomine

368 5714 584 5776 edatur,
619 5717 734 5769 loco
764 5716 996 5781 insolito,
1042 5723 1095 5769 et
1126 5717 1431 5769 inconsueta
1480 5717 1577 5769 bac
1632 5714 1936 5779 inscriptio-

370 5785 456 5840 nis
508 5796 658 5853 nota,
710 5801 825 5841 eam
874 5786 957 5841 hic
1009 5785 1260 5841 exhibere
1314 5785 1528 5855 placuit.
1582 5785 1933 5841 Sev.Bisics.

2051 4664 2154 4731 iiiis
2184 4673 2463 4731 censuram
2506 4662 2796 4727 ascribere,
2827 4672 2887 4716 ut
2917 4665 3161 4731 pretiosa:
3190 4682 3394 4721 merces
3433 4662 3464 4723 εἰ
3491 4671 3614 4724 vili-

2042 4728 2144 4855 ἓως
2161 4729 2527 4852 ὖπίϐολιμαίου
2548 4733 2856 4786 mercatoris
2869 4728 3200 4791 centunculis
3217 4750 3623 4806 separarentur.

2089 4815 2193 4855 ιιιι.
2272 4815 2425 4853 anas.

2089 4816 2430 4938 διἰέιιξέἓέἶῗιέ
2461 4868 2584 4924 ﬁdei
2615 4872 2894 4941 epistolam
2924 4887 3042 4929 cum
3073 4872 3171 4930 alia
3213 4876 3471 4945 probant,
3500 4889 3621 4935 tum.

2089 4940 2174 4993 lvli
2200 4940 2495 4993 barbaries.

2048 4949 2174 5011 styli
2200 4949 2495 4997 barbaries.

2117 5014 2136 5091 ξ
2171 5009 2450 5091 Damnatis)
2470 5009 2661 5091 “Vigilii
2682 5010 3009 5091 inscribitur
3042 5012 3095 5091 in
3130 5029 3181 5091 εις
3214 5015 3449 5081 ιιιιβῑθηί.
3481 5018 3625 5077 Vide

2046 5089 2197 5137 notas
2236 5080 2446 5134 concilii
2470 5080 2693 5135 Romani
2721 5099 2755 5137 ll
2773 5123 2787 5148 ,
2814 5085 2914 5137 sub
2936 5084 3107 5140 Bonif.
3134 5084 3199 5141 ΙΙ.

2116 5151 2136 5225 ξ
2164 5149 2308 5225 Felix
2342 5148 2448 5225 ill,
2476 5152 2621 5225 ep_._6
2641 5152 2715 5225 ad
2747 5158 2998 5209 Acacium
3021 5155 3126 5210 Cl’.
3150 5172 3238 5225 cp.

2114 5220 2136 5251 ⁸
2168 5221 2312 5274 Idem
2344 5219 2488 5274 Felix
2519 5221 2581 5275 Ill
2606 5222 2697 5276 cit.

2114 5292 2136 5324 ⁸
2162 5291 2310 5366 lianc
2346 5306 2558 5366 quoque
2586 5302 2848 5366 suspectae
2872 5294 2998 5357 ﬁdei
3034 5307 3256 5355 censent
3297 5299 3394 5353 viri
3430 5299 3574 5357 docti
3596 5342 3615 5366 ,

2044 5377 2144 5486 nec
2177 5363 2475 5484 limmerito,
2502 5377 2623 5417 cum
2672 5363 2860 5419 iisdem
2906 5375 3065 5437 atque
3094 5382 3324 5439 sequens
3352 5371 3496 5425 vitiis
3540 5363 3615 5433 la;

2080 5448 2170 5485 ore
2201 5469 2213 5484 ο

2080 5448 2213 5485 υΓθι.

2112 5502 2133 5532 ⁸
2166 5500 2438 5559 Ennodius
2464 5516 2549 5571 ep.
2578 5502 2649 5555 24
2677 5502 2772 5557 lib.
2799 5520 2871 5559 iv.

2113 5573 2133 5603 '
2165 5573 2283 5625 Bar.
2310 5570 2481 5635 Binio,
2509 5574 2733 5642 aliisque
2756 5587 3053 5639 exsecrata.

2114 5643 2137 5675 ⁸
2166 5644 2325 5711 Greg.
2353 5657 2437 5712 ep.
2464 5640 2551 5707 50,
2584 5640 2674 5697 liti.
2704 5660 2774 5705 iv.

2115 5713 2187 5794 (ιι)
2214 5713 2459 5794 Deliujiis
2481 5716 2825 5794 et‘seqireiitis
2846 5718 3086 5794 epistola:
3106 5722 3470 5794 soppositiune
3496 5723 3614 5781 vide

2048 5783 2265 5853 Fugiunt
2294 5784 2357 5839 ad
2387 5783 2487 5838 An.
2513 5783 2611 5837 Cb.
2640 5786 2763 5857 559,
2791 5804 2841 5843 ιι.
2870 5791 2902 5845 5
2925 5799 2977 5847 et
2998 5791 3055 5845 4.
