4032 6184
512 323 578 375 87
1464 327 1523 382 S.
1570 324 1939 385 LAURENTII
1980 328 2433 387 NOVARIENSIS
2473 328 2771 388 EPISCUPI
3685 325 3748 387 88

512 449 599 485 tne
628 433 945 489 sciscitando
972 443 1026 491 et
1054 436 1321 492 visitando
1350 452 1531 494 curam
1571 439 1757 506 habes,
1788 443 1879 496 sed
1913 442 2072 497 etiam
2106 444 2155 502 Α
2185 443 2391 499 latentis
2417 460 2607 512 posse:
2642 444 2762 515 quia
2796 446 2977 499 falsam
3007 454 3098 499 aut
3125 454 3458 514 suspectam,
3486 456 3574 501 aut
3601 447 3749 502 odio-

513 525 669 579 bonis
719 529 821 581 tuis
871 543 955 582 me
1004 528 1191 584 fulcire
1236 539 1291 585 et
1340 540 1644 588 sustentare
1700 548 1804 588 non
1864 534 2082 590 desinis.

520 619 728 685 Quanta
756 631 929 673 autem
963 622 1096 674 mala
1124 626 1176 675 in
1219 639 1302 678 me
1336 635 1544 693 peracta
1590 638 1743 689 sunt,
1787 642 1885 681 nec
1925 643 2085 682 enar-

513 726 659 773 rare,
688 726 787 764 nec
815 712 1052 767 scribere
1082 713 1172 767 tibi
1208 730 1302 783 per
1325 718 1502 770 omnia
1540 732 1776 786 possunt.
1806 722 1942 774 Ante
1968 737 2079 775 om-

518 800 605 853 nia
641 816 768 853 Vcro
810 802 1026 870 patricia
1068 804 1256 858 infesta
1305 807 1431 859 mihi
1481 818 1594 862 erat
1620 810 1658 871 ¹,
1699 824 1764 862 eo
1795 811 1933 879 quod
1981 826 2083 865 non

512 886 856 947 restituebam
904 893 1215 949 Anthitnum
1263 896 1461 951 dudum
1520 899 1877 967 patriarcham
1934 899 2079 956 Con-

511 982 1069 1051 stantinopolitannm,
1097 1000 1254 1053 quem
1285 993 1484 1041 sauctte
1514 989 1783 1043 memoria:
1809 991 2081 1060 Agapetus

512 1071 879 1139 praedecessor
922 1088 1069 1127 meus
1116 1077 1225 1130 suis
1269 1077 1473 1132 meritis
1514 1078 1801 1132 damnavit.
1851 1078 2085 1147 Urgente

510 1178 719 1233 quoque
762 1165 875 1233 ejus
897 1165 1161 1234 jussioue,
1204 1170 1451 1222 exierunt
1480 1171 1698 1238 quidam
1743 1170 1860 1224 falsi
1894 1179 2082 1237 testes,

508 1256 747 1312 dicentes
784 1258 1063 1313 adversum
1115 1277 1200 1315 me
1238 1263 1485 1329 crimina,
1535 1279 1761 1332 quorum
1813 1281 2081 1334 nunquam

512 1351 780 1414 particeps
811 1351 903 1405 t‘ui.
933 1351 1035 1405 Sed
1081 1353 1204 1405 dum
1249 1356 1395 1407 mn'ti
1444 1357 1497 1407 in
1528 1357 1714 1410 eadem
1735 1358 2083 1411 ‘accusatione

510 1440 882 1505 persisterent,
920 1441 1094 1495 timuit
1125 1443 1412 1497 Beli~arius
1453 1446 1707 1514 patricius
1743 1456 1926 1501 noster
1954 1450 1995 1507 ’.
2030 1459 2082 1501 et

509 1531 778 1583 mandavit
824 1546 908 1585 me
947 1532 1011 1584 ad
1050 1548 1109 1586 se
1149 1537 1331 1588 venire
1367 1539 1587 1604 pacitice
1626 1552 1721 1605 pro
1768 1538 2081 1606 quihusdam

507 1621 885 1677 ecclesiasticis
914 1626 1357 1693 diSposttEonibns
1385 1633 1436 1681 in
1471 1631 1719 1693 palatium
1754 1631 1929 1684 Pincis
1956 1632 1997 1695 ³,
2031 1642 2085 1685 et

506 1714 571 1765 ad
627 1715 857 1782 primum
910 1726 964 1769 et
1017 1719 1310 1771 secundum
1367 1718 1543 1771 velum
1594 1721 1814 1773 retinuit
1868 1737 2080 1774 omnem

2188 551 2306 590 sam
2354 551 2574 602 vocem,
2618 549 2708 590 aut
2756 538 3051 601 funestam,
3101 538 3275 606 potius
3314 537 3557 595 interdici
3597 553 3753 608 quam

2189 631 2358 685 audiri
2390 632 2591 686 sanctis
2620 631 2867 685 Patribus
2891 632 3108 699 placuit.
3136 631 3509 697 Summopere,
3539 631 3748 687 charis-

2186 721 2347 782 sime,
2379 721 2508 775 tales
2537 721 2760 777 cavendi
2793 730 2915 774 sunt
2936 721 2977 786 ³,
3009 728 3063 774 et
3104 723 3376 775 avertendi
3421 731 3580 790 atque
3618 720 3746 792 reji-

2186 812 2392 878 eiendi,
2433 812 2477 867 si
2520 821 2771 867 nocentes
2819 813 3161 881 apparuerint
3197 832 3213 867 :
3252 814 3373 883 quia
3428 829 3531 868 non
3575 814 3749 869 solum

2187 903 2581 966 ecclesiasticae,
2612 904 2703 958 sed
2733 906 2894 958 etiam
2933 906 3110 957 szecnli
3143 906 3285 973 leges
3329 904 3463 959 tales
3493 920 3597 959 non
3625 916 3748 960 sus-

2186 994 2419 1061 cipiunt,
2450 995 2542 1047 sed
2579 995 2865 1062 repellunt.
2904 991 3057 1049 Unde
3094 994 3346 1063 scriptum
3388 1002 3509 1049 est:
3540 996 3610 1047 Us
3646 996 3746 1048 im-

2187 1085 2388 1155 piorum
2418 1085 2619 1138 devorat
2662 1084 2974 1149 iniquitatem
3016 1084 3196 1154 (Prov.
3224 1082 3355 1155 xu).
3389 1084 3454 1139 Et
3494 1084 3748 1139 Dominus

2188 1190 2282 1244 per
2312 1176 2623 1244 prophetam
2651 1174 2907 1244 loquilttr,
2935 1176 3117 1229 dicens
3144 1192 3157 1229 :
3190 1176 3315 1229 (.‘um
3344 1184 3520 1229 sancto
3551 1188 3756 1230 sanrtue

2186 1267 2306 1331 eris,
2336 1276 2381 1318 et
2407 1282 2521 1318 rum
2551 1266 2656 1318 viro
2679 1267 2941 1319 innocente
2967 1262 3256 1321 innocenter
3282 1271 3417 1335 age‘s.
3446 1265 3572 1320 Cum
3599 1268 3756 1320 electo

2185 1359 2368 1411 electus
2397 1358 2517 1422 eris,
2550 1367 2593 1411 et
2632 1374 2743 1409 cum
2793 1373 3021 1427 perverso
3071 1360 3363 1423 perveneris
3403 1356 3573 1427 (Psal.
3600 1359 3753 1427 xv").

2188 1450 2253 1503 Et
2293 1450 2579 1515 Apostolus
2620 1449 2823 1519 inquit:
2858 1448 3152 1502 Pervertunt
3198 1466 3359 1503 mores
3399 1450 3554 1503 bonos
3596 1450 3753 1504 collo-

2183 1544 2301 1613 quia
2338 1544 2477 1596 mala
2517 1540 2581 1614 (Ι
2607 1542 2723 1596 (ἔον.
2750 1542 2864 1607 xv).
2915 1541 3137 1604 Idcirco,
3168 1550 3223 1594 nt
3259 1541 3367 1609 jam
3413 1542 3752 1610 przelihatutn

2182 1645 2294 1699 est,
2334 1632 2455 1686 tnali
2489 1648 2703 1701 semper
2728 1632 2991 1695 cavendi,
3026 1642 3076 1684 et
3108 1628 3259 1684 honis
3292 1645 3449 1702 atque
3480 1630 3755 1686 benevolis

2183 1735 2266 1779 est
2314 1726 2713 1789 inhmrendum,
2758 1734 2815 1777 ut
2864 1724 3154 1793 periculum
3202 1724 3449 1793 desidiae,
3499 1734 3754 1791 quantum

505 1809 705 1861 clerum
738 1819 791 1863 et
822 1813 1071 1879 populum
1111 1813 1199 1881 qui
1232 1827 1439 1867 mecum
1469 1814 1750 1877 veniebat,
1780 1824 1833 1868 et
1872 1814 2074 1869 nullum
2107 1832 2153 1892 Β
2186 1830 2486 1885 possumus,
2517 1813 2539 1847 ⁸
2568 1816 2864 1870 devitemus
2893 1853 2906 1878 ,
2934 1826 2978 1869 et
3014 1831 3080 1867 ne
3112 1815 3273 1882 peStis
3319 1816 3430 1868 ha-c
3472 1814 3628 1869 latius
3666 1814 3754 1868 dio

517 1903 758 1968 permisit
790 1904 1013 1960 introire
1042 1906 1142 1959 nisi
1180 1921 1265 1961 me
1295 1908 1499 1973 solum,
1526 1918 1579 1962 et
1611 1908 1853 1978 Vigilium
1892 1909 2073 1965 diz'coo

505 2011 627 2049 nem
660 2012 858 2050 meum.
899 1998 979 2052 Me
1008 2014 1134 2053 vero
1174 2000 1223 2053 vi
1256 2009 1462 2053 retento
1505 2011 1558 2055 et
1595 2011 1719 2056 ante
1770 2002 2076 2067 prtedictam

503 2090 776 2154 patriciam
826 2090 1085 2157 deducto,
1139 2091 1398 2145 miserunt
1438 2092 1489 2146 iu
1543 2094 1824 2160 evsilium,
1864 2094 1916 2148 in
1965 2111 2075 2165 quo

504 2179 665 2233 modo
690 2189 959 2236 sustentor
992 2198 1125 2248 pane
1149 2184 1530 2245 tribulationis.
1556 2195 1611 2240 et
1636 2202 1769 2256 aqua
1793 2189 2074 2257 angustia).

505 2270 617 2333 Ego
649 2280 822 2326 tamen
859 2283 1138 2343 propterea
1174 2292 1276 2329 non
1308 2277 1515 2345 dimisi,
1549 2294 1645 2334 nec
1695 2280 1907 2335 dimitto
1952 2281 2075 2336 olli-

500 2363 640 2415 cium
682 2379 896 2418 meum:
930 2367 1022 2420 sed
1073 2383 1192 2420 cum
1236 2370 1530 2437 epi<0opis,
1574 2386 1707 2438 quos
1750 2388 2077 2441 congregare

501 2456 677 2521 potui.
708 2472 803 2511 eos
845 2460 933 2527 qui
968 2460 1088 2511 talia
1125 2475 1246 2528 erga
1290 2477 1373 2515 me
1421 2471 1680 2529 egerunt,
1721 2467 2075 2519 anathemati-

501 2562 617 2600 zavn
646 2549 688 2608 δ.
717 2558 771 2603 et
798 2567 903 2603 una
929 2566 1048 2604 cum
1083 2552 1187 2605 illis
1213 2555 1505 2625 apostolica
1544 2564 1595 2609 et
1624 2557 1865 2625 synodali
1894 2568 2078 2613 aucto-

500 2640 660 2693 ritate
688 2641 879 2703 statui,
924 2648 1123 2695 nutlnm
1171 2659 1401 2713 unquam
1448 2648 1624 2701 taliter
1666 2647 2070 2716 decipiendum,

500 2729 637 2783 sicut
680 2731 934 2798 deceptus
982 2748 1135 2797 sum;
1176 2742 1230 2787 ct
1278 2735 1322 2789 si
1376 2736 1567 2805 aliquis
1613 2736 1867 2807 deinceps
1909 2739 2075 2792 ullum

504 2836 737 2888 unquam
777 2824 1149 2893 episcoporum
1191 2827 1259 2879 ita
1306 2828 1608 2897 deciperet,
1641 2832 1924 2885 anathema
1968 2848 2077 2885 ma-

504 2912 723 2964 ranatha
755 2913 905 2967 fieret
928 2915 978 2967 in
1011 2927 1298 2984 conspectu
1325 2917 1414 2971 Dei
1444 2929 1495 2972 et
1524 2929 1830 2974 sanctorum
1860 2922 2076 2991 angelo-

501 3016 642 3058 rum.
672 3002 928 3059 Similiter
955 3018 1261 3060 sanctorutn
1286 3008 1497 3063 Patrum
1526 3010 1840 3065 roborantes
1863 3013 2074 3069 decreta

501 3095 787 3147 statuimus
820 3094 968 3165 (licet
1000 3096 1292 3165 saepissime
1317 3098 1427 3167 jam
1466 3108 1719 3155 statutum
1761 3102 1939 3173 fuerit)
1979 3120 2076 3161 nec

2182 1907 2440 1976 vulgetur,
2469 1909 2751 1962 severitate
2775 1918 2874 1976 qua
2906 1918 3182 1974 possumus
3209 1901 3738 1977 ahsclndamnszquo

2184 2000 2323 2054 niam
2354 2016 2458 2053 non
2511 1998 2786 2053 temeritas
2829 1997 3117 2051 intervenit
3167 1994 3617 2066 przrsumptionis,
3663 1995 3753 2050 uhi

2179 2101 2263 2145 est
2291 2089 2559 2159 diligentia
2592 2088 2820 2157 pietatis.
2846 2088 2982 2155 Agat
3010 2102 3222 2155 semper
3248 2088 3609 2155 unusquisque
3635 2100 3754 2141 ves-

2183 2192 2318 2237 trum
2370 2183 2467 2236 hac
2508 2182 2949 2245 informatione’,
3011 2180 3302 2250 apostolica
3351 2179 3515 2232 fultus
3568 2183 3753 2234 aucto.

2182 2279 2364 2334 ritate.
2402 2275 2551 2344 juxta
2584 2276 2723 2328 vires
2771 2290 2922 2339 suas,
2965 2282 3018 2328 et
3063 2275 3291 2328 fraterna
3337 2272 3646 2340 dilectione,
3688 2288 3753 2328 ac

2180 2377 2361 2421 sancta
2410 2366 2672 2436 rel‘gione
2722 2381 2897 2420 mores
2946 2365 3194 2436 preprios
3238 2381 3574 2431 conservare,
3605 2374 3658 2419 et
3697 2365 3753 2421 in

2181 2457 2450 2513 communi
2493 2457 2810 2511 alterutrum
2843 2457 3117 2526 adjuvare,
3145 2467 3197 2511 et
3242 2458 3291 2510 in
3331 2457 3589 2510 charitate
3631 2472 3752 2521 per.

2182 2566 2418 2615 mancrc,
2455 2559 2510 2602 et
2542 2550 2633 2604 Itei
2665 2550 2925 2603 voluntati
2958 2551 3318 2603 indesinenter
3342 2548 3551 2603 studeat
3578 2549 3749 2603 inhae-

2180 2659 2329 2707 rere,
2370 2653 2423 2695 ttt
2474 2640 2627 2695 simul
2680 2641 2953 2696 laudantes
2989 2642 3302 2704 Dominum,
3351 2641 3643 2696 indefessas
3674 2640 3750 2696 illi

2178 2734 2372 2804 gratias
2405 2747 2619 2800 semper
2657 2746 2895 2800 agamus.
2926 2732 3057 2786 Vale
3087 2733 3137 2784 in
3168 2732 3406 2795 Christo,
3437 2730 3750 2787 charissima

2180 2841 2409 2894 semper,
2439 2835 2493 2878 et
2523 2825 2774 2893 pra‘dicta
2806 2835 2962 2892 prout
3009 2824 3199 2878 melius
3248 2825 3475 2893 poteris,
3527 2824 3750 2878 [)Otnlno

2180 2933 2334 2985 Opem
2365 2918 2598 2981 ferente,
2620 2916 2933 2983 adimplere,
2965 2928 3018 2970 et
3063 2917 3293 2986 reliquos
3325 2917 3515 2972 fratres
3534 2930 3749 2986 aposto-

2181 3010 2280 3065 lica
2313 3009 2631 3064 auctoritate
2662 3009 2950 3063 informare
2989 3011 3221 3064 studcto.
3256 3011 3379 3063 Data
3412 3027 3464 3063 Ix
3497 3009 3749 3064 calendas

2182 3099 2508 3162 Decembris,
2560 3098 2858 3152 Justiniano
2885 3099 3128 3169 quintum
3154 3102 3195 3165 ⁸,
3224 3112 3278 3155 et
3311 3101 3567 3156 Belisario
3595 3099 3748 3174 [Vuio

500 3183 688 3247 falsos,
719 3199 815 3239 nec
846 3186 1089 3242 inim3cos
1116 3200 1395 3255 sinapectos
1425 3203 1763 3248 accusatores
1794 3194 1873 3249 vel
1907 3204 2069 3252 testes
2098 3209 2144 3271 ρ
2179 3187 2403 3261 1ζεὶςιι·Ξο]
2432 3189 2557 3244 vit-is
2580 3189 2892 3246 clarissimis
2922 3191 3250 3247 consulibus.

460 3342 463 3345 _
500 3289 729 3346 unquam
757 3293 918 3349 super
944 3280 1224 3352 episc0pos
1246 3282 1475 3353 suscipi,
1503 3284 1686 3355 eisque
1722 3301 1916 3343 nocere
1945 3289 2062 3343 nul-

573 3417 587 3445 ¹
614 3412 769 3468 Jussu
800 3416 1053 3483 Angusta:
1083 3414 1400 3471 Theodorze.

572 3486 591 3559 ξ
623 3486 1047 3559 Anastasinsaut
1067 3486 1193 3559 quis
1213 3486 1559 3559 aliusaucwr
1582 3489 1926 3559 pontiﬁcalis.

569 3554 589 3624 ξ
618 3554 763 3607 Alias
790 3557 1033 3624 principis
1060 3554 1159 3621 ,Vut
1186 3557 1235 3610 in
1260 3572 1311 3612 c.
1333 3556 1472 3613 Just.

570 3621 595 3655 ⁸
620 3624 769 3701 Sent.
792 3621 881 3678 illa
906 3621 964 3701 in
994 3626 1149 3697 Vigil.
1172 3627 1275 3681 lata
1310 3628 1500 3685 merito
1528 3638 1798 3700 suspecta,
1823 3641 1877 3685 ut
1910 3631 2067 3701 paulo

499 3704 623 3749 ante
644 3696 1063 3751 observavimus.

2017 3855 2263 3863 ..-._-————~—

2245 3417 2266 3453 ⁸
2301 3420 2422 3474 llaec
2440 3421 2547 3485 jam
2573 3435 2715 3486 saepe
2739 3420 2932 3488 saepius
2952 3420 3021 3475 ab
3043 3419 3243 3475 lsidoro
3263 3420 3315 3475 in
3345 3417 3482 3473 lictis
3501 3417 3740 3487 epistolis

2172 3491 2476 3545 decantata.

2245 3562 2263 3588 ⁶
2296 3565 2352 3612 S.
2382 3562 2488 3615 Leo
2510 3576 2596 3629 cp.
2621 3560 2684 3619 2.
2723 3563 2774 3626 6,
2798 3560 2886 3614 92.

2242 3632 2262 3662 ⁷
2294 3631 2330 3686 S
2383 3632 2617 3685 Bonifac.
2643 3631 2779 3699 Mog.
2806 3632 3039 3700 archiep.
3070 3631 3156 3685 17.

2243 3703 2263 3733 ⁸
2290 3703 2576 3755 C0ttsulunt
2607 3710 2728 3753 nota
2763 3702 2916 3755 falsa.

2448 3856 2629 3863 ο--ι--ι-

2266 3856 2443 3863 -υν-,α

527 3823 3697 3869 mm

1803 3926 1970 3969 anno
2012 3926 2236 3968 nosam
2286 3908 2428 3966 θη.

1150 4050 1351 4257 S.
1482 4045 3086 4259 LAUBENTIUS

428 4392 436 4479 ι
581 4348 2152 4510 NOVARIENSIS
2281 4350 3639 4513 EPISCOPUS.

1646 4622 1838 4677 Notitia
1876 4619 2158 4690 Margarini
2197 4620 2263 4674 de
2301 4620 2347 4673 la
2390 4620 2567 4688 Bigne.

560 4825 708 4879 llunc
745 4835 866 4880 esse
902 4824 1146 4892 suspicor
1186 4823 1528 4878 Laurentium
1574 4824 1828 4893 priorem,
1862 4819 1951 4887 qui
1986 4835 2051 4874 ex
2081 4821 2131 4881 ι)
2158 4818 2256 4874 hus
2285 4820 2337 4874 in
2377 4818 2756 4876 Mediolanensi
2791 4825 2984 4876 throno
3024 4822 3275 4875 sederunt
3324 4830 3443 4890 post
3486 4819 3724 4874 Lauren-

495 4918 806 4969 Novaricnsi
856 4916 1023 4970 tactus
1057 4920 1126 4971 sit
1168 4915 1579 4971 Mediolanensis
1618 4913 2057 4982 archiepiscopus

480 5009 767 5075 ντςξεεὶιιιης
797 5008 1034 5075 quintus,
1065 5005 1129 5060 ad
1173 5021 1370 5060 annum
1396 5004 1598 5059 Christi
1625 5003 1749 5065 507,
1779 5003 1932 5070 cujus
1971 5018 2061 5056 en-

481 5098 649 5153 romia
682 5097 927 5150 videatur
950 5094 1225 5152 celebrare
1266 5096 1540 5151 Ennodius
1570 5096 1669 5164 (α).
1715 5094 1771 5148 In
1813 5093 2058 5148 Dictione

484 5192 645 5242 missa
686 5187 957 5241 llonorato
988 5187 1243 5254 episcopo
1270 5186 1583 5241 Novariensi
1623 5186 1673 5238 in
1713 5183 2057 5237 dedicatione

476 5278 715 5332 liasiliczc
748 5278 1146 5345 Apostolorum.
1173 5278 1271 5344 Qui
1299 5279 1459 5331 etiarn
1492 5278 1794 5331 Honoratus
1827 5275 2055 5328 admini-

480 5379 648 5423 strate
675 5368 985 5423 Novariensi
1009 5368 1321 5437 episcopatu
1353 5368 1507 5421 annis
1530 5367 1747 5437 triginta
1770 5374 1892 5420 octo
1915 5365 2055 5435 (qui-

548 5513 625 5574 (a)
656 5507 804 5567 Veni.
850 5507 1036 5572 inquit,
1083 5505 1305 5569 piissime
1351 5504 1582 5565 Domine,
1625 5511 1754 5563 ete.,
1813 5510 2047 5555 evocatus

480 5592 770 5631 sanctorum
799 5578 1117 5630 snrerdOtum
1162 5577 1364 5639 merito,
1398 5578 1543 5628 electi
1586 5574 1795 5627 seorsim
1825 5588 2047 5642 puern-

476 5650 542 5703 t‘is
571 5651 727 5716 patris
768 5650 926 5701 nostri
966 5647 1225 5700 Laurentii
1272 5646 1598 5707 muscientiu,
1634 5646 1718 5710 qui
1756 5652 1824 5696 tot
1867 5642 2045 5716 plenus

444 5710 678 5771 ldotibus
719 5724 785 5769 ait
834 5717 1072 5773 Ecclesia:
1115 5718 1375 5788 fastigium
1424 5718 1596 5779 crevit,
1639 5723 1760 5779 quat
1808 5714 2044 5788 fuissent

482 5805 723 5845 ιω-ιιηιιοη
752 5788 953 5860 singula
982 5801 1187 5859 qurqnc
1208 5784 1503 5859 p'onttﬁrrm
1535 5788 1583 5839 in
1609 5801 1708 5855 quo
1731 5794 1901 5839 vernat
1924 5784 2041 5838 boui

2106 4930 2113 4937 ε
2163 4911 2296 4965 tium
2345 4913 2598 4981 priorem,
2645 4914 2704 4967 S.
2757 4913 3071 4981 Eustorgius
3119 4926 3244 4965 ann.
3290 4913 3345 4975 7,
3387 4912 3444 4965 S.
3492 4910 3733 4975 Magnus,

2160 5015 2286 5056 ann.
2316 5004 2370 5068 5,
2397 5002 2454 5058 S.
2475 5003 2656 5057 Datius
2672 5018 2800 5058 ann.
2826 5003 2919 5062 9.2.
2949 5002 3007 5058 S.
3032 5001 3215 5055 Vitatis
3237 5015 3361 5055 ann.
3385 5000 3442 5062 ι,
3461 4999 3517 5054 S.
3548 5003 3727 5055 Auxa-

2161 5106 2261 5146 nus
2310 5109 2437 5148 ann.
2480 5091 2563 5162 9.),
2610 5093 2677 5147 ad
2726 5091 3243 5161 archiepiscopatum
3286 5089 3734 5146 Mediolanensent

2160 5191 2378 5236 evectos
2415 5182 2504 5243 sit.
2551 5197 2657 5236 non
2690 5183 2760 5237 ita
2792 5182 2959 5237 multo
2996 5191 3122 5235 ante
3165 5179 3636 5250 Longobardorum
3677 5180 3734 5235 in

2162 5273 2364 5329 Italiam
2393 5275 2699 5330 adventum.

2156 5501 2321 5570 aperis
2350 5502 2579 5570 princeps
2610 5510 2656 5553 et
2687 5502 2961 5554 honestatis
2986 5509 3145 5570 muter
3171 5500 3499 5562 verecundia,
3528 5500 3732 5568 religioe

2155 5578 2234 5624 nis
2267 5569 2458 5625 sancta:
2494 5572 2666 5641 nutrix
2714 5572 2979 5641 patientia,
3022 5569 3183 5623 Deum
3224 5586 3419 5637 semper
3462 5570 3727 5635 placatum

2154 5643 2337 5710 pietas,
2370 5652 2416 5694 ct
2445 5657 2557 5710 quin
2591 5639 2964 5695 Ecclesiasticis
3002 5641 3235 5695 membris
3266 5658 3368 5697 non
3392 5658 3621 5697 sermone
3649 5643 3724 5695 υἱι

2155 5724 2217 5768 ta:
2246 5714 2477 5767 instituta
2507 5712 2691 5767 tribuet
2736 5713 2826 5767 sed
2848 5714 3110 5783 exemplis,
3141 5721 3246 5767 etc.
