4032 6184
354 372 419 428 ες,
1699 370 1921 424 unum

2024 372 2247 426 PRIMA.
3530 362 3595 424 ου

354 482 565 531 ’π

1313 512 2568 702 Ξῗὶῖῆῐῖᾱῖῆ

1703 751 2227 834 HOMILLE

1586 889 1675 957 (ex
1713 884 1966 941 Biblioth.
2008 886 2108 940 PP.
2151 886 2340 959 Lugd.)

883 1047 1156 1102 llOlilLlA
1202 1044 1361 1098 Ριιιιι
1381 1045 1406 1097 \

940 1137 1016 1189 De
1037 1136 1345 1206 pacuileutizt.

427 1232 542 1290 Duo
570 1242 693 1289 sunt
727 1241 965 1299 tempora
995 1231 1061 1283 ab
1093 1229 1364 1281 Altissituo
1398 1227 1709 1295 przcstituta,
1730 1226 1779 1279 in
1804 1226 1922 1295 qui.

350 1329 454 1385 bus
493 1329 649 1382 datur
692 1327 889 1395 duplex
934 1322 1239 1376 hominibus
1281 1321 1527 1374 remissio
1564 1329 1923 1387 peccatorum.

351 1426 450 1480 Est
475 1436 701 1490 namque
733 1419 977 1472 remissio
1001 1416 1212 1486 publica
1243 1425 1293 1467 et
1319 1425 1396 1467 est
1428 1429 1537 1467 rem
1564 1413 1671 1464 ssio
1694 1415 1916 1480 privata.

348 1516 571 1571 Publica
605 1524 814 1581 tempus
848 1524 1002 1562 suum
1042 1507 1221 1571 habet,
1272 1506 1468 1574 privata
1516 1520 1667 1557 suum
1703 1511 1922 1557 exercet

354 1620 591 1678 tempus.
625 1609 682 1661 ln
714 1606 923 1676 publica
964 1605 1079 1656 fons
1108 1611 1190 1655 est
1231 1600 1590 1667 indulgentire,
1632 1598 1681 1651 in
1718 1599 1917 1664 privata

351 1703 561 1757 fructus
601 1709 685 1754 est
731 1698 1074 1767 paenitentiam
1115 1696 1167 1749 In
1214 1694 1302 1749 illa
1341 1695 1536 1745 donum
1584 1692 1694 1755 Dci,
1729 1692 1778 1743 in
1823 1691 1923 1743 ista

353 1797 507 1849 labor
534 1793 788 1848 hominis.
836 1790 892 1843 lu
936 1789 1020 1842 illa
1054 1786 1338 1855 baptisma,
1383 1784 1435 1837 in
1480 1783 1581 1836 ista
1626 1782 1918 1851 pwnitndo.

282 1876 305 1925 ἓ
348 1890 419 1945 Et
446 1904 569 1957 qua:
609 1894 733 1941 sunt
761 1886 860 1939 ista
910 1892 1145 1949 tempora
1175 1879 1375 1933 debent
1413 1876 1648 1945 agnosci.
1691 1876 1923 1942 Tempus

347 1981 584 2050 primum
631 1984 714 2030 cst
738 1975 806 2028 ab
842 1973 1009 2028 Adam
1053 1985 1218 2040 usque
1254 1971 1316 2021 ad
1354 1968 1644 2023 Christum.
1690 1967 1922 2034 Tempus

347 2073 647 2130 secundum
687 2078 769 2124 est
798 2084 827 2121 a
859 2066 1074 2120 Christo
1106 2080 1273 2131 usque
1303 2062 1366 2115 ad
1407 2062 1920 2116 consunnmitionem

348 2164 555 2221 surculi.
593 2162 718 2215 llarc
746 2168 873 2214 sunt
915 2157 1022 2211 duo
1049 2165 1309 2222 tempora.
1356 2153 1409 2206 in
1450 2168 1620 2219 primo
1649 2152 1773 2220 quid
1806 2152 1922 2204 est?

350 2257 636 2311 Peccatum
671 2253 857 2310 Adam,
896 2247 1037 2319 quod
1075 2247 1318 2301 Christus
1345 2245 1520 2298 solvit.
1558 2244 1610 2298 In
1649 2243 1922 2298 secundo?

347 2348 511 2416 quid?
539 2354 753 2413 peceata
782 2340 1012 2409 propria,
1045 2355 1163 2405 qua:
1191 2338 1341 2391 labor
1369 2336 1639 2389 hominum
1684 2347 1736 2389 ct
1774 2335 1922 2388 solli-

1950 1051 1999 1106 Α
2030 1060 2169 1108 sum,
2198 1046 2355 1098 etiam
2385 1061 2545 1114 super
2583 1047 2755 1102 nivem
2797 1046 3036 1102 excellet.
3075 1048 3329 1104 Futurum
3357 1060 3439 1104 est
3492 1049 3599 1105 Ge-

2030 1140 2188 1201 nitor,
2226 1150 2279 1191 ut
2309 1140 2485 1192 mittas
2514 1138 2698 1192 Filium
2726 1152 2870 1193 tuum
2890 1141 3237 1210 unigenitum,
3269 1143 3356 1212 qtti
3381 1142 3592 1196 auferat

2028 1234 2222 1285 malum
2249 1235 2317 1288 dc
2351 1235 2566 1287 mundo.
2602 1237 2740 1303 quod
2788 1253 2879 1301 per
2910 1251 2995 1290 me
3024 1237 3378 1290 introductum
3414 1247 3515 1297 est,
3541 1245 3597 1290 et

2027 1338 2130 1375 non
2176 1322 2482 1376 fraudentur
2535 1325 2623 1377 ﬁlii
2674 1328 2723 1377 in
2771 1323 3002 1379 facinore
3046 1327 3227 1393 patris.
3263 1327 3355 1380 Ille
3392 1327 3596 1392 aleriet

2031 1416 2169 1467 viam
2210 1416 2419 1477 salutis,
2466 1417 2552 1470 ille
2594 1418 2854 1471 reserabit
2898 1420 3269 1472 remissionem
3318 1419 3498 1482 fontis,
3543 1428 3599 1473 et

2026 1508 2227 1560 crimen
2267 1525 2440 1561 mcum
2473 1510 2705 1563 abolebit
2737 1512 2787 1563 in
2827 1526 2959 1579 aqua
2992 1522 3045 1565 et
3075 1512 3293 1580 Spiritu.
3335 1508 3596 1582 ὤμω-εει

2027 1615 2110 1654 me
2135 1603 2319 1669 gratia:
2346 1617 2458 1655 sua:
2486 1604 2668 1671 guttis,
2694 1613 2746 1655 et
2769 1604 3084 1657 mundabur.
3119 1604 3324 1657 Lurabit
3354 1622 3429 1658 mc
3456 1605 3591 1672 igni‘

2025 1692 2139 1745 fero
2168 1693 2386 1755 lumine,
2415 1703 2460 1747 et
2488 1712 2635 1761 super
2660 1696 2819 1747 uirem
2842 1696 3135 1749 dealbabor.
3166 1697 3287 1750 llam
3313 1712 3392 1749 est
3423 1699 3595 1766 primo

2027 1791 2266 1849 tempore
2314 1785 2556 1837 remissio
2595 1785 2858 1855 generalis
2893 1804 2904 1837 :
2936 1785 3211 1841 videm'nus
3253 1789 3375 1854 quid
3411 1789 3459 1840 iu
3502 1802 3592 1841 se-

2024 1875 2218 1927 Cnndn.
2252 1876 2377 1929 Item
2408 1876 2525 1929 Psal
2553 1878 2599 1930 ai
2640 1877 2949 1931 declarant:
2980 1876 3349 1949 Usquequaque
3380 1881 3490 1931 lura
3517 1895 3596 1934 nte

2023 1967 2085 2019 ab
2120 1967 2370 2038 injustitia
2385 1985 2515 2032 mea,
2545 1981 2590 2021 et
2628 1986 2659 2022 a
2687 1967 2869 2022 delicto
2899 1987 3007 2022 uico
3048 1973 3239 2022 munda
3271 1988 3346 2022 nte
3380 1969 3594 2040 (lbid.),

2027 2059 2161 2114 Ecce
2197 2070 2425 2128 tempus,
2453 2073 2505 2115 et
2536 2072 2741 2130 teman
2766 2068 3009 2132 superius
3034 2064 3221 2128 Alam,
3256 2064 3390 2116 in'er
3414 2078 3473 2115 ns
3498 2064 3595 2115 Da-

2028 2151 2137 2206 vid.
2177 2152 2246 2204 lbi
2279 2153 2542 2204 lavacrum
2576 2168 2655 2207 εει
2688 2170 2859 2221 aqua‘,
2891 2155 2975 2207 ubi
3013 2154 3179 2207 dicit:
3211 2155 3399 2206 lavrtis
3442 2170 3518 2206 me
3545 2163 3592 2207 et

2024 2258 2177 2310 super
2198 2244 2358 2295 nitent
2386 2244 2678 2296 deazbabor.
2706 2243 2798 2298 llic
2823 2248 3069 2315 Iacryxna:
3101 2255 3222 2298 sunt
3248 2246 3595 2312 pmnitentE-v,

2025 2335 2114 2388 ubi
2142 2334 2268 2389 dicit
2295 2336 2481 2401 David,
2509 2354 2863 2405 usquequaque
2888 2339 3002 2390 lava
3034 2353 3108 2388 me
3124 2340 3183 2388 ab
3216 2338 3463 2408 injus'itia
3485 2352 3596 2389 mea

346 2439 532 2494 citudo
567 2436 899 2501 exstinguit:
934 2432 1061 2501 illud
1091 2431 1341 2501 generale
1379 2440 1477 2491 est,
1522 2429 1625 2483 hoc
1669 2430 1920 2497 speciale.
1956 2423 1999 2481 Β
2028 2436 2071 2478 et
2097 2446 2124 2476 u
2155 2428 2336 2481 (Μισιο
2364 2445 2469 2479 meo
2503 2430 2692 2480 manda
2720 2445 2819 2482 me.
2853 2429 2982 2482 Illud
3016 2430 3311 2497 publicum,
3347 2433 3446 2483 hoc
3484 2434 3595 2496 pri-

348 2531 587 2587 Adverte
613 2529 750 2597 quod
782 2500 976 2579 dicitui
1012 2544 1025 2576 :
1053 2525 1330 2578 Peccatum
1360 2522 1524 2575 Adam
1554 2520 1692 2588 quod
1726 2521 1774 2572 in
1800 2520 1922 2573 libis

348 2623 471 2689 ejus
503 2622 813 2688 permansit,
855 2617 1029 2669 divina
1060 2613 1339 2668 clementia
1377 2612 1614 2665 abstulit.
1651 2610 1923 2666 Sarcinam

351 2714 498 2768 illam
530 2712 584 2765 in
604 2726 663 2765 se
695 2708 927 2773 suscepit
949 2708 1215 2764 Salvator.
1250 2714 1303 2757 et
1331 2704 1522 2757 ever-tit
1551 2721 1561 2754 :
1594 2702 1844 2771 quando?
1868 2702 1922 2753 in

352 2805 526 2872 primo
550 2809 810 2867 tempore.
842 2797 975 2851 Ubi?
1009 2796 1060 2848 tu
1094 2794 1237 2848 fonte
1268 2793 1621 2860 baptismatis,
1654 2792 1924 2860 fluvioque

349 2893 621 2949 Iordanis.
660 2890 734 2943 Ibi
762 2888 1022 2943 clamabat
1059 2887 1288 2954 Baptista
1313 2930 1329 2950 ,
1358 2886 1629 2953 ιΙὶίςίιοιιυε
1670 2886 1923 2938 ostende-

352 2985 442 3041 bat
471 2984 750 3038 caelestem
797 2978 1118 3046 Principem,
1158 2977 1379 3029 dit-eus:
1410 2974 1535 3028 Ecce
1579 2977 1750 3043 Agnus
1799 2974 1921 3035 Dei.

349 3092 466 3131 ecce
517 3076 603 3143 qui
648 3074 778 3126 tollit
833 3083 1041 3137 percata
1083 3070 1260 3123 muudi
1304 3066 1485 3135 (Joan.
1514 3064 1577 3137 t).
1641 3068 1921 3121 Peccatum

352 3169 536 3224 mundi
564 3164 692 3234 quid
719 3164 843 3218 est?
877 3163 1130 3216 Delicium
1176 3161 1342 3216 Adam
1379 3175 1471 3226 per
1521 3160 1792 3213 traducem
1838 3174 1925 3213 se-

350 3259 513 3315 minis
558 3257 624 3311 ad
673 3256 808 3309 ﬁlios
838 3255 1169 3308 devolutum.
1204 3255 1384 3321 Agnus
1439 3253 1600 3321 igitur
1632 3253 1722 3306 Dei
1769 3253 1926 3307 Chri-

350 3362 503 3412 atus;
554 3352 749 3404 tinctus
781 3347 832 3401 in
861 3346 1102 3414 ﬂutuiue,
1149 3347 1270 3399 tulit
1325 3346 1533 3397 noxiam
1586 3343 1849 3397 sarcinam
1891 3359 1921 3398 ιι

352 3442 513 3497 Patre
553 3441 605 3494 iu
635 3440 768 3493 filios
794 3438 1145 3492 derivantem.
1192 3435 1351 3489 Nefas
1390 3435 1512 3487 illml
1546 3438 1855 3502 pessimum,
1888 3453 1917 3489 a

352 3542 605 3599 serpente
655 3541 997 3599 suggestum,
1044 3529 1095 3581 in
1153 3528 1299 3581 fante
1339 3525 1569 3590 intinsil,
1617 3527 1667 3578 in
1702 3527 1920 3581 lltunine

351 3624 609 3685 abolevit,
641 3624 690 3676 in
717 3637 877 3675 carne
907 3621 1181 3676 cremavit.
1222 3620 1361 3673 Tulit
1386 3620 1619 3673 debitum
1650 3621 1835 3683 'unim,
1870 3631 1926 3674 et

352 3716 575 3768 donavit
609 3714 991 3779 indulgentiam
1022 3713 1248 3765 cunctis.
1272 3711 1439 3773 Caput
1466 3716 1669 3764 curavit
1700 3722 1751 3765 et
1792 3727 1922 3765 sana

2028 2529 2224 2571 vatum.
2260 2519 2387 2571 illud
2419 2520 2603 2589 gratia:
2633 2560 2646 2580 ,
2681 2520 2781 2573 hoc
2809 2520 3126 2574 clementior.
3161 2521 3288 2574 illud
3320 2537 3593 2585 animum,

2025 2607 2122 2661 hoc
2149 2610 2437 2675 singulare.
2467 2611 2594 2662 llind
2626 2619 2766 2681 myst
2788 2627 2905 2665 cum
2926 2655 2939 2670 ,
2975 2613 3075 2665 hoc
3099 2612 3317 2665 morale.
3352 2612 3596 2667 Abluitur

2023 2698 2188 2751 Adau.
2217 2715 2442 2768 corpore
2469 2699 2687 2766 Clir..~li,
2724 2714 2777 2755 ut
2808 2713 3037 2756 ve:ercm
3077 2702 3291 2770 abjiciat
3320 2703 3589 2757 hominem

2026 2806 2073 2844 ει
2110 2792 2296 2845 induat
2327 2809 2545 2846 novum.
2591 2793 2837 2848 Abluitur
2870 2795 3030 2847 David
3065 2794 3114 2847 in
3145 2794 3306 2848 corde
3334 2811 3595 2860 compun-

2024 2896 2132 2951 cto,
2166 2897 2219 2938 ut
2251 2888 2500 2941 reformct
2534 2889 2584 2941 in
2634 2904 2692 2941 se
2731 2889 2961 2957 spetiem
2998 2904 3153 2957 quam
3183 2887 3385 2942 crimen
3419 2888 3593 2941 fusca-

2027 2979 2119 3031 vit.
2171 2979 2261 3031 Ille
2292 2991 2574 3033 renovatur
2612 2980 2662 3033 in
2695 2978 2857 3042 fonte,
2902 2981 3001 3032 iste
3048 2990 3324 3046 reparatur
3363 2978 3413 3030 in
3446 2978 3592 3030 lletu.

2025 3069 2176 3124 Illum
2208 3069 2375 3140 gratia
2406 3072 2633 3132 enravit,
2671 3073 2825 3125 istum
2860 3065 3088 3143 gemitus
3125 3069 3452 3124 reformavit.
3493 3070 3593 3136 Qui

2025 3161 2365 3233 commissum
2398 3173 2550 3213 suum
2586 3163 2788 3215 hirsuto
2840 3178 3061 3229 corpore
3093 3160 3267 3224 dolet;
3321 3171 3374 3213 et
3414 3162 3603 3232 lugens

2028 3251 2227 3317 peccati
2267 3250 2345 3302 sui
2378 3261 2503 3303 ante
2541 3266 2599 3303 se
2631 3250 2797 3321 pingit
2845 3251 3154 3320 imaginem,
3186 3250 3254 3303 ita
3304 3264 3550 3303 asserens
3583 3266 3596 3301 :

2030 3332 2394 3410 Usquequaque
2424 3342 2537 3394 lava
2574 3359 2651 3393 me
2676 3343 2738 3394 ab
2766 3343 3016 3413 injustitta
3054 3360 3182 3395 mea.
3218 3342 3390 3408 Quare
3420 3357 3595 3412 usque-

2001 3433 2257 3508 .quaqtte?
2286 3432 2419 3496 Quia
2458 3433 2773 3501 iniquitatem
2812 3450 2972 3485 meam
3017 3450 3257 3502 agnosco,
3288 3444 3333 3487 et
3362 3435 3597 3487 delictum

2029 3537 2190 3573 meum
2214 3532 2390 3576 contra
2420 3540 2496 3575 me
2524 3535 2837 3590 estsemper.
2875 3524 3149 3594 Tanquam
3189 3526 3232 3578 si
3264 3528 3334 3577 ita
3358 3525 3599 3579 diceret:

2029 3612 2324 3667 Sanan-ras
2376 3631 2484 3678 uie,
2541 3615 2791 3677 Domine,
2832 3614 2941 3683 jam
2990 3624 3116 3669 ante
3168 3615 3219 3667 iu
3278 3627 3426 3682 patre
3483 3630 3600 3669 meo

2026 3704 2217 3768 Adam,
2249 3705 2461 3771 quando
2492 3704 2732 3757 membra
2774 3706 2915 3758 illius
2955 3706 3005 3758 in
3042 3716 3091 3760 te
3122 3720 3367 3773 Sthcepla
3400 3706 3599 3764 tinxisti

352 3821 477 3863 sunt
511 3808 685 3860 omnia
711 3806 969 3859 membra.
1008 3805 1196 3858 Verum
1222 3805 1287 3856 ab
1316 3804 1412 3856 hoc
1440 3803 1585 3858 fonte
1635 3806 1712 3860 vel
1745 3806 1920 3858 indul-

2031 3793 2081 3845 in
2113 3795 2275 3858 toruo,
2306 3796 2515 3849 abl..i~ti
2550 3798 2597 3848 in
2624 3796 2862 3849 ﬂumine.
2895 3797 3051 3849 Liber
3078 3796 3369 3850 existebant
3401 3798 3600 3851 benefi-

349 3899 529 3971 gen'ia
561 3900 795 3968 generali
818 3897 960 3951 aliud
990 3897 1095 3962 jam
1130 3900 1587 3965 exoriturtcmpus
1612 3900 1925 3951 :connnissa

353 4003 571 4059 peerata
606 4006 709 4043 non
751 4004 884 4057 aqua
925 3987 1088 4046 delet.
1116 3988 1209 4042 sed
1254 3990 1526 4055 pceaitudo
1572 3992 1813 4044 remittit.
1862 3993 1927 4045 lit

352 4085 457 4137 hoc
484 4093 694 4150 tempus
727 4096 1008 4149 utrumque
1039 4083 1312 4150 psalmisla
1358 4082 1515 4135 Davil
1562 4084 1611 4136 in
1656 4086 1922 4152 quinqua-

348 4178 560 4247 gesimo
604 4178 803 4244 psalmo
836 4176 1058 4229 notavit.
1090 4175 1322 4228 Primum
1359 4184 1566 4242 tempus
1609 4176 1803 4243 posuit,
1839 4176 1925 4228 ubi

353 4283 454 4333 per
482 4266 752 4320 Christum
778 4267 1008 4334 loquitur
1038 4267 1090 4318 in
1117 4279 1346 4334 pers0na
1376 4265 1560 4317 Adam.
1595 4267 1658 4319 Et
1685 4267 1810 4335 quid
1836 4267 1925 4320 di-

347 4359 461 4410 cit?
493 4355 720 4419 lacerto,
752 4356 942 4424 inquit,
974 4367 1019 4408 et
1058 4355 1254 4409 occulta
1288 4357 1551 4423 sapientia:
1576 4366 1689 4417 tute
1712 4360 1929 4425 manife-

348 4459 434 4501 sta
482 4447 625 4502 mihi.
669 4447 733 4501 Et
769 4462 884 4515 qua:
922 4456 1047 4501 sunt
1096 4448 1229 4500 ista?
1267 4448 1531 4503 Incertum
1581 4451 1677 4503 fuit
1730 4451 1923 4505 salvari

347 4540 525 4593 Altam
558 4538 760 4605 lapsum
795 4540 845 4591 in
877 4549 1123 4603 mortem,
1148 4539 1243 4593 svd
1267 4540 1547 4595 inanif-sm
1582 4541 1714 4595 facta
1746 4554 1847 4607 est,
1872 4552 1925 4597 et

347 4634 653 4701 redemptio
697 4632 814 4699 ejus
857 4633 906 4685 in
945 4646 1108 4686 carne
1147 4641 1199 4683 et
1233 4633 1475 4685 remissio
1515 4633 1631 4702 ejus
1682 4635 1732 4687 in
1763 4650 1922 4703 aqua,

344 4724 460 4776 vidi
514 4723 565 4776 in
608 4723 793 4792 spiritu
838 4721 1105 4791 quomodo
1157 4721 1440 4776 clementia
1484 4736 1569 4776 tua
1619 4728 1777 4778 mis~a
1831 4741 1925 4792 per

345 4817 703 4882 unigenitum,
738 4829 786 4870 et
821 4825 1021 4882 patrem
1051 4816 1249 4883 recepit
1279 4816 1345 4870 de
1385 4817 1632 4883 crimine,
1665 4827 1718 4871 et
1759 4818 1921 4872 lilimu

344 4908 568 4959 donavit
619 4907 795 4959 saluti.
850 4906 984 4960 Ecce
1036 4908 1235 4960 incerta
1290 4910 1565 4975 sapienti-.2
1614 4922 1743 4970 tum,
1802 4927 1918 4979 qme

346 4998 481 5049 mihi
520 5006 609 5050 tua
651 4996 886 5068 dignatio
925 4996 1221 5050 revelanit?
1253 4998 1384 5064 Quid
1413 5014 1505 5070 erg
1530 5025 1538 5040 ι
1567 4999 1775 5053 Adam?
1804 5001 1921 5068 Ipso

344 5098 431 5142 est
460 5089 549 5157 qui
584 5103 675 5155 per
713 5090 982 5141 Christum
1015 5089 1248 5141 exsultat
1278 5090 1329 5142 in
1375 5090 1536 5143 David
1574 5093 1754 5146 dicens
1780 5112 1793 5150 :
1823 5096 1922 5149 Do.

2029 3885 2112 3935 cio
2146 3891 2258 3948 tuo,
2294 3900 2389 3935 nec
2432 3886 2574 3951 potui
2610 3885 2863 3936 indultum
2906 3884 3034 3939 tuihi
3065 3886 3288 3955 gratiam
3344 3890 3595 3945 retinere.

2030 3972 2225 4025 Iterum
2258 3978 2398 4026 enim
2441 3978 2490 4027 in
2524 3991 2605 4027 me
2636 3975 2805 4039 ipsum
2836 3977 3028 4029 erravi.
3058 3980 3102 4030 Α
3129 3979 3294 4044 patris
3323 3979 3515 4033 delicto
3540 3980 3600 4033 li-

2030 4065 2123 4117 ber
2145 4065 2385 4127 elfcclus,
2422 4066 2691 4134 proprium
2721 4069 2963 4122 commisi
2994 4071 3265 4135 delictum,
3296 4073 3362 4125 de
3393 4072 3603 4140 publico

2028 4170 2243 4224 ereptus
2271 4162 2481 4228 lupteo,
2512 4164 2658 4229 priva
2691 4176 2774 4213 um
2802 4163 3018 4215 incurri.
3066 4161 3175 4215 Non
3208 4162 3413 4232 estjam
3443 4165 3602 4220 fontis

2031 4264 2127 4301 nec
2157 4265 2305 4318 aqua:
2338 4253 2661 4315 pnesidium.
2690 4252 2822 4317 Quid
2855 4253 3066 4315 faciam,
3094 4265 3186 4307 aut
3216 4256 3354 4309 unde
3380 4255 3600 4324 piabur?

2030 4338 2275 4407 Nunquid
2310 4359 2519 4396 mereor
2551 4345 2743 4397 iterum
2778 4346 3118 4415 indulgentiae
3152 4358 3252 4401 tua:
3284 4347 3453 4403 imbre
3481 4366 3600 4416 per-

2029 4429 2198 4499 fundi,
2231 4438 2448 4501 general
2472 4453 2575 4506 que
2609 4440 2803 4493 lavacri
2837 4438 3054 4494 ﬂumine
3082 4443 3249 4494 dilui?
3278 4446 3448 4497 Absit.
3487 4443 3601 4497 Non

2027 4542 2125 4594 ego
2148 4524 2259 4596 jam
2292 4545 2441 4598 aqua:
2465 4548 2655 4584 munus
2690 4543 2923 4600 repetam
2952 4535 3090 4602 quod
3117 4534 3281 4588 ablui.
3307 4535 3484 4590 Svmcl
3510 4552 3604 4603 pe-

2029 4628 2135 4670 tam
2168 4621 2306 4688 quod
2349 4624 2512 4676 semel
2556 4639 2869 4679 concessmn
2907 4635 3005 4679 est.
3040 4625 3116 4679 lix
3146 4643 3259 4680 mea
3292 4644 3375 4682 me
3412 4627 3591 4697 iunpia

2027 4711 2255 4781 redimo,
2286 4730 2348 4767 ex
2376 4731 2493 4769 meo
2526 4734 2607 4768 me
2640 4718 2822 4772 labore
2851 4721 3129 4786 pertundo.
3168 4721 3257 4774 Est
3285 4722 3334 4773 iu
3366 4737 3449 4777 uie
3480 4725 3598 4776 exi-

2026 4813 2158 4872 guus
2181 4805 2391 4874 qn:d.nn
2427 4808 2635 4870 humor,
2670 4807 2759 4875 qui
2793 4826 2897 4862 non
2943 4828 3025 4863 me
3058 4827 3205 4865 more
3238 4814 3489 4866 Ull'l‘tﬂllia
3522 4815 3604 4867 iu-

2027 4897 2218 4965 tuudit,
2254 4898 2345 4952 sed
2378 4900 2587 4954 modico
2618 4903 2815 4957 sudore
2848 4905 3069 4957 inrorat.
3115 4906 3336 4960 Laboris
3378 4908 3478 4960 mei
3514 4923 3601 4962 me

2025 4991 2192 5057 guttis
2232 4991 2375 5041 ablui
2408 5007 2611 5059 qumro,
2656 4997 3047 5063 verborumque
3092 4997 3334 5051 scintillis
3368 4998 3513 5051 virus
3547 5000 3597 5051 iu

2025 5096 2110 5132 me
2132 5095 2446 5147 conceptum
2474 5085 2626 5137 exuri
2658 5086 2925 5141 desidero.
2957 5089 2977 5139 ι
3002 5103 3344 5157 squequaque
3378 5092 3489 5142 lava
3516 5106 3601 5143 me

342 5181 503 5242 utine,
548 5195 780 5248 asperas
826 5194 905 5231 me
953 5180 1191 5247 Ityssopo,
1234 5191 1281 5232 et
1324 5183 1605 5236 ntuudubor
1637 5184 1807 5254 (Psal,
1842 5188 1909 5253 ι),
1951 5175 1997 5233 ι)
2023 5173 2086 5224 ab
2112 5170 2365 5241 injus:itia
2402 5193 2515 5228 mea
2552 5194 2563 5228 :
2597 5195 2700 5231 non
2723 5179 2831 5246 jam
2857 5197 3009 5247 aqua,
3038 5182 3129 5235 scd
3156 5198 3316 5251 opere
3346 5182 3457 5236 Ι.ιό
3484 5198 3602 5246 me;

342 5267 512 5337 Culpa
551 5270 694 5322 enim
740 5283 855 5323 mea
901 5286 983 5323 me
1013 5270 1205 5334 obruit,
1240 5273 1342 5324 imo
1371 5274 1572 5325 crimen
1605 5277 1915 5340 praevarica-

342 5361 512 5415 tionis
540 5360 777 5416 fmdavit.
812 5361 941 5426 Sed,
966 5380 1199 5434 asperges
1221 5382 1297 5417 me
1326 5368 1566 5435 hyssouo,
1596 5368 1642 5418 id
1675 5380 1755 5421 est
1782 5386 1915 5439 aqua

342 5455 463 5508 viva
488 5496 502 5518 ,
527 5465 574 5509 et
599 5456 906 5510 mundtbor.
937 5460 1185 5525 Aspergt’s
1229 5474 1306 5510 me
1342 5472 1474 5525 aqua
1514 5456 1630 5509 Filii
1666 5459 1736 5511 tui
1770 5476 1921 5514 Sacro

336 5547 603 5616 sanguine
643 5549 829 5612 mixta,
869 5558 916 5601 et
952 5548 1255 5600 mundabor.
1301 5547 1374 5601 La
1408 5548 1514 5601 abis
1552 5565 1650 5611 uie,
1684 5560 1725 5600 ot
1764 5568 1917 5618 super

339 5638 509 5689 nirrm
538 5637 864 5692 deabbsbur?
896 5639 1119 5692 Lavabis
1138 5655 1221 5691 me
1254 5640 1301 5692 in
1332 5640 1422 5692 illo
1450 5651 1671 5693 venturo
1696 5642 1834 5695 fonte
1860 5654 1913 5697 et

334 5727 571 5797 mystico
611 5727 829 5783 nurnine
869 5731 919 5783 in
965 5746 1088 5798 quo,
1138 5746 1240 5783 non
1280 5731 1449 5784 solum
1492 5732 1691 5785 Clitnt'lt
1734 5750 1909 5787 meum

332 5825 730 5893 etSthigaetur,
767 5824 858 5880 sed
888 5835 933 5881 et
981 5824 1177 5879 candor
1209 5840 1359 5881 incus
1415 5842 1569 5896 quem
1602 5844 1754 5899 reccp
1784 5846 1908 5890 urus

2023 5279 2124 5315 ltt‘m
2166 5265 2497 5331 baptismatis
2546 5269 2721 5338 lonte,
2764 5273 2855 5325 s~‘tl
2900 5272 3224 5338 pteuitcntitc
3268 5290 3409 5330 rore.
3463 5274 3597 5340 Οαὸοι

2021 5357 2261 5410 delictum
2309 5377 2471 5412 meum
2517 5377 2690 5416 contra
2730 5382 2805 5437 me
2852 5374 2925 5418 est
2956 5383 3176 5430 semp".
3211 5368 3323 5419 Vidi
3354 5384 3437 5422 me
3469 5383 3604 5424 :co-

2022 5453 2174 5520 gnavi
2212 5451 2405 5506 factum
2441 5474 2638 5518 ineunt,
2666 5467 2770 5509 stat
2800 5473 2922 5513 aute
2947 5479 3030 5513 me
3058 5461 3309 5514 dvlictum
3335 5462 3471 5527 quod
3503 5477 3592 5517 tuo

2024 5542 2356 5598 deformavit.
2395 5543 2782 5615 l'Stpiequuque
2816 5550 2929 5602 lava
2963 5567 3046 5604 me
3069 5552 3135 5603 ab
3169 5550 3421 5618 iniustitia
3457 5568 3595 5619 mea,

2024 5636 2141 5698 quia
2174 5639 2397 5704 Cognovi
2453 5639 2589 5704 quod
2626 5640 2721 5692 lcci
2755 5658 2767 5692 :
2806 5641 2943 5706 quod
2978 5658 3074 5711 ego
3122 5643 3393 5711 Cognovi,
3427 5653 3480 5696 ιιι
3516 5645 3569 5699 di

2020 5733 2245 5789 gnariter
2270 5728 2503 5795 ignosce.
2538 5727 2779 5797 Despice,
2808 5728 3039 5800 tu,’qnod
3069 5748 3168 5802 ego
3199 5735 3441 5805 inspicio.
3482 5736 3603 5791 Sut-

2024 5816 2130 5868 ficit
2172 5832 2253 5869 me
2310 5819 2485 5873 vidch
2538 5820 2655 5874 hoc.
2718 5823 2834 5877 'l‘ilii
2884 5823 3128 5894 displicui
3166 5843 3175 5877 :
3211 5838 3373 5882 arma
3408 5829 3609 5903 faciem,
