  <div class='ocr_page' id='page_1' title='image "/cluster/home/n/w/nwhite01/storage/ocr_20150623/66/hvd.32044054758701/051.png"; bbox 0 0 4032 6184; ppageno 0'>
   <div class='ocr_carea' id='block_1_1' title="bbox 406 228 1987 301">
    <p class='ocr_par' dir='ltr' id='par_1_1' title="bbox 406 234 1987 301">
     <span class='ocr_line' id='line_1_1' title="bbox 406 234 1987 301; baseline -0.004 -2"><span class='ocrx_word' id='word_1_1' title='bbox 406 242 468 301; x_wconf 76' lang='lat' dir='ltr'><strong>at</strong></span> <span class='ocrx_word' id='word_1_2' title='bbox 606 234 617 243; x_wconf 87' lang='lat'><strong><em>&#39;</em></strong></span> <span class='ocrx_word' id='word_1_3' title='bbox 1358 240 1414 297; x_wconf 88' lang='lat' dir='ltr'><strong>s.</strong></span> <span class='ocrx_word' id='word_1_4' title='bbox 1456 236 1816 294; x_wconf 70' lang='lat' dir='ltr'><strong>LAUftliNTll</strong></span> <span class='ocrx_word' id='word_1_5' title='bbox 1858 237 1987 293; x_wconf 81' lang='lat' dir='ltr'><strong>Nov</strong></span> 
     </span>
    </p>
   </div>
   <div class='ocr_carea' id='block_1_2' title="bbox 2090 228 3635 301">
    <p class='ocr_par' dir='ltr' id='par_1_2' title="bbox 2093 228 3635 297">
     <span class='ocr_line' id='line_1_2' title="bbox 2093 228 3635 297; baseline 0.005 -7"><span class='ocrx_word' id='word_1_6' title='bbox 2093 236 2307 293; x_wconf 68' lang='grc' dir='ltr'>ιιῖκειε</span> <span class='ocrx_word' id='word_1_7' title='bbox 2346 237 2639 295; x_wconf 64' lang='grc' dir='ltr'>εριςεοιδι</span> <span class='ocrx_word' id='word_1_8' title='bbox 3578 228 3635 297; x_wconf 73' lang='lat'><strong>92</strong></span> 
     </span>
    </p>
   </div>
   <div class='ocr_carea' id='block_1_3' title="bbox 410 348 3633 425">
    <p class='ocr_par' dir='ltr' id='par_1_3' title="bbox 410 348 3633 425">
     <span class='ocr_line' id='line_1_3' title="bbox 410 348 3633 425; baseline -0.001 -17"><span class='ocrx_word' id='word_1_9' title='bbox 410 364 550 417; x_wconf 77' lang='lat' dir='ltr'><strong>tuam</strong></span> <span class='ocrx_word' id='word_1_10' title='bbox 576 370 607 406; x_wconf 82' lang='grc' dir='ltr'><em>α</em></span> <span class='ocrx_word' id='word_1_11' title='bbox 635 361 850 425; x_wconf 70' lang='lat' dir='ltr'><strong>peccatis</strong></span> <span class='ocrx_word' id='word_1_12' title='bbox 880 356 1023 414; x_wconf 82' lang='lat' dir='ltr'><strong>meis,</strong></span> <span class='ocrx_word' id='word_1_13' title='bbox 1057 364 1101 406; x_wconf 83' lang='lat' dir='ltr'><strong>et</strong></span> <span class='ocrx_word' id='word_1_14' title='bbox 1136 370 1305 407; x_wconf 77' lang='lat' dir='ltr'><strong>omnes</strong></span> <span class='ocrx_word' id='word_1_15' title='bbox 1345 355 1636 413; x_wconf 76' lang='lat' dir='ltr'><strong>mtquitales</strong></span> <span class='ocrx_word' id='word_1_16' title='bbox 1666 369 1799 406; x_wconf 68' lang='lat' dir='ltr'><strong>utens</strong></span> <span class='ocrx_word' id='word_1_17' title='bbox 1831 351 1963 404; x_wconf 79' lang='lat' dir='ltr'><strong>dele.</strong></span> <span class='ocrx_word' id='word_1_18' title='bbox 1997 352 2054 412; x_wconf 76' lang='grc' dir='ltr'><strong>Δ</strong></span> <span class='ocrx_word' id='word_1_19' title='bbox 2080 349 2265 417; x_wconf 77' lang='lat' dir='ltr'><strong>cepisti</strong></span> <span class='ocrx_word' id='word_1_20' title='bbox 2316 358 2545 403; x_wconf 78' lang='lat' dir='ltr'><strong>mentem</strong></span> <span class='ocrx_word' id='word_1_21' title='bbox 2570 351 2752 402; x_wconf 87' lang='lat' dir='ltr'><strong>altiora</strong></span> <span class='ocrx_word' id='word_1_22' title='bbox 2807 357 3102 416; x_wconf 78' lang='lat' dir='ltr'><strong>petentem;</strong></span> <span class='ocrx_word' id='word_1_23' title='bbox 3155 360 3233 403; x_wconf 76' lang='lat' dir='ltr'><strong>sta</strong></span> <span class='ocrx_word' id='word_1_24' title='bbox 3263 349 3314 402; x_wconf 90' lang='lat' dir='ltr'><strong>in</strong></span> <span class='ocrx_word' id='word_1_25' title='bbox 3353 348 3633 409; x_wconf 72' lang='lat' dir='ltr'><strong>altitudine,</strong></span> 
     </span>
    </p>
   </div>
   <div class='ocr_carea' id='block_1_4' title="bbox 408 447 1973 516">
    <p class='ocr_par' dir='ltr' id='par_1_4' title="bbox 408 447 1973 516">
     <span class='ocr_line' id='line_1_4' title="bbox 408 447 1973 516; baseline -0.001 -20"><span class='ocrx_word' id='word_1_26' title='bbox 408 447 619 512; x_wconf 81' lang='lat' dir='ltr'><strong>Quare?</strong></span> <span class='ocrx_word' id='word_1_27' title='bbox 658 448 777 516; x_wconf 73' lang='lat' dir='ltr'><strong>quia</strong></span> <span class='ocrx_word' id='word_1_28' title='bbox 823 447 1063 500; x_wconf 80' lang='lat' dir='ltr'><strong>delictum</strong></span> <span class='ocrx_word' id='word_1_29' title='bbox 1110 463 1275 499; x_wconf 80' lang='lat' dir='ltr'><strong>meum</strong></span> <span class='ocrx_word' id='word_1_30' title='bbox 1313 454 1490 499; x_wconf 81' lang='lat' dir='ltr'><strong>contra</strong></span> <span class='ocrx_word' id='word_1_31' title='bbox 1531 462 1610 499; x_wconf 85' lang='lat' dir='ltr'><strong>me</strong></span> <span class='ocrx_word' id='word_1_32' title='bbox 1646 457 1718 499; x_wconf 81' lang='lat' dir='ltr'><strong>est</strong></span> <span class='ocrx_word' id='word_1_33' title='bbox 1756 460 1973 516; x_wconf 79' lang='lat' dir='ltr'><strong>semper.</strong></span> 
     </span>
    </p>
   </div>
   <div class='ocr_carea' id='block_1_5' title="bbox 412 538 1975 607">
    <p class='ocr_par' dir='ltr' id='par_1_5' title="bbox 412 538 1975 607">
     <span class='ocr_line' id='line_1_5' title="bbox 412 538 1975 607; baseline -0.002 -13"><span class='ocrx_word' id='word_1_34' title='bbox 412 538 679 607; x_wconf 83' lang='lat' dir='ltr'><strong>Scriptum</strong></span> <span class='ocrx_word' id='word_1_35' title='bbox 707 548 789 592; x_wconf 70' lang='lat' dir='ltr'><strong>est</strong></span> <span class='ocrx_word' id='word_1_36' title='bbox 811 540 860 592; x_wconf 92' lang='lat' dir='ltr'><strong>in</strong></span> <span class='ocrx_word' id='word_1_37' title='bbox 882 540 1041 592; x_wconf 85' lang='lat' dir='ltr'><strong>corde</strong></span> <span class='ocrx_word' id='word_1_38' title='bbox 1068 555 1208 604; x_wconf 86' lang='lat' dir='ltr'><strong>meo,</strong></span> <span class='ocrx_word' id='word_1_39' title='bbox 1243 549 1518 593; x_wconf 85' lang='lat' dir='ltr'><strong>exaratum</strong></span> <span class='ocrx_word' id='word_1_40' title='bbox 1552 548 1635 592; x_wconf 91' lang='lat' dir='ltr'><strong>est</strong></span> <span class='ocrx_word' id='word_1_41' title='bbox 1666 538 1767 593; x_wconf 88' lang='lat' dir='ltr'><strong>sub</strong></span> <span class='ocrx_word' id='word_1_42' title='bbox 1806 538 1975 592; x_wconf 89' lang='lat' dir='ltr'><strong>oculis</strong></span> 
     </span>
    </p>
   </div>
   <div class='ocr_carea' id='block_1_6' title="bbox 414 629 1978 698">
    <p class='ocr_par' dir='ltr' id='par_1_6' title="bbox 414 629 1978 698">
     <span class='ocr_line' id='line_1_6' title="bbox 414 629 1978 698; baseline -0.001 -15"><span class='ocrx_word' id='word_1_43' title='bbox 414 629 567 695; x_wconf 87' lang='lat' dir='ltr'><strong>meis,</strong></span> <span class='ocrx_word' id='word_1_44' title='bbox 601 632 761 685; x_wconf 79' lang='lat' dir='ltr'><strong>ﬁxum</strong></span> <span class='ocrx_word' id='word_1_45' title='bbox 786 641 867 685; x_wconf 91' lang='lat' dir='ltr'><strong>est</strong></span> <span class='ocrx_word' id='word_1_46' title='bbox 894 632 945 684; x_wconf 91' lang='lat' dir='ltr'><strong>in</strong></span> <span class='ocrx_word' id='word_1_47' title='bbox 977 632 1302 685; x_wconf 88' lang='lat' dir='ltr'><strong>conscientia</strong></span> <span class='ocrx_word' id='word_1_48' title='bbox 1339 648 1476 685; x_wconf 87' lang='lat' dir='ltr'><strong>mea.</strong></span> <span class='ocrx_word' id='word_1_49' title='bbox 1502 634 1693 693; x_wconf 83' lang='lat' dir='ltr'><strong>Ablue,</strong></span> <span class='ocrx_word' id='word_1_50' title='bbox 1728 641 1803 695; x_wconf 88' lang='lat' dir='ltr'><strong>tu,</strong></span> <span class='ocrx_word' id='word_1_51' title='bbox 1835 629 1978 698; x_wconf 84' lang='lat' dir='ltr'><strong>quod</strong></span> 
     </span>
    </p>
   </div>
   <div class='ocr_carea' id='block_1_7' title="bbox 412 720 1977 794">
    <p class='ocr_par' dir='ltr' id='par_1_7' title="bbox 412 720 1977 794">
     <span class='ocr_line' id='line_1_7' title="bbox 412 720 1977 794; baseline -0.001 -19"><span class='ocrx_word' id='word_1_52' title='bbox 412 737 512 793; x_wconf 86' lang='lat' dir='ltr'><strong>ego</strong></span> <span class='ocrx_word' id='word_1_53' title='bbox 537 722 749 791; x_wconf 64' lang='lat' dir='ltr'><strong>scripsi,</strong></span> <span class='ocrx_word' id='word_1_54' title='bbox 789 722 966 776; x_wconf 79' lang='lat' dir='ltr'><strong>exime</strong></span> <span class='ocrx_word' id='word_1_55' title='bbox 995 723 1133 792; x_wconf 87' lang='lat' dir='ltr'><strong>quod</strong></span> <span class='ocrx_word' id='word_1_56' title='bbox 1164 738 1265 794; x_wconf 85' lang='lat' dir='ltr'><strong>ego</strong></span> <span class='ocrx_word' id='word_1_57' title='bbox 1297 722 1535 793; x_wconf 82' lang='lat' dir='ltr'><strong>depinsi.</strong></span> <span class='ocrx_word' id='word_1_58' title='bbox 1567 723 1692 777; x_wconf 64' lang='lat' dir='ltr'><strong>llaec</strong></span> <span class='ocrx_word' id='word_1_59' title='bbox 1724 723 1772 774; x_wconf 91' lang='grc'><strong>111</strong></span> <span class='ocrx_word' id='word_1_60' title='bbox 1814 720 1977 791; x_wconf 80' lang='lat' dir='ltr'><strong>figura</strong></span> 
     </span>
    </p>
   </div>
   <div class='ocr_carea' id='block_1_8' title="bbox 413 811 1978 884">
    <p class='ocr_par' dir='ltr' id='par_1_8' title="bbox 413 811 1978 884">
     <span class='ocr_line' id='line_1_8' title="bbox 413 811 1978 884; baseline -0.001 -17"><span class='ocrx_word' id='word_1_61' title='bbox 413 815 614 881; x_wconf 81' lang='lat' dir='ltr'><strong>plorata</strong></span> <span class='ocrx_word' id='word_1_62' title='bbox 641 824 794 880; x_wconf 86' lang='lat' dir='ltr'><strong>sunt;</strong></span> <span class='ocrx_word' id='word_1_63' title='bbox 822 816 933 869; x_wconf 70' lang='lat' dir='ltr'><strong>btec</strong></span> <span class='ocrx_word' id='word_1_64' title='bbox 962 815 1139 868; x_wconf 86' lang='lat' dir='ltr'><strong>induxi</strong></span> <span class='ocrx_word' id='word_1_65' title='bbox 1162 816 1215 868; x_wconf 90' lang='lat' dir='ltr'><strong>in</strong></span> <span class='ocrx_word' id='word_1_66' title='bbox 1246 815 1519 882; x_wconf 87' lang='lat' dir='ltr'><strong>speculum</strong></span> <span class='ocrx_word' id='word_1_67' title='bbox 1552 811 1978 884; x_wconf 68' lang='lat' dir='ltr'><strong>quinquagesimi</strong></span> 
     </span>
    </p>
   </div>
   <div class='ocr_carea' id='block_1_9' title="bbox 412 904 1979 977">
    <p class='ocr_par' dir='ltr' id='par_1_9' title="bbox 412 904 1979 977">
     <span class='ocr_line' id='line_1_9' title="bbox 412 904 1979 977; baseline -0.003 -17"><span class='ocrx_word' id='word_1_68' title='bbox 412 908 623 976; x_wconf 78' lang='lat' dir='ltr'><strong>psalmi,</strong></span> <span class='ocrx_word' id='word_1_69' title='bbox 667 910 717 961; x_wconf 91' lang='lat' dir='ltr'><strong>in</strong></span> <span class='ocrx_word' id='word_1_70' title='bbox 749 924 853 977; x_wconf 88' lang='lat' dir='ltr'><strong>quo</strong></span> <span class='ocrx_word' id='word_1_71' title='bbox 883 908 947 961; x_wconf 89' lang='lat' dir='ltr'><strong>ad</strong></span> <span class='ocrx_word' id='word_1_72' title='bbox 976 918 1247 975; x_wconf 76' lang='lat' dir='ltr'><strong>aspectum</strong></span> <span class='ocrx_word' id='word_1_73' title='bbox 1295 917 1532 960; x_wconf 91' lang='lat' dir='ltr'><strong>nostrum</strong></span> <span class='ocrx_word' id='word_1_74' title='bbox 1565 915 1620 961; x_wconf 91' lang='lat' dir='ltr'><strong>et</strong></span> <span class='ocrx_word' id='word_1_75' title='bbox 1659 904 1816 973; x_wconf 87' lang='lat' dir='ltr'><strong>primi</strong></span> <span class='ocrx_word' id='word_1_76' title='bbox 1846 913 1979 956; x_wconf 84' lang='lat' dir='ltr'><strong>tem-</strong></span> 
     </span>
    </p>
   </div>
   <div class='ocr_carea' id='block_1_10' title="bbox 415 994 1979 1068">
    <p class='ocr_par' dir='ltr' id='par_1_10' title="bbox 415 994 1979 1068">
     <span class='ocr_line' id='line_1_10' title="bbox 415 994 1979 1068; baseline -0.001 -19"><span class='ocrx_word' id='word_1_77' title='bbox 415 999 560 1064; x_wconf 87' lang='lat' dir='ltr'><strong>poris</strong></span> <span class='ocrx_word' id='word_1_78' title='bbox 604 1007 659 1053; x_wconf 92' lang='lat' dir='ltr'><strong>et</strong></span> <span class='ocrx_word' id='word_1_79' title='bbox 708 998 928 1054; x_wconf 87' lang='lat' dir='ltr'><strong>secundi</strong></span> <span class='ocrx_word' id='word_1_80' title='bbox 972 999 1181 1065; x_wconf 79' lang='lat' dir='ltr'><strong>gemina</strong></span> <span class='ocrx_word' id='word_1_81' title='bbox 1224 998 1395 1068; x_wconf 82' lang='lat' dir='ltr'><strong>imago</strong></span> <span class='ocrx_word' id='word_1_82' title='bbox 1442 995 1880 1063; x_wconf 82' lang='lat' dir='ltr'><strong>resultatzprimi</strong></span> <span class='ocrx_word' id='word_1_83' title='bbox 1925 994 1979 1047; x_wconf 90' lang='lat' dir='ltr'><strong>in</strong></span> 
     </span>
    </p>
   </div>
   <div class='ocr_carea' id='block_1_11' title="bbox 414 1086 1979 1154">
    <p class='ocr_par' dir='ltr' id='par_1_11' title="bbox 414 1086 1979 1154">
     <span class='ocr_line' id='line_1_11' title="bbox 414 1086 1979 1154; baseline -0.002 -14"><span class='ocrx_word' id='word_1_84' title='bbox 414 1090 603 1154; x_wconf 80' lang='lat' dir='ltr'><strong>Adam,</strong></span> <span class='ocrx_word' id='word_1_85' title='bbox 648 1091 865 1145; x_wconf 89' lang='lat' dir='ltr'><strong>secundi</strong></span> <span class='ocrx_word' id='word_1_86' title='bbox 916 1092 966 1144; x_wconf 89' lang='lat' dir='ltr'><strong>in</strong></span> <span class='ocrx_word' id='word_1_87' title='bbox 1005 1090 1188 1143; x_wconf 85' lang='lat' dir='ltr'><strong>David.</strong></span> <span class='ocrx_word' id='word_1_88' title='bbox 1236 1089 1383 1143; x_wconf 80' lang='lat' dir='ltr'><strong>Licet</strong></span> <span class='ocrx_word' id='word_1_89' title='bbox 1414 1090 1592 1153; x_wconf 88' lang='lat' dir='ltr'><strong>ambo,</strong></span> <span class='ocrx_word' id='word_1_90' title='bbox 1624 1087 1737 1143; x_wconf 87' lang='lat' dir='ltr'><strong>sive</strong></span> <span class='ocrx_word' id='word_1_91' title='bbox 1786 1086 1979 1151; x_wconf 81' lang='lat' dir='ltr'><strong>Adam,</strong></span> 
     </span>
    </p>
   </div>
   <div class='ocr_carea' id='block_1_12' title="bbox 411 1179 1980 1253">
    <p class='ocr_par' dir='ltr' id='par_1_12' title="bbox 411 1179 1980 1253">
     <span class='ocr_line' id='line_1_12' title="bbox 411 1179 1980 1253; baseline -0.003 -18"><span class='ocrx_word' id='word_1_92' title='bbox 411 1184 526 1238; x_wconf 84' lang='lat' dir='ltr'><strong>sive</strong></span> <span class='ocrx_word' id='word_1_93' title='bbox 556 1183 719 1238; x_wconf 79' lang='lat' dir='ltr'><strong>David</strong></span> <span class='ocrx_word' id='word_1_94' title='bbox 752 1200 800 1253; x_wconf 78' lang='lat' dir='ltr'><strong>pi</strong></span> <span class='ocrx_word' id='word_1_95' title='bbox 815 1184 905 1237; x_wconf 91' lang='lat' dir='ltr'><strong>imi</strong></span> <span class='ocrx_word' id='word_1_96' title='bbox 935 1186 1192 1247; x_wconf 79' lang='lat' dir='ltr'><strong>temporis</strong></span> <span class='ocrx_word' id='word_1_97' title='bbox 1226 1184 1399 1250; x_wconf 88' lang='lat' dir='ltr'><strong>spatio</strong></span> <span class='ocrx_word' id='word_1_98' title='bbox 1429 1183 1836 1237; x_wconf 77' lang='lat' dir='ltr'><strong>concludantur.</strong></span> <span class='ocrx_word' id='word_1_99' title='bbox 1864 1179 1980 1247; x_wconf 85' lang='lat' dir='ltr'><strong>Spi-</strong></span> 
     </span>
    </p>
   </div>
   <div class='ocr_carea' id='block_1_13' title="bbox 414 1273 1979 1346">
    <p class='ocr_par' dir='ltr' id='par_1_13' title="bbox 414 1273 1979 1346">
     <span class='ocr_line' id='line_1_13' title="bbox 414 1273 1979 1346; baseline -0.002 -19"><span class='ocrx_word' id='word_1_100' title='bbox 414 1273 547 1327; x_wconf 61' lang='lat' dir='ltr'><strong>ritus</strong></span> <span class='ocrx_word' id='word_1_101' title='bbox 575 1284 658 1329; x_wconf 86' lang='lat' dir='ltr'><strong>est</strong></span> <span class='ocrx_word' id='word_1_102' title='bbox 685 1286 900 1329; x_wconf 87' lang='lat' dir='ltr'><strong>sanctus</strong></span> <span class='ocrx_word' id='word_1_103' title='bbox 936 1276 1026 1345; x_wconf 90' lang='lat' dir='ltr'><strong>qui</strong></span> <span class='ocrx_word' id='word_1_104' title='bbox 1061 1276 1294 1346; x_wconf 87' lang='lat' dir='ltr'><strong>loquitur</strong></span> <span class='ocrx_word' id='word_1_105' title='bbox 1335 1275 1387 1329; x_wconf 93' lang='lat' dir='ltr'><strong>in</strong></span> <span class='ocrx_word' id='word_1_106' title='bbox 1432 1275 1727 1344; x_wconf 80' lang='lat' dir='ltr'><strong>prepbetis,</strong></span> <span class='ocrx_word' id='word_1_107' title='bbox 1758 1283 1811 1328; x_wconf 90' lang='lat' dir='ltr'><strong>et</strong></span> <span class='ocrx_word' id='word_1_108' title='bbox 1842 1283 1979 1327; x_wconf 78' lang='lat' dir='ltr'><strong>tem-</strong></span> 
     </span>
    </p>
   </div>
   <div class='ocr_carea' id='block_1_14' title="bbox 414 1368 1981 1438">
    <p class='ocr_par' dir='ltr' id='par_1_14' title="bbox 414 1368 1981 1438">
     <span class='ocr_line' id='line_1_14' title="bbox 414 1368 1981 1438; baseline 0.002 -22"><span class='ocrx_word' id='word_1_109' title='bbox 414 1380 512 1431; x_wconf 87' lang='lat' dir='ltr'><strong>pus</strong></span> <span class='ocrx_word' id='word_1_110' title='bbox 542 1368 822 1438; x_wconf 90' lang='lat' dir='ltr'><strong>utriusque</strong></span> <span class='ocrx_word' id='word_1_111' title='bbox 849 1383 877 1421; x_wconf 89' lang='lat' dir='ltr'><strong>a</strong></span> <span class='ocrx_word' id='word_1_112' title='bbox 904 1384 962 1424; x_wconf 92' lang='lat' dir='ltr'><strong>se</strong></span> <span class='ocrx_word' id='word_1_113' title='bbox 992 1369 1288 1436; x_wconf 88' lang='lat' dir='ltr'><strong>distinguit,</strong></span> <span class='ocrx_word' id='word_1_114' title='bbox 1324 1380 1376 1423; x_wconf 92' lang='lat' dir='ltr'><strong>et</strong></span> <span class='ocrx_word' id='word_1_115' title='bbox 1408 1368 1856 1437; x_wconf 65' lang='lat' dir='ltr'><strong>prmvaricationis</strong></span> <span class='ocrx_word' id='word_1_116' title='bbox 1890 1381 1981 1419; x_wconf 84' lang='lat' dir='ltr'><strong>ve-</strong></span> 
     </span>
    </p>
   </div>
   <div class='ocr_carea' id='block_1_15' title="bbox 415 1459 1978 1531">
    <p class='ocr_par' dir='ltr' id='par_1_15' title="bbox 415 1459 1978 1531">
     <span class='ocr_line' id='line_1_15' title="bbox 415 1459 1978 1531; baseline 0.001 -21"><span class='ocrx_word' id='word_1_117' title='bbox 415 1459 499 1510; x_wconf 84' lang='lat' dir='ltr'><strong>nia</strong></span> <span class='ocrx_word' id='word_1_118' title='bbox 523 1459 759 1530; x_wconf 77' lang='lat' dir='ltr'><strong>signetur</strong></span> <span class='ocrx_word' id='word_1_119' title='bbox 784 1462 836 1515; x_wconf 89' lang='lat' dir='ltr'><strong>in</strong></span> <span class='ocrx_word' id='word_1_120' title='bbox 871 1461 1054 1523; x_wconf 78' lang='lat' dir='ltr'><strong>Adam.</strong></span> <span class='ocrx_word' id='word_1_121' title='bbox 1088 1462 1414 1531; x_wconf 69' lang='lat' dir='ltr'><strong>poenitentia:</strong></span> <span class='ocrx_word' id='word_1_122' title='bbox 1440 1477 1629 1515; x_wconf 87' lang='lat' dir='ltr'><strong>manus</strong></span> <span class='ocrx_word' id='word_1_123' title='bbox 1656 1461 1895 1516; x_wconf 82' lang='lat' dir='ltr'><strong>exsolvat</strong></span> <span class='ocrx_word' id='word_1_124' title='bbox 1926 1460 1978 1512; x_wconf 92' lang='lat' dir='ltr'><strong>in</strong></span> 
     </span>
    </p>
   </div>
   <div class='ocr_carea' id='block_1_16' title="bbox 417 1549 1979 1623">
    <p class='ocr_par' dir='ltr' id='par_1_16' title="bbox 417 1549 1979 1623">
     <span class='ocr_line' id='line_1_16' title="bbox 417 1549 1979 1623; baseline 0.002 -20"><span class='ocrx_word' id='word_1_125' title='bbox 417 1549 610 1615; x_wconf 80' lang='lat' dir='ltr'><strong>David;</strong></span> <span class='ocrx_word' id='word_1_126' title='bbox 640 1565 818 1605; x_wconf 83' lang='lat' dir='ltr'><strong>sermo</strong></span> <span class='ocrx_word' id='word_1_127' title='bbox 846 1567 1073 1620; x_wconf 85' lang='lat' dir='ltr'><strong>namque</strong></span> <span class='ocrx_word' id='word_1_128' title='bbox 1107 1555 1468 1623; x_wconf 87' lang='lat' dir='ltr'><strong>propheticus,</strong></span> <span class='ocrx_word' id='word_1_129' title='bbox 1497 1566 1543 1609; x_wconf 90' lang='lat' dir='ltr'><strong>et</strong></span> <span class='ocrx_word' id='word_1_130' title='bbox 1591 1554 1979 1620; x_wconf 69' lang='lat' dir='ltr'><strong>praecedentem</strong></span> 
     </span>
    </p>
   </div>
   <div class='ocr_carea' id='block_1_17' title="bbox 415 1639 1976 1713">
    <p class='ocr_par' dir='ltr' id='par_1_17' title="bbox 415 1639 1976 1713">
     <span class='ocr_line' id='line_1_17' title="bbox 415 1639 1976 1713; baseline 0.002 -21"><span class='ocrx_word' id='word_1_131' title='bbox 415 1639 604 1695; x_wconf 85' lang='lat' dir='ltr'><strong>faciem</strong></span> <span class='ocrx_word' id='word_1_132' title='bbox 652 1644 906 1711; x_wconf 91' lang='lat' dir='ltr'><strong>temporis</strong></span> <span class='ocrx_word' id='word_1_133' title='bbox 946 1655 999 1697; x_wconf 89' lang='lat' dir='ltr'><strong>et</strong></span> <span class='ocrx_word' id='word_1_134' title='bbox 1039 1654 1348 1710; x_wconf 87' lang='lat' dir='ltr'><strong>sequentem</strong></span> <span class='ocrx_word' id='word_1_135' title='bbox 1382 1646 1617 1713; x_wconf 90' lang='lat' dir='ltr'><strong>depingit</strong></span> <span class='ocrx_word' id='word_1_136' title='bbox 1666 1645 1718 1698; x_wconf 92' lang='lat' dir='ltr'><strong>in</strong></span> <span class='ocrx_word' id='word_1_137' title='bbox 1752 1646 1976 1713; x_wconf 72' lang='lat' dir='ltr'><strong>psalmo.</strong></span> 
     </span>
    </p>
   </div>
   <div class='ocr_carea' id='block_1_18' title="bbox 2082 442 3636 512">
    <p class='ocr_par' dir='ltr' id='par_1_18' title="bbox 2082 442 3636 512">
     <span class='ocr_line' id='line_1_18' title="bbox 2082 442 3636 512; baseline 0.001 -17"><span class='ocrx_word' id='word_1_138' title='bbox 2082 442 2275 496; x_wconf 86' lang='lat' dir='ltr'><strong>mentis</strong></span> <span class='ocrx_word' id='word_1_139' title='bbox 2305 451 2406 496; x_wconf 77' lang='lat' dir='ltr'><strong>tua:</strong></span> <span class='ocrx_word' id='word_1_140' title='bbox 2434 444 2579 512; x_wconf 87' lang='lat' dir='ltr'><strong>quasi</strong></span> <span class='ocrx_word' id='word_1_141' title='bbox 2615 443 2785 511; x_wconf 80' lang='lat' dir='ltr'><strong>imago</strong></span> <span class='ocrx_word' id='word_1_142' title='bbox 2817 442 2906 497; x_wconf 90' lang='lat' dir='ltr'><strong>Dei</strong></span> <span class='ocrx_word' id='word_1_143' title='bbox 2928 484 2941 505; x_wconf 89' lang='lat'><strong>,</strong></span> <span class='ocrx_word' id='word_1_144' title='bbox 2995 452 3049 497; x_wconf 89' lang='lat' dir='ltr'><strong>et</strong></span> <span class='ocrx_word' id='word_1_145' title='bbox 3075 442 3141 496; x_wconf 92' lang='lat' dir='ltr'><strong>de</strong></span> <span class='ocrx_word' id='word_1_146' title='bbox 3168 443 3386 509; x_wconf 86' lang='lat' dir='ltr'><strong>speculo</strong></span> <span class='ocrx_word' id='word_1_147' title='bbox 3407 442 3506 498; x_wconf 91' lang='lat' dir='ltr'><strong>boc</strong></span> <span class='ocrx_word' id='word_1_148' title='bbox 3526 445 3636 499; x_wconf 88' lang='lat' dir='ltr'><strong>dei-</strong></span> 
     </span>
    </p>
   </div>
   <div class='ocr_carea' id='block_1_19' title="bbox 2089 532 3635 600">
    <p class='ocr_par' dir='ltr' id='par_1_19' title="bbox 2089 532 3635 600">
     <span class='ocr_line' id='line_1_19' title="bbox 2089 532 3635 600; baseline 0.002 -15"><span class='ocrx_word' id='word_1_149' title='bbox 2089 532 2173 585; x_wconf 83' lang='lat' dir='ltr'><strong>lici</strong></span> <span class='ocrx_word' id='word_1_150' title='bbox 2205 533 2383 600; x_wconf 77' lang='lat' dir='ltr'><strong>operis</strong></span> <span class='ocrx_word' id='word_1_151' title='bbox 2426 532 2682 600; x_wconf 83' lang='lat' dir='ltr'><strong>profunda</strong></span> <span class='ocrx_word' id='word_1_152' title='bbox 2718 533 3016 586; x_wconf 87' lang='lat' dir='ltr'><strong>rimaberis.</strong></span> <span class='ocrx_word' id='word_1_153' title='bbox 3066 532 3239 586; x_wconf 82' lang='lat' dir='ltr'><strong>[labes</strong></span> <span class='ocrx_word' id='word_1_154' title='bbox 3279 533 3555 587; x_wconf 86' lang='lat' dir='ltr'><strong>arbitrium</strong></span> <span class='ocrx_word' id='word_1_155' title='bbox 3584 545 3635 588; x_wconf 90' lang='lat' dir='ltr'><strong>et</strong></span> 
     </span>
    </p>
   </div>
   <div class='ocr_carea' id='block_1_20' title="bbox 2083 621 3636 690">
    <p class='ocr_par' dir='ltr' id='par_1_20' title="bbox 2083 621 3636 690">
     <span class='ocr_line' id='line_1_20' title="bbox 2083 621 3636 690; baseline 0 -14"><span class='ocrx_word' id='word_1_156' title='bbox 2083 637 2297 677; x_wconf 87' lang='lat' dir='ltr'><strong>sensum</strong></span> <span class='ocrx_word' id='word_1_157' title='bbox 2322 623 2387 677; x_wconf 91' lang='lat' dir='ltr'><strong>de</strong></span> <span class='ocrx_word' id='word_1_158' title='bbox 2436 624 2541 675; x_wconf 77' lang='lat' dir='ltr'><strong>lleo</strong></span> <span class='ocrx_word' id='word_1_159' title='bbox 2582 635 2916 675; x_wconf 89' lang='lat' dir='ltr'><strong>concessum.</strong></span> <span class='ocrx_word' id='word_1_160' title='bbox 2953 621 3195 675; x_wconf 83' lang='lat' dir='ltr'><strong>Delibera</strong></span> <span class='ocrx_word' id='word_1_161' title='bbox 3237 622 3375 690; x_wconf 89' lang='lat' dir='ltr'><strong>apud</strong></span> <span class='ocrx_word' id='word_1_162' title='bbox 3411 631 3485 684; x_wconf 93' lang='lat' dir='ltr'><strong>te,</strong></span> <span class='ocrx_word' id='word_1_163' title='bbox 3520 638 3636 677; x_wconf 85' lang='lat' dir='ltr'><strong>cunt</strong></span> 
     </span>
    </p>
   </div>
   <div class='ocr_carea' id='block_1_21' title="bbox 2081 710 3640 783">
    <p class='ocr_par' dir='ltr' id='par_1_21' title="bbox 2081 710 3640 783">
     <span class='ocr_line' id='line_1_21' title="bbox 2081 710 3640 783; baseline 0.001 -18"><span class='ocrx_word' id='word_1_164' title='bbox 2081 716 2156 765; x_wconf 85' lang='lat' dir='ltr'><strong>sis</strong></span> <span class='ocrx_word' id='word_1_165' title='bbox 2189 711 2362 781; x_wconf 84' lang='lat' dir='ltr'><strong>imago</strong></span> <span class='ocrx_word' id='word_1_166' title='bbox 2395 711 2509 773; x_wconf 88' lang='lat' dir='ltr'><strong>Dei,</strong></span> <span class='ocrx_word' id='word_1_167' title='bbox 2538 710 2806 780; x_wconf 91' lang='lat' dir='ltr'><strong>quomodo</strong></span> <span class='ocrx_word' id='word_1_168' title='bbox 2837 726 2940 765; x_wconf 92' lang='lat' dir='ltr'><strong>non</strong></span> <span class='ocrx_word' id='word_1_169' title='bbox 2966 725 3137 779; x_wconf 65' lang='lat' dir='ltr'><strong>possis</strong></span> <span class='ocrx_word' id='word_1_170' title='bbox 3167 712 3453 783; x_wconf 71' lang='lat' dir='ltr'><strong>exstingui.</strong></span> <span class='ocrx_word' id='word_1_171' title='bbox 3479 712 3535 768; x_wconf 89' lang='lat' dir='ltr'><strong>Si</strong></span> <span class='ocrx_word' id='word_1_172' title='bbox 3564 724 3640 766; x_wconf 88' lang='lat' dir='ltr'><strong>est</strong></span> 
     </span>
    </p>
   </div>
   <div class='ocr_carea' id='block_1_22' title="bbox 2084 801 3639 873">
    <p class='ocr_par' dir='ltr' id='par_1_22' title="bbox 2084 801 3639 873">
     <span class='ocr_line' id='line_1_22' title="bbox 2084 801 3639 873; baseline 0.003 -20"><span class='ocrx_word' id='word_1_173' title='bbox 2084 803 2135 853; x_wconf 95' lang='lat' dir='ltr'><strong>in</strong></span> <span class='ocrx_word' id='word_1_174' title='bbox 2189 810 2240 855; x_wconf 90' lang='lat' dir='ltr'><strong>te</strong></span> <span class='ocrx_word' id='word_1_175' title='bbox 2286 801 2585 869; x_wconf 88' lang='lat' dir='ltr'><strong>prudentia,</strong></span> <span class='ocrx_word' id='word_1_176' title='bbox 2634 803 2675 855; x_wconf 91' lang='lat' dir='ltr'><strong>si</strong></span> <span class='ocrx_word' id='word_1_177' title='bbox 2716 801 2879 856; x_wconf 83' lang='lat' dir='ltr'><strong>habes</strong></span> <span class='ocrx_word' id='word_1_178' title='bbox 2929 803 3233 867; x_wconf 83' lang='lat' dir='ltr'><strong>consilium,</strong></span> <span class='ocrx_word' id='word_1_179' title='bbox 3272 812 3324 857; x_wconf 90' lang='lat' dir='ltr'><strong>et</strong></span> <span class='ocrx_word' id='word_1_180' title='bbox 3375 806 3639 873; x_wconf 90' lang='lat' dir='ltr'><strong>proprium</strong></span> 
     </span>
    </p>
   </div>
   <div class='ocr_carea' id='block_1_23' title="bbox 2082 891 3643 962">
    <p class='ocr_par' dir='ltr' id='par_1_23' title="bbox 2082 891 3643 962">
     <span class='ocr_line' id='line_1_23' title="bbox 2082 891 3643 962; baseline 0.004 -18"><span class='ocrx_word' id='word_1_181' title='bbox 2082 892 2276 944; x_wconf 82' lang='lat' dir='ltr'><strong>mentis</strong></span> <span class='ocrx_word' id='word_1_182' title='bbox 2306 892 2603 957; x_wconf 84' lang='lat' dir='ltr'><strong>arbitrium,</strong></span> <span class='ocrx_word' id='word_1_183' title='bbox 2640 892 2777 946; x_wconf 90' lang='lat' dir='ltr'><strong>Deus</strong></span> <span class='ocrx_word' id='word_1_184' title='bbox 2805 891 2860 944; x_wconf 88' lang='lat' dir='ltr'><strong>in</strong></span> <span class='ocrx_word' id='word_1_185' title='bbox 2907 901 2955 944; x_wconf 92' lang='lat' dir='ltr'><strong>te</strong></span> <span class='ocrx_word' id='word_1_186' title='bbox 2990 902 3092 945; x_wconf 84' lang='lat' dir='ltr'><strong>est.</strong></span> <span class='ocrx_word' id='word_1_187' title='bbox 3133 893 3248 959; x_wconf 90' lang='lat' dir='ltr'><strong>Ipse</strong></span> <span class='ocrx_word' id='word_1_188' title='bbox 3286 893 3379 948; x_wconf 85' lang='lat' dir='ltr'><strong>tibi</strong></span> <span class='ocrx_word' id='word_1_189' title='bbox 3405 895 3509 948; x_wconf 86' lang='lat' dir='ltr'><strong>erit</strong></span> <span class='ocrx_word' id='word_1_190' title='bbox 3536 910 3643 962; x_wconf 51' lang='lat' dir='ltr'><strong>per</strong></span> 
     </span>
    </p>
   </div>
   <div class='ocr_carea' id='block_1_24' title="bbox 2083 979 3641 1053">
    <p class='ocr_par' dir='ltr' id='par_1_24' title="bbox 2083 979 3641 1053">
     <span class='ocr_line' id='line_1_24' title="bbox 2083 979 3641 1053; baseline 0.004 -20"><span class='ocrx_word' id='word_1_191' title='bbox 2083 979 2327 1041; x_wconf 86' lang='lat' dir='ltr'><strong>nitentia.</strong></span> <span class='ocrx_word' id='word_1_192' title='bbox 2364 991 2418 1034; x_wconf 91' lang='lat' dir='ltr'><strong>et</strong></span> <span class='ocrx_word' id='word_1_193' title='bbox 2454 979 2571 1033; x_wconf 90' lang='lat' dir='ltr'><strong>fons</strong></span> <span class='ocrx_word' id='word_1_194' title='bbox 2597 992 2649 1035; x_wconf 89' lang='lat' dir='ltr'><strong>et</strong></span> <span class='ocrx_word' id='word_1_195' title='bbox 2678 982 2960 1048; x_wconf 88' lang='lat' dir='ltr'><strong>baptisma,</strong></span> <span class='ocrx_word' id='word_1_196' title='bbox 2995 991 3049 1035; x_wconf 91' lang='lat' dir='ltr'><strong>et</strong></span> <span class='ocrx_word' id='word_1_197' title='bbox 3079 983 3341 1043; x_wconf 82' lang='lat' dir='ltr'><strong>remissio,</strong></span> <span class='ocrx_word' id='word_1_198' title='bbox 3382 986 3469 1053; x_wconf 90' lang='lat' dir='ltr'><strong>qui</strong></span> <span class='ocrx_word' id='word_1_199' title='bbox 3507 1000 3641 1039; x_wconf 84' lang='lat' dir='ltr'><strong>nun-</strong></span> 
     </span>
    </p>
   </div>
   <div class='ocr_carea' id='block_1_25' title="bbox 2091 1069 3644 1146">
    <p class='ocr_par' dir='ltr' id='par_1_25' title="bbox 2091 1069 3644 1146">
     <span class='ocr_line' id='line_1_25' title="bbox 2091 1069 3644 1146; baseline 0.006 -26"><span class='ocrx_word' id='word_1_200' title='bbox 2091 1083 2249 1137; x_wconf 85' lang='lat' dir='ltr'><strong>quam</strong></span> <span class='ocrx_word' id='word_1_201' title='bbox 2291 1074 2341 1122; x_wconf 91' lang='lat' dir='ltr'><strong>in</strong></span> <span class='ocrx_word' id='word_1_202' title='bbox 2384 1079 2554 1125; x_wconf 87' lang='lat' dir='ltr'><strong>tenec</strong></span> <span class='ocrx_word' id='word_1_203' title='bbox 2590 1069 2786 1124; x_wconf 81' lang='lat' dir='ltr'><strong>desinit</strong></span> <span class='ocrx_word' id='word_1_204' title='bbox 2823 1085 2920 1124; x_wconf 91' lang='lat' dir='ltr'><strong>nec</strong></span> <span class='ocrx_word' id='word_1_205' title='bbox 2961 1071 3158 1125; x_wconf 73' lang='lat' dir='ltr'><strong>deficit.</strong></span> <span class='ocrx_word' id='word_1_206' title='bbox 3188 1072 3322 1137; x_wconf 86' lang='lat' dir='ltr'><strong>Quid</strong></span> <span class='ocrx_word' id='word_1_207' title='bbox 3368 1074 3644 1146; x_wconf 84' lang='lat' dir='ltr'><strong>ambiguus</strong></span> 
     </span>
    </p>
   </div>
   <div class='ocr_carea' id='block_1_26' title="bbox 2081 1161 3639 1233">
    <p class='ocr_par' dir='ltr' id='par_1_26' title="bbox 2081 1161 3639 1233">
     <span class='ocr_line' id='line_1_26' title="bbox 2081 1161 3639 1233; baseline 0.003 -19"><span class='ocrx_word' id='word_1_208' title='bbox 2081 1172 2272 1215; x_wconf 68' lang='lat' dir='ltr'><strong>aestuas</strong></span> <span class='ocrx_word' id='word_1_209' title='bbox 2306 1179 2318 1213; x_wconf 93' lang='lat'>:</span> <span class='ocrx_word' id='word_1_210' title='bbox 2352 1162 2474 1231; x_wconf 90' lang='lat' dir='ltr'><strong>quid</strong></span> <span class='ocrx_word' id='word_1_211' title='bbox 2508 1162 2795 1216; x_wconf 86' lang='lat' dir='ltr'><strong>resolveris</strong></span> <span class='ocrx_word' id='word_1_212' title='bbox 2829 1161 3028 1226; x_wconf 87' lang='lat' dir='ltr'><strong>animo,</strong></span> <span class='ocrx_word' id='word_1_213' title='bbox 3070 1170 3124 1216; x_wconf 91' lang='lat' dir='ltr'><strong>et</strong></span> <span class='ocrx_word' id='word_1_214' title='bbox 3153 1161 3290 1217; x_wconf 88' lang='lat' dir='ltr'><strong>inter</strong></span> <span class='ocrx_word' id='word_1_215' title='bbox 3330 1163 3505 1233; x_wconf 88' lang='lat' dir='ltr'><strong>inepta</strong></span> <span class='ocrx_word' id='word_1_216' title='bbox 3542 1175 3639 1218; x_wconf 70' lang='lat' dir='ltr'><strong>tae-</strong></span> 
     </span>
    </p>
   </div>
   <div class='ocr_carea' id='block_1_27' title="bbox 2080 1249 3649 1323">
    <p class='ocr_par' dir='ltr' id='par_1_27' title="bbox 2080 1249 3649 1323">
     <span class='ocr_line' id='line_1_27' title="bbox 2080 1249 3649 1323; baseline 0.004 -18"><span class='ocrx_word' id='word_1_217' title='bbox 2080 1249 2167 1305; x_wconf 84' lang='lat' dir='ltr'><strong>dia</strong></span> <span class='ocrx_word' id='word_1_218' title='bbox 2216 1253 2557 1306; x_wconf 67' lang='lat' dir='ltr'><strong>conscientiae</strong></span> <span class='ocrx_word' id='word_1_219' title='bbox 2598 1262 2700 1307; x_wconf 67' lang='lat' dir='ltr'><strong>tua:</strong></span> <span class='ocrx_word' id='word_1_220' title='bbox 2749 1251 2999 1323; x_wconf 86' lang='lat' dir='ltr'><strong>fatigatus</strong></span> <span class='ocrx_word' id='word_1_221' title='bbox 3049 1254 3340 1322; x_wconf 74' lang='lat' dir='ltr'><strong>torpescis?</strong></span> <span class='ocrx_word' id='word_1_222' title='bbox 3399 1256 3649 1311; x_wconf 85' lang='lat' dir='ltr'><strong>Peccasti</strong></span> 
     </span>
    </p>
   </div>
   <div class='ocr_carea' id='block_1_28' title="bbox 2084 1345 3646 1416">
    <p class='ocr_par' dir='ltr' id='par_1_28' title="bbox 2084 1345 3646 1416">
     <span class='ocr_line' id='line_1_28' title="bbox 2084 1345 3646 1416; baseline 0.004 -19"><span class='ocrx_word' id='word_1_223' title='bbox 2084 1355 2200 1412; x_wconf 85' lang='lat' dir='ltr'><strong>post</strong></span> <span class='ocrx_word' id='word_1_224' title='bbox 2232 1345 2448 1408; x_wconf 84' lang='lat' dir='ltr'><strong>fontem,</strong></span> <span class='ocrx_word' id='word_1_225' title='bbox 2481 1346 2659 1413; x_wconf 89' lang='lat' dir='ltr'><strong>lapsus</strong></span> <span class='ocrx_word' id='word_1_226' title='bbox 2685 1360 2744 1400; x_wconf 89' lang='lat' dir='ltr'><strong>es</strong></span> <span class='ocrx_word' id='word_1_227' title='bbox 2771 1358 2888 1413; x_wconf 91' lang='lat' dir='ltr'><strong>post</strong></span> <span class='ocrx_word' id='word_1_228' title='bbox 2930 1346 3212 1416; x_wconf 87' lang='lat' dir='ltr'><strong>baptisma,</strong></span> <span class='ocrx_word' id='word_1_229' title='bbox 3246 1345 3415 1402; x_wconf 90' lang='lat' dir='ltr'><strong>fecisti</strong></span> <span class='ocrx_word' id='word_1_230' title='bbox 3442 1348 3646 1403; x_wconf 89' lang='lat' dir='ltr'><strong>crimen</strong></span> 
     </span>
    </p>
   </div>
   <div class='ocr_carea' id='block_1_29' title="bbox 2084 1435 3648 1508">
    <p class='ocr_par' dir='ltr' id='par_1_29' title="bbox 2084 1435 3648 1508">
     <span class='ocr_line' id='line_1_29' title="bbox 2084 1435 3648 1508; baseline 0.001 -19"><span class='ocrx_word' id='word_1_231' title='bbox 2084 1446 2203 1505; x_wconf 87' lang='lat' dir='ltr'><strong>post</strong></span> <span class='ocrx_word' id='word_1_232' title='bbox 2233 1436 2609 1507; x_wconf 85' lang='lat' dir='ltr'><strong>indulgentiam</strong></span> <span class='ocrx_word' id='word_1_233' title='bbox 2646 1436 2948 1505; x_wconf 79' lang='lat' dir='ltr'><strong>generalem</strong></span> <span class='ocrx_word' id='word_1_234' title='bbox 2974 1451 2988 1489; x_wconf 89' lang='lat'><strong>:</strong></span> <span class='ocrx_word' id='word_1_235' title='bbox 3012 1435 3137 1505; x_wconf 90' lang='lat' dir='ltr'><strong>qttid</strong></span> <span class='ocrx_word' id='word_1_236' title='bbox 3169 1436 3349 1491; x_wconf 80' lang='lat' dir='ltr'><strong>nunc?</strong></span> <span class='ocrx_word' id='word_1_237' title='bbox 3380 1440 3512 1506; x_wconf 87' lang='lat' dir='ltr'><strong>perit</strong></span> <span class='ocrx_word' id='word_1_238' title='bbox 3535 1437 3648 1508; x_wconf 83' lang='lat' dir='ltr'><strong>jam</strong></span> 
     </span>
    </p>
   </div>
   <div class='ocr_carea' id='block_1_30' title="bbox 2082 1527 3648 1596">
    <p class='ocr_par' dir='ltr' id='par_1_30' title="bbox 2082 1527 3648 1596">
     <span class='ocr_line' id='line_1_30' title="bbox 2082 1527 3648 1596; baseline 0.003 -15"><span class='ocrx_word' id='word_1_239' title='bbox 2082 1527 2240 1596; x_wconf 75' lang='lat' dir='ltr'><strong>spes?</strong></span> <span class='ocrx_word' id='word_1_240' title='bbox 2290 1528 2522 1596; x_wconf 89' lang='lat' dir='ltr'><strong>nunquid</strong></span> <span class='ocrx_word' id='word_1_241' title='bbox 2552 1528 2863 1596; x_wconf 87' lang='lat' dir='ltr'><strong>intercepta</strong></span> <span class='ocrx_word' id='word_1_242' title='bbox 2909 1538 2991 1581; x_wconf 89' lang='lat' dir='ltr'><strong>est</strong></span> <span class='ocrx_word' id='word_1_243' title='bbox 3036 1528 3348 1585; x_wconf 85' lang='lat' dir='ltr'><strong>retributio?</strong></span> <span class='ocrx_word' id='word_1_244' title='bbox 3398 1529 3510 1584; x_wconf 85' lang='lat' dir='ltr'><strong>Non</strong></span> <span class='ocrx_word' id='word_1_245' title='bbox 3562 1543 3648 1585; x_wconf 89' lang='lat' dir='ltr'><strong>est</strong></span> 
     </span>
    </p>
   </div>
   <div class='ocr_carea' id='block_1_31' title="bbox 2083 1617 3655 1691">
    <p class='ocr_par' dir='ltr' id='par_1_31' title="bbox 2083 1617 3655 1691">
     <span class='ocr_line' id='line_1_31' title="bbox 2083 1617 3655 1691; baseline 0.001 -18"><span class='ocrx_word' id='word_1_246' title='bbox 2083 1618 2158 1673; x_wconf 89' lang='lat' dir='ltr'><strong>ita</strong></span> <span class='ocrx_word' id='word_1_247' title='bbox 2189 1620 2382 1672; x_wconf 87' lang='lat' dir='ltr'><strong>homo!</strong></span> <span class='ocrx_word' id='word_1_248' title='bbox 2411 1619 2548 1685; x_wconf 82' lang='lat' dir='ltr'><strong>Quid</strong></span> <span class='ocrx_word' id='word_1_249' title='bbox 2572 1617 3024 1672; x_wconf 83' lang='lat' dir='ltr'><strong>circumduceris?</strong></span> <span class='ocrx_word' id='word_1_250' title='bbox 3062 1620 3271 1687; x_wconf 85' lang='lat' dir='ltr'><strong>signum</strong></span> <span class='ocrx_word' id='word_1_251' title='bbox 3303 1622 3557 1691; x_wconf 86' lang='lat' dir='ltr'><strong>accepisti</strong></span> <span class='ocrx_word' id='word_1_252' title='bbox 3581 1623 3655 1675; x_wconf 85' lang='lat' dir='ltr'><strong>de</strong></span> 
     </span>
    </p>
   </div>
   <div class='ocr_carea' id='block_1_32' title="bbox 418 1706 1987 1804">
    <p class='ocr_par' dir='ltr' id='par_1_32' title="bbox 418 1706 1977 1804">
     <span class='ocr_line' id='line_1_32' title="bbox 418 1706 1977 1804; baseline 0.003 -23"><span class='ocrx_word' id='word_1_253' title='bbox 418 1729 579 1785; x_wconf 81' lang='lat' dir='ltr'><strong>Vobis</strong></span> <span class='ocrx_word' id='word_1_254' title='bbox 601 1706 1161 1804; x_wconf 46' lang='lat' dir='ltr'><strong>igituridilectissimi)</strong></span> <span class='ocrx_word' id='word_1_255' title='bbox 1199 1750 1377 1789; x_wconf 91' lang='lat' dir='ltr'><strong>sermo</strong></span> <span class='ocrx_word' id='word_1_256' title='bbox 1406 1706 1506 1790; x_wconf 79' lang='lat' dir='ltr'><strong>isie</strong></span> <span class='ocrx_word' id='word_1_257' title='bbox 1534 1706 1889 1801; x_wconf 67' lang='lat' dir='ltr'><strong>componitur,</strong></span> <span class='ocrx_word' id='word_1_258' title='bbox 1912 1734 1977 1787; x_wconf 90' lang='lat' dir='ltr'><strong>ad</strong></span> 
     </span>
    </p>
   </div>
   <div class='ocr_carea' id='block_1_33' title="bbox 2090 1706 3650 1804">
    <p class='ocr_par' dir='ltr' id='par_1_33' title="bbox 2090 1706 3650 1778">
     <span class='ocr_line' id='line_1_33' title="bbox 2090 1706 3650 1778; baseline 0.002 -17"><span class='ocrx_word' id='word_1_259' title='bbox 2090 1708 2260 1771; x_wconf 76' lang='lat' dir='ltr'><strong>Fonte,</strong></span> <span class='ocrx_word' id='word_1_260' title='bbox 2301 1724 2404 1761; x_wconf 90' lang='lat' dir='ltr'><strong>non</strong></span> <span class='ocrx_word' id='word_1_261' title='bbox 2436 1706 2825 1777; x_wconf 81' lang='lat' dir='ltr'><strong>desperationis</strong></span> <span class='ocrx_word' id='word_1_262' title='bbox 2851 1708 2946 1761; x_wconf 88' lang='lat' dir='ltr'><strong>sed</strong></span> <span class='ocrx_word' id='word_1_263' title='bbox 2988 1708 3371 1778; x_wconf 77' lang='lat' dir='ltr'><strong>miserationis,</strong></span> <span class='ocrx_word' id='word_1_264' title='bbox 3403 1725 3509 1763; x_wconf 90' lang='lat' dir='ltr'><strong>non</strong></span> <span class='ocrx_word' id='word_1_265' title='bbox 3548 1710 3650 1765; x_wconf 87' lang='lat' dir='ltr'><strong>de-</strong></span> 
     </span>
    </p>
   </div>
   <div class='ocr_carea' id='block_1_34' title="bbox 416 1825 1982 1897">
    <p class='ocr_par' dir='ltr' id='par_1_34' title="bbox 416 1825 1982 1897">
     <span class='ocr_line' id='line_1_34' title="bbox 416 1825 1982 1897; baseline 0.003 -21"><span class='ocrx_word' id='word_1_266' title='bbox 416 1838 512 1877; x_wconf 81' lang='lat' dir='ltr'><strong>vos</strong></span> <span class='ocrx_word' id='word_1_267' title='bbox 537 1825 781 1893; x_wconf 81' lang='lat' dir='ltr'><strong>dirigitur</strong></span> <span class='ocrx_word' id='word_1_268' title='bbox 806 1828 901 1880; x_wconf 87' lang='lat' dir='ltr'><strong>ista</strong></span> <span class='ocrx_word' id='word_1_269' title='bbox 927 1829 1175 1883; x_wconf 79' lang='lat' dir='ltr'><strong>assertio.</strong></span> <span class='ocrx_word' id='word_1_270' title='bbox 1206 1828 1368 1883; x_wconf 84' lang='lat' dir='ltr'><strong>Vobis</strong></span> <span class='ocrx_word' id='word_1_271' title='bbox 1396 1829 1508 1883; x_wconf 65' lang='lat' dir='ltr'><strong>bazc</strong></span> <span class='ocrx_word' id='word_1_272' title='bbox 1542 1827 1833 1897; x_wconf 88' lang='lat' dir='ltr'><strong>disputatio</strong></span> <span class='ocrx_word' id='word_1_273' title='bbox 1866 1827 1982 1882; x_wconf 62' lang='lat' dir='ltr'><strong>clao</strong></span> 
     </span>
    </p>
   </div>
   <div class='ocr_carea' id='block_1_35' title="bbox 420 1916 1987 1990">
    <p class='ocr_par' dir='ltr' id='par_1_35' title="bbox 420 1916 1987 1990">
     <span class='ocr_line' id='line_1_35' title="bbox 420 1916 1987 1990; baseline 0.002 -21"><span class='ocrx_word' id='word_1_274' title='bbox 420 1931 536 1970; x_wconf 90' lang='lat' dir='ltr'><strong>rum</strong></span> <span class='ocrx_word' id='word_1_275' title='bbox 566 1916 861 1985; x_wconf 78' lang='lat' dir='ltr'><strong>profectum</strong></span> <span class='ocrx_word' id='word_1_276' title='bbox 898 1918 1143 1973; x_wconf 81' lang='lat' dir='ltr'><strong>habitura</strong></span> <span class='ocrx_word' id='word_1_277' title='bbox 1190 1919 1484 1990; x_wconf 82' lang='lat' dir='ltr'><strong>ingeritur;</strong></span> <span class='ocrx_word' id='word_1_278' title='bbox 1534 1920 1586 1974; x_wconf 92' lang='lat' dir='ltr'><strong>in</strong></span> <span class='ocrx_word' id='word_1_279' title='bbox 1618 1919 1810 1987; x_wconf 88' lang='lat' dir='ltr'><strong>quibus</strong></span> <span class='ocrx_word' id='word_1_280' title='bbox 1837 1919 1987 1972; x_wconf 82' lang='lat' dir='ltr'><strong>calor</strong></span> 
     </span>
    </p>
   </div>
   <div class='ocr_carea' id='block_1_36' title="bbox 419 2007 1985 2081">
    <p class='ocr_par' dir='ltr' id='par_1_36' title="bbox 419 2007 1985 2081">
     <span class='ocr_line' id='line_1_36' title="bbox 419 2007 1985 2081; baseline 0.003 -21"><span class='ocrx_word' id='word_1_281' title='bbox 419 2007 542 2061; x_wconf 83' lang='lat' dir='ltr'><strong>lulei</strong></span> <span class='ocrx_word' id='word_1_282' title='bbox 574 2018 790 2075; x_wconf 79' lang='lat' dir='ltr'><strong>peccato</strong></span> <span class='ocrx_word' id='word_1_283' title='bbox 820 2009 958 2065; x_wconf 85' lang='lat' dir='ltr'><strong>forte</strong></span> <span class='ocrx_word' id='word_1_284' title='bbox 988 2012 1372 2067; x_wconf 81' lang='lat' dir='ltr'><strong>interveniente</strong></span> <span class='ocrx_word' id='word_1_285' title='bbox 1402 2013 1663 2081; x_wconf 84' lang='lat' dir='ltr'><strong>perfrixit.</strong></span> <span class='ocrx_word' id='word_1_286' title='bbox 1692 2012 1837 2066; x_wconf 78' lang='lat' dir='ltr'><strong>Mens</strong></span> <span class='ocrx_word' id='word_1_287' title='bbox 1862 2025 1985 2079; x_wconf 90' lang='lat' dir='ltr'><strong>per-</strong></span> 
     </span>
    </p>
   </div>
   <div class='ocr_carea' id='block_1_37' title="bbox 426 2101 1987 2172">
    <p class='ocr_par' dir='ltr' id='par_1_37' title="bbox 426 2101 1987 2172">
     <span class='ocr_line' id='line_1_37' title="bbox 426 2101 1987 2172; baseline 0.003 -21"><span class='ocrx_word' id='word_1_288' title='bbox 426 2101 533 2152; x_wconf 86' lang='lat' dir='ltr'><strong>dita</strong></span> <span class='ocrx_word' id='word_1_289' title='bbox 564 2102 910 2170; x_wconf 85' lang='lat' dir='ltr'><strong>obstupescit,</strong></span> <span class='ocrx_word' id='word_1_290' title='bbox 936 2118 1058 2172; x_wconf 84' lang='lat' dir='ltr'><strong>spes</strong></span> <span class='ocrx_word' id='word_1_291' title='bbox 1084 2104 1368 2172; x_wconf 89' lang='lat' dir='ltr'><strong>depravata</strong></span> <span class='ocrx_word' id='word_1_292' title='bbox 1400 2102 1667 2170; x_wconf 82' lang='lat' dir='ltr'><strong>liquescit,</strong></span> <span class='ocrx_word' id='word_1_293' title='bbox 1707 2105 1987 2170; x_wconf 89' lang='lat' dir='ltr'><strong>omnisque</strong></span> 
     </span>
    </p>
   </div>
   <div class='ocr_carea' id='block_1_38' title="bbox 426 2191 1985 2263">
    <p class='ocr_par' dir='ltr' id='par_1_38' title="bbox 426 2191 1985 2263">
     <span class='ocr_line' id='line_1_38' title="bbox 426 2191 1985 2263; baseline 0.003 -22"><span class='ocrx_word' id='word_1_294' title='bbox 426 2191 722 2245; x_wconf 83' lang='lat' dir='ltr'><strong>luturorum</strong></span> <span class='ocrx_word' id='word_1_295' title='bbox 774 2194 896 2246; x_wconf 63' lang='lat' dir='ltr'><strong>inter</strong></span> <span class='ocrx_word' id='word_1_296' title='bbox 923 2198 994 2247; x_wconf 92' lang='lat' dir='ltr'><strong>tio</strong></span> <span class='ocrx_word' id='word_1_297' title='bbox 1035 2196 1268 2263; x_wconf 86' lang='lat' dir='ltr'><strong>aporiata</strong></span> <span class='ocrx_word' id='word_1_298' title='bbox 1315 2194 1591 2259; x_wconf 85' lang='lat' dir='ltr'><strong>torpescit,</strong></span> <span class='ocrx_word' id='word_1_299' title='bbox 1633 2192 1760 2246; x_wconf 92' lang='lat' dir='ltr'><strong>dttm</strong></span> <span class='ocrx_word' id='word_1_300' title='bbox 1806 2208 1985 2247; x_wconf 87' lang='lat' dir='ltr'><strong>secum</strong></span> 
     </span>
    </p>
   </div>
   <div class='ocr_carea' id='block_1_39' title="bbox 419 2284 1988 2353">
    <p class='ocr_par' dir='ltr' id='par_1_39' title="bbox 419 2284 1988 2353">
     <span class='ocr_line' id='line_1_39' title="bbox 419 2284 1988 2353; baseline 0.004 -20"><span class='ocrx_word' id='word_1_301' title='bbox 419 2284 783 2352; x_wconf 77' lang='lat' dir='ltr'><strong>unusquisque</strong></span> <span class='ocrx_word' id='word_1_302' title='bbox 816 2285 1113 2353; x_wconf 86' lang='lat' dir='ltr'><strong>perpendit,</strong></span> <span class='ocrx_word' id='word_1_303' title='bbox 1160 2285 1371 2353; x_wconf 86' lang='lat' dir='ltr'><strong>sibique</strong></span> <span class='ocrx_word' id='word_1_304' title='bbox 1407 2294 1635 2352; x_wconf 84' lang='lat' dir='ltr'><strong>reputat,</strong></span> <span class='ocrx_word' id='word_1_305' title='bbox 1674 2298 1734 2337; x_wconf 91' lang='lat' dir='ltr'><strong>ac</strong></span> <span class='ocrx_word' id='word_1_306' title='bbox 1766 2286 1901 2337; x_wconf 91' lang='lat' dir='ltr'><strong>intra</strong></span> <span class='ocrx_word' id='word_1_307' title='bbox 1928 2300 1988 2339; x_wconf 88' lang='lat' dir='ltr'><strong>se</strong></span> 
     </span>
    </p>
   </div>
   <div class='ocr_carea' id='block_1_40' title="bbox 422 2368 1989 2441">
    <p class='ocr_par' dir='ltr' id='par_1_40' title="bbox 422 2368 1989 2441">
     <span class='ocr_line' id='line_1_40' title="bbox 422 2368 1989 2441; baseline 0.001 -18"><span class='ocrx_word' id='word_1_308' title='bbox 422 2368 657 2437; x_wconf 89' lang='lat' dir='ltr'><strong>loquitur</strong></span> <span class='ocrx_word' id='word_1_309' title='bbox 688 2373 755 2425; x_wconf 82' lang='lat' dir='ltr'><strong>ita</strong></span> <span class='ocrx_word' id='word_1_310' title='bbox 789 2388 801 2425; x_wconf 91' lang='lat'><strong>:</strong></span> <span class='ocrx_word' id='word_1_311' title='bbox 836 2374 974 2440; x_wconf 86' lang='lat' dir='ltr'><strong>Quid</strong></span> <span class='ocrx_word' id='word_1_312' title='bbox 1005 2374 1237 2427; x_wconf 79' lang='lat' dir='ltr'><strong>facturus</strong></span> <span class='ocrx_word' id='word_1_313' title='bbox 1262 2389 1377 2428; x_wconf 86' lang='lat' dir='ltr'><strong>smn</strong></span> <span class='ocrx_word' id='word_1_314' title='bbox 1412 2374 1591 2438; x_wconf 90' lang='lat' dir='ltr'><strong>modo,</strong></span> <span class='ocrx_word' id='word_1_315' title='bbox 1632 2373 1757 2441; x_wconf 90' lang='lat' dir='ltr'><strong>quid</strong></span> <span class='ocrx_word' id='word_1_316' title='bbox 1804 2388 1989 2438; x_wconf 88' lang='lat' dir='ltr'><strong>super-</strong></span> 
     </span>
    </p>
   </div>
   <div class='ocr_carea' id='block_1_41' title="bbox 418 2462 1985 2535">
    <p class='ocr_par' dir='ltr' id='par_1_41' title="bbox 418 2462 1985 2535">
     <span class='ocr_line' id='line_1_41' title="bbox 418 2462 1985 2535; baseline 0.001 -19"><span class='ocrx_word' id='word_1_317' title='bbox 418 2462 678 2531; x_wconf 83' lang='lat' dir='ltr'><strong>agendum</strong></span> <span class='ocrx_word' id='word_1_318' title='bbox 709 2474 793 2518; x_wconf 71' lang='lat' dir='ltr'><strong>e~t</strong></span> <span class='ocrx_word' id='word_1_319' title='bbox 837 2465 984 2530; x_wconf 84' lang='lat' dir='ltr'><strong>milii,</strong></span> <span class='ocrx_word' id='word_1_320' title='bbox 1018 2477 1107 2519; x_wconf 89' lang='lat' dir='ltr'><strong>aut</strong></span> <span class='ocrx_word' id='word_1_321' title='bbox 1127 2466 1252 2535; x_wconf 91' lang='lat' dir='ltr'><strong>quid</strong></span> <span class='ocrx_word' id='word_1_322' title='bbox 1294 2476 1459 2520; x_wconf 88' lang='lat' dir='ltr'><strong>restat</strong></span> <span class='ocrx_word' id='word_1_323' title='bbox 1490 2464 1847 2533; x_wconf 81' lang='lat' dir='ltr'><strong>sperandum?</strong></span> <span class='ocrx_word' id='word_1_324' title='bbox 1881 2466 1985 2517; x_wconf 66' lang='lat' dir='ltr'><strong>lle-</strong></span> 
     </span>
    </p>
   </div>
   <div class='ocr_carea' id='block_1_42' title="bbox 419 2554 1987 2624">
    <p class='ocr_par' dir='ltr' id='par_1_42' title="bbox 419 2554 1987 2624">
     <span class='ocr_line' id='line_1_42' title="bbox 419 2554 1987 2624; baseline 0.001 -17"><span class='ocrx_word' id='word_1_325' title='bbox 419 2559 666 2624; x_wconf 86' lang='lat' dir='ltr'><strong>demptus</strong></span> <span class='ocrx_word' id='word_1_326' title='bbox 690 2556 785 2621; x_wconf 88' lang='lat' dir='ltr'><strong>fui,</strong></span> <span class='ocrx_word' id='word_1_327' title='bbox 812 2564 867 2610; x_wconf 92' lang='lat' dir='ltr'><strong>et</strong></span> <span class='ocrx_word' id='word_1_328' title='bbox 896 2556 1063 2610; x_wconf 87' lang='lat' dir='ltr'><strong>factus</strong></span> <span class='ocrx_word' id='word_1_329' title='bbox 1109 2571 1225 2611; x_wconf 92' lang='lat' dir='ltr'><strong>sum</strong></span> <span class='ocrx_word' id='word_1_330' title='bbox 1255 2572 1471 2618; x_wconf 87' lang='lat' dir='ltr'><strong>servus;</strong></span> <span class='ocrx_word' id='word_1_331' title='bbox 1504 2556 1636 2610; x_wconf 90' lang='lat' dir='ltr'><strong>liber</strong></span> <span class='ocrx_word' id='word_1_332' title='bbox 1662 2555 1886 2619; x_wconf 71' lang='lat' dir='ltr'><strong>fueram,</strong></span> <span class='ocrx_word' id='word_1_333' title='bbox 1913 2554 1987 2609; x_wconf 86' lang='lat' dir='ltr'><strong>fa-</strong></span> 
     </span>
    </p>
   </div>
   <div class='ocr_carea' id='block_1_43' title="bbox 420 2650 1985 2723">
    <p class='ocr_par' dir='ltr' id='par_1_43' title="bbox 420 2650 1985 2723">
     <span class='ocr_line' id='line_1_43' title="bbox 420 2650 1985 2723; baseline 0 -20"><span class='ocrx_word' id='word_1_334' title='bbox 420 2659 535 2703; x_wconf 90' lang='lat' dir='ltr'><strong>ctus</strong></span> <span class='ocrx_word' id='word_1_335' title='bbox 570 2658 686 2703; x_wconf 81' lang='lat' dir='ltr'><strong>Sunt</strong></span> <span class='ocrx_word' id='word_1_336' title='bbox 718 2664 904 2705; x_wconf 88' lang='lat' dir='ltr'><strong>servus</strong></span> <span class='ocrx_word' id='word_1_337' title='bbox 932 2652 1167 2721; x_wconf 82' lang='lat' dir='ltr'><strong>peccati;</strong></span> <span class='ocrx_word' id='word_1_338' title='bbox 1201 2650 1407 2720; x_wconf 87' lang='lat' dir='ltr'><strong>perdidi</strong></span> <span class='ocrx_word' id='word_1_339' title='bbox 1447 2653 1672 2723; x_wconf 79' lang='lat' dir='ltr'><strong>gratiam</strong></span> <span class='ocrx_word' id='word_1_340' title='bbox 1704 2652 1985 2720; x_wconf 82' lang='lat' dir='ltr'><strong>largitoris,</strong></span> 
     </span>
    </p>
   </div>
   <div class='ocr_carea' id='block_1_44' title="bbox 420 2739 1989 2810">
    <p class='ocr_par' dir='ltr' id='par_1_44' title="bbox 420 2739 1989 2810">
     <span class='ocr_line' id='line_1_44' title="bbox 420 2739 1989 2810; baseline 0.004 -20"><span class='ocrx_word' id='word_1_341' title='bbox 420 2739 571 2792; x_wconf 85' lang='lat' dir='ltr'><strong>amisi</strong></span> <span class='ocrx_word' id='word_1_342' title='bbox 604 2739 920 2794; x_wconf 85' lang='lat' dir='ltr'><strong>beneficium</strong></span> <span class='ocrx_word' id='word_1_343' title='bbox 946 2742 1492 2809; x_wconf 87' lang='lat' dir='ltr'><strong>redemptoris;claro</strong></span> <span class='ocrx_word' id='word_1_344' title='bbox 1504 2756 1728 2809; x_wconf 88' lang='lat' dir='ltr'><strong>corpore</strong></span> <span class='ocrx_word' id='word_1_345' title='bbox 1742 2756 1989 2810; x_wconf 84' lang='lat' dir='ltr'><strong>egressus</strong></span> 
     </span>
    </p>
   </div>
   <div class='ocr_carea' id='block_1_45' title="bbox 421 2829 1989 2903">
    <p class='ocr_par' dir='ltr' id='par_1_45' title="bbox 421 2829 1989 2903">
     <span class='ocr_line' id='line_1_45' title="bbox 421 2829 1989 2903; baseline 0.006 -23"><span class='ocrx_word' id='word_1_346' title='bbox 421 2830 491 2883; x_wconf 91' lang='lat' dir='ltr'><strong>de</strong></span> <span class='ocrx_word' id='word_1_347' title='bbox 523 2829 688 2892; x_wconf 89' lang='lat' dir='ltr'><strong>fonte,</strong></span> <span class='ocrx_word' id='word_1_348' title='bbox 716 2845 872 2886; x_wconf 70' lang='lat' dir='ltr'><strong>caeno</strong></span> <span class='ocrx_word' id='word_1_349' title='bbox 888 2834 1173 2885; x_wconf 83' lang='lat' dir='ltr'><strong>meiterum</strong></span> <span class='ocrx_word' id='word_1_350' title='bbox 1208 2833 1482 2887; x_wconf 89' lang='lat' dir='ltr'><strong>immundo</strong></span> <span class='ocrx_word' id='word_1_351' title='bbox 1511 2832 1989 2903; x_wconf 90' lang='lat' dir='ltr'><strong>perfudi,limoque</strong></span> 
     </span>
    </p>
   </div>
   <div class='ocr_carea' id='block_1_46' title="bbox 423 2918 1988 2991">
    <p class='ocr_par' dir='ltr' id='par_1_46' title="bbox 423 2918 1988 2991">
     <span class='ocr_line' id='line_1_46' title="bbox 423 2918 1988 2991; baseline 0.008 -24"><span class='ocrx_word' id='word_1_352' title='bbox 423 2918 631 2973; x_wconf 69' lang='lat' dir='ltr'><strong>l&#39;iedavi.</strong></span> <span class='ocrx_word' id='word_1_353' title='bbox 654 2919 822 2974; x_wconf 82' lang='lat' dir='ltr'><strong>Purus</strong></span> <span class='ocrx_word' id='word_1_354' title='bbox 851 2921 919 2976; x_wconf 87' lang='lat' dir='ltr'><strong>de</strong></span> <span class='ocrx_word' id='word_1_355' title='bbox 934 2921 1099 2991; x_wconf 85' lang='lat' dir='ltr'><strong>gratia</strong></span> <span class='ocrx_word' id='word_1_356' title='bbox 1124 2922 1240 2987; x_wconf 90' lang='lat' dir='ltr'><strong>Dei,</strong></span> <span class='ocrx_word' id='word_1_357' title='bbox 1258 2923 1427 2978; x_wconf 85' lang='lat' dir='ltr'><strong>factus</strong></span> <span class='ocrx_word' id='word_1_358' title='bbox 1448 2939 1563 2977; x_wconf 83' lang='lat' dir='ltr'><strong>sum</strong></span> <span class='ocrx_word' id='word_1_359' title='bbox 1586 2923 1652 2977; x_wconf 87' lang='lat' dir='ltr'><strong>de</strong></span> <span class='ocrx_word' id='word_1_360' title='bbox 1674 2924 1887 2991; x_wconf 89' lang='lat' dir='ltr'><strong>propria</strong></span> <span class='ocrx_word' id='word_1_361' title='bbox 1904 2925 1988 2979; x_wconf 85' lang='lat' dir='ltr'><strong>in-</strong></span> 
     </span>
    </p>
   </div>
   <div class='ocr_carea' id='block_1_47' title="bbox 426 3011 1989 3079">
    <p class='ocr_par' dir='ltr' id='par_1_47' title="bbox 426 3011 1989 3079">
     <span class='ocr_line' id='line_1_47' title="bbox 426 3011 1989 3079; baseline 0.004 -16"><span class='ocrx_word' id='word_1_362' title='bbox 426 3011 777 3075; x_wconf 80' lang='lat' dir='ltr'><strong>temperantia</strong></span> <span class='ocrx_word' id='word_1_363' title='bbox 793 3012 1050 3079; x_wconf 84' lang='lat' dir='ltr'><strong>perditus.</strong></span> <span class='ocrx_word' id='word_1_364' title='bbox 1066 3014 1230 3068; x_wconf 89' lang='lat' dir='ltr'><strong>Error</strong></span> <span class='ocrx_word' id='word_1_365' title='bbox 1243 3028 1391 3068; x_wconf 90' lang='lat' dir='ltr'><strong>meus</strong></span> <span class='ocrx_word' id='word_1_366' title='bbox 1416 3013 1480 3068; x_wconf 86' lang='lat' dir='ltr'><strong>de</strong></span> <span class='ocrx_word' id='word_1_367' title='bbox 1497 3015 1605 3067; x_wconf 88' lang='lat' dir='ltr'><strong>lilio</strong></span> <span class='ocrx_word' id='word_1_368' title='bbox 1629 3015 1904 3079; x_wconf 85' lang='lat' dir='ltr'><strong>famulum,</strong></span> <span class='ocrx_word' id='word_1_369' title='bbox 1924 3015 1989 3069; x_wconf 89' lang='lat' dir='ltr'><strong>de</strong></span> 
     </span>
    </p>
   </div>
   <div class='ocr_carea' id='block_1_48' title="bbox 422 3103 1986 3181">
    <p class='ocr_par' dir='ltr' id='par_1_48' title="bbox 422 3103 1986 3181">
     <span class='ocr_line' id='line_1_48' title="bbox 422 3103 1986 3181; baseline 0.003 -22"><span class='ocrx_word' id='word_1_370' title='bbox 422 3103 609 3159; x_wconf 88' lang='lat' dir='ltr'><strong>intimo</strong></span> <span class='ocrx_word' id='word_1_371' title='bbox 637 3106 932 3171; x_wconf 83' lang='lat' dir='ltr'><strong>inimicum,</strong></span> <span class='ocrx_word' id='word_1_372' title='bbox 970 3106 1036 3161; x_wconf 89' lang='lat' dir='ltr'><strong>de</strong></span> <span class='ocrx_word' id='word_1_373' title='bbox 1066 3108 1277 3163; x_wconf 79' lang='lat' dir='ltr'><strong>lnerede</strong></span> <span class='ocrx_word' id='word_1_374' title='bbox 1301 3122 1540 3163; x_wconf 81' lang='lat' dir='ltr'><strong>exterum</strong></span> <span class='ocrx_word' id='word_1_375' title='bbox 1571 3108 1783 3181; x_wconf 78' lang='lat' dir='ltr'><strong>[SuppL</strong></span> <span class='ocrx_word' id='word_1_376' title='bbox 1810 3107 1986 3180; x_wconf 74' lang='lat' dir='ltr'><strong>fecit].</strong></span> 
     </span>
    </p>
   </div>
   <div class='ocr_carea' id='block_1_49' title="bbox 426 3196 1988 3270">
    <p class='ocr_par' dir='ltr' id='par_1_49' title="bbox 426 3196 1988 3270">
     <span class='ocr_line' id='line_1_49' title="bbox 426 3196 1988 3270; baseline 0.005 -21"><span class='ocrx_word' id='word_1_377' title='bbox 426 3196 625 3251; x_wconf 72' lang='lat' dir='ltr'><strong>Violavi</strong></span> <span class='ocrx_word' id='word_1_378' title='bbox 676 3200 973 3270; x_wconf 85' lang='lat' dir='ltr'><strong>symbolum</strong></span> <span class='ocrx_word' id='word_1_379' title='bbox 1019 3216 1215 3265; x_wconf 86' lang='lat' dir='ltr'><strong>meum,</strong></span> <span class='ocrx_word' id='word_1_380' title='bbox 1259 3201 1473 3268; x_wconf 86' lang='lat' dir='ltr'><strong>corrupi</strong></span> <span class='ocrx_word' id='word_1_381' title='bbox 1522 3212 1729 3269; x_wconf 87' lang='lat' dir='ltr'><strong>pactum</strong></span> <span class='ocrx_word' id='word_1_382' title='bbox 1774 3202 1827 3256; x_wconf 90' lang='lat' dir='ltr'><strong>in</strong></span> <span class='ocrx_word' id='word_1_383' title='bbox 1872 3202 1988 3269; x_wconf 65' lang='lat' dir='ltr'><strong>ipso</strong></span> 
     </span>
    </p>
   </div>
   <div class='ocr_carea' id='block_1_50' title="bbox 425 3288 1989 3361">
    <p class='ocr_par' dir='ltr' id='par_1_50' title="bbox 425 3288 1989 3361">
     <span class='ocr_line' id='line_1_50' title="bbox 425 3288 1989 3361; baseline 0.006 -21"><span class='ocrx_word' id='word_1_384' title='bbox 425 3288 686 3344; x_wconf 89' lang='lat' dir='ltr'><strong>vestibulo</strong></span> <span class='ocrx_word' id='word_1_385' title='bbox 717 3290 877 3345; x_wconf 79' lang='lat' dir='ltr'><strong>tomis</strong></span> <span class='ocrx_word' id='word_1_386' title='bbox 900 3293 1285 3361; x_wconf 88' lang='lat' dir='ltr'><strong>conscriptum.</strong></span> <span class='ocrx_word' id='word_1_387' title='bbox 1325 3293 1369 3347; x_wconf 90' lang='grc' dir='ltr'><strong>Ο</strong></span> <span class='ocrx_word' id='word_1_388' title='bbox 1396 3310 1551 3361; x_wconf 91' lang='lat' dir='ltr'><strong>quam</strong></span> <span class='ocrx_word' id='word_1_389' title='bbox 1594 3293 1774 3348; x_wconf 78' lang='lat' dir='ltr'><strong>infelix</strong></span> <span class='ocrx_word' id='word_1_390' title='bbox 1805 3294 1989 3349; x_wconf 89' lang='lat' dir='ltr'><strong>condi-</strong></span> 
     </span>
    </p>
   </div>
   <div class='ocr_carea' id='block_1_51' title="bbox 424 3381 1992 3457">
    <p class='ocr_par' dir='ltr' id='par_1_51' title="bbox 424 3381 1992 3457">
     <span class='ocr_line' id='line_1_51' title="bbox 424 3381 1992 3457; baseline 0.004 -23"><span class='ocrx_word' id='word_1_391' title='bbox 424 3381 528 3434; x_wconf 90' lang='lat' dir='ltr'><strong>tio!</strong></span> <span class='ocrx_word' id='word_1_392' title='bbox 557 3381 601 3436; x_wconf 90' lang='grc' dir='ltr'>Ο</span> <span class='ocrx_word' id='word_1_393' title='bbox 627 3398 783 3450; x_wconf 89' lang='lat' dir='ltr'><strong>quam</strong></span> <span class='ocrx_word' id='word_1_394' title='bbox 831 3383 1133 3438; x_wconf 70' lang='lat' dir='ltr'><strong>triseranda</strong></span> <span class='ocrx_word' id='word_1_395' title='bbox 1179 3388 1429 3439; x_wconf 86' lang='lat' dir='ltr'><strong>consilia!</strong></span> <span class='ocrx_word' id='word_1_396' title='bbox 1464 3387 1724 3457; x_wconf 86' lang='lat' dir='ltr'><strong>Operibus</strong></span> <span class='ocrx_word' id='word_1_397' title='bbox 1766 3387 1992 3442; x_wconf 84' lang='lat' dir='ltr'><strong>diaboli-</strong></span> 
     </span>
    </p>
   </div>
   <div class='ocr_carea' id='block_1_52' title="bbox 423 3474 1987 3549">
    <p class='ocr_par' dir='ltr' id='par_1_52' title="bbox 423 3474 1987 3549">
     <span class='ocr_line' id='line_1_52' title="bbox 423 3474 1987 3549; baseline 0.006 -23"><span class='ocrx_word' id='word_1_398' title='bbox 423 3474 501 3526; x_wconf 88' lang='lat' dir='ltr'><strong>cis</strong></span> <span class='ocrx_word' id='word_1_399' title='bbox 525 3489 607 3529; x_wconf 90' lang='lat' dir='ltr'><strong>me</strong></span> <span class='ocrx_word' id='word_1_400' title='bbox 638 3477 1063 3529; x_wconf 85' lang='lat' dir='ltr'><strong>renttntialurttm</strong></span> <span class='ocrx_word' id='word_1_401' title='bbox 1098 3479 1513 3547; x_wconf 86' lang='lat' dir='ltr'><strong>Spoponderam,</strong></span> <span class='ocrx_word' id='word_1_402' title='bbox 1554 3491 1607 3534; x_wconf 91' lang='lat' dir='ltr'><strong>et</strong></span> <span class='ocrx_word' id='word_1_403' title='bbox 1637 3480 1857 3549; x_wconf 87' lang='lat' dir='ltr'><strong>implere</strong></span> <span class='ocrx_word' id='word_1_404' title='bbox 1886 3498 1987 3536; x_wconf 91' lang='lat' dir='ltr'><strong>non</strong></span> 
     </span>
    </p>
   </div>
   <div class='ocr_carea' id='block_1_53' title="bbox 424 3564 1989 3642">
    <p class='ocr_par' dir='ltr' id='par_1_53' title="bbox 424 3564 1989 3642">
     <span class='ocr_line' id='line_1_53' title="bbox 424 3564 1989 3642; baseline 0.007 -27"><span class='ocrx_word' id='word_1_405' title='bbox 424 3564 599 3619; x_wconf 83' lang='lat' dir='ltr'><strong>valui!</strong></span> <span class='ocrx_word' id='word_1_406' title='bbox 649 3566 798 3621; x_wconf 84' lang='lat' dir='ltr'><strong>Ma!is</strong></span> <span class='ocrx_word' id='word_1_407' title='bbox 825 3569 1015 3634; x_wconf 85' lang='lat' dir='ltr'><strong>quibus</strong></span> <span class='ocrx_word' id='word_1_408' title='bbox 1059 3571 1227 3635; x_wconf 91' lang='lat' dir='ltr'><strong>carui,</strong></span> <span class='ocrx_word' id='word_1_409' title='bbox 1272 3571 1323 3625; x_wconf 92' lang='lat' dir='ltr'><strong>in</strong></span> <span class='ocrx_word' id='word_1_410' title='bbox 1370 3571 1498 3638; x_wconf 91' lang='lat' dir='ltr'><strong>ipsis</strong></span> <span class='ocrx_word' id='word_1_411' title='bbox 1528 3572 1767 3642; x_wconf 89' lang='lat' dir='ltr'><strong>relapsus</strong></span> <span class='ocrx_word' id='word_1_412' title='bbox 1805 3586 1989 3627; x_wconf 80' lang='lat' dir='ltr'><strong>conta-</strong></span> 
     </span>
    </p>
   </div>
   <div class='ocr_carea' id='block_1_54' title="bbox 425 3656 1992 3731">
    <p class='ocr_par' dir='ltr' id='par_1_54' title="bbox 425 3656 1992 3731">
     <span class='ocr_line' id='line_1_54' title="bbox 425 3656 1992 3731; baseline 0.006 -23"><span class='ocrx_word' id='word_1_413' title='bbox 425 3656 631 3711; x_wconf 86' lang='lat' dir='ltr'><strong>niinor!</strong></span> <span class='ocrx_word' id='word_1_414' title='bbox 660 3659 1023 3731; x_wconf 68' lang='lat' dir='ltr'><strong>Evangelicmu</strong></span> <span class='ocrx_word' id='word_1_415' title='bbox 1049 3663 1277 3714; x_wconf 84' lang='lat' dir='ltr'><strong>tunicam</strong></span> <span class='ocrx_word' id='word_1_416' title='bbox 1328 3678 1514 3717; x_wconf 86' lang='lat' dir='ltr'><strong>rursus</strong></span> <span class='ocrx_word' id='word_1_417' title='bbox 1541 3664 1593 3717; x_wconf 93' lang='lat' dir='ltr'><strong>in</strong></span> <span class='ocrx_word' id='word_1_418' title='bbox 1618 3665 1823 3731; x_wconf 81' lang='lat' dir='ltr'><strong>pellicia</strong></span> <span class='ocrx_word' id='word_1_419' title='bbox 1846 3680 1992 3719; x_wconf 92' lang='lat' dir='ltr'><strong>com-</strong></span> 
     </span>
    </p>
   </div>
   <div class='ocr_carea' id='block_1_55' title="bbox 428 3751 1993 3823">
    <p class='ocr_par' dir='ltr' id='par_1_55' title="bbox 428 3751 1993 3823">
     <span class='ocr_line' id='line_1_55' title="bbox 428 3751 1993 3823; baseline 0.006 -20"><span class='ocrx_word' id='word_1_420' title='bbox 428 3751 645 3804; x_wconf 89' lang='lat' dir='ltr'><strong>mutavi.</strong></span> <span class='ocrx_word' id='word_1_421' title='bbox 662 3751 860 3805; x_wconf 74' lang='lat' dir='ltr'><strong>Slitlnttt</strong></span> <span class='ocrx_word' id='word_1_422' title='bbox 887 3754 1085 3819; x_wconf 80' lang='lat' dir='ltr'><strong>meriti,</strong></span> <span class='ocrx_word' id='word_1_423' title='bbox 1110 3770 1267 3823; x_wconf 89' lang='lat' dir='ltr'><strong>quam</strong></span> <span class='ocrx_word' id='word_1_424' title='bbox 1292 3757 1542 3809; x_wconf 77' lang='lat' dir='ltr'><strong>mundam</strong></span> <span class='ocrx_word' id='word_1_425' title='bbox 1561 3766 1855 3822; x_wconf 83' lang='lat' dir='ltr'><strong>texueram,</strong></span> <span class='ocrx_word' id='word_1_426' title='bbox 1877 3758 1993 3813; x_wconf 87' lang='lat' dir='ltr'><strong>labe</strong></span> 
     </span>
    </p>
   </div>
   <div class='ocr_carea' id='block_1_56' title="bbox 431 3842 1995 3902">
    <p class='ocr_par' dir='ltr' id='par_1_56' title="bbox 431 3842 1995 3902">
     <span class='ocr_line' id='line_1_56' title="bbox 431 3842 1995 3902; baseline 0.004 -9"><span class='ocrx_word' id='word_1_427' title='bbox 431 3842 680 3896; x_wconf 86' lang='lat' dir='ltr'><strong>vitiorum</strong></span> <span class='ocrx_word' id='word_1_428' title='bbox 711 3843 938 3902; x_wconf 79' lang='lat' dir='ltr'><strong>fnseavi.</strong></span> <span class='ocrx_word' id='word_1_429' title='bbox 982 3855 1031 3897; x_wconf 90' lang='lat' dir='ltr'><strong>et</strong></span> <span class='ocrx_word' id='word_1_430' title='bbox 1078 3859 1273 3899; x_wconf 82' lang='lat' dir='ltr'><strong>novum</strong></span> <span class='ocrx_word' id='word_1_431' title='bbox 1316 3846 1581 3899; x_wconf 81' lang='lat' dir='ltr'><strong>hominem</strong></span> <span class='ocrx_word' id='word_1_432' title='bbox 1624 3849 1812 3901; x_wconf 75' lang='grc' dir='ltr'>ίιθιιιιιι</span> <span class='ocrx_word' id='word_1_433' title='bbox 1845 3857 1995 3901; x_wconf 89' lang='lat' dir='ltr'><strong>vetu-</strong></span> 
     </span>
    </p>
   </div>
   <div class='ocr_carea' id='block_1_57' title="bbox 428 3935 1995 4007">
    <p class='ocr_par' dir='ltr' id='par_1_57' title="bbox 428 3935 1995 4007">
     <span class='ocr_line' id='line_1_57' title="bbox 428 3935 1995 4007; baseline 0.005 -21"><span class='ocrx_word' id='word_1_434' title='bbox 428 3946 565 3987; x_wconf 79' lang='lat' dir='ltr'><strong>state</strong></span> <span class='ocrx_word' id='word_1_435' title='bbox 591 3935 825 3989; x_wconf 85' lang='lat' dir='ltr'><strong>contexi.</strong></span> <span class='ocrx_word' id='word_1_436' title='bbox 858 3935 992 4003; x_wconf 88' lang='lat' dir='ltr'><strong>Quid</strong></span> <span class='ocrx_word' id='word_1_437' title='bbox 1021 3951 1162 3991; x_wconf 88' lang='lat' dir='ltr'><strong>nunc</strong></span> <span class='ocrx_word' id='word_1_438' title='bbox 1191 3939 1427 4003; x_wconf 80' lang='lat' dir='ltr'><strong>requiro,</strong></span> <span class='ocrx_word' id='word_1_439' title='bbox 1462 3954 1550 3991; x_wconf 89' lang='lat' dir='ltr'><strong>aut</strong></span> <span class='ocrx_word' id='word_1_440' title='bbox 1586 3938 1710 4007; x_wconf 91' lang='lat' dir='ltr'><strong>quid</strong></span> <span class='ocrx_word' id='word_1_441' title='bbox 1741 3951 1995 4005; x_wconf 86' lang='lat' dir='ltr'><strong>exspecto</strong></span> 
     </span>
    </p>
   </div>
   <div class='ocr_carea' id='block_1_58' title="bbox 427 4025 1997 4099">
    <p class='ocr_par' dir='ltr' id='par_1_58' title="bbox 427 4025 1997 4099">
     <span class='ocr_line' id='line_1_58' title="bbox 427 4025 1997 4099; baseline 0.004 -20"><span class='ocrx_word' id='word_1_442' title='bbox 427 4025 753 4080; x_wconf 75' lang='lat' dir='ltr'><strong>adiItICtUbi</strong></span> <span class='ocrx_word' id='word_1_443' title='bbox 804 4042 985 4095; x_wconf 74' lang='lat' dir='ltr'><strong>qumro</strong></span> <span class='ocrx_word' id='word_1_444' title='bbox 1033 4026 1258 4094; x_wconf 88' lang='lat' dir='ltr'><strong>fontem,</strong></span> <span class='ocrx_word' id='word_1_445' title='bbox 1307 4038 1398 4083; x_wconf 87' lang='lat' dir='ltr'><strong>aut</strong></span> <span class='ocrx_word' id='word_1_446' title='bbox 1435 4030 1519 4082; x_wconf 90' lang='lat' dir='ltr'><strong>ubi</strong></span> <span class='ocrx_word' id='word_1_447' title='bbox 1569 4030 1785 4085; x_wconf 90' lang='lat' dir='ltr'><strong>invenio</strong></span> <span class='ocrx_word' id='word_1_448' title='bbox 1829 4032 1997 4099; x_wconf 86' lang='lat' dir='ltr'><strong>bapti-</strong></span> 
     </span>
    </p>
   </div>
   <div class='ocr_carea' id='block_1_59' title="bbox 427 4119 1997 4191">
    <p class='ocr_par' dir='ltr' id='par_1_59' title="bbox 427 4119 1997 4191">
     <span class='ocr_line' id='line_1_59' title="bbox 427 4119 1997 4191; baseline 0.003 -18"><span class='ocrx_word' id='word_1_449' title='bbox 427 4120 578 4173; x_wconf 79' lang='lat' dir='ltr'><strong>suta?</strong></span> <span class='ocrx_word' id='word_1_450' title='bbox 609 4119 850 4186; x_wconf 71' lang='lat' dir='ltr'><strong>quuid</strong></span> <span class='ocrx_word' id='word_1_451' title='bbox 881 4130 962 4173; x_wconf 86' lang='lat' dir='ltr'><strong>est</strong></span> <span class='ocrx_word' id='word_1_452' title='bbox 991 4130 1264 4189; x_wconf 86' lang='lat' dir='ltr'><strong>respectus</strong></span> <span class='ocrx_word' id='word_1_453' title='bbox 1292 4121 1357 4173; x_wconf 88' lang='lat' dir='ltr'><strong>ad</strong></span> <span class='ocrx_word' id='word_1_454' title='bbox 1389 4121 1620 4189; x_wconf 85' lang='lat' dir='ltr'><strong>aquam?</strong></span> <span class='ocrx_word' id='word_1_455' title='bbox 1652 4123 1886 4191; x_wconf 90' lang='lat' dir='ltr'><strong>nunquid</strong></span> <span class='ocrx_word' id='word_1_456' title='bbox 1913 4138 1997 4177; x_wconf 88' lang='lat' dir='ltr'><strong>re-</strong></span> 
     </span>
    </p>
   </div>
   <div class='ocr_carea' id='block_1_60' title="bbox 427 4212 1997 4287">
    <p class='ocr_par' dir='ltr' id='par_1_60' title="bbox 427 4212 1997 4287">
     <span class='ocr_line' id='line_1_60' title="bbox 427 4212 1997 4287; baseline 0.004 -21"><span class='ocrx_word' id='word_1_457' title='bbox 427 4212 590 4281; x_wconf 79' lang='lat' dir='ltr'><strong>cipiet</strong></span> <span class='ocrx_word' id='word_1_458' title='bbox 620 4227 704 4266; x_wconf 89' lang='lat' dir='ltr'><strong>me</strong></span> <span class='ocrx_word' id='word_1_459' title='bbox 733 4212 904 4266; x_wconf 84' lang='lat' dir='ltr'><strong>adhuc</strong></span> <span class='ocrx_word' id='word_1_460' title='bbox 928 4214 1090 4279; x_wconf 88' lang='lat' dir='ltr'><strong>unda,</strong></span> <span class='ocrx_word' id='word_1_461' title='bbox 1131 4225 1184 4265; x_wconf 92' lang='lat' dir='ltr'><strong>ut</strong></span> <span class='ocrx_word' id='word_1_462' title='bbox 1214 4230 1298 4267; x_wconf 88' lang='lat' dir='ltr'><strong>me</strong></span> <span class='ocrx_word' id='word_1_463' title='bbox 1323 4213 1577 4269; x_wconf 89' lang='lat' dir='ltr'><strong>reformet</strong></span> <span class='ocrx_word' id='word_1_464' title='bbox 1599 4216 1649 4269; x_wconf 92' lang='lat' dir='ltr'><strong>in</strong></span> <span class='ocrx_word' id='word_1_465' title='bbox 1674 4226 1824 4270; x_wconf 82' lang='lat' dir='ltr'><strong>utero</strong></span> <span class='ocrx_word' id='word_1_466' title='bbox 1845 4232 1997 4287; x_wconf 66' lang='lat' dir='ltr'><strong>aqua:</strong></span> 
     </span>
    </p>
   </div>
   <div class='ocr_carea' id='block_1_61' title="bbox 430 4306 1997 4376">
    <p class='ocr_par' dir='ltr' id='par_1_61' title="bbox 430 4306 1997 4376">
     <span class='ocr_line' id='line_1_61' title="bbox 430 4306 1997 4376; baseline 0.002 -17"><span class='ocrx_word' id='word_1_467' title='bbox 430 4315 484 4360; x_wconf 87' lang='lat' dir='ltr'><strong>et</strong></span> <span class='ocrx_word' id='word_1_468' title='bbox 512 4307 680 4376; x_wconf 89' lang='lat' dir='ltr'><strong>pariat</strong></span> <span class='ocrx_word' id='word_1_469' title='bbox 727 4308 1096 4360; x_wconf 80' lang='lat' dir='ltr'><strong>innocentem?</strong></span> <span class='ocrx_word' id='word_1_470' title='bbox 1132 4310 1233 4361; x_wconf 78' lang='lat' dir='ltr'><strong>Aut</strong></span> <span class='ocrx_word' id='word_1_471' title='bbox 1259 4306 1398 4362; x_wconf 85' lang='lat' dir='ltr'><strong>forte</strong></span> <span class='ocrx_word' id='word_1_472' title='bbox 1428 4324 1667 4376; x_wconf 62' lang='lat' dir='ltr'><strong>quaerere</strong></span> <span class='ocrx_word' id='word_1_473' title='bbox 1703 4308 1875 4364; x_wconf 88' lang='lat' dir='ltr'><strong>debeo</strong></span> <span class='ocrx_word' id='word_1_474' title='bbox 1903 4309 1997 4362; x_wconf 84' lang='lat' dir='ltr'><strong>ad-</strong></span> 
     </span>
    </p>
   </div>
   <div class='ocr_carea' id='block_1_62' title="bbox 424 4398 1993 4470">
    <p class='ocr_par' dir='ltr' id='par_1_62' title="bbox 424 4398 1993 4470">
     <span class='ocr_line' id='line_1_62' title="bbox 424 4398 1993 4470; baseline 0.001 -16"><span class='ocrx_word' id='word_1_475' title='bbox 424 4398 531 4454; x_wconf 82' lang='lat' dir='ltr'><strong>huc</strong></span> <span class='ocrx_word' id='word_1_476' title='bbox 558 4401 832 4454; x_wconf 79' lang='lat' dir='ltr'><strong>dexteram</strong></span> <span class='ocrx_word' id='word_1_477' title='bbox 863 4402 1177 4463; x_wconf 77' lang='lat' dir='ltr'><strong>sacerdotis,</strong></span> <span class='ocrx_word' id='word_1_478' title='bbox 1202 4416 1320 4469; x_wconf 70' lang='lat' dir='ltr'><strong>qua:</strong></span> <span class='ocrx_word' id='word_1_479' title='bbox 1348 4417 1432 4454; x_wconf 89' lang='lat' dir='ltr'><strong>me</strong></span> <span class='ocrx_word' id='word_1_480' title='bbox 1457 4410 1661 4470; x_wconf 79' lang='lat' dir='ltr'><strong>mergat</strong></span> <span class='ocrx_word' id='word_1_481' title='bbox 1688 4401 1737 4454; x_wconf 89' lang='lat' dir='ltr'><strong>in</strong></span> <span class='ocrx_word' id='word_1_482' title='bbox 1762 4401 1993 4465; x_wconf 82' lang='lat' dir='ltr'><strong>fontem;</strong></span> 
     </span>
    </p>
   </div>
   <div class='ocr_carea' id='block_1_63' title="bbox 426 4492 1993 4561">
    <p class='ocr_par' dir='ltr' id='par_1_63' title="bbox 426 4492 1993 4561">
     <span class='ocr_line' id='line_1_63' title="bbox 426 4492 1993 4561; baseline 0.002 -16"><span class='ocrx_word' id='word_1_483' title='bbox 426 4503 478 4545; x_wconf 86' lang='lat' dir='ltr'><strong>et</strong></span> <span class='ocrx_word' id='word_1_484' title='bbox 521 4492 647 4546; x_wconf 87' lang='lat' dir='ltr'><strong>inde</strong></span> <span class='ocrx_word' id='word_1_485' title='bbox 693 4495 882 4547; x_wconf 82' lang='lat' dir='ltr'><strong>iterum</strong></span> <span class='ocrx_word' id='word_1_486' title='bbox 930 4494 1204 4561; x_wconf 82' lang='lat' dir='ltr'><strong>puriﬁcet!</strong></span> <span class='ocrx_word' id='word_1_487' title='bbox 1251 4493 1372 4547; x_wconf 66' lang='lat' dir='ltr'><strong>llaec</strong></span> <span class='ocrx_word' id='word_1_488' title='bbox 1413 4501 1586 4547; x_wconf 85' lang='lat' dir='ltr'><strong>tecum</strong></span> <span class='ocrx_word' id='word_1_489' title='bbox 1636 4495 1895 4561; x_wconf 87' lang='lat' dir='ltr'><strong>loqueris;</strong></span> <span class='ocrx_word' id='word_1_490' title='bbox 1939 4504 1993 4548; x_wconf 90' lang='lat' dir='ltr'><strong>tu</strong></span> 
     </span>
    </p>
   </div>
   <div class='ocr_carea' id='block_1_64' title="bbox 427 4580 1998 4659">
    <p class='ocr_par' dir='ltr' id='par_1_64' title="bbox 427 4580 1998 4659">
     <span class='ocr_line' id='line_1_64' title="bbox 427 4580 1998 4659; baseline 0.002 -22"><span class='ocrx_word' id='word_1_491' title='bbox 427 4588 544 4639; x_wconf 75' lang='lat' dir='ltr'><strong>iure</strong></span> <span class='ocrx_word' id='word_1_492' title='bbox 574 4593 746 4639; x_wconf 82' lang='lat' dir='ltr'><strong>tet-um</strong></span> <span class='ocrx_word' id='word_1_493' title='bbox 781 4596 992 4649; x_wconf 87' lang='lat' dir='ltr'><strong>tractas,</strong></span> <span class='ocrx_word' id='word_1_494' title='bbox 1017 4587 1311 4641; x_wconf 81' lang='lat' dir='ltr'><strong>conscienti</strong></span> <span class='ocrx_word' id='word_1_495' title='bbox 1332 4609 1355 4633; x_wconf 84' lang='grc' dir='ltr'>ι·</span> <span class='ocrx_word' id='word_1_496' title='bbox 1381 4580 1482 4641; x_wconf 68' lang='lat' dir='ltr'><strong>tua:</strong></span> <span class='ocrx_word' id='word_1_497' title='bbox 1504 4603 1665 4640; x_wconf 85' lang='lat' dir='ltr'><strong>cnere</strong></span> <span class='ocrx_word' id='word_1_498' title='bbox 1699 4603 1998 4659; x_wconf 59' lang='lat' dir='ltr'><strong>praegrava-</strong></span> 
     </span>
    </p>
   </div>
   <div class='ocr_carea' id='block_1_65' title="bbox 430 4676 1997 4748">
    <p class='ocr_par' dir='ltr' id='par_1_65' title="bbox 430 4676 1997 4748">
     <span class='ocr_line' id='line_1_65' title="bbox 430 4676 1997 4748; baseline 0.001 -21"><span class='ocrx_word' id='word_1_499' title='bbox 430 4678 545 4729; x_wconf 89' lang='lat' dir='ltr'><strong>tus!</strong></span> <span class='ocrx_word' id='word_1_500' title='bbox 578 4676 679 4730; x_wconf 73' lang='lat' dir='ltr'><strong>Sed</strong></span> <span class='ocrx_word' id='word_1_501' title='bbox 711 4694 827 4746; x_wconf 64' lang='lat' dir='ltr'><strong>quae</strong></span> <span class='ocrx_word' id='word_1_502' title='bbox 871 4687 996 4731; x_wconf 89' lang='lat' dir='ltr'><strong>sunt</strong></span> <span class='ocrx_word' id='word_1_503' title='bbox 1028 4679 1140 4731; x_wconf 79' lang='lat' dir='ltr'><strong>lucc</strong></span> <span class='ocrx_word' id='word_1_504' title='bbox 1170 4678 1327 4733; x_wconf 80' lang='lat' dir='ltr'><strong>verba</strong></span> <span class='ocrx_word' id='word_1_505' title='bbox 1360 4689 1469 4743; x_wconf 85' lang='lat' dir='ltr'><strong>tua,</strong></span> <span class='ocrx_word' id='word_1_506' title='bbox 1514 4679 1558 4734; x_wconf 85' lang='lat'>0</span> <span class='ocrx_word' id='word_1_507' title='bbox 1589 4681 1771 4744; x_wconf 87' lang='lat' dir='ltr'><strong>homo,</strong></span> <span class='ocrx_word' id='word_1_508' title='bbox 1796 4696 1997 4748; x_wconf 62' lang='lat' dir='ltr'><strong>cogito-</strong></span> 
     </span>
    </p>
   </div>
   <div class='ocr_carea' id='block_1_66' title="bbox 429 4768 1995 4839">
    <p class='ocr_par' dir='ltr' id='par_1_66' title="bbox 429 4768 1995 4839">
     <span class='ocr_line' id='line_1_66' title="bbox 429 4768 1995 4839; baseline 0.004 -20"><span class='ocrx_word' id='word_1_509' title='bbox 429 4781 521 4821; x_wconf 81' lang='lat' dir='ltr'><strong>sec</strong></span> <span class='ocrx_word' id='word_1_510' title='bbox 560 4778 611 4821; x_wconf 90' lang='lat' dir='ltr'><strong>te</strong></span> <span class='ocrx_word' id='word_1_511' title='bbox 636 4783 753 4821; x_wconf 70' lang='lat' dir='ltr'><strong>eSSe</strong></span> <span class='ocrx_word' id='word_1_512' title='bbox 783 4768 1066 4839; x_wconf 79' lang='lat' dir='ltr'><strong>imaginem</strong></span> <span class='ocrx_word' id='word_1_513' title='bbox 1103 4770 1217 4823; x_wconf 89' lang='lat' dir='ltr'><strong>Dei.</strong></span> <span class='ocrx_word' id='word_1_514' title='bbox 1255 4769 1561 4838; x_wconf 79' lang='lat' dir='ltr'><strong>Sapientem</strong></span> <span class='ocrx_word' id='word_1_515' title='bbox 1605 4780 1657 4825; x_wconf 83' lang='lat' dir='ltr'><strong>te</strong></span> <span class='ocrx_word' id='word_1_516' title='bbox 1682 4770 1803 4825; x_wconf 77' lang='lat' dir='ltr'><strong>fceit</strong></span> <span class='ocrx_word' id='word_1_517' title='bbox 1836 4772 1995 4838; x_wconf 87' lang='lat' dir='ltr'><strong>Deus,</strong></span> 
     </span>
    </p>
   </div>
   <div class='ocr_carea' id='block_1_67' title="bbox 426 4857 1992 4930">
    <p class='ocr_par' dir='ltr' id='par_1_67' title="bbox 426 4857 1992 4930">
     <span class='ocr_line' id='line_1_67' title="bbox 426 4857 1992 4930; baseline 0.004 -23"><span class='ocrx_word' id='word_1_518' title='bbox 426 4857 705 4926; x_wconf 88' lang='lat' dir='ltr'><strong>providum</strong></span> <span class='ocrx_word' id='word_1_519' title='bbox 736 4860 939 4922; x_wconf 88' lang='lat' dir='ltr'><strong>animo,</strong></span> <span class='ocrx_word' id='word_1_520' title='bbox 984 4870 1159 4913; x_wconf 86' lang='lat' dir='ltr'><strong>tuente</strong></span> <span class='ocrx_word' id='word_1_521' title='bbox 1200 4862 1501 4930; x_wconf 83' lang='lat' dir='ltr'><strong>mysticum,</strong></span> <span class='ocrx_word' id='word_1_522' title='bbox 1550 4861 1793 4913; x_wconf 73' lang='lat' dir='ltr'><strong>sensibus</strong></span> <span class='ocrx_word' id='word_1_523' title='bbox 1825 4861 1992 4915; x_wconf 73' lang='lat' dir='ltr'><strong>subli~</strong></span> 
     </span>
    </p>
   </div>
   <div class='ocr_carea' id='block_1_68' title="bbox 428 4949 1995 5020">
    <p class='ocr_par' dir='ltr' id='par_1_68' title="bbox 428 4949 1995 5020">
     <span class='ocr_line' id='line_1_68' title="bbox 428 4949 1995 5020; baseline 0.002 -20"><span class='ocrx_word' id='word_1_524' title='bbox 428 4964 586 5006; x_wconf 88' lang='lat' dir='ltr'><strong>mem.</strong></span> <span class='ocrx_word' id='word_1_525' title='bbox 621 4957 675 5001; x_wconf 90' lang='lat' dir='ltr'><strong>et</strong></span> <span class='ocrx_word' id='word_1_526' title='bbox 705 4949 818 5001; x_wconf 84' lang='lat' dir='ltr'><strong>vult</strong></span> <span class='ocrx_word' id='word_1_527' title='bbox 847 4960 897 5001; x_wconf 86' lang='lat' dir='ltr'><strong>te</strong></span> <span class='ocrx_word' id='word_1_528' title='bbox 925 4966 1028 5001; x_wconf 90' lang='lat' dir='ltr'><strong>non</strong></span> <span class='ocrx_word' id='word_1_529' title='bbox 1058 4952 1282 5018; x_wconf 57' lang='lat' dir='ltr'><strong>perdere</strong></span> <span class='ocrx_word' id='word_1_530' title='bbox 1308 4951 1398 5002; x_wconf 82' lang='lat' dir='ltr'><strong>sed</strong></span> <span class='ocrx_word' id='word_1_531' title='bbox 1438 4950 1679 5014; x_wconf 81' lang='lat' dir='ltr'><strong>salvare;</strong></span> <span class='ocrx_word' id='word_1_532' title='bbox 1717 4966 1818 5003; x_wconf 88' lang='lat' dir='ltr'><strong>non</strong></span> <span class='ocrx_word' id='word_1_533' title='bbox 1850 4954 1995 5020; x_wconf 78' lang='lat' dir='ltr'><strong>peri-</strong></span> 
     </span>
    </p>
   </div>
   <div class='ocr_carea' id='block_1_69' title="bbox 425 5041 1997 5110">
    <p class='ocr_par' dir='ltr' id='par_1_69' title="bbox 425 5041 1997 5110">
     <span class='ocr_line' id='line_1_69' title="bbox 425 5041 1997 5110; baseline 0.001 -17"><span class='ocrx_word' id='word_1_534' title='bbox 425 5056 595 5105; x_wconf 90' lang='lat' dir='ltr'><strong>mere,</strong></span> <span class='ocrx_word' id='word_1_535' title='bbox 624 5042 715 5095; x_wconf 84' lang='lat' dir='ltr'><strong>sel</strong></span> <span class='ocrx_word' id='word_1_536' title='bbox 751 5049 1028 5110; x_wconf 76' lang='lat' dir='ltr'><strong>protegere</strong></span> <span class='ocrx_word' id='word_1_537' title='bbox 1054 5056 1067 5093; x_wconf 88' lang='lat'>:</span> <span class='ocrx_word' id='word_1_538' title='bbox 1097 5057 1259 5109; x_wconf 88' lang='lat' dir='ltr'><strong>quare</strong></span> <span class='ocrx_word' id='word_1_539' title='bbox 1291 5050 1341 5093; x_wconf 92' lang='lat' dir='ltr'><strong>tu</strong></span> <span class='ocrx_word' id='word_1_540' title='bbox 1365 5041 1642 5110; x_wconf 75' lang='lat' dir='ltr'><strong>desperas,</strong></span> <span class='ocrx_word' id='word_1_541' title='bbox 1668 5042 1879 5109; x_wconf 77' lang='lat' dir='ltr'><strong>quando</strong></span> <span class='ocrx_word' id='word_1_542' title='bbox 1908 5042 1997 5095; x_wconf 89' lang='lat' dir='ltr'><strong>ille</strong></span> 
     </span>
    </p>
   </div>
   <div class='ocr_carea' id='block_1_70' title="bbox 424 5129 1994 5200">
    <p class='ocr_par' dir='ltr' id='par_1_70' title="bbox 424 5129 1994 5200">
     <span class='ocr_line' id='line_1_70' title="bbox 424 5129 1994 5200; baseline 0.001 -17"><span class='ocrx_word' id='word_1_543' title='bbox 424 5146 530 5184; x_wconf 89' lang='lat' dir='ltr'><strong>non</strong></span> <span class='ocrx_word' id='word_1_544' title='bbox 579 5129 840 5200; x_wconf 74' lang='lat' dir='ltr'><strong>despicit?</strong></span> <span class='ocrx_word' id='word_1_545' title='bbox 883 5130 1275 5183; x_wconf 80' lang='lat' dir='ltr'><strong>Couscientiam</strong></span> <span class='ocrx_word' id='word_1_546' title='bbox 1321 5139 1464 5184; x_wconf 81' lang='lat' dir='ltr'><strong>tuam</strong></span> <span class='ocrx_word' id='word_1_547' title='bbox 1513 5129 1788 5195; x_wconf 78' lang='lat' dir='ltr'><strong>formidas,</strong></span> <span class='ocrx_word' id='word_1_548' title='bbox 1830 5142 1884 5185; x_wconf 91' lang='lat' dir='ltr'><strong>et</strong></span> <span class='ocrx_word' id='word_1_549' title='bbox 1928 5132 1994 5185; x_wconf 88' lang='lat' dir='ltr'><strong>ad</strong></span> 
     </span>
    </p>
   </div>
   <div class='ocr_carea' id='block_1_71' title="bbox 424 5222 1997 5293">
    <p class='ocr_par' dir='ltr' id='par_1_71' title="bbox 424 5222 1997 5293">
     <span class='ocr_line' id='line_1_71' title="bbox 424 5222 1997 5293; baseline -0.001 -16"><span class='ocrx_word' id='word_1_550' title='bbox 424 5235 582 5291; x_wconf 86' lang='lat' dir='ltr'><strong>caput</strong></span> <span class='ocrx_word' id='word_1_551' title='bbox 606 5222 945 5291; x_wconf 65' lang='lat' dir='ltr'><strong>indulgentia</strong></span> <span class='ocrx_word' id='word_1_552' title='bbox 971 5238 1073 5276; x_wconf 84' lang='lat' dir='ltr'><strong>non</strong></span> <span class='ocrx_word' id='word_1_553' title='bbox 1103 5222 1321 5275; x_wconf 82' lang='lat' dir='ltr'><strong>festitta~</strong></span> <span class='ocrx_word' id='word_1_554' title='bbox 1343 5224 1365 5275; x_wconf 87' lang='lat'><strong>?</strong></span> <span class='ocrx_word' id='word_1_555' title='bbox 1388 5224 1521 5288; x_wconf 78' lang='lat' dir='ltr'><strong>Quid</strong></span> <span class='ocrx_word' id='word_1_556' title='bbox 1553 5233 1704 5293; x_wconf 87' lang='lat' dir='ltr'><strong>putas</strong></span> <span class='ocrx_word' id='word_1_557' title='bbox 1733 5236 1854 5275; x_wconf 86' lang='lat' dir='ltr'><strong>esse</strong></span> <span class='ocrx_word' id='word_1_558' title='bbox 1880 5222 1997 5275; x_wconf 84' lang='lat' dir='ltr'><strong>fon-</strong></span> 
     </span>
    </p>
   </div>
   <div class='ocr_carea' id='block_1_72' title="bbox 424 5312 1991 5385">
    <p class='ocr_par' dir='ltr' id='par_1_72' title="bbox 424 5312 1991 5385">
     <span class='ocr_line' id='line_1_72' title="bbox 424 5312 1991 5385; baseline -0.001 -19"><span class='ocrx_word' id='word_1_559' title='bbox 424 5325 532 5368; x_wconf 88' lang='lat' dir='ltr'><strong>tem</strong></span> <span class='ocrx_word' id='word_1_560' title='bbox 558 5314 645 5383; x_wconf 92' lang='lat' dir='ltr'><strong>qui</strong></span> <span class='ocrx_word' id='word_1_561' title='bbox 673 5316 936 5385; x_wconf 76' lang='lat' dir='ltr'><strong>concepit,</strong></span> <span class='ocrx_word' id='word_1_562' title='bbox 962 5327 1046 5366; x_wconf 66' lang='lat' dir='ltr'><strong>aut</strong></span> <span class='ocrx_word' id='word_1_563' title='bbox 1075 5314 1199 5381; x_wconf 85' lang='lat' dir='ltr'><strong>quid</strong></span> <span class='ocrx_word' id='word_1_564' title='bbox 1230 5313 1459 5367; x_wconf 69' lang='lat' dir='ltr'><strong>a&#39;stitttas</strong></span> <span class='ocrx_word' id='word_1_565' title='bbox 1480 5329 1601 5367; x_wconf 79' lang='lat' dir='ltr'><strong>esse</strong></span> <span class='ocrx_word' id='word_1_566' title='bbox 1628 5312 1818 5365; x_wconf 88' lang='lat' dir='ltr'><strong>undam</strong></span> <span class='ocrx_word' id='word_1_567' title='bbox 1839 5328 1991 5382; x_wconf 71' lang='lat' dir='ltr'><strong>aqua:</strong></span> 
     </span>
    </p>
   </div>
   <div class='ocr_carea' id='block_1_73' title="bbox 422 5405 1985 5476">
    <p class='ocr_par' dir='ltr' id='par_1_73' title="bbox 422 5405 1985 5476">
     <span class='ocr_line' id='line_1_73' title="bbox 422 5405 1985 5476; baseline 0 -18"><span class='ocrx_word' id='word_1_568' title='bbox 422 5422 542 5475; x_wconf 66' lang='lat' dir='ltr'><strong>qute</strong></span> <span class='ocrx_word' id='word_1_569' title='bbox 574 5417 626 5460; x_wconf 90' lang='lat' dir='ltr'><strong>te</strong></span> <span class='ocrx_word' id='word_1_570' title='bbox 657 5407 893 5476; x_wconf 65' lang='lat' dir='ltr'><strong>pepent?</strong></span> <span class='ocrx_word' id='word_1_571' title='bbox 927 5405 1169 5474; x_wconf 73' lang='lat' dir='ltr'><strong>Nunquid</strong></span> <span class='ocrx_word' id='word_1_572' title='bbox 1210 5422 1344 5474; x_wconf 89' lang='lat' dir='ltr'><strong>aqua</strong></span> <span class='ocrx_word' id='word_1_573' title='bbox 1379 5418 1461 5459; x_wconf 72' lang='lat' dir='ltr'><strong>est</strong></span> <span class='ocrx_word' id='word_1_574' title='bbox 1490 5405 1689 5467; x_wconf 85' lang='lat' dir='ltr'><strong>media,</strong></span> <span class='ocrx_word' id='word_1_575' title='bbox 1720 5413 1813 5456; x_wconf 92' lang='lat' dir='ltr'><strong>aut</strong></span> <span class='ocrx_word' id='word_1_576' title='bbox 1846 5406 1985 5458; x_wconf 89' lang='lat' dir='ltr'><strong>unda</strong></span> 
     </span>
    </p>
   </div>
   <div class='ocr_carea' id='block_1_74' title="bbox 424 5496 1994 5567">
    <p class='ocr_par' dir='ltr' id='par_1_74' title="bbox 424 5496 1994 5567">
     <span class='ocr_line' id='line_1_74' title="bbox 424 5496 1994 5567; baseline -0.002 -13"><span class='ocrx_word' id='word_1_577' title='bbox 424 5501 479 5554; x_wconf 84' lang='lat' dir='ltr'><strong>in</strong></span> <span class='ocrx_word' id='word_1_578' title='bbox 505 5501 698 5553; x_wconf 74' lang='lat' dir='ltr'><strong>causa?</strong></span> <span class='ocrx_word' id='word_1_579' title='bbox 730 5499 907 5553; x_wconf 60' lang='lat' dir='ltr'><strong>Abaili</strong></span> <span class='ocrx_word' id='word_1_580' title='bbox 938 5496 1031 5551; x_wconf 77' lang='lat' dir='ltr'><strong>Sed</strong></span> <span class='ocrx_word' id='word_1_581' title='bbox 1055 5499 1200 5552; x_wconf 86' lang='lat' dir='ltr'><strong>disce</strong></span> <span class='ocrx_word' id='word_1_582' title='bbox 1226 5502 1559 5567; x_wconf 76' lang='lat' dir='ltr'><strong>mysterium.</strong></span> <span class='ocrx_word' id='word_1_583' title='bbox 1589 5497 1875 5549; x_wconf 77' lang='lat' dir='ltr'><strong>Prudentia</strong></span> <span class='ocrx_word' id='word_1_584' title='bbox 1908 5507 1994 5551; x_wconf 83' lang='lat' dir='ltr'><strong>tua</strong></span> 
     </span>
    </p>
   </div>
   <div class='ocr_carea' id='block_1_75' title="bbox 423 5590 1993 5657">
    <p class='ocr_par' dir='ltr' id='par_1_75' title="bbox 423 5590 1993 5657">
     <span class='ocr_line' id='line_1_75' title="bbox 423 5590 1993 5657; baseline -0.005 -10"><span class='ocrx_word' id='word_1_585' title='bbox 423 5591 565 5654; x_wconf 80' lang='lat' dir='ltr'><strong>fons.</strong></span> <span class='ocrx_word' id='word_1_586' title='bbox 604 5603 655 5645; x_wconf 91' lang='lat' dir='ltr'><strong>et</strong></span> <span class='ocrx_word' id='word_1_587' title='bbox 696 5593 745 5645; x_wconf 91' lang='lat' dir='ltr'><strong>in</strong></span> <span class='ocrx_word' id='word_1_588' title='bbox 800 5602 851 5646; x_wconf 89' lang='lat' dir='ltr'><strong>te</strong></span> <span class='ocrx_word' id='word_1_589' title='bbox 899 5591 1199 5646; x_wconf 73' lang='lat' dir='ltr'><strong>intellectus</strong></span> <span class='ocrx_word' id='word_1_590' title='bbox 1241 5604 1362 5645; x_wconf 89' lang='lat' dir='ltr'><strong>tuus</strong></span> <span class='ocrx_word' id='word_1_591' title='bbox 1404 5607 1538 5657; x_wconf 78' lang='lat' dir='ltr'><strong>aqua</strong></span> <span class='ocrx_word' id='word_1_592' title='bbox 1590 5600 1671 5643; x_wconf 88' lang='lat' dir='ltr'><strong>est</strong></span> <span class='ocrx_word' id='word_1_593' title='bbox 1712 5590 1993 5655; x_wconf 72' lang='lat' dir='ltr'><strong>inundans,</strong></span> 
     </span>
    </p>
   </div>
   <div class='ocr_carea' id='block_1_76' title="bbox 426 5682 1996 5752">
    <p class='ocr_par' dir='ltr' id='par_1_76' title="bbox 426 5682 1996 5752">
     <span class='ocr_line' id='line_1_76' title="bbox 426 5682 1996 5752; baseline -0.004 -10"><span class='ocrx_word' id='word_1_594' title='bbox 426 5685 630 5742; x_wconf 77' lang='lat' dir='ltr'><strong>habens</strong></span> <span class='ocrx_word' id='word_1_595' title='bbox 660 5699 765 5752; x_wconf 79' lang='lat' dir='ltr'><strong>asp</strong></span> <span class='ocrx_word' id='word_1_596' title='bbox 788 5696 931 5739; x_wconf 80' lang='lat' dir='ltr'><strong>ctum</strong></span> <span class='ocrx_word' id='word_1_597' title='bbox 958 5683 1154 5748; x_wconf 82' lang='lat' dir='ltr'><strong>cordis,</strong></span> <span class='ocrx_word' id='word_1_598' title='bbox 1194 5692 1251 5737; x_wconf 90' lang='lat' dir='ltr'><strong>ut</strong></span> <span class='ocrx_word' id='word_1_599' title='bbox 1292 5683 1471 5737; x_wconf 71' lang='lat' dir='ltr'><strong>videas</strong></span> <span class='ocrx_word' id='word_1_600' title='bbox 1499 5682 1859 5750; x_wconf 84' lang='lat' dir='ltr'><strong>temetipsum.</strong></span> <span class='ocrx_word' id='word_1_601' title='bbox 1892 5682 1996 5735; x_wconf 85' lang='lat' dir='ltr'><strong>Ac-</strong></span> 
     </span>
    </p>
   </div>
   <div class='ocr_carea' id='block_1_77' title="bbox 2087 1798 3651 1872">
    <p class='ocr_par' dir='ltr' id='par_1_77' title="bbox 2087 1798 3651 1872">
     <span class='ocr_line' id='line_1_77' title="bbox 2087 1798 3651 1872; baseline 0.004 -20"><span class='ocrx_word' id='word_1_602' title='bbox 2087 1798 2333 1854; x_wconf 85' lang='lat' dir='ltr'><strong>fectionis</strong></span> <span class='ocrx_word' id='word_1_603' title='bbox 2359 1799 2452 1853; x_wconf 82' lang='lat' dir='ltr'><strong>sed</strong></span> <span class='ocrx_word' id='word_1_604' title='bbox 2494 1798 2847 1861; x_wconf 87' lang='lat' dir='ltr'><strong>remissionis,</strong></span> <span class='ocrx_word' id='word_1_605' title='bbox 2891 1813 2997 1854; x_wconf 93' lang='lat' dir='ltr'><strong>non</strong></span> <span class='ocrx_word' id='word_1_606' title='bbox 3026 1809 3083 1854; x_wconf 90' lang='lat' dir='ltr'><strong>ut</strong></span> <span class='ocrx_word' id='word_1_607' title='bbox 3119 1816 3348 1871; x_wconf 83' lang='lat' dir='ltr'><strong>unquam</strong></span> <span class='ocrx_word' id='word_1_608' title='bbox 3370 1805 3651 1872; x_wconf 66' lang='lat' dir='ltr'><strong>desperes.</strong></span> 
     </span>
    </p>
   </div>
   <div class='ocr_carea' id='block_1_78' title="bbox 2085 1888 3655 1959">
    <p class='ocr_par' dir='ltr' id='par_1_78' title="bbox 2085 1888 3655 1959">
     <span class='ocr_line' id='line_1_78' title="bbox 2085 1888 3655 1959; baseline 0.003 -15"><span class='ocrx_word' id='word_1_609' title='bbox 2085 1888 2303 1951; x_wconf 75' lang='lat' dir='ltr'><strong>Signum</strong></span> <span class='ocrx_word' id='word_1_610' title='bbox 2349 1898 2671 1957; x_wconf 78' lang='lat' dir='ltr'><strong>acceperunt</strong></span> <span class='ocrx_word' id='word_1_611' title='bbox 2714 1889 2883 1944; x_wconf 68' lang='lat' dir='ltr'><strong>Judaei</strong></span> <span class='ocrx_word' id='word_1_612' title='bbox 2919 1891 3156 1959; x_wconf 75' lang='lat' dir='ltr'><strong>:quale?</strong></span> <span class='ocrx_word' id='word_1_613' title='bbox 3208 1890 3655 1948; x_wconf 80' lang='lat' dir='ltr'><strong>circumcisionis.</strong></span> 
     </span>
    </p>
   </div>
   <div class='ocr_carea' id='block_1_79' title="bbox 2087 1978 3655 2051">
    <p class='ocr_par' dir='ltr' id='par_1_79' title="bbox 2087 1978 3655 2051">
     <span class='ocr_line' id='line_1_79' title="bbox 2087 1978 3655 2051; baseline 0.001 -16"><span class='ocrx_word' id='word_1_614' title='bbox 2087 1979 2305 2048; x_wconf 82' lang='lat' dir='ltr'><strong>Signum</strong></span> <span class='ocrx_word' id='word_1_615' title='bbox 2332 1989 2653 2046; x_wconf 85' lang='lat' dir='ltr'><strong>acceperunt</strong></span> <span class='ocrx_word' id='word_1_616' title='bbox 2678 1988 2733 2033; x_wconf 87' lang='lat' dir='ltr'><strong>et</strong></span> <span class='ocrx_word' id='word_1_617' title='bbox 2765 1978 3053 2034; x_wconf 81' lang='lat' dir='ltr'><strong>Christiani</strong></span> <span class='ocrx_word' id='word_1_618' title='bbox 3090 1982 3317 2051; x_wconf 81' lang='lat' dir='ltr'><strong>:quale?</strong></span> <span class='ocrx_word' id='word_1_619' title='bbox 3349 1984 3655 2038; x_wconf 82' lang='lat' dir='ltr'><strong>miseratio-</strong></span> 
     </span>
    </p>
   </div>
   <div class='ocr_carea' id='block_1_80' title="bbox 2088 2070 3663 2140">
    <p class='ocr_par' dir='ltr' id='par_1_80' title="bbox 2088 2070 3663 2140">
     <span class='ocr_line' id='line_1_80' title="bbox 2088 2070 3663 2140; baseline 0.001 -13"><span class='ocrx_word' id='word_1_620' title='bbox 2088 2072 2191 2127; x_wconf 82' lang='lat' dir='ltr'><strong>nis.</strong></span> <span class='ocrx_word' id='word_1_621' title='bbox 2220 2071 2357 2126; x_wconf 85' lang='lat' dir='ltr'><strong>Ecce</strong></span> <span class='ocrx_word' id='word_1_622' title='bbox 2397 2070 2608 2140; x_wconf 81' lang='lat' dir='ltr'><strong>signum</strong></span> <span class='ocrx_word' id='word_1_623' title='bbox 2638 2070 2689 2124; x_wconf 91' lang='lat' dir='ltr'><strong>in</strong></span> <span class='ocrx_word' id='word_1_624' title='bbox 2732 2070 2932 2126; x_wconf 65' lang='lat' dir='ltr'><strong>Judaiis</strong></span> <span class='ocrx_word' id='word_1_625' title='bbox 2955 2088 2967 2122; x_wconf 86' lang='lat'><strong>:</strong></span> <span class='ocrx_word' id='word_1_626' title='bbox 2993 2072 3328 2127; x_wconf 85' lang='lat' dir='ltr'><strong>circumcisio</strong></span> <span class='ocrx_word' id='word_1_627' title='bbox 3361 2076 3568 2139; x_wconf 88' lang='lat' dir='ltr'><strong>carnis;</strong></span> <span class='ocrx_word' id='word_1_628' title='bbox 3600 2077 3663 2129; x_wconf 76' lang='lat' dir='ltr'><strong>iu-</strong></span> 
     </span>
    </p>
   </div>
   <div class='ocr_carea' id='block_1_81' title="bbox 2087 2160 3659 2221">
    <p class='ocr_par' dir='ltr' id='par_1_81' title="bbox 2087 2160 3659 2221">
     <span class='ocr_line' id='line_1_81' title="bbox 2087 2160 3659 2221; baseline 0.003 -5"><span class='ocrx_word' id='word_1_629' title='bbox 2087 2160 2405 2216; x_wconf 85' lang='lat' dir='ltr'><strong>Christianis</strong></span> <span class='ocrx_word' id='word_1_630' title='bbox 2450 2162 2791 2215; x_wconf 91' lang='lat' dir='ltr'><strong>circumcisio</strong></span> <span class='ocrx_word' id='word_1_631' title='bbox 2838 2160 3034 2216; x_wconf 85' lang='lat' dir='ltr'><strong>cordis.</strong></span> <span class='ocrx_word' id='word_1_632' title='bbox 3074 2161 3180 2218; x_wconf 90' lang='lat' dir='ltr'><strong>Sed</strong></span> <span class='ocrx_word' id='word_1_633' title='bbox 3227 2164 3357 2217; x_wconf 86' lang='lat' dir='ltr'><strong>satis</strong></span> <span class='ocrx_word' id='word_1_634' title='bbox 3396 2164 3509 2219; x_wconf 68' lang='lat' dir='ltr'><strong>haec</strong></span> <span class='ocrx_word' id='word_1_635' title='bbox 3558 2167 3659 2221; x_wconf 81' lang='lat' dir='ltr'><strong>ila</strong></span> 
     </span>
    </p>
   </div>
   <div class='ocr_carea' id='block_1_82' title="bbox 2089 2252 3657 2328">
    <p class='ocr_par' dir='ltr' id='par_1_82' title="bbox 2089 2252 3657 2328">
     <span class='ocr_line' id='line_1_82' title="bbox 2089 2252 3657 2328; baseline 0.005 -23"><span class='ocrx_word' id='word_1_636' title='bbox 2089 2252 2449 2324; x_wconf 66' lang='lat' dir='ltr'><strong>praestantior.</strong></span> <span class='ocrx_word' id='word_1_637' title='bbox 2484 2252 2539 2307; x_wconf 90' lang='lat' dir='ltr'><strong>In</strong></span> <span class='ocrx_word' id='word_1_638' title='bbox 2570 2252 2658 2307; x_wconf 87' lang='lat' dir='ltr'><strong>illa</strong></span> <span class='ocrx_word' id='word_1_639' title='bbox 2705 2256 2923 2323; x_wconf 77' lang='lat' dir='ltr'><strong>sanguis</strong></span> <span class='ocrx_word' id='word_1_640' title='bbox 2956 2254 3255 2319; x_wconf 89' lang='lat' dir='ltr'><strong>incisionis,</strong></span> <span class='ocrx_word' id='word_1_641' title='bbox 3294 2256 3347 2309; x_wconf 89' lang='lat' dir='ltr'><strong>in</strong></span> <span class='ocrx_word' id='word_1_642' title='bbox 3389 2255 3486 2312; x_wconf 85' lang='lat' dir='ltr'><strong>hac</strong></span> <span class='ocrx_word' id='word_1_643' title='bbox 3514 2273 3657 2328; x_wconf 79' lang='lat' dir='ltr'><strong>aqua</strong></span> 
     </span>
    </p>
   </div>
   <div class='ocr_carea' id='block_1_83' title="bbox 2090 2347 3663 2419">
    <p class='ocr_par' dir='ltr' id='par_1_83' title="bbox 2090 2347 3663 2419">
     <span class='ocr_line' id='line_1_83' title="bbox 2090 2347 3663 2419; baseline 0.002 -19"><span class='ocrx_word' id='word_1_644' title='bbox 2090 2347 2449 2401; x_wconf 89' lang='lat' dir='ltr'><strong>remissionis.</strong></span> <span class='ocrx_word' id='word_1_645' title='bbox 2479 2347 2553 2402; x_wconf 91' lang='lat' dir='ltr'><strong>lbi</strong></span> <span class='ocrx_word' id='word_1_646' title='bbox 2586 2348 2733 2419; x_wconf 80' lang='lat' dir='ltr'><strong>plaga</strong></span> <span class='ocrx_word' id='word_1_647' title='bbox 2761 2348 2957 2415; x_wconf 89' lang='lat' dir='ltr'><strong>carnis,</strong></span> <span class='ocrx_word' id='word_1_648' title='bbox 2994 2348 3080 2402; x_wconf 90' lang='lat' dir='ltr'><strong>hic</strong></span> <span class='ocrx_word' id='word_1_649' title='bbox 3103 2351 3275 2415; x_wconf 86' lang='lat' dir='ltr'><strong>palma</strong></span> <span class='ocrx_word' id='word_1_650' title='bbox 3311 2350 3542 2417; x_wconf 86' lang='lat' dir='ltr'><strong>pietatis.</strong></span> <span class='ocrx_word' id='word_1_651' title='bbox 3576 2351 3663 2409; x_wconf 81' lang='lat' dir='ltr'><strong>lbi</strong></span> 
     </span>
    </p>
   </div>
   <div class='ocr_carea' id='block_1_84' title="bbox 2090 2436 3658 2509">
    <p class='ocr_par' dir='ltr' id='par_1_84' title="bbox 2090 2436 3658 2509">
     <span class='ocr_line' id='line_1_84' title="bbox 2090 2436 3658 2509; baseline 0.004 -19"><span class='ocrx_word' id='word_1_652' title='bbox 2090 2436 2432 2509; x_wconf 74' lang='lat' dir='ltr'><strong>observantia</strong></span> <span class='ocrx_word' id='word_1_653' title='bbox 2482 2438 2670 2508; x_wconf 82' lang='lat' dir='ltr'><strong>rigida,</strong></span> <span class='ocrx_word' id='word_1_654' title='bbox 2714 2439 2800 2492; x_wconf 89' lang='lat' dir='ltr'><strong>hic</strong></span> <span class='ocrx_word' id='word_1_655' title='bbox 2843 2437 3170 2507; x_wconf 66' lang='lat' dir='ltr'><strong>indulgentia</strong></span> <span class='ocrx_word' id='word_1_656' title='bbox 3221 2439 3386 2507; x_wconf 79' lang='lat' dir='ltr'><strong>regia.</strong></span> <span class='ocrx_word' id='word_1_657' title='bbox 3438 2439 3506 2494; x_wconf 87' lang='lat' dir='ltr'><strong>Et</strong></span> <span class='ocrx_word' id='word_1_658' title='bbox 3553 2442 3658 2496; x_wconf 89' lang='lat' dir='ltr'><strong>hoc</strong></span> 
     </span>
    </p>
   </div>
   <div class='ocr_carea' id='block_1_85' title="bbox 2091 2528 3654 2601">
    <p class='ocr_par' dir='ltr' id='par_1_85' title="bbox 2091 2528 3654 2601">
     <span class='ocr_line' id='line_1_85' title="bbox 2091 2528 3654 2601; baseline 0.003 -19"><span class='ocrx_word' id='word_1_659' title='bbox 2091 2539 2373 2597; x_wconf 89' lang='lat' dir='ltr'><strong>utrumque</strong></span> <span class='ocrx_word' id='word_1_660' title='bbox 2420 2529 2747 2600; x_wconf 85' lang='lat' dir='ltr'><strong>signaculum</strong></span> <span class='ocrx_word' id='word_1_661' title='bbox 2787 2528 3029 2583; x_wconf 83' lang='lat' dir='ltr'><strong>Christus</strong></span> <span class='ocrx_word' id='word_1_662' title='bbox 3066 2530 3302 2599; x_wconf 85' lang='lat' dir='ltr'><strong>pendens</strong></span> <span class='ocrx_word' id='word_1_663' title='bbox 3332 2531 3383 2585; x_wconf 90' lang='lat' dir='ltr'><strong>in</strong></span> <span class='ocrx_word' id='word_1_664' title='bbox 3414 2531 3654 2601; x_wconf 87' lang='lat' dir='ltr'><strong>patibulo</strong></span> 
     </span>
    </p>
   </div>
   <div class='ocr_carea' id='block_1_86' title="bbox 2088 2622 3667 2693">
    <p class='ocr_par' dir='ltr' id='par_1_86' title="bbox 2088 2622 3667 2693">
     <span class='ocr_line' id='line_1_86' title="bbox 2088 2622 3667 2693; baseline 0.005 -19"><span class='ocrx_word' id='word_1_665' title='bbox 2088 2622 2428 2690; x_wconf 68' lang='lat' dir='ltr'><strong>prtcnotavit.</strong></span> <span class='ocrx_word' id='word_1_666' title='bbox 2461 2624 2673 2691; x_wconf 88' lang='lat' dir='ltr'><strong>quando</strong></span> <span class='ocrx_word' id='word_1_667' title='bbox 2698 2623 2765 2676; x_wconf 87' lang='lat' dir='ltr'><strong>de</strong></span> <span class='ocrx_word' id='word_1_668' title='bbox 2797 2623 3018 2677; x_wconf 87' lang='lat' dir='ltr'><strong>vulnere</strong></span> <span class='ocrx_word' id='word_1_669' title='bbox 3052 2638 3150 2677; x_wconf 89' lang='lat' dir='ltr'><strong>suo</strong></span> <span class='ocrx_word' id='word_1_670' title='bbox 3172 2634 3226 2678; x_wconf 89' lang='lat' dir='ltr'><strong>et</strong></span> <span class='ocrx_word' id='word_1_671' title='bbox 3247 2639 3439 2693; x_wconf 89' lang='lat' dir='ltr'><strong>aquam</strong></span> <span class='ocrx_word' id='word_1_672' title='bbox 3465 2626 3667 2683; x_wconf 85' lang='lat' dir='ltr'><strong>eduxit</strong></span> 
     </span>
    </p>
   </div>
   <div class='ocr_carea' id='block_1_87' title="bbox 2091 2710 3663 2784">
    <p class='ocr_par' dir='ltr' id='par_1_87' title="bbox 2091 2710 3663 2784">
     <span class='ocr_line' id='line_1_87' title="bbox 2091 2710 3663 2784; baseline 0.003 -18"><span class='ocrx_word' id='word_1_673' title='bbox 2091 2720 2143 2766; x_wconf 78' lang='lat' dir='ltr'><strong>et</strong></span> <span class='ocrx_word' id='word_1_674' title='bbox 2166 2712 2474 2780; x_wconf 79' lang='lat' dir='ltr'><strong>sanguinem</strong></span> <span class='ocrx_word' id='word_1_675' title='bbox 2499 2710 3176 2784; x_wconf 78' lang='lat' dir='ltr'><strong>(Joan.xtx).Utsanguiuis</strong></span> <span class='ocrx_word' id='word_1_676' title='bbox 3206 2715 3531 2784; x_wconf 86' lang='lat' dir='ltr'><strong>signaculum</strong></span> <span class='ocrx_word' id='word_1_677' title='bbox 3564 2721 3663 2771; x_wconf 69' lang='grc'><strong>1111-</strong></span> 
     </span>
    </p>
   </div>
   <div class='ocr_carea' id='block_1_88' title="bbox 2092 2802 3657 2874">
    <p class='ocr_par' dir='ltr' id='par_1_88' title="bbox 2092 2802 3657 2874">
     <span class='ocr_line' id='line_1_88' title="bbox 2092 2802 3657 2874; baseline 0.005 -19"><span class='ocrx_word' id='word_1_678' title='bbox 2092 2814 2171 2857; x_wconf 85' lang='lat' dir='ltr'><strong>ret</strong></span> <span class='ocrx_word' id='word_1_679' title='bbox 2193 2802 2415 2872; x_wconf 76' lang='lat' dir='ltr'><strong>Judeis,</strong></span> <span class='ocrx_word' id='word_1_680' title='bbox 2439 2818 2591 2873; x_wconf 61' lang='lat' dir='ltr'><strong>aqua:</strong></span> <span class='ocrx_word' id='word_1_681' title='bbox 2614 2818 2740 2859; x_wconf 89' lang='lat' dir='ltr'><strong>vero</strong></span> <span class='ocrx_word' id='word_1_682' title='bbox 2765 2804 3018 2859; x_wconf 85' lang='lat' dir='ltr'><strong>indicium</strong></span> <span class='ocrx_word' id='word_1_683' title='bbox 3040 2807 3285 2874; x_wconf 77' lang='lat' dir='ltr'><strong>gentibus</strong></span> <span class='ocrx_word' id='word_1_684' title='bbox 3311 2807 3657 2864; x_wconf 81' lang='lat' dir='ltr'><strong>Christianis.</strong></span> 
     </span>
    </p>
   </div>
   <div class='ocr_carea' id='block_1_89' title="bbox 2091 2893 3661 2966">
    <p class='ocr_par' dir='ltr' id='par_1_89' title="bbox 2091 2893 3661 2966">
     <span class='ocr_line' id='line_1_89' title="bbox 2091 2893 3661 2966; baseline 0.003 -17"><span class='ocrx_word' id='word_1_685' title='bbox 2091 2893 2312 2965; x_wconf 79' lang='lat' dir='ltr'><strong>Signum</strong></span> <span class='ocrx_word' id='word_1_686' title='bbox 2361 2910 2488 2966; x_wconf 89' lang='lat' dir='ltr'><strong>ergo</strong></span> <span class='ocrx_word' id='word_1_687' title='bbox 2537 2905 2590 2949; x_wconf 91' lang='lat' dir='ltr'><strong>tu</strong></span> <span class='ocrx_word' id='word_1_688' title='bbox 2636 2896 2884 2963; x_wconf 89' lang='lat' dir='ltr'><strong>accepisti</strong></span> <span class='ocrx_word' id='word_1_689' title='bbox 2928 2898 2995 2952; x_wconf 88' lang='lat' dir='ltr'><strong>de</strong></span> <span class='ocrx_word' id='word_1_690' title='bbox 3025 2898 3186 2962; x_wconf 73' lang='lat' dir='ltr'><strong>fonte,</strong></span> <span class='ocrx_word' id='word_1_691' title='bbox 3239 2912 3342 2952; x_wconf 92' lang='lat' dir='ltr'><strong>non</strong></span> <span class='ocrx_word' id='word_1_692' title='bbox 3373 2898 3661 2954; x_wconf 78' lang='lat' dir='ltr'><strong>Jodaicum</strong></span> 
     </span>
    </p>
   </div>
   <div class='ocr_carea' id='block_1_90' title="bbox 2092 2988 3662 3064">
    <p class='ocr_par' dir='ltr' id='par_1_90' title="bbox 2092 2988 3662 3064">
     <span class='ocr_line' id='line_1_90' title="bbox 2092 2988 3662 3064; baseline 0.003 -22"><span class='ocrx_word' id='word_1_693' title='bbox 2092 2992 2185 3042; x_wconf 89' lang='lat' dir='ltr'><strong>sed</strong></span> <span class='ocrx_word' id='word_1_694' title='bbox 2214 2989 2596 3057; x_wconf 86' lang='lat' dir='ltr'><strong>evangelicum.</strong></span> <span class='ocrx_word' id='word_1_695' title='bbox 2623 2988 2700 3043; x_wconf 87' lang='lat' dir='ltr'><strong>Ex</strong></span> <span class='ocrx_word' id='word_1_696' title='bbox 2728 2990 2819 3043; x_wconf 90' lang='lat' dir='ltr'><strong>illa</strong></span> <span class='ocrx_word' id='word_1_697' title='bbox 2848 2989 2936 3046; x_wconf 86' lang='lat' dir='ltr'><strong>die</strong></span> <span class='ocrx_word' id='word_1_698' title='bbox 2965 2989 3157 3061; x_wconf 90' lang='lat' dir='ltr'><strong>illaque</strong></span> <span class='ocrx_word' id='word_1_699' title='bbox 3185 2991 3314 3047; x_wconf 86' lang='lat' dir='ltr'><strong>liora</strong></span> <span class='ocrx_word' id='word_1_700' title='bbox 3342 3008 3445 3061; x_wconf 89' lang='lat' dir='ltr'><strong>qua</strong></span> <span class='ocrx_word' id='word_1_701' title='bbox 3471 3008 3662 3064; x_wconf 87' lang='lat' dir='ltr'><strong>egres-</strong></span> 
     </span>
    </p>
   </div>
   <div class='ocr_carea' id='block_1_91' title="bbox 2017 3080 3660 3155">
    <p class='ocr_par' dir='ltr' id='par_1_91' title="bbox 2017 3080 3660 3155">
     <span class='ocr_line' id='line_1_91' title="bbox 2017 3080 3660 3155; baseline 0.004 -22"><span class='ocrx_word' id='word_1_702' title='bbox 2017 3093 2062 3155; x_wconf 77' lang='lat' dir='ltr'>C</span> <span class='ocrx_word' id='word_1_703' title='bbox 2094 3094 2188 3134; x_wconf 89' lang='lat' dir='ltr'><strong>sus</strong></span> <span class='ocrx_word' id='word_1_704' title='bbox 2215 3095 2273 3135; x_wconf 88' lang='lat' dir='ltr'><strong>es</strong></span> <span class='ocrx_word' id='word_1_705' title='bbox 2302 3080 2368 3135; x_wconf 90' lang='lat' dir='ltr'><strong>de</strong></span> <span class='ocrx_word' id='word_1_706' title='bbox 2394 3082 2623 3145; x_wconf 86' lang='lat' dir='ltr'><strong>lavacro,</strong></span> <span class='ocrx_word' id='word_1_707' title='bbox 2659 3082 2772 3147; x_wconf 90' lang='lat' dir='ltr'><strong>ipse</strong></span> <span class='ocrx_word' id='word_1_708' title='bbox 2808 3081 2900 3135; x_wconf 90' lang='lat' dir='ltr'><strong>tibi</strong></span> <span class='ocrx_word' id='word_1_709' title='bbox 2936 3096 2996 3136; x_wconf 90' lang='lat' dir='ltr'><strong>es</strong></span> <span class='ocrx_word' id='word_1_710' title='bbox 3018 3082 3293 3153; x_wconf 84' lang='lat' dir='ltr'><strong>fonsjugis</strong></span> <span class='ocrx_word' id='word_1_711' title='bbox 3321 3093 3377 3138; x_wconf 90' lang='lat' dir='ltr'><strong>et</strong></span> <span class='ocrx_word' id='word_1_712' title='bbox 3405 3084 3660 3139; x_wconf 86' lang='lat' dir='ltr'><strong>diuturna</strong></span> 
     </span>
    </p>
   </div>
   <div class='ocr_carea' id='block_1_92' title="bbox 2098 3170 3664 3240">
    <p class='ocr_par' dir='ltr' id='par_1_92' title="bbox 2098 3170 3664 3240">
     <span class='ocr_line' id='line_1_92' title="bbox 2098 3170 3664 3240; baseline 0.001 -15"><span class='ocrx_word' id='word_1_713' title='bbox 2098 3170 2368 3226; x_wconf 79' lang='lat' dir='ltr'><strong>remissio.</strong></span> <span class='ocrx_word' id='word_1_714' title='bbox 2416 3172 2530 3225; x_wconf 77' lang='lat' dir='ltr'><strong>Non</strong></span> <span class='ocrx_word' id='word_1_715' title='bbox 2562 3187 2695 3239; x_wconf 86' lang='lat' dir='ltr'><strong>opus</strong></span> <span class='ocrx_word' id='word_1_716' title='bbox 2727 3173 2890 3227; x_wconf 88' lang='lat' dir='ltr'><strong>babes</strong></span> <span class='ocrx_word' id='word_1_717' title='bbox 2931 3175 3173 3240; x_wconf 90' lang='lat' dir='ltr'><strong>doctore,</strong></span> <span class='ocrx_word' id='word_1_718' title='bbox 3222 3189 3323 3228; x_wconf 90' lang='lat' dir='ltr'><strong>non</strong></span> <span class='ocrx_word' id='word_1_719' title='bbox 3354 3174 3539 3229; x_wconf 77' lang='lat' dir='ltr'><strong>dextra</strong></span> <span class='ocrx_word' id='word_1_720' title='bbox 3570 3191 3664 3230; x_wconf 84' lang='lat' dir='ltr'><strong>sa-</strong></span> 
     </span>
    </p>
   </div>
   <div class='ocr_carea' id='block_1_93' title="bbox 2093 3263 3672 3331">
    <p class='ocr_par' dir='ltr' id='par_1_93' title="bbox 2093 3263 3672 3331">
     <span class='ocr_line' id='line_1_93' title="bbox 2093 3263 3672 3331; baseline 0.001 -12"><span class='ocrx_word' id='word_1_721' title='bbox 2093 3264 2348 3319; x_wconf 71' lang='lat' dir='ltr'><strong>Cerdoti~.</strong></span> <span class='ocrx_word' id='word_1_722' title='bbox 2380 3263 2498 3319; x_wconf 79' lang='lat' dir='ltr'><strong>Mox</strong></span> <span class='ocrx_word' id='word_1_723' title='bbox 2530 3273 2591 3317; x_wconf 93' lang='lat' dir='ltr'><strong>ut</strong></span> <span class='ocrx_word' id='word_1_724' title='bbox 2614 3263 2903 3318; x_wconf 87' lang='lat' dir='ltr'><strong>ascendisti</strong></span> <span class='ocrx_word' id='word_1_725' title='bbox 2945 3264 3010 3318; x_wconf 92' lang='lat' dir='ltr'><strong>de</strong></span> <span class='ocrx_word' id='word_1_726' title='bbox 3053 3278 3206 3319; x_wconf 87' lang='lat' dir='ltr'><strong>sacro</strong></span> <span class='ocrx_word' id='word_1_727' title='bbox 3232 3265 3397 3331; x_wconf 84' lang='lat' dir='ltr'><strong>fonte,</strong></span> <span class='ocrx_word' id='word_1_728' title='bbox 3439 3266 3672 3321; x_wconf 82' lang='lat' dir='ltr'><strong>vestitus</strong></span> 
     </span>
    </p>
   </div>
   <div class='ocr_carea' id='block_1_94' title="bbox 2093 3356 3665 3429">
    <p class='ocr_par' dir='ltr' id='par_1_94' title="bbox 2093 3356 3665 3429">
     <span class='ocr_line' id='line_1_94' title="bbox 2093 3356 3665 3429; baseline 0.004 -21"><span class='ocrx_word' id='word_1_729' title='bbox 2093 3369 2153 3408; x_wconf 90' lang='lat' dir='ltr'><strong>es</strong></span> <span class='ocrx_word' id='word_1_730' title='bbox 2182 3367 2323 3410; x_wconf 68' lang='lat' dir='ltr'><strong>veste</strong></span> <span class='ocrx_word' id='word_1_731' title='bbox 2357 3356 2501 3419; x_wconf 82' lang='lat' dir='ltr'><strong>alba,</strong></span> <span class='ocrx_word' id='word_1_732' title='bbox 2530 3364 2585 3409; x_wconf 88' lang='lat' dir='ltr'><strong>et</strong></span> <span class='ocrx_word' id='word_1_733' title='bbox 2615 3366 2806 3409; x_wconf 88' lang='lat' dir='ltr'><strong>unctus</strong></span> <span class='ocrx_word' id='word_1_734' title='bbox 2839 3370 2898 3410; x_wconf 88' lang='lat' dir='ltr'><strong>es</strong></span> <span class='ocrx_word' id='word_1_735' title='bbox 2922 3365 3195 3427; x_wconf 88' lang='lat' dir='ltr'><strong>unguento</strong></span> <span class='ocrx_word' id='word_1_736' title='bbox 3222 3358 3452 3429; x_wconf 86' lang='lat' dir='ltr'><strong>mystico</strong></span> <span class='ocrx_word' id='word_1_737' title='bbox 3478 3374 3494 3413; x_wconf 87' lang='lat'><strong>:</strong></span> <span class='ocrx_word' id='word_1_738' title='bbox 3522 3358 3665 3416; x_wconf 82' lang='lat' dir='ltr'><strong>facta</strong></span> 
     </span>
    </p>
   </div>
   <div class='ocr_carea' id='block_1_95' title="bbox 2094 3447 3664 3518">
    <p class='ocr_par' dir='ltr' id='par_1_95' title="bbox 2094 3447 3664 3518">
     <span class='ocr_line' id='line_1_95' title="bbox 2094 3447 3664 3518; baseline 0.003 -18"><span class='ocrx_word' id='word_1_739' title='bbox 2094 3455 2177 3500; x_wconf 85' lang='lat' dir='ltr'><strong>est</strong></span> <span class='ocrx_word' id='word_1_740' title='bbox 2205 3461 2366 3513; x_wconf 81' lang='lat' dir='ltr'><strong>super</strong></span> <span class='ocrx_word' id='word_1_741' title='bbox 2390 3456 2441 3501; x_wconf 93' lang='lat' dir='ltr'><strong>te</strong></span> <span class='ocrx_word' id='word_1_742' title='bbox 2470 3447 2761 3513; x_wconf 88' lang='lat' dir='ltr'><strong>invocatio,</strong></span> <span class='ocrx_word' id='word_1_743' title='bbox 2790 3457 2843 3502; x_wconf 88' lang='lat' dir='ltr'><strong>et</strong></span> <span class='ocrx_word' id='word_1_744' title='bbox 2870 3450 3014 3502; x_wconf 85' lang='lat' dir='ltr'><strong>venit</strong></span> <span class='ocrx_word' id='word_1_745' title='bbox 3040 3462 3201 3518; x_wconf 89' lang='lat' dir='ltr'><strong>super</strong></span> <span class='ocrx_word' id='word_1_746' title='bbox 3230 3459 3282 3503; x_wconf 91' lang='lat' dir='ltr'><strong>te</strong></span> <span class='ocrx_word' id='word_1_747' title='bbox 3310 3452 3445 3505; x_wconf 89' lang='lat' dir='ltr'><strong>trina</strong></span> <span class='ocrx_word' id='word_1_748' title='bbox 3470 3452 3664 3518; x_wconf 90' lang='lat' dir='ltr'><strong>virtus,</strong></span> 
     </span>
    </p>
   </div>
   <div class='ocr_carea' id='block_1_96' title="bbox 2094 3538 3667 3606">
    <p class='ocr_par' dir='ltr' id='par_1_96' title="bbox 2094 3538 3667 3606">
     <span class='ocr_line' id='line_1_96' title="bbox 2094 3538 3667 3606; baseline 0.004 -17"><span class='ocrx_word' id='word_1_749' title='bbox 2094 3550 2213 3605; x_wconf 74' lang='lat' dir='ltr'><strong>qua:</strong></span> <span class='ocrx_word' id='word_1_750' title='bbox 2241 3551 2335 3590; x_wconf 88' lang='lat' dir='ltr'><strong>vas</strong></span> <span class='ocrx_word' id='word_1_751' title='bbox 2367 3553 2560 3591; x_wconf 84' lang='lat' dir='ltr'><strong>novum</strong></span> <span class='ocrx_word' id='word_1_752' title='bbox 2591 3538 2690 3592; x_wconf 87' lang='lat' dir='ltr'><strong>hac</strong></span> <span class='ocrx_word' id='word_1_753' title='bbox 2731 3553 2868 3592; x_wconf 82' lang='lat' dir='ltr'><strong>nova</strong></span> <span class='ocrx_word' id='word_1_754' title='bbox 2902 3539 3127 3606; x_wconf 72' lang='lat' dir='ltr'><strong>perfundit</strong></span> <span class='ocrx_word' id='word_1_755' title='bbox 3154 3540 3421 3594; x_wconf 83' lang='lat' dir='ltr'><strong>doctrina.</strong></span> <span class='ocrx_word' id='word_1_756' title='bbox 3461 3541 3667 3597; x_wconf 82' lang='lat' dir='ltr'><strong>Exinde</strong></span> 
     </span>
    </p>
   </div>
   <div class='ocr_carea' id='block_1_97' title="bbox 2097 3627 3668 3700">
    <p class='ocr_par' dir='ltr' id='par_1_97' title="bbox 2097 3627 3668 3700">
     <span class='ocr_line' id='line_1_97' title="bbox 2097 3627 3668 3700; baseline 0.004 -20"><span class='ocrx_word' id='word_1_757' title='bbox 2097 3638 2150 3680; x_wconf 88' lang='lat' dir='ltr'><strong>te</strong></span> <span class='ocrx_word' id='word_1_758' title='bbox 2174 3628 2344 3696; x_wconf 87' lang='lat' dir='ltr'><strong>ipsum</strong></span> <span class='ocrx_word' id='word_1_759' title='bbox 2375 3630 2562 3681; x_wconf 86' lang='lat' dir='ltr'><strong>statuit</strong></span> <span class='ocrx_word' id='word_1_760' title='bbox 2589 3627 2681 3681; x_wconf 88' lang='lat' dir='ltr'><strong>tibi</strong></span> <span class='ocrx_word' id='word_1_761' title='bbox 2709 3628 2944 3695; x_wconf 87' lang='lat' dir='ltr'><strong>judicem</strong></span> <span class='ocrx_word' id='word_1_762' title='bbox 2984 3639 3035 3682; x_wconf 92' lang='lat' dir='ltr'><strong>et</strong></span> <span class='ocrx_word' id='word_1_763' title='bbox 3072 3629 3386 3693; x_wconf 88' lang='lat' dir='ltr'><strong>arbitrium;</strong></span> <span class='ocrx_word' id='word_1_764' title='bbox 3415 3631 3668 3700; x_wconf 84' lang='lat' dir='ltr'><strong>deditque</strong></span> 
     </span>
    </p>
   </div>
   <div class='ocr_carea' id='block_1_98' title="bbox 2097 3717 3668 3788">
    <p class='ocr_par' dir='ltr' id='par_1_98' title="bbox 2097 3717 3668 3788">
     <span class='ocr_line' id='line_1_98' title="bbox 2097 3717 3668 3788; baseline 0.006 -18"><span class='ocrx_word' id='word_1_765' title='bbox 2097 3717 2191 3771; x_wconf 91' lang='lat' dir='ltr'><strong>tibi</strong></span> <span class='ocrx_word' id='word_1_766' title='bbox 2228 3719 2471 3772; x_wconf 88' lang='lat' dir='ltr'><strong>notitiam</strong></span> <span class='ocrx_word' id='word_1_767' title='bbox 2521 3728 2579 3773; x_wconf 93' lang='lat' dir='ltr'><strong>ut</strong></span> <span class='ocrx_word' id='word_1_768' title='bbox 2608 3719 2779 3788; x_wconf 90' lang='lat' dir='ltr'><strong>possis</strong></span> <span class='ocrx_word' id='word_1_769' title='bbox 2809 3736 2876 3774; x_wconf 81' lang='lat' dir='ltr'><strong>ex</strong></span> <span class='ocrx_word' id='word_1_770' title='bbox 2911 3728 2961 3775; x_wconf 89' lang='lat' dir='ltr'><strong>te</strong></span> <span class='ocrx_word' id='word_1_771' title='bbox 2989 3720 3196 3777; x_wconf 88' lang='lat' dir='ltr'><strong>discere</strong></span> <span class='ocrx_word' id='word_1_772' title='bbox 3238 3723 3432 3778; x_wconf 86' lang='lat' dir='ltr'><strong>bonum</strong></span> <span class='ocrx_word' id='word_1_773' title='bbox 3472 3733 3529 3780; x_wconf 86' lang='lat' dir='ltr'><strong>et</strong></span> <span class='ocrx_word' id='word_1_774' title='bbox 3556 3740 3668 3779; x_wconf 79' lang='lat' dir='ltr'><strong>ma-</strong></span> 
     </span>
    </p>
   </div>
   <div class='ocr_carea' id='block_1_99' title="bbox 2097 3811 3668 3885">
    <p class='ocr_par' dir='ltr' id='par_1_99' title="bbox 2097 3811 3668 3885">
     <span class='ocr_line' id='line_1_99' title="bbox 2097 3811 3668 3885; baseline 0.006 -20"><span class='ocrx_word' id='word_1_775' title='bbox 2097 3811 2239 3877; x_wconf 90' lang='lat' dir='ltr'><strong>lum;</strong></span> <span class='ocrx_word' id='word_1_776' title='bbox 2274 3815 2322 3867; x_wconf 90' lang='lat' dir='ltr'><strong>id</strong></span> <span class='ocrx_word' id='word_1_777' title='bbox 2353 3822 2436 3867; x_wconf 91' lang='lat' dir='ltr'><strong>est</strong></span> <span class='ocrx_word' id='word_1_778' title='bbox 2459 3814 2598 3867; x_wconf 90' lang='lat' dir='ltr'><strong>inter</strong></span> <span class='ocrx_word' id='word_1_779' title='bbox 2627 3815 2876 3868; x_wconf 90' lang='lat' dir='ltr'><strong>meritum</strong></span> <span class='ocrx_word' id='word_1_780' title='bbox 2905 3821 2959 3868; x_wconf 88' lang='lat' dir='ltr'><strong>et</strong></span> <span class='ocrx_word' id='word_1_781' title='bbox 2986 3825 3283 3884; x_wconf 65' lang='lat' dir='ltr'><strong>peccatum.</strong></span> <span class='ocrx_word' id='word_1_782' title='bbox 3315 3817 3381 3871; x_wconf 86' lang='lat' dir='ltr'><strong>Et</strong></span> <span class='ocrx_word' id='word_1_783' title='bbox 3407 3817 3528 3885; x_wconf 87' lang='lat' dir='ltr'><strong>quia</strong></span> <span class='ocrx_word' id='word_1_784' title='bbox 3559 3833 3668 3873; x_wconf 91' lang='lat' dir='ltr'><strong>non</strong></span> 
     </span>
    </p>
   </div>
   <div class='ocr_carea' id='block_1_100' title="bbox 2098 3905 3661 3980">
    <p class='ocr_par' dir='ltr' id='par_1_100' title="bbox 2098 3905 3661 3980">
     <span class='ocr_line' id='line_1_100' title="bbox 2098 3905 3661 3980; baseline 0.006 -26"><span class='ocrx_word' id='word_1_785' title='bbox 2098 3913 2330 3971; x_wconf 90' lang='lat' dir='ltr'><strong>poteras,</strong></span> <span class='ocrx_word' id='word_1_786' title='bbox 2364 3919 2585 3957; x_wconf 89' lang='lat' dir='ltr'><strong>manens</strong></span> <span class='ocrx_word' id='word_1_787' title='bbox 2615 3905 2665 3958; x_wconf 90' lang='lat' dir='ltr'><strong>in</strong></span> <span class='ocrx_word' id='word_1_788' title='bbox 2718 3905 2974 3959; x_wconf 78' lang='lat' dir='ltr'><strong>mentiris</strong></span> <span class='ocrx_word' id='word_1_789' title='bbox 3017 3908 3364 3977; x_wconf 78' lang='lat' dir='ltr'><strong>corporisque</strong></span> <span class='ocrx_word' id='word_1_790' title='bbox 3385 3923 3661 3980; x_wconf 77' lang='lat' dir='ltr'><strong>compage,</strong></span> 
     </span>
    </p>
   </div>
   <div class='ocr_carea' id='block_1_101' title="bbox 2097 3996 3660 4069">
    <p class='ocr_par' dir='ltr' id='par_1_101' title="bbox 2097 3996 3660 4069">
     <span class='ocr_line' id='line_1_101' title="bbox 2097 3996 3660 4069; baseline 0.004 -21"><span class='ocrx_word' id='word_1_791' title='bbox 2097 3996 2232 4050; x_wconf 86' lang='lat' dir='ltr'><strong>liber</strong></span> <span class='ocrx_word' id='word_1_792' title='bbox 2257 3997 2373 4050; x_wconf 79' lang='lat' dir='ltr'><strong>exis</strong></span> <span class='ocrx_word' id='word_1_793' title='bbox 2398 4012 2490 4051; x_wconf 88' lang='lat' dir='ltr'><strong>ere</strong></span> <span class='ocrx_word' id='word_1_794' title='bbox 2518 4012 2548 4051; x_wconf 86' lang='lat' dir='ltr'><strong>a</strong></span> <span class='ocrx_word' id='word_1_795' title='bbox 2587 4008 2829 4066; x_wconf 90' lang='lat' dir='ltr'><strong>peccato,</strong></span> <span class='ocrx_word' id='word_1_796' title='bbox 2859 3997 3217 4069; x_wconf 84' lang='lat' dir='ltr'><strong>immunisque</strong></span> <span class='ocrx_word' id='word_1_797' title='bbox 3259 4016 3380 4057; x_wconf 89' lang='lat' dir='ltr'><strong>esse</strong></span> <span class='ocrx_word' id='word_1_798' title='bbox 3417 4017 3446 4055; x_wconf 88' lang='lat' dir='ltr'><strong>a</strong></span> <span class='ocrx_word' id='word_1_799' title='bbox 3477 4016 3614 4055; x_wconf 78' lang='lat' dir='ltr'><strong>noxa</strong></span> <span class='ocrx_word' id='word_1_800' title='bbox 3643 4046 3660 4069; x_wconf 90' lang='lat'><strong>,</strong></span> 
     </span>
    </p>
   </div>
   <div class='ocr_carea' id='block_1_102' title="bbox 2101 4088 3672 4161">
    <p class='ocr_par' dir='ltr' id='par_1_102' title="bbox 2101 4088 3672 4161">
     <span class='ocr_line' id='line_1_102' title="bbox 2101 4088 3672 4161; baseline 0.006 -23"><span class='ocrx_word' id='word_1_801' title='bbox 2101 4099 2223 4157; x_wconf 88' lang='lat' dir='ltr'><strong>post</strong></span> <span class='ocrx_word' id='word_1_802' title='bbox 2255 4088 2520 4157; x_wconf 85' lang='lat' dir='ltr'><strong>baptisma</strong></span> <span class='ocrx_word' id='word_1_803' title='bbox 2544 4088 2840 4143; x_wconf 87' lang='lat' dir='ltr'><strong>remedium</strong></span> <span class='ocrx_word' id='word_1_804' title='bbox 2872 4097 3021 4144; x_wconf 89' lang='lat' dir='ltr'><strong>tuum</strong></span> <span class='ocrx_word' id='word_1_805' title='bbox 3050 4094 3102 4143; x_wconf 93' lang='lat' dir='ltr'><strong>in</strong></span> <span class='ocrx_word' id='word_1_806' title='bbox 3128 4099 3181 4145; x_wconf 90' lang='lat' dir='ltr'><strong>te</strong></span> <span class='ocrx_word' id='word_1_807' title='bbox 3208 4094 3322 4161; x_wconf 80' lang='lat' dir='ltr'><strong>ipso</strong></span> <span class='ocrx_word' id='word_1_808' title='bbox 3347 4101 3548 4159; x_wconf 79' lang='lat' dir='ltr'><strong>statuit,</strong></span> <span class='ocrx_word' id='word_1_809' title='bbox 3585 4107 3672 4148; x_wconf 80' lang='lat' dir='ltr'><strong>re-</strong></span> 
     </span>
    </p>
   </div>
   <div class='ocr_carea' id='block_1_103' title="bbox 2102 4180 3671 4253">
    <p class='ocr_par' dir='ltr' id='par_1_103' title="bbox 2102 4180 3671 4253">
     <span class='ocr_line' id='line_1_103' title="bbox 2102 4180 3671 4253; baseline 0.003 -19"><span class='ocrx_word' id='word_1_810' title='bbox 2102 4180 2414 4235; x_wconf 83' lang='lat' dir='ltr'><strong>missionem</strong></span> <span class='ocrx_word' id='word_1_811' title='bbox 2450 4181 2500 4233; x_wconf 92' lang='lat' dir='ltr'><strong>in</strong></span> <span class='ocrx_word' id='word_1_812' title='bbox 2530 4181 2751 4235; x_wconf 87' lang='lat' dir='ltr'><strong>arbitrio</strong></span> <span class='ocrx_word' id='word_1_813' title='bbox 2774 4189 2865 4234; x_wconf 93' lang='lat' dir='ltr'><strong>tuo</strong></span> <span class='ocrx_word' id='word_1_814' title='bbox 2896 4182 3094 4249; x_wconf 89' lang='lat' dir='ltr'><strong>posuit,</strong></span> <span class='ocrx_word' id='word_1_815' title='bbox 3133 4193 3191 4237; x_wconf 88' lang='lat' dir='ltr'><strong>ut</strong></span> <span class='ocrx_word' id='word_1_816' title='bbox 3219 4197 3322 4237; x_wconf 91' lang='lat' dir='ltr'><strong>non</strong></span> <span class='ocrx_word' id='word_1_817' title='bbox 3353 4199 3559 4253; x_wconf 67' lang='lat' dir='ltr'><strong>quaeras</strong></span> <span class='ocrx_word' id='word_1_818' title='bbox 3584 4200 3671 4238; x_wconf 56' lang='lat' dir='ltr'><strong>sa.</strong></span> 
     </span>
    </p>
   </div>
   <div class='ocr_carea' id='block_1_104' title="bbox 2100 4274 3667 4347">
    <p class='ocr_par' dir='ltr' id='par_1_104' title="bbox 2100 4274 3667 4347">
     <span class='ocr_line' id='line_1_104' title="bbox 2100 4274 3667 4347; baseline 0.004 -20"><span class='ocrx_word' id='word_1_819' title='bbox 2100 4274 2371 4328; x_wconf 88' lang='lat' dir='ltr'><strong>cerdotetn</strong></span> <span class='ocrx_word' id='word_1_820' title='bbox 2397 4290 2518 4330; x_wconf 88' lang='lat' dir='ltr'><strong>cum</strong></span> <span class='ocrx_word' id='word_1_821' title='bbox 2566 4275 2857 4329; x_wconf 90' lang='lat' dir='ltr'><strong>necessitas</strong></span> <span class='ocrx_word' id='word_1_822' title='bbox 2876 4276 3232 4345; x_wconf 73' lang='lat' dir='ltr'><strong>“agitaverit;</strong></span> <span class='ocrx_word' id='word_1_823' title='bbox 3276 4278 3369 4332; x_wconf 86' lang='lat' dir='ltr'><strong>sed</strong></span> <span class='ocrx_word' id='word_1_824' title='bbox 3405 4278 3667 4347; x_wconf 72' lang='lat' dir='ltr'><strong>ipseiam,</strong></span> 
     </span>
    </p>
   </div>
   <div class='ocr_carea' id='block_1_105' title="bbox 2100 4365 3670 4437">
    <p class='ocr_par' dir='ltr' id='par_1_105' title="bbox 2100 4365 3670 4437">
     <span class='ocr_line' id='line_1_105' title="bbox 2100 4365 3670 4437; baseline 0.004 -19"><span class='ocrx_word' id='word_1_825' title='bbox 2100 4380 2162 4418; x_wconf 89' lang='lat' dir='ltr'><strong>ac</strong></span> <span class='ocrx_word' id='word_1_826' title='bbox 2196 4365 2241 4420; x_wconf 86' lang='lat' dir='ltr'><strong>si</strong></span> <span class='ocrx_word' id='word_1_827' title='bbox 2268 4367 2434 4420; x_wconf 86' lang='lat' dir='ltr'><strong>scitus</strong></span> <span class='ocrx_word' id='word_1_828' title='bbox 2467 4368 2890 4437; x_wconf 86' lang='lat' dir='ltr'><strong>perspicuusque</strong></span> <span class='ocrx_word' id='word_1_829' title='bbox 2929 4368 3207 4437; x_wconf 75' lang='lat' dir='ltr'><strong>magister,</strong></span> <span class='ocrx_word' id='word_1_830' title='bbox 3255 4384 3493 4423; x_wconf 90' lang='lat' dir='ltr'><strong>errorem</strong></span> <span class='ocrx_word' id='word_1_831' title='bbox 3524 4376 3670 4424; x_wconf 89' lang='lat' dir='ltr'><strong>tuum</strong></span> 
     </span>
    </p>
   </div>
   <div class='ocr_carea' id='block_1_106' title="bbox 2024 4457 3673 4530">
    <p class='ocr_par' dir='ltr' id='par_1_106' title="bbox 2024 4457 3673 4530">
     <span class='ocr_line' id='line_1_106' title="bbox 2024 4457 3673 4530; baseline 0.004 -20"><span class='ocrx_word' id='word_1_832' title='bbox 2024 4457 2236 4529; x_wconf 77' lang='lat' dir='ltr'><strong>Dintra</strong></span> <span class='ocrx_word' id='word_1_833' title='bbox 2293 4468 2343 4510; x_wconf 91' lang='lat' dir='ltr'><strong>te</strong></span> <span class='ocrx_word' id='word_1_834' title='bbox 2392 4458 2671 4522; x_wconf 85' lang='lat' dir='ltr'><strong>emendes,</strong></span> <span class='ocrx_word' id='word_1_835' title='bbox 2713 4471 2768 4513; x_wconf 93' lang='lat' dir='ltr'><strong>ct</strong></span> <span class='ocrx_word' id='word_1_836' title='bbox 2811 4469 3086 4527; x_wconf 82' lang='lat' dir='ltr'><strong>peccatum</strong></span> <span class='ocrx_word' id='word_1_837' title='bbox 3144 4470 3290 4514; x_wconf 88' lang='lat' dir='ltr'><strong>tuum</strong></span> <span class='ocrx_word' id='word_1_838' title='bbox 3344 4461 3673 4530; x_wconf 72' lang='lat' dir='ltr'><strong>paenitudine</strong></span> 
     </span>
    </p>
   </div>
   <div class='ocr_carea' id='block_1_107' title="bbox 2105 4550 3671 4621">
    <p class='ocr_par' dir='ltr' id='par_1_107' title="bbox 2105 4550 3671 4621">
     <span class='ocr_line' id='line_1_107' title="bbox 2105 4550 3671 4621; baseline 0.004 -18"><span class='ocrx_word' id='word_1_839' title='bbox 2105 4551 2309 4604; x_wconf 86' lang='lat' dir='ltr'><strong>abluas.</strong></span> <span class='ocrx_word' id='word_1_840' title='bbox 2338 4550 2518 4621; x_wconf 84' lang='lat' dir='ltr'><strong>itaque</strong></span> <span class='ocrx_word' id='word_1_841' title='bbox 2538 4552 2746 4606; x_wconf 83' lang='lat' dir='ltr'><strong>desinat</strong></span> <span class='ocrx_word' id='word_1_842' title='bbox 2763 4552 2977 4617; x_wconf 85' lang='lat' dir='ltr'><strong>duritia,</strong></span> <span class='ocrx_word' id='word_1_843' title='bbox 3008 4562 3187 4606; x_wconf 84' lang='lat' dir='ltr'><strong>cesset</strong></span> <span class='ocrx_word' id='word_1_844' title='bbox 3211 4553 3530 4621; x_wconf 86' lang='lat' dir='ltr'><strong>desperatio,</strong></span> <span class='ocrx_word' id='word_1_845' title='bbox 3572 4554 3671 4609; x_wconf 81' lang='lat' dir='ltr'><strong>de-</strong></span> 
     </span>
    </p>
   </div>
   <div class='ocr_carea' id='block_1_108' title="bbox 2105 4645 3662 4716">
    <p class='ocr_par' dir='ltr' id='par_1_108' title="bbox 2105 4645 3662 4716">
     <span class='ocr_line' id='line_1_108' title="bbox 2105 4645 3662 4716; baseline 0 -14"><span class='ocrx_word' id='word_1_846' title='bbox 2105 4649 2243 4702; x_wconf 83' lang='lat' dir='ltr'><strong>sinat</strong></span> <span class='ocrx_word' id='word_1_847' title='bbox 2273 4650 2495 4716; x_wconf 81' lang='lat' dir='ltr'><strong>ignavia,</strong></span> <span class='ocrx_word' id='word_1_848' title='bbox 2532 4645 2651 4703; x_wconf 87' lang='lat' dir='ltr'><strong>fons</strong></span> <span class='ocrx_word' id='word_1_849' title='bbox 2694 4661 2958 4715; x_wconf 86' lang='lat' dir='ltr'><strong>nunquam</strong></span> <span class='ocrx_word' id='word_1_850' title='bbox 2991 4647 3191 4710; x_wconf 87' lang='lat' dir='ltr'><strong>delleit,</strong></span> <span class='ocrx_word' id='word_1_851' title='bbox 3222 4661 3358 4716; x_wconf 89' lang='lat' dir='ltr'><strong>aqua</strong></span> <span class='ocrx_word' id='word_1_852' title='bbox 3386 4647 3531 4701; x_wconf 87' lang='lat' dir='ltr'><strong>intus</strong></span> <span class='ocrx_word' id='word_1_853' title='bbox 3555 4656 3662 4709; x_wconf 84' lang='lat' dir='ltr'><strong>est.</strong></span> 
     </span>
    </p>
   </div>
   <div class='ocr_carea' id='block_1_109' title="bbox 2106 4738 3670 4803">
    <p class='ocr_par' dir='ltr' id='par_1_109' title="bbox 2106 4738 3670 4803">
     <span class='ocr_line' id='line_1_109' title="bbox 2106 4738 3670 4803; baseline -0.003 -8"><span class='ocrx_word' id='word_1_854' title='bbox 2106 4742 2308 4795; x_wconf 81' lang='lat' dir='ltr'><strong>ablatio</strong></span> <span class='ocrx_word' id='word_1_855' title='bbox 2346 4743 2400 4795; x_wconf 89' lang='lat' dir='ltr'><strong>in</strong></span> <span class='ocrx_word' id='word_1_856' title='bbox 2429 4742 2651 4795; x_wconf 81' lang='lat' dir='ltr'><strong>arbitiio</strong></span> <span class='ocrx_word' id='word_1_857' title='bbox 2694 4756 2800 4802; x_wconf 83' lang='lat' dir='ltr'><strong>est,</strong></span> <span class='ocrx_word' id='word_1_858' title='bbox 2830 4739 3183 4794; x_wconf 75' lang='lat' dir='ltr'><strong>sanctiﬁcatio</strong></span> <span class='ocrx_word' id='word_1_859' title='bbox 3232 4740 3285 4793; x_wconf 90' lang='grc'><strong>111</strong></span> <span class='ocrx_word' id='word_1_860' title='bbox 3320 4738 3537 4793; x_wconf 85' lang='lat' dir='ltr'><strong>solertia</strong></span> <span class='ocrx_word' id='word_1_861' title='bbox 3566 4748 3670 4803; x_wconf 88' lang='lat' dir='ltr'><strong>est,</strong></span> 
     </span>
    </p>
   </div>
   <div class='ocr_carea' id='block_1_110' title="bbox 2107 4824 3767 4905">
    <p class='ocr_par' dir='ltr' id='par_1_110' title="bbox 2107 4824 3767 4905">
     <span class='ocr_line' id='line_1_110' title="bbox 2107 4824 3767 4905; baseline -0.001 -16"><span class='ocrx_word' id='word_1_862' title='bbox 2107 4839 2353 4892; x_wconf 84' lang='lat' dir='ltr'><strong>remissio</strong></span> <span class='ocrx_word' id='word_1_863' title='bbox 2385 4837 2437 4889; x_wconf 90' lang='lat' dir='ltr'><strong>in</strong></span> <span class='ocrx_word' id='word_1_864' title='bbox 2470 4851 2592 4891; x_wconf 88' lang='lat' dir='ltr'><strong>rore</strong></span> <span class='ocrx_word' id='word_1_865' title='bbox 2636 4834 3011 4905; x_wconf 81' lang='lat' dir='ltr'><strong>lacrymarum.</strong></span> <span class='ocrx_word' id='word_1_866' title='bbox 3042 4834 3216 4886; x_wconf 82' lang='lat' dir='ltr'><strong>Nolite</strong></span> <span class='ocrx_word' id='word_1_867' title='bbox 3256 4832 3466 4887; x_wconf 90' lang='lat' dir='ltr'><strong>solvere</strong></span> <span class='ocrx_word' id='word_1_868' title='bbox 3495 4832 3548 4886; x_wconf 91' lang='grc'><strong>111</strong></span> <span class='ocrx_word' id='word_1_869' title='bbox 3589 4848 3672 4887; x_wconf 79' lang='lat' dir='ltr'><strong>se-</strong></span> <span class='ocrx_word' id='word_1_870' title='bbox 3762 4824 3767 4825; x_wconf 13' lang='grc' dir='ltr'><em>γ</em></span> 
     </span>
    </p>
   </div>
   <div class='ocr_carea' id='block_1_111' title="bbox 2107 4926 3671 4998">
    <p class='ocr_par' dir='ltr' id='par_1_111' title="bbox 2107 4926 3671 4998">
     <span class='ocr_line' id='line_1_111' title="bbox 2107 4926 3671 4998; baseline -0.001 -18"><span class='ocrx_word' id='word_1_871' title='bbox 2107 4930 2325 4998; x_wconf 77' lang='lat' dir='ltr'><strong>gnitiam</strong></span> <span class='ocrx_word' id='word_1_872' title='bbox 2354 4945 2368 4981; x_wconf 93' lang='lat'>:</span> <span class='ocrx_word' id='word_1_873' title='bbox 2400 4928 2517 4982; x_wconf 89' lang='lat' dir='ltr'><strong>fons</strong></span> <span class='ocrx_word' id='word_1_874' title='bbox 2552 4936 2635 4982; x_wconf 87' lang='lat' dir='ltr'><strong>est</strong></span> <span class='ocrx_word' id='word_1_875' title='bbox 2680 4927 2733 4981; x_wconf 91' lang='lat' dir='ltr'><strong>iu</strong></span> <span class='ocrx_word' id='word_1_876' title='bbox 2779 4926 2993 4980; x_wconf 81' lang='lat' dir='ltr'><strong>ltoniine</strong></span> <span class='ocrx_word' id='word_1_877' title='bbox 3034 4933 3379 4980; x_wconf 83' lang='lat' dir='ltr'><strong>conservatus</strong></span> <span class='ocrx_word' id='word_1_878' title='bbox 3421 4934 3671 4994; x_wconf 82' lang='lat' dir='ltr'><strong>perpetua</strong></span> 
     </span>
    </p>
   </div>
   <div class='ocr_carea' id='block_1_112' title="bbox 2107 5017 3669 5093">
    <p class='ocr_par' dir='ltr' id='par_1_112' title="bbox 2107 5017 3669 5093">
     <span class='ocr_line' id='line_1_112' title="bbox 2107 5017 3669 5093; baseline -0.003 -16"><span class='ocrx_word' id='word_1_879' title='bbox 2107 5023 2401 5093; x_wconf 67' lang='lat' dir='ltr'><strong>ptenitudo.</strong></span> <span class='ocrx_word' id='word_1_880' title='bbox 2436 5022 2508 5077; x_wconf 88' lang='lat' dir='ltr'><strong>lbi</strong></span> <span class='ocrx_word' id='word_1_881' title='bbox 2540 5030 2621 5075; x_wconf 80' lang='lat' dir='ltr'><strong>e~t</strong></span> <span class='ocrx_word' id='word_1_882' title='bbox 2642 5020 2954 5088; x_wconf 64' lang='lat' dir='ltr'><strong>paenitentia</strong></span> <span class='ocrx_word' id='word_1_883' title='bbox 2982 5021 3046 5072; x_wconf 88' lang='lat' dir='ltr'><strong>ad</strong></span> <span class='ocrx_word' id='word_1_884' title='bbox 3071 5034 3254 5072; x_wconf 87' lang='lat' dir='ltr'><strong>vocem</strong></span> <span class='ocrx_word' id='word_1_885' title='bbox 3283 5017 3554 5087; x_wconf 62' lang='lat' dir='ltr'><strong>Baptista,</strong></span> <span class='ocrx_word' id='word_1_886' title='bbox 3581 5020 3669 5088; x_wconf 88' lang='lat' dir='ltr'><strong>qui</strong></span> 
     </span>
    </p>
   </div>
   <div class='ocr_carea' id='block_1_113' title="bbox 2103 5108 3671 5176">
    <p class='ocr_par' dir='ltr' id='par_1_113' title="bbox 2103 5108 3671 5176">
     <span class='ocr_line' id='line_1_113' title="bbox 2103 5108 3671 5176; baseline -0.003 -9"><span class='ocrx_word' id='word_1_887' title='bbox 2103 5114 2183 5168; x_wconf 89' lang='lat' dir='ltr'><strong>sic</strong></span> <span class='ocrx_word' id='word_1_888' title='bbox 2211 5112 2535 5167; x_wconf 82' lang='lat' dir='ltr'><strong>vociferatur</strong></span> <span class='ocrx_word' id='word_1_889' title='bbox 2563 5114 2612 5165; x_wconf 91' lang='lat' dir='ltr'><strong>in</strong></span> <span class='ocrx_word' id='word_1_890' title='bbox 2642 5125 2845 5171; x_wconf 84' lang='lat' dir='ltr'><strong>eremo.</strong></span> <span class='ocrx_word' id='word_1_891' title='bbox 2876 5119 2930 5162; x_wconf 91' lang='lat' dir='ltr'><strong>et</strong></span> <span class='ocrx_word' id='word_1_892' title='bbox 2969 5109 3286 5176; x_wconf 79' lang='lat' dir='ltr'><strong>penetrabili</strong></span> <span class='ocrx_word' id='word_1_893' title='bbox 3314 5108 3553 5163; x_wconf 80' lang='lat' dir='ltr'><strong>clamore</strong></span> <span class='ocrx_word' id='word_1_894' title='bbox 3578 5110 3671 5163; x_wconf 78' lang='lat' dir='ltr'><strong>de-</strong></span> 
     </span>
    </p>
   </div>
   <div class='ocr_carea' id='block_1_114' title="bbox 2105 5199 3671 5268">
    <p class='ocr_par' dir='ltr' id='par_1_114' title="bbox 2105 5199 3671 5268">
     <span class='ocr_line' id='line_1_114' title="bbox 2105 5199 3671 5268; baseline -0.004 -11"><span class='ocrx_word' id='word_1_895' title='bbox 2105 5214 2278 5259; x_wconf 86' lang='lat' dir='ltr'><strong>sertas</strong></span> <span class='ocrx_word' id='word_1_896' title='bbox 2313 5204 2585 5257; x_wconf 83' lang='lat' dir='ltr'><strong>hominum</strong></span> <span class='ocrx_word' id='word_1_897' title='bbox 2612 5210 2815 5254; x_wconf 85' lang='lat' dir='ltr'><strong>mentes</strong></span> <span class='ocrx_word' id='word_1_898' title='bbox 2850 5209 3133 5268; x_wconf 83' lang='lat' dir='ltr'><strong>exaggerat</strong></span> <span class='ocrx_word' id='word_1_899' title='bbox 3156 5199 3339 5255; x_wconf 87' lang='lat' dir='ltr'><strong>dicens</strong></span> <span class='ocrx_word' id='word_1_900' title='bbox 3369 5217 3381 5251; x_wconf 93' lang='lat'>:</span> <span class='ocrx_word' id='word_1_901' title='bbox 3413 5199 3671 5253; x_wconf 77' lang='lat' dir='ltr'><strong>Paeniten-</strong></span> 
     </span>
    </p>
   </div>
   <div class='ocr_carea' id='block_1_115' title="bbox 2102 5294 3677 5366">
    <p class='ocr_par' dir='ltr' id='par_1_115' title="bbox 2102 5294 3677 5366">
     <span class='ocr_line' id='line_1_115' title="bbox 2102 5294 3677 5366; baseline -0.002 -19"><span class='ocrx_word' id='word_1_902' title='bbox 2102 5298 2226 5347; x_wconf 85' lang='lat' dir='ltr'><strong>tiam</strong></span> <span class='ocrx_word' id='word_1_903' title='bbox 2273 5308 2444 5366; x_wconf 75' lang='lat' dir='ltr'><strong>agite,</strong></span> <span class='ocrx_word' id='word_1_904' title='bbox 2496 5294 2918 5362; x_wconf 77' lang='lat' dir='ltr'><strong>appmpinquavit</strong></span> <span class='ocrx_word' id='word_1_905' title='bbox 2980 5294 3113 5345; x_wconf 80' lang='lat' dir='ltr'><strong>enim</strong></span> <span class='ocrx_word' id='word_1_906' title='bbox 3168 5308 3379 5363; x_wconf 70' lang='lat' dir='ltr'><strong>regnum</strong></span> <span class='ocrx_word' id='word_1_907' title='bbox 3431 5296 3677 5346; x_wconf 68' lang='lat' dir='ltr'><strong>calorum</strong></span> 
     </span>
    </p>
   </div>
   <div class='ocr_carea' id='block_1_116' title="bbox 2101 5385 2447 5456">
    <p class='ocr_par' dir='ltr' id='par_1_116' title="bbox 2101 5385 2447 5456">
     <span class='ocr_line' id='line_1_116' title="bbox 2101 5385 2447 5456; baseline 0.006 -21"><span class='ocrx_word' id='word_1_908' title='bbox 2101 5385 2316 5456; x_wconf 73' lang='lat' dir='ltr'><strong>(Matth.</strong></span> <span class='ocrx_word' id='word_1_909' title='bbox 2348 5386 2447 5455; x_wconf 86' lang='grc'><strong>111).</strong></span> 
     </span>
    </p>
   </div>
   <div class='ocr_carea' id='block_1_117' title="bbox 2170 5495 3667 5567">
    <p class='ocr_par' dir='ltr' id='par_1_117' title="bbox 2170 5495 3667 5567">
     <span class='ocr_line' id='line_1_117' title="bbox 2170 5495 3667 5567; baseline -0.002 -14"><span class='ocrx_word' id='word_1_910' title='bbox 2170 5501 2335 5554; x_wconf 70' lang='lat' dir='ltr'><strong>Nemo</strong></span> <span class='ocrx_word' id='word_1_911' title='bbox 2363 5509 2534 5567; x_wconf 80' lang='lat' dir='ltr'><strong>potest</strong></span> <span class='ocrx_word' id='word_1_912' title='bbox 2563 5498 2773 5565; x_wconf 83' lang='lat' dir='ltr'><strong>superni</strong></span> <span class='ocrx_word' id='word_1_913' title='bbox 2806 5496 3015 5565; x_wconf 84' lang='lat' dir='ltr'><strong>imperii</strong></span> <span class='ocrx_word' id='word_1_914' title='bbox 3062 5495 3260 5551; x_wconf 89' lang='lat' dir='ltr'><strong>habere</strong></span> <span class='ocrx_word' id='word_1_915' title='bbox 3288 5498 3535 5566; x_wconf 87' lang='lat' dir='ltr'><strong>apicem,</strong></span> <span class='ocrx_word' id='word_1_916' title='bbox 3570 5497 3667 5551; x_wconf 86' lang='lat' dir='ltr'><strong>ba-</strong></span> 
     </span>
    </p>
   </div>
   <div class='ocr_carea' id='block_1_118' title="bbox 2101 5588 3666 5663">
    <p class='ocr_par' dir='ltr' id='par_1_118' title="bbox 2101 5588 3666 5663">
     <span class='ocr_line' id='line_1_118' title="bbox 2101 5588 3666 5663; baseline -0.001 -16"><span class='ocrx_word' id='word_1_917' title='bbox 2101 5593 2226 5647; x_wconf 85' lang='lat' dir='ltr'><strong>bere</strong></span> <span class='ocrx_word' id='word_1_918' title='bbox 2255 5595 2518 5659; x_wconf 69' lang='lat' dir='ltr'><strong>fastigium</strong></span> <span class='ocrx_word' id='word_1_919' title='bbox 2541 5632 2554 5653; x_wconf 87' lang='lat'><strong>,</strong></span> <span class='ocrx_word' id='word_1_920' title='bbox 2587 5590 2684 5643; x_wconf 87' lang='lat' dir='ltr'><strong>nisi</strong></span> <span class='ocrx_word' id='word_1_921' title='bbox 2739 5588 2894 5641; x_wconf 88' lang='lat' dir='ltr'><strong>fuer.t</strong></span> <span class='ocrx_word' id='word_1_922' title='bbox 2923 5589 3249 5658; x_wconf 69' lang='lat' dir='ltr'><strong>poenitentia:</strong></span> <span class='ocrx_word' id='word_1_923' title='bbox 3287 5590 3537 5663; x_wconf 85' lang='lat' dir='ltr'><strong>sull&#39;ragio</strong></span> <span class='ocrx_word' id='word_1_924' title='bbox 3563 5592 3666 5645; x_wconf 91' lang='lat' dir='ltr'><strong>ful-</strong></span> 
     </span>
    </p>
   </div>
   <div class='ocr_carea' id='block_1_119' title="bbox 2102 5681 3687 5767">
    <p class='ocr_par' dir='ltr' id='par_1_119' title="bbox 2102 5681 3687 5767">
     <span class='ocr_line' id='line_1_119' title="bbox 2102 5681 3687 5767; baseline 0.001 -28"><span class='ocrx_word' id='word_1_925' title='bbox 2102 5696 2204 5741; x_wconf 84' lang='lat' dir='ltr'><strong>tus.</strong></span> <span class='ocrx_word' id='word_1_926' title='bbox 2239 5689 2314 5739; x_wconf 76' lang='lat' dir='ltr'><strong>Ad</strong></span> <span class='ocrx_word' id='word_1_927' title='bbox 2344 5684 2488 5753; x_wconf 72' lang='lat' dir='ltr'><strong>regni</strong></span> <span class='ocrx_word' id='word_1_928' title='bbox 2512 5682 2726 5752; x_wconf 85' lang='lat' dir='ltr'><strong>superni</strong></span> <span class='ocrx_word' id='word_1_929' title='bbox 2758 5681 3106 5752; x_wconf 79' lang='lat' dir='ltr'><strong>penetrabilia</strong></span> <span class='ocrx_word' id='word_1_930' title='bbox 3138 5696 3241 5738; x_wconf 91' lang='lat' dir='ltr'><strong>nou</strong></span> <span class='ocrx_word' id='word_1_931' title='bbox 3274 5684 3687 5767; x_wconf 72' lang='lat' dir='ltr'><strong>pervenitquis~_</strong></span> 
     </span>
    </p>
   </div>
  </div>
