4032 6184
314 312 376 372 93
1650 312 1927 373 ΗΟΜΙΙΛΑ
1968 311 2197 371 PRIMA.
3479 313 3543 371 96

312 446 479 500 quam,
510 431 610 486 nisi
658 431 824 500 egerit
870 432 1254 501 panitentiam.
1292 432 1504 505 nepetit
1530 431 1701 489 adhuc
1732 432 1867 501 Bap-
1894 437 1939 491 Α
1971 433 2049 485 ori
2068 447 2195 495 meo,
2228 439 2274 487 et
2305 430 2488 485 ostium
2518 431 2911 491 circumstantia:
2959 432 3105 489 labiis
3130 432 3268 487 meis.
3303 432 3406 487 Nec
3436 434 3537 487 mi-

312 525 421 578 tista
452 542 467 576 :
503 523 612 594 Ego
641 524 854 593 (inquit)
883 525 1081 594 baptizo
1130 541 1215 579 vos
1255 542 1389 597 aqua
1414 526 1468 579 in
1502 525 1715 593 pwniten
1741 526 1865 590 iam,

310 615 392 668 sed
407 613 536 667 alter
563 626 635 669 est
659 624 775 683 post
794 632 871 669 me
896 618 1110 673 ueniens.
1135 617 1223 686 qui
1243 633 1325 672 vos
1346 618 1620 685 baptizabit
1664 618 1718 670 in
1745 618 1869 684 Spi-

310 710 404 758 ritu
430 718 613 760 sancto
638 717 683 759 et
712 710 835 776 igni.
870 708 985 763 Noli
1018 718 1073 761 tu
1089 709 1197 778 jam
1230 725 1471 779 quaerere
1512 726 1682 780 neque
1702 710 1868 765 Joan-

310 811 441 859 nem,
473 812 645 864 neque
669 797 954 853 Iordanem
986 815 999 852 :
1036 801 1146 869 ipse
1178 801 1269 855 tibi
1303 811 1419 855 esto
1452 801 1704 870 Baptista.
1744 801 1869 857 Pol-

308 887 441 941 lotus
469 903 529 942 es
574 898 689 957 post
752 890 1018 944 lavacrum
1046 932 1060 956 ,
1116 892 1297 946 vitiata
1347 901 1469 947 sunt
1528 892 1728 946 viscera
1757 902 1866 959 tua,

306 982 657 1035 contaminata
688 989 768 1035 est
801 982 973 1035 anima
997 982 1021 1034 τ
1046 984 1186 1053 tinge
1211 992 1260 1037 te
1284 983 1334 1037 in
1358 999 1492 1053 aqua
1515 985 1865 1052 paenitentiae,

306 1073 454 1127 ablue
477 1083 524 1126 te
544 1073 867 1128 abundantia
894 1075 1269 1144 Iacrymarum,
1304 1076 1558 1133 exuberet
1581 1076 1697 1131 lous
1718 1092 1865 1133 com-

308 1165 600 1230 pnnctionts
622 1164 673 1216 in
696 1170 829 1217 estis
853 1168 985 1218 luis:
1019 1167 1286 1220 exundent
1307 1182 1459 1236 aqua:
1482 1169 1613 1220 viva:
1636 1169 1686 1222 in
1704 1166 1849 1226 libris

308 1254 425 1306 tuis.
477 1255 604 1307 l’ara
638 1264 690 1310 te
727 1255 958 1309 venienti
993 1256 1238 1321 Domino.
1283 1267 1336 1313 et
1364 1260 1475 1327 ipse
1505 1269 1556 1313 te
1588 1260 1869 1329 baptizabit

306 1345 352 1398 in
380 1345 587 1414 Spiritu
618 1358 802 1401 sancto
828 1359 880 1402 et
914 1349 1041 1418 igni,
1075 1350 1262 1404 habens
1294 1349 1687 1405 uentilabrumin
1714 1369 1870 1407 manu

305 1454 389 1491 sua
415 1436 611 1509 (Ibid)
644 1454 661 1493 :
693 1441 832 1510 quod
880 1451 963 1496 est
989 1442 1249 1511 inspectio
1292 1443 1374 1497 vel
1408 1444 1723 1512 ponderatio
1754 1459 1868 1509 pte-

305 1529 555 1584 nitudinis
610 1546 671 1586 ac
720 1532 948 1600 peccati.
984 1532 1101 1603 ipse
1129 1534 1402 1601 perpendit
1436 1535 1485 1587 in
1516 1544 1565 1588 te
1593 1547 1870 1605 utrumque

306 1622 525 1690 pondus,
554 1623 892 1693 ipseinspicit
915 1626 964 1679 in
985 1636 1035 1681 te
1053 1626 1244 1679 molem
1267 1626 1554 1681 etmoletn:
1582 1642 1738 1679 unam
1766 1643 1879 1696 pte-

306 1712 559 1781 nitentiae,
586 1724 639 1767 et
663 1730 819 1769 unam
846 1716 1178 1793 pestilentiae.
1213 1717 1277 1770 Et
1306 1718 1629 1784 ptenitentiae
1658 1719 1867 1786 quidem

1973 536 2070 574 nus
2124 520 2391 577 interserit
2440 521 2611 575 alter:
2644 523 2754 590 quis
2789 522 2926 575 dabit
2953 525 3247 594 cogitationi
3276 542 3394 578 mea:
3442 526 3539 593 {3a-

1971 614 2177 681 gellum,
2210 624 2297 665 aut
2324 613 2434 675 quis
2461 612 2682 675 imponet
2706 630 2857 680 super
2886 614 3018 667 labia
3045 632 3153 667 mea
3195 617 3539 686 signaculum?

1972 711 2118 756 certe
2151 715 2199 754 ιιι
2234 712 2356 755 tttnc
2392 702 2576 769 loquar
2603 704 2812 773 quando
2860 721 2960 756 non
3006 716 3087 759 est
3133 709 3410 759 tacendum
3439 751 3453 773 ,
3488 716 3544 762 et

1972 793 2111 863 quod
2143 794 2455 862 prmnpserlt
2476 794 2647 858 lingua
2678 808 2779 847 non
2806 796 3061 857 mordeat,
3092 796 3181 849 scd
3212 799 3400 853 nutriat
3430 799 3544 849 ani-

1973 897 2133 943 matn;
2157 883 2366 935 sonabit
2394 899 2491 935 vox
2523 883 2742 936 adversa
2776 884 2823 935 in
2857 885 3092 948 auribus,
3128 897 3179 939 et
3212 887 3369 938 homo
3399 887 3539 939 inte-

1973 974 2083 1028 rior
2110 975 2410 1029 stimulatur
2440 976 2489 1029 in
2516 975 2611 1038 ira,
2639 976 2935 1030 concitatur
2958 978 3007 1031 in
3038 978 3203 1031 czede.
3236 978 3394 1032 Vides
3420 996 3466 1045 qi
3492 980 3538 1031 ia

1972 1075 2027 1119 et
2058 1067 2106 1117 in
2138 1065 2352 1119 auribus
2377 1067 2593 1134 laqueus
2625 1069 2931 1131 permanet?
2954 1078 3009 1121 et
3036 1070 3156 1123 inde
3187 1070 3271 1122 illa
3300 1070 3543 1138 Scriptu-

1972 1169 2045 1207 ra?
2075 1156 2415 1209 commonitio
2442 1167 2612 1209 si-nat:
2646 1157 2771 1224 Sepi
2798 1175 2948 1211 aures
2973 1168 3087 1212 tuas
3114 1162 3295 1229 spinis;
3325 1162 3429 1214 noli
3453 1178 3541 1213 au-

1973 1245 2081 1298 dire
2096 1247 2321 1317 linguam
2345 1263 2559 1315 nequam
2581 1248 2597 1309 (
2609 1242 2766 1303 Eccli.
2785 1248 2991 1312 xxvm).
3011 1249 3249 1317 Laqueus
3269 1254 3410 1305 estin
3429 1269 3541 1306 ma-

1974 1335 2231 1389 nibnszut
2252 1337 2448 1391 dictum
2476 1347 2556 1391 est
2577 1354 2589 1389 :
2613 1342 2945 1405 tniquitmem
2975 1355 3161 1391 mulus
3190 1353 3377 1394 vestra:
3405 1357 3538 1397 con-

1972 1426 2207 1481 cinnant.
2243 1427 2308 1480 Et
2356 1428 2591 1481 iterum:
2633 1428 2823 1496 thuid
2882 1430 3006 1483 mihi
3034 1432 3312 1502 jejunastis
3333 1434 3540 1501 quando

1972 1518 2199 1571 subditos
2227 1518 2364 1571 vobis
2383 1521 2741 1590 coutpungttis,
2764 1529 2812 1572 et
2861 1523 3119 1586 percutitis
3156 1524 3337 1593 pugnis
3367 1524 3539 1577 humi-

1972 1608 2071 1662 lem
2097 1608 2454 1680 (Isai.t.\tltl)?
2481 1611 2612 1677 Quid
2634 1611 2884 1665 dicatnde
2904 1614 3059 1665 iluxio
3084 1616 3275 1680 pedum
3305 1615 3541 1681 incessu,

1973 1714 2240 1771 cnr~uqtte
2287 1717 2476 1754 cruore
2505 1703 2718 1765 infecto,
2752 1712 2806 1756 nt
2834 1712 2915 1757 est
2951 1706 3078 1758 illud
3106 1724 3118 1758 :
3156 1706 3369 1761 Veloces
3392 1710 3544 1779 pedes

305 1806 532 1873 "nam,
559 1822 624 1862 ac
650 1807 694 1863 si
728 1809 984 1873 "meum.
1009 1810 1245 1879 congerit
1276 1810 1327 1865 in
1370 1821 1513 1865 mum
1539 1810 1828 1879 prof-puum
1851 1828 1865 1873 ;
1902 1805 1946 1863 Β
1971 1807 2142 1844 eorum
2164 1794 2229 1845 ad
2242 1793 2604 1860 eﬂuudendum
2617 1798 2912 1868 sanguinem
2933 1796 3099 1867 (l’sal.
3125 1815 3239 1862 χιιι,
3261 1800 3410 1856 Rom.
3438 1802 3542 1868 ιιι).

306 1905 515 1963 peccata
542 1912 670 1951 vero
701 1908 785 1953 tua
810 1938 830 1965 ,
860 1899 1006 1969 quasi
1036 1900 1350 1966 pestilentia:
1381 1900 1579 1969 paleas,
1610 1902 1872 1955 cmnburit

306 1988 399 2056 igni
420 1988 837 2059 inesst‘nguibili
865 1988 1261 2058 (Luc.m).il:ec
1293 1996 1590 2060 estprivata
1605 1992 1869 2057 remissio,

306 2080 490 2137 intimo
539 2081 699 2136 corde
753 2092 1058 2150 provocato,
1114 2092 1168 2139 et
1221 2084 1549 2152 paenitudine
1590 2084 1867 2154 acquisita.

306 2180 463 2243 Multa
505 2191 629 2235 sunt
684 2183 993 2252 repetenda,
1051 2183 1276 2252 plurima
1328 2185 1652 2253 replicanda.
1695 2184 1875 2241 Genus

306 2270 580 2329 hominum
612 2272 798 2341 fragile
830 2282 929 2338 est,
962 2284 1015 2327 et
1043 2274 1245 2329 lubrico
1274 2289 1486 2345 semper
1511 2290 1699 2346 gressu
1732 2279 1875 2332 ince-

306 2362 395 2416 dit.
446 2361 649 2417 Natura
697 2364 994 2432 corporalis
1013 2363 1239 2419 obnoxia
1271 2376 1351 2421 est
1380 2366 1539 2421 rebus
1555 2369 1785 2422 contrari
1810 2384 1870 2421 s:

305 2455 646 2520 passionibtts
694 2457 891 2510 etenim
923 2456 1157 2511 diversis
1208 2472 1270 2510 at:
1294 2456 1436 2512 vitiis
1464 2458 1704 2529 sulijacet
1733 2477 1746 2513 :
1777 2474 1875 2514 nec

307 2553 511 2599 tantum
536 2545 602 2600 de
628 2547 841 2617 propria
866 2548 1374 2618 puritate,quan'um
1393 2548 1460 2604 de
1478 2549 1653 2603 divina
1680 2550 1876 2618 pietate

303 2633 571 2699 dirigitur.
603 2635 686 2700 Et,
716 2639 756 2687 si
786 2638 942 2693 hodie
974 2639 1092 2707 quis
1120 2638 1352 2693 eonlldat
1375 2640 1439 2693 de
1456 2651 1666 2704 IDOI'IIO,
1696 2642 1760 2696 de
1790 2657 1878 2697 ro-

306 2726 431 2781 bore
470 2727 660 2793 animi,
691 2729 757 2783 de
788 2730 964 2800 vigpre
994 2735 1254 2785 viscerum
1285 2771 1299 2797 ,
1323 2733 1555 2787 crastino
1595 2732 1793 2789 fallitur
1814 2750 1878 2790 ac

306 2817 589 2887 decipitur.
615 2820 699 2873 Sic
722 2822 860 2873 enim
889 2830 1211 2890 protestatur
1231 2824 1522 2891 Apostolus
1564 2825 1746 2881 dicens
1773 2844 1785 2879 :
1831 2837 1877 2881 et

304 2910 381 2975 qui
407 2926 465 2964 se
491 2920 639 2977 putat
662 2919 814 2978 stare,
843 2916 1006 2966 videat
1034 2930 1096 2967 ne
1124 2915 1273 2968 cadat
1300 2917 1317 2986 (
1342 2912 1372 2967 Ι
1410 2915 1528 2970 Cor.
1566 2920 1651 2986 ι).
1684 2917 1878 2973 Carcer

305 3013 383 3056 est
411 3018 549 3055 vero
592 3004 681 3071 qui
712 3005 902 3058 anima:
935 3005 1296 3061 fortitudinem
1332 3008 1539 3074 premit
1568 3018 1619 3061 et
1658 3009 1878 3065 clarita-

305 3104 403 3147 tem
438 3094 795 3148 contaminat.
850 3094 1093 3162 Laqueus
1122 3096 1460 3165 estsemper
1486 3097 1768 3153 imminens
1793 3101 1878 3167 ju-

301 3187 550 3255 giterque
570 3186 858 3251 insidians;
912 3189 1130 3257 laqueus
1166 3198 1249 3243 est
1304 3189 1557 3256 pesnlero
1588 3191 1733 3263 lapsu
1756 3196 1877 3261 pro-
1904 3172 1949 3230 (ἶ

303 3285 491 3331 tensus
520 3279 571 3332 in
605 3278 706 3333 via.
737 3278 798 3333 Et
824 3278 946 3332 inde
974 3289 1057 3333 est
1086 3279 1224 3347 quod
1257 3280 1446 3334 clamat
1489 3286 1741 3351 ptnpneta
1768 3300 1780 3335 :
1816 3282 1879 3337 In

304 3371 379 3421 uie
415 3370 522 3423 hac
548 3387 650 3439 qua
678 3370 1033 3432 ambulabant,
1068 3373 1446 3426 occultaverunt
1485 3371 1715 3440 laqueum
1754 3374 1880 3429 m’hi

301 3460 477 3523 (Psal.
562 3463 729 3532 chI).
784 3462 851 3514 Et
896 3462 1087 3517 iterum
1119 3482 1131 3516 :
1177 3463 1339 3518 Juxta
1364 3465 1632 3529 semitam,
1663 3466 1881 3519 srandu-

301 3554 404 3606 lum
434 3563 719 3622 posuerunt
744 3553 868 3607 mitti
917 3552 1091 3623 (Psal.
1138 3553 1379 3626 (ξυιυς).
1428 3555 1731 3622 Implicatur
1770 3557 1878 3622 plc-

301 3658 532 3713 rumque
561 3645 737 3699 anima
768 3646 818 3697 in
858 3644 959 3698 hoc
987 3659 1249 3712 corporeo
1289 3648 1507 3714 laqueo,
1540 3658 1591 3702 et
1637 3648 1680 3701 si
1710 3649 1833 3702 velit
1859 3689 1874 3711 ,

298 3744 350 3788 et
386 3736 433 3789 si
463 3735 628 3799 nolit,
660 3751 757 3790 nee
799 3736 1052 3801 liberatur
1080 3746 1291 3804 sponte.
1334 3734 1649 3806 priusquam
1700 3740 1879 3794 divino

295 3827 561 3897 sull’ragin
589 3844 681 3893 per
697 3830 1076 3898 ptenitudinnm
1106 3833 1409 3897 supplicans
1432 3872 1449 3895 ,
1479 3842 1537 3883 ut
1577 3833 1647 3885 ait
1688 3832 1876 3889 iterum

296 3920 565 3988 propheta
592 3936 603 3970 :
630 3917 935 3973 Benedictus
969 3918 1212 3973 Dominus
1236 3960 1250 3983 ,
1277 3922 1364 3990 qui
1412 3937 1510 3973 non
1540 3921 1676 3975 dedit
1706 3938 1797 3976 nos
1824 3924 1877 3977 in

293 4015 543 4078 captione
567 4012 797 4065 dentibus
838 4026 1052 4065 eorum:
1081 4013 1262 4064 Anima
1310 4022 1482 4065 nostra
1527 4014 1654 4067 sicut
1704 4030 1879 4084 passer

293 4118 470 4172 erepta
502 4117 579 4159 est
610 4106 670 4156 de
699 4105 876 4173 laqueo
897 4110 1184 4161 venantium
1208 4122 1226 4159 :
1277 4106 1482 4173 laqueus
1512 4110 1752 4161 contritus
1780 4117 1872 4178 est,

292 4198 583 4259 adiuvante
607 4194 844 4258 Domino.
862 4205 907 4248 et
937 4212 1026 4249 nos
1050 4195 1438 4251 liberatlsumus
1466 4196 1635 4263 (Psal.
1664 4203 1875 4262 cum).

296 4290 346 4340 ln
374 4290 578 4357 laqueo
609 4288 839 4341 haerebat
870 4288 1043 4340 anima
1079 4303 1094 4342 :
1147 4298 1325 4356 erepta
1360 4303 1439 4343 est
1478 4304 1579 4342 non
1611 4290 1723 4342 suis
1755 4290 1878 4341 viri-

291 4375 412 4443 bus,
448 4377 551 4431 sed
582 4377 759 4432 divino
804 4379 1067 4444 praesidio.
1122 4378 1185 4431 Et
1225 4380 1341 4449 quis
1372 4391 1453 4435 est
1495 4381 1593 4433 iSte
1642 4381 1877 4449 laqueus,

292 4469 392 4523 nisi
417 4482 558 4523 caro
579 4470 939 4538 qumanimatn
979 4469 1029 4523 in
1059 4472 1329 4537 proposito
1377 4486 1474 4524 suo
1502 4471 1634 4524 bene
1655 4488 1876 4527 curren-

1978 1883 2082 1938 Has
2109 1902 2336 1955 namque
2359 1888 2576 1941 insidias
2599 1892 2920 1956 corporales,
2939 1890 3033 1944 hos
3059 1892 3277 1962 laqueos
3308 1896 3546 1965 singulo-

1975 1992 2091 2030 rum
2138 1979 2497 2033 membrorum
2542 1981 2608 2034 de
2663 1996 2887 2051 corpore
2934 1985 3220 2052 eruendus,
3266 1988 3549 2044 sententiis

1973 2070 2082 2121 Suis
2109 2069 2346 2123 decernit
2372 2070 2613 2125 Salvator
2641 2090 2652 2124 :
2690 2072 2751 2127 Si
2776 2075 2951 2126 oculus
2975 2086 3092 2130 tuus
3121 2077 3317 2143 dra‘ter,
3364 2080 3409 2133 si
3436 2097 3546 2132 mtt-

1973 2176 2069 2213 nus
2094 2168 2181 2213 tua
2207 2160 2283 2214 vel
2310 2177 2395 2230 pes
2419 2163 2735 2215 scandalizat
2791 2174 2837 2217 te
2862 2164 3037 2230 (Matt.
3066 2181 3097 2217 v
3130 2178 3144 2231 ;
3200 2165 3367 2221 Marc.
3422 2172 3497 2231 Ix)
3530 2187 3542 2225 :

1974 2252 2026 2307 id
2048 2263 2128 2306 est
2170 2236 2398 2307 animam
2432 2265 2572 2309 tuam
2602 2256 2779 2310 divina
2827 2257 3220 2312 desiderau'em
3249 2303 3263 2326 ,
3310 2260 3546 2317 caelestia

1978 2349 2324 2419 cogitantem,
2357 2348 2667 2418 depravant.
2701 2349 2759 2405 Si
2793 2349 2995 2418 laqueis
3026 2351 3137 2405 suis
3168 2360 3219 2405 te
3250 2353 3544 2419 implicant,

1975 2451 2066 2495 aut
2092 2441 2274 2496 fraude
2304 2455 2395 2496 sua
2425 2441 2665 2495 nituntur
2692 2443 2838 2496 visus
2863 2457 3053 2497 eruere
3084 2462 3095 2497 :
3146 2444 3395 2500 abscinde
3441 2462 3546 2499 non

1975 2544 2190 2588 manum
2244 2544 2333 2586 aut
2383 2533 2569 2602 pedem
2607 2578 2621 2599 ,
2667 2534 2757 2589 sed
2789 2535 3140 2603 pestilentiam
3172 2535 3261 2590 tibi
3292 2551 3386 2605 per
3429 2535 3542 2590 ba~c

1975 2625 2212 2680 membra
2236 2626 2583 2694 morbumque
2601 2626 2816 2683 illatam.
2849 2627 3206 2694 Quamobrem
3224 2627 3419 2680 dictum
3443 2639 3543 2681 est:

1977 2718 2038 2773 Si
2064 2719 2241 2772 oculus
2273 2728 2385 2771 tuus
2407 2719 2581 2773 dexter
2605 2729 2653 2774 te
2672 2720 3008 2786 scandalizat,
3041 2722 3086 2773 si
3123 2737 3305 2774 manus
3339 2720 3548 2774 dexteia

1976 2812 2054 2866 uel
2077 2827 2164 2882 pes
2198 2829 2213 2865 :
2243 2810 2342 2864 nisi
2360 2812 2478 2880 quia
2504 2826 2659 2864 omne
2682 2810 2822 2880 quod
2863 2811 3057 2864 bonum
3086 2821 3167 2865 est
3206 2811 3445 2866 dextrum
3477 2811 3547 2864 di-

1978 2904 2143 2966 citur,
2176 2904 2420 2958 similiter
2449 2902 2644 2956 malum
2698 2904 2994 2971 appellatur
3025 2904 3341 2959 sinistrum?
3379 2904 3444 2963 Et
3470 2914 3550 2959 est

1979 3009 2102 3063 pars
2132 2994 2341 3058 dextra,
2394 3006 2445 3048 et
2477 3004 2559 3048 est
2610 3009 2731 3063 pars
2767 2994 3003 3048 sinistra.
3037 2994 3230 3050 Dextra
3267 3010 3392 3050 suos
3422 2996 3549 3049 reti-

1980 3104 2069 3146 net
2124 3094 2374 3161 probatns
2409 3110 2422 3158 ;
2474 3092 2687 3145 sinistra
2741 3107 2868 3145 suos
2899 3104 3049 3161 teque
3082 3091 3392 3155 reprolizuos
3420 3132 3434 3146 .
3467 3091 3546 3145 Ad

1982 3184 2198 3238 dextros
2226 3183 2348 3248 quid
2380 3183 2506 3237 dicit
2536 3180 2813 3236 Christus?
2850 3182 3055 3245 Venite,
3096 3182 3342 3237 benedicti
3375 3181 3552 3235 Patris

1983 3278 2100 3343 mei,
2136 3277 2391 3342 possidere
2419 3293 2629 3329 remum
2655 3286 2890 3346 paratum
2906 3277 3040 3330 robis
3069 3278 3129 3329 ab
3159 3278 3350 3348 origine
3372 3276 3550 3330 mundi

1982 3366 2159 3437 (Matt.
2190 3380 2294 3421 xxv
2390 3368 2523 3434 Quid
2555 3368 2618 3420 ad
2648 3367 2927 3422 sinistros?
2974 3367 3226 3422 Discedite
3252 3386 3281 3421 a
3313 3386 3409 3433 me,
3442 3386 3551 3424 ma-

1982 3454 2173 3516 ledicti,
2197 3456 2250 3509 in
2284 3458 2454 3524 ignem
2486 3467 2750 3513 wiernum.
2780 3457 2935 3512 Vides
2966 3474 3066 3525 qua
3093 3468 3154 3510 :la
3189 3459 3444 3515 distensio
3468 3468 3552 3514 est

1982 3550 2034 3602 in
2064 3550 2278 3602 sinistro
2311 3562 2359 3603 et
2385 3551 2570 3603 dextri
2597 3549 2618 3586 ν
2653 3550 2775 3617 quid
2804 3551 3036 3619 igitur'si
3064 3551 3251 3605 oculos
3275 3562 3395 3603 tuus
3422 3553 3549 3607 dex-

1982 3650 2060 3694 ter
2090 3641 2436 3695 scandalizat?
2462 3641 2611 3695 disce
2635 3642 2759 3710 qnid
2787 3652 2866 3696 est
2898 3642 3036 3711 quod
3067 3644 3277 3712 quando
3305 3648 3551 3697 commit-

1981 3732 2049 3785 tis
2103 3743 2397 3797 peccatum,
2449 3733 2603 3787 oculo
2654 3733 2745 3787 tibi
2799 3733 3133 3788 ministrante
3158 3776 3172 3797 ,
3200 3735 3351 3789 dulrc
3376 3736 3469 3790 tibi
3497 3745 3551 3791 et

1981 3821 2225 3874 dextrum
2256 3824 2477 3875 Vltit‘lllr.
2509 3822 2573 3875 Et
2608 3822 2849 3875 destrum
2887 3822 2985 3875 ltoc
3032 3831 3155 3878 tunc
3182 3826 3464 3892 corrigitur
3498 3827 3548 3878 iu

1981 3912 2250 3965 sinistrum
2284 3953 2295 3969 ,
2331 3913 2540 3980 quando
2572 3913 2836 3965 residente
2878 3912 3101 3967 Domino
3132 3924 3183 3967 et
3231 3913 3550 3971 di~cutiettte

1981 4010 2194 4068 peccata
2238 4002 2465 4068 emperis
2496 4002 2632 4054 inter
2678 4004 2871 4055 multos
2916 4003 3045 4055 alios
3073 4014 3128 4084 et
3154 4002 3268 4072 ipse
3314 4006 3498 4063 audite
3534 4023 3547 4059 :

1979 4093 2218 4147 (ﬁsi-edite
2243 4110 2271 4145 a
2307 4110 2401 4154 mc,
2428 4094 2703 4156 maledicti,
2744 4103 3051 4161 peccatores
3083 4097 3353 4165 injusti,iu
3384 4099 3551 4169 ignem

1979 4194 2242 4237 internum.
2281 4184 2667 4237 Scand-lizavit
2706 4197 2756 4238 te
2811 4186 3017 4245 oculos.
3065 4188 3348 4256 subripuit,
3380 4189 3548 4244 delin-

1981 4276 2118 4344 quis,
2138 4294 2148 4340 ι
2170 4291 2232 4329 er
2261 4275 2428 4328 visum
2478 4285 2527 4329 te
2575 4278 2904 4346 impl:cavit‘?
2932 4295 3051 4331 erue
3070 4295 3206 4335 cum.
3240 4281 3372 4347 Quid
3399 4279 3551 4352 jubet

1982 4369 2191 4421 eruere?
2219 4371 2451 4434 oculum,
2480 4385 2544 4422 an
2571 4383 2841 4437 peccatum
2873 4371 2895 4423 ?
2922 4373 3143 4426 Oculum
3176 4386 3547 4444 suggere-atem

1981 4457 2346 4511 commissum.
2377 4457 2623 4525 Νυηιιυιι]
2654 4460 2836 4512 oculus
2860 4462 3101 4527 peccavit
3125 4464 3246 4529 quia
3281 4464 3452 4531 vidit;
3480 4482 3547 4520 an

289 4564 398 4613 ten.
434 4570 602 4615 vexat
630 4574 857 4626 semper,
889 4561 1058 4627 carpit
1101 4562 1320 4628 jugiter.
1363 4565 1505 4628 capit
1533 4563 1875 4632 frequenter?

1983 4550 2147 4618 magis
2176 4552 2382 4602 animus
2414 4551 2635 4619 deliquit
2678 4552 2796 4617 quia
2828 4554 3165 4622 concupivit?
3193 4554 3455 4610 thterttnt
3504 4556 3550 4612 si

288 4661 371 4705 est
402 4650 557 4704 enim
591 4665 725 4704 unus
751 4651 994 4702 Silllttlllts
1017 4665 1109 4718 per
1141 4654 1375 4704 membra
1410 4653 1684 4706 insidians.
1718 4654 1868 4717 Dico,

288 4741 826 4807 quomodoinoculis
856 4752 936 4795 est
965 4742 1184 4809 laqueus
1205 4743 1396 4807 gravis.
1428 4743 1506 4798 An
1544 4758 1645 4796 noo
1671 4759 1873 4812 cogno-

290 4833 417 4887 visti
451 4833 904 4902 quemadmodum
936 4835 1110 4887 anima
1139 4834 1265 4904 (non
1317 4835 1489 4889 dicam
1510 4876 1523 4895 .
1569 4851 1747 4905 smpe,
1782 4837 1873 4892 sed

288 4930 544 4992 semper)
574 4927 866 4991 captivatnr
920 4924 972 4980 iu
1003 4925 1260 4994 aspelitu?
1291 4924 1439 4980 Unde
1486 4926 1703 4983 avaritia
1750 4927 1879 4981 insi-

288 5016 503 5079 diatur,
530 5016 670 5073 unde
716 5016 878 5070 libido
918 5016 1232 5079 incenditur,
1266 5016 1363 5069 ιιἰηί
1403 5016 1468 5070 de
1496 5018 1758 5086 corporali
1789 5036 1879 5071 as-

291 5121 459 5177 pectu
485 5108 507 5159 ἵ
538 5107 729 5163 Vidisti
757 5111 1001 5175 laqueum
1035 5109 1254 5163 fortem!
1295 5124 1394 5162 nec
1429 5109 1693 5163 immotilt)
1721 5126 1883 5180 scrip-

289 5212 407 5255 tum
442 5209 568 5254 est:
626 5199 855 5269 Nequius
892 5201 1037 5255 oculo
1067 5200 1191 5269 quid
1229 5212 1300 5253 est
1344 5203 1535 5270 factum
1591 5202 1641 5253 in
1681 5203 1882 5256 nomine

288 5289 491 5355 (Eccli.
512 5292 658 5360 aut)
682 5292 705 5344 ?
726 5292 789 5347 Et
820 5292 1043 5349 iterum:
1098 5291 1318 5346 Intrabit
1348 5308 1483 5344 mors
1520 5309 1606 5360 per
1636 5295 1881 5357 fenestras

292 5382 438 5451 (Jer.
477 5389 574 5453 ts).
604 5384 666 5438 Et
698 5384 868 5453 lingua
903 5398 986 5438 tua
1017 5385 1231 5455 laqueus
1249 5385 1653 5438 estittsanabilis
1685 5400 1698 5446 ;
1732 5400 1881 5451 spar-

286 5476 366 5543 git
393 5475 544 5529 enim
577 5490 832 5527 venenum
866 5474 1037 5528 maled
1061 5476 1271 5536 ctionis,
1303 5473 1667 5542 blasphemia),
1699 5490 1880 5529 snsur-

284 5565 545 5630 ratimtis,
573 5565 937 5630 detractionis;
967 5577 1019 5621 et
1051 5583 1153 5621 non
1195 5567 1364 5623 Solum
1395 5565 1576 5629 corda,
1598 5566 1689 5621 sed
1718 5567 1878 5622 etiam

284 5657 577 5710 exulcerat
626 5658 880 5711 animam.
936 5658 1001 5711 Et
1056 5658 1182 5711 inde
1210 5658 1455 5727 estquod
1486 5658 1736 5713 obseceat
1792 5660 1881 5715 ille

282 5754 846 5826 prrsulptenitcntia:
872 5754 1091 5811 dicens:
1133 5753 1289 5815 Pone.
1327 5753 1541 5809 Domine
1590 5756 1878 5810 custodiam

1981 4658 2075 4710 per
2101 4653 2287 4695 cuncta
2321 4652 2534 4705 peccata
2571 4644 2649 4695 vel
2684 4645 2929 4696 scandala
2960 4661 3064 4698 non
3096 4645 3257 4699 animi
3286 4648 3549 4716 cupiditas

1981 4736 2315 4803 reprimenda
2339 4746 2435 4795 est.
2458 4736 2550 4789 sed
2576 4735 2907 4792 efiodieudus
2936 4746 3018 4791 est
3038 4736 3225 4792 oenlns
3250 4740 3370 4809 quia
3396 4740 3549 4809 vidit,

1980 4830 2151 4883 nullus
2169 4828 2277 4896 jam
2310 4829 2584 4885 habiturus
2612 4838 2693 4882 est
2714 4828 2918 4882 oculos.

2052 4929 2163 4983 Non
2191 4939 2269 4983 est
2298 4929 2572 4999 quisquam
2616 4929 2696 4996 (ut
2720 4929 2971 4991 arbitror)
3011 4932 3095 4984 cui
3122 4932 3263 4987 oculi
3300 4948 3547 4988 remane-

1984 5020 2134 5084 bunt,
2162 5021 2404 5088 quianon
2435 5029 2517 5073 est
2544 5019 2682 5073 inter
2710 5021 2960 5075 mortales
2989 5024 3074 5091 qui
3122 5038 3225 5081 non
3270 5028 3552 5096 concupis-

1982 5113 2071 5177 cit,
2110 5121 2201 5164 aut
2222 5111 2626 5175 seandalizattlr,
2655 5122 2744 5164 aut
2764 5120 2967 5178 peccat.
3002 5112 3206 5180 Homo,
3252 5114 3552 5184 incolpavea

1984 5202 2057 5256 ris
2084 5205 2292 5256 oculum
2318 5202 2380 5256 ad
2411 5205 2631 5270 gratiam
2658 5203 2747 5255 tibi
2779 5220 3115 5267 concessum,
3158 5208 3314 5274 cujus
3347 5209 3515 5265 hencll
3536 5239 3550 5249 -

1982 5296 2066 5349 cio
2123 5296 2299 5350 lumen
2333 5297 2523 5349 vides?
2550 5306 2769 5355 ornatus
2798 5307 2881 5350 est
2903 5299 3112 5364 capitis,
3157 5314 3231 5367 δρα
3253 5300 3428 5355 culum
3467 5308 3552 5356 est

1985 5387 2377 5451 membrorum,
2427 5389 2690 5455 totiusque
2734 5391 2974 5458 carparis
3017 5390 3247 5447 frnestra
3304 5394 3549 5461 gratissi-

1986 5477 2105 5530 ma!
2173 5477 2288 5531 Noli
2345 5478 2482 5539 ltttnc
2538 5479 2806 5548 incnlpare
2869 5481 2987 5548 quia
3038 5482 3209 5537 Cernit
3247 5521 3264 5547 ,
3320 5484 3411 5541 scd
3468 5483 3546 5537 itt-

1984 5567 2136 5633 cnlpa
2186 5584 2304 5635 qme
2347 5568 2567 5634 cernit;
2646 5569 2737 5622 sed
2797 5569 3003 5637 inculpa
3076 5571 3166 5629 tibi
3226 5570 3368 5640 ipsi,
3431 5576 3551 5641 quia

1985 5665 2310 5731 Concupisti!
2374 5666 2533 5731 l‘lrue,
2577 5682 2682 5723 non
2736 5668 2945 5727 oculum
2994 5668 3060 5725 de
3100 5668 3298 5736 capite,
3336 5667 3428 5721 sed
3466 5684 3551 5723 er-

1987 5772 2159 5815 rorem
2186 5756 2248 5812 dc
2276 5758 2453 5825 θεονόα
2486 5761 2655 5817 evelle
2677 5802 2692 5826 ,
2746 5771 3153 5833 nonaspemnnt
3192 5768 3505 5832 corporeum
3529 5788 3550 5828 ι
