  <div class='ocr_page' id='page_1' title='image "/cluster/home/n/w/nwhite01/storage/ocr_20150623/66/hvd.32044054758701/053.png"; bbox 0 0 4032 6184; ppageno 0'>
   <div class='ocr_carea' id='block_1_1' title="bbox 434 305 3680 371">
    <p class='ocr_par' dir='ltr' id='par_1_1' title="bbox 434 305 3680 371">
     <span class='ocr_line' id='line_1_1' title="bbox 434 305 3680 371; baseline -0.003 -1"><span class='ocrx_word' id='word_1_1' title='bbox 434 314 503 370; x_wconf 67' lang='lat'><strong>85</strong></span> <span class='ocrx_word' id='word_1_2' title='bbox 1416 313 1473 371; x_wconf 89' lang='lat' dir='ltr'><strong>S.</strong></span> <span class='ocrx_word' id='word_1_3' title='bbox 1516 305 1880 369; x_wconf 71' lang='lat' dir='ltr'><strong>LAURENTII</strong></span> <span class='ocrx_word' id='word_1_4' title='bbox 1921 308 2365 369; x_wconf 72' lang='lat' dir='ltr'><strong>NOVARlENSlS</strong></span> <span class='ocrx_word' id='word_1_5' title='bbox 2407 312 2701 371; x_wconf 78' lang='lat' dir='ltr'><strong>EPISCOH</strong></span> <span class='ocrx_word' id='word_1_6' title='bbox 3613 307 3680 362; x_wconf 64' lang='lat' dir='ltr'><strong>illi</strong></span> 
     </span>
    </p>
   </div>
   <div class='ocr_carea' id='block_1_2' title="bbox 432 422 3676 494">
    <p class='ocr_par' dir='ltr' id='par_1_2' title="bbox 432 422 3676 494">
     <span class='ocr_line' id='line_1_2' title="bbox 432 422 3676 494; baseline -0 -20"><span class='ocrx_word' id='word_1_7' title='bbox 432 427 529 479; x_wconf 67' lang='grc' dir='ltr'>δσιιι</span> <span class='ocrx_word' id='word_1_8' title='bbox 566 426 815 494; x_wconf 85' lang='lat' dir='ltr'><strong>concupis</strong></span> <span class='ocrx_word' id='word_1_9' title='bbox 849 430 1004 481; x_wconf 68' lang='lat' dir='ltr'><strong>cnt’te</strong></span> <span class='ocrx_word' id='word_1_10' title='bbox 1035 427 1183 481; x_wconf 85' lang='lat' dir='ltr'><strong>crinn</strong></span> <span class='ocrx_word' id='word_1_11' title='bbox 1206 440 1237 480; x_wconf 89' lang='lat' dir='ltr'><strong>n</strong></span> <span class='ocrx_word' id='word_1_12' title='bbox 1265 443 1278 478; x_wconf 90' lang='lat'><strong>:</strong></span> <span class='ocrx_word' id='word_1_13' title='bbox 1309 441 1412 479; x_wconf 87' lang='lat' dir='ltr'><strong>non</strong></span> <span class='ocrx_word' id='word_1_14' title='bbox 1454 437 1536 479; x_wconf 76' lang='lat' dir='ltr'><strong>est</strong></span> <span class='ocrx_word' id='word_1_15' title='bbox 1566 443 1760 487; x_wconf 30' lang='lat' dir='ltr'><strong>,ussum</strong></span> <span class='ocrx_word' id='word_1_16' title='bbox 1786 427 1997 479; x_wconf 89' lang='lat' dir='ltr'><strong>oculum</strong></span> <span class='ocrx_word' id='word_1_17' title='bbox 2028 427 2077 484; x_wconf 84' lang='grc' dir='ltr'><strong>Α</strong></span> <span class='ocrx_word' id='word_1_18' title='bbox 2108 423 2219 478; x_wconf 73' lang='lat' dir='ltr'><strong>[&quot;th</strong></span> <span class='ocrx_word' id='word_1_19' title='bbox 2266 436 2421 494; x_wconf 64' lang='lat' dir='ltr'><strong>caput</strong></span> <span class='ocrx_word' id='word_1_20' title='bbox 2470 438 2615 479; x_wconf 88' lang='lat' dir='ltr'><strong>tttttm</strong></span> <span class='ocrx_word' id='word_1_21' title='bbox 2659 425 2776 480; x_wconf 86' lang='lat' dir='ltr'><strong>fons</strong></span> <span class='ocrx_word' id='word_1_22' title='bbox 2827 426 3160 481; x_wconf 77' lang='lat' dir='ltr'><strong>remissionis</strong></span> <span class='ocrx_word' id='word_1_23' title='bbox 3186 432 3240 479; x_wconf 88' lang='lat' dir='ltr'><strong>et</strong></span> <span class='ocrx_word' id='word_1_24' title='bbox 3269 422 3461 479; x_wconf 77' lang='lat' dir='ltr'><strong>ﬂuvius</strong></span> <span class='ocrx_word' id='word_1_25' title='bbox 3504 424 3676 476; x_wconf 70' lang='lat' dir='ltr'><strong>indnl-</strong></span> 
     </span>
    </p>
   </div>
   <div class='ocr_carea' id='block_1_3' title="bbox 430 518 2001 587">
    <p class='ocr_par' dir='ltr' id='par_1_3' title="bbox 430 518 2001 587">
     <span class='ocr_line' id='line_1_3' title="bbox 430 518 2001 587; baseline -0.001 -20"><span class='ocrx_word' id='word_1_26' title='bbox 430 520 632 577; x_wconf 70' lang='lat' dir='ltr'><strong>delere.</strong></span> <span class='ocrx_word' id='word_1_27' title='bbox 656 521 744 573; x_wconf 63' lang='lat' dir='ltr'><strong>sed</strong></span> <span class='ocrx_word' id='word_1_28' title='bbox 766 520 966 575; x_wconf 80' lang='lat' dir='ltr'><strong>erinten</strong></span> <span class='ocrx_word' id='word_1_29' title='bbox 998 520 1249 574; x_wconf 72' lang='lat' dir='ltr'><strong>evel&#39;ere.</strong></span> <span class='ocrx_word' id='word_1_30' title='bbox 1269 518 1769 573; x_wconf 83' lang='lat' dir='ltr'><strong>Dexterl&#39;uitocnlus</strong></span> <span class='ocrx_word' id='word_1_31' title='bbox 1790 518 2001 587; x_wconf 83' lang='lat' dir='ltr'><strong>quando</strong></span> 
     </span>
    </p>
   </div>
   <div class='ocr_carea' id='block_1_4' title="bbox 432 612 2001 683">
    <p class='ocr_par' dir='ltr' id='par_1_4' title="bbox 432 612 2001 683">
     <span class='ocr_line' id='line_1_4' title="bbox 432 612 2001 683; baseline 0.001 -20"><span class='ocrx_word' id='word_1_32' title='bbox 432 612 524 663; x_wconf 87' lang='lat' dir='ltr'><strong>tibi</strong></span> <span class='ocrx_word' id='word_1_33' title='bbox 552 613 771 666; x_wconf 84' lang='lat' dir='ltr'><strong>obduxit</strong></span> <span class='ocrx_word' id='word_1_34' title='bbox 800 613 1141 667; x_wconf 83' lang='lat' dir='ltr'><strong>scandalum:</strong></span> <span class='ocrx_word' id='word_1_35' title='bbox 1170 613 1269 667; x_wconf 91' lang='lat' dir='ltr'><strong>hoc</strong></span> <span class='ocrx_word' id='word_1_36' title='bbox 1292 622 1372 665; x_wconf 90' lang='lat' dir='ltr'><strong>est</strong></span> <span class='ocrx_word' id='word_1_37' title='bbox 1398 613 1536 683; x_wconf 88' lang='lat' dir='ltr'><strong>quod</strong></span> <span class='ocrx_word' id='word_1_38' title='bbox 1556 612 1683 664; x_wconf 91' lang='lat' dir='ltr'><strong>dicit</strong></span> <span class='ocrx_word' id='word_1_39' title='bbox 1710 612 1920 676; x_wconf 78' lang='lat' dir='ltr'><strong>quando</strong></span> <span class='ocrx_word' id='word_1_40' title='bbox 1950 621 2001 665; x_wconf 91' lang='lat' dir='ltr'><strong>te</strong></span> 
     </span>
    </p>
   </div>
   <div class='ocr_carea' id='block_1_5' title="bbox 437 702 2000 771">
    <p class='ocr_par' dir='ltr' id='par_1_5' title="bbox 437 702 2000 771">
     <span class='ocr_line' id='line_1_5' title="bbox 437 702 2000 771; baseline 0.003 -20"><span class='ocrx_word' id='word_1_41' title='bbox 437 702 728 770; x_wconf 72' lang='lat' dir='ltr'><strong>inquinavit</strong></span> <span class='ocrx_word' id='word_1_42' title='bbox 760 716 807 756; x_wconf 87' lang='lat' dir='ltr'><strong>et</strong></span> <span class='ocrx_word' id='word_1_43' title='bbox 844 703 1048 771; x_wconf 76' lang='lat' dir='ltr'><strong>polluit.</strong></span> <span class='ocrx_word' id='word_1_44' title='bbox 1077 703 1179 758; x_wconf 82' lang='lat' dir='ltr'><strong>Sed</strong></span> <span class='ocrx_word' id='word_1_45' title='bbox 1208 720 1335 757; x_wconf 88' lang='lat' dir='ltr'><strong>erue</strong></span> <span class='ocrx_word' id='word_1_46' title='bbox 1359 720 1479 757; x_wconf 87' lang='lat' dir='ltr'><strong>cum</strong></span> <span class='ocrx_word' id='word_1_47' title='bbox 1504 703 1768 755; x_wconf 86' lang='lat' dir='ltr'><strong>contraria</strong></span> <span class='ocrx_word' id='word_1_48' title='bbox 1793 704 2000 756; x_wconf 85' lang='lat' dir='ltr'><strong>fortitu-</strong></span> 
     </span>
    </p>
   </div>
   <div class='ocr_carea' id='block_1_6' title="bbox 428 791 1996 863">
    <p class='ocr_par' dir='ltr' id='par_1_6' title="bbox 428 791 1996 863">
     <span class='ocr_line' id='line_1_6' title="bbox 428 791 1996 863; baseline 0.003 -21"><span class='ocrx_word' id='word_1_49' title='bbox 428 791 577 843; x_wconf 63' lang='lat' dir='ltr'><strong>tl’ne.</strong></span> <span class='ocrx_word' id='word_1_50' title='bbox 604 792 720 845; x_wconf 82' lang='lat' dir='ltr'><strong>Noli</strong></span> <span class='ocrx_word' id='word_1_51' title='bbox 753 803 801 846; x_wconf 90' lang='lat' dir='ltr'><strong>te</strong></span> <span class='ocrx_word' id='word_1_52' title='bbox 831 795 1114 849; x_wconf 74' lang='lat' dir='ltr'><strong>vulnerare</strong></span> <span class='ocrx_word' id='word_1_53' title='bbox 1135 794 1371 863; x_wconf 82' lang='lat' dir='ltr'><strong>cogitare</strong></span> <span class='ocrx_word' id='word_1_54' title='bbox 1398 836 1411 857; x_wconf 96' lang='lat'><strong>,</strong></span> <span class='ocrx_word' id='word_1_55' title='bbox 1441 794 1533 847; x_wconf 88' lang='lat' dir='ltr'><strong>sed</strong></span> <span class='ocrx_word' id='word_1_56' title='bbox 1574 794 1639 846; x_wconf 89' lang='lat' dir='ltr'><strong>ad</strong></span> <span class='ocrx_word' id='word_1_57' title='bbox 1682 794 1996 846; x_wconf 86' lang='lat' dir='ltr'><strong>vincendum</strong></span> 
     </span>
    </p>
   </div>
   <div class='ocr_carea' id='block_1_7' title="bbox 433 884 1999 955">
    <p class='ocr_par' dir='ltr' id='par_1_7' title="bbox 433 884 1999 955">
     <span class='ocr_line' id='line_1_7' title="bbox 433 884 1999 955; baseline 0.003 -20"><span class='ocrx_word' id='word_1_58' title='bbox 433 891 485 935; x_wconf 83' lang='lat' dir='ltr'><strong>te</strong></span> <span class='ocrx_word' id='word_1_59' title='bbox 508 884 785 953; x_wconf 76' lang='lat' dir='ltr'><strong>prtecinge.</strong></span> <span class='ocrx_word' id='word_1_60' title='bbox 817 884 942 940; x_wconf 84' lang='lat' dir='ltr'><strong>Esto</strong></span> <span class='ocrx_word' id='word_1_61' title='bbox 989 888 1219 955; x_wconf 80' lang='lat' dir='ltr'><strong>armiger</strong></span> <span class='ocrx_word' id='word_1_62' title='bbox 1266 887 1591 954; x_wconf 72' lang='lat' dir='ltr'><strong>pmnitentim</strong></span> <span class='ocrx_word' id='word_1_63' title='bbox 1621 926 1636 949; x_wconf 88' lang='lat'><strong>,</strong></span> <span class='ocrx_word' id='word_1_64' title='bbox 1676 898 1730 942; x_wconf 89' lang='lat' dir='ltr'><strong>et</strong></span> <span class='ocrx_word' id='word_1_65' title='bbox 1759 886 1999 955; x_wconf 87' lang='lat' dir='ltr'><strong>protinus</strong></span> 
     </span>
    </p>
   </div>
   <div class='ocr_carea' id='block_1_8' title="bbox 432 977 2000 1044">
    <p class='ocr_par' dir='ltr' id='par_1_8' title="bbox 432 977 2000 1044">
     <span class='ocr_line' id='line_1_8' title="bbox 432 977 2000 1044; baseline 0.002 -18"><span class='ocrx_word' id='word_1_66' title='bbox 432 986 639 1027; x_wconf 75' lang='lat' dir='ltr'><strong>evertes</strong></span> <span class='ocrx_word' id='word_1_67' title='bbox 670 989 964 1044; x_wconf 83' lang='lat' dir='ltr'><strong>peccatum.</strong></span> <span class='ocrx_word' id='word_1_68' title='bbox 1016 977 1175 1031; x_wconf 80' lang='lat' dir='ltr'><strong>Dulce</strong></span> <span class='ocrx_word' id='word_1_69' title='bbox 1206 977 1302 1030; x_wconf 82' lang='lat' dir='ltr'><strong>fuit</strong></span> <span class='ocrx_word' id='word_1_70' title='bbox 1343 978 1530 1031; x_wconf 89' lang='lat' dir='ltr'><strong>vitium</strong></span> <span class='ocrx_word' id='word_1_71' title='bbox 1558 992 1677 1030; x_wconf 91' lang='lat' dir='ltr'><strong>cum</strong></span> <span class='ocrx_word' id='word_1_72' title='bbox 1715 978 2000 1031; x_wconf 72' lang='lat' dir='ltr'><strong>delectavit</strong></span> 
     </span>
    </p>
   </div>
   <div class='ocr_carea' id='block_1_9' title="bbox 431 1066 1998 1138">
    <p class='ocr_par' dir='ltr' id='par_1_9' title="bbox 431 1066 1998 1138">
     <span class='ocr_line' id='line_1_9' title="bbox 431 1066 1998 1138; baseline 0.004 -22"><span class='ocrx_word' id='word_1_73' title='bbox 431 1066 658 1117; x_wconf 83' lang='lat' dir='ltr'><strong>animam</strong></span> <span class='ocrx_word' id='word_1_74' title='bbox 691 1083 703 1128; x_wconf 89' lang='lat'>;</span> <span class='ocrx_word' id='word_1_75' title='bbox 735 1071 825 1119; x_wconf 88' lang='lat' dir='ltr'><strong>sed</strong></span> <span class='ocrx_word' id='word_1_76' title='bbox 861 1068 948 1120; x_wconf 82' lang='lat' dir='ltr'><strong>fiat</strong></span> <span class='ocrx_word' id='word_1_77' title='bbox 996 1070 1087 1122; x_wconf 59' lang='lat' dir='ltr'><strong>tibi</strong></span> <span class='ocrx_word' id='word_1_78' title='bbox 1138 1084 1273 1121; x_wconf 82' lang='lat' dir='ltr'><strong>nunc</strong></span> <span class='ocrx_word' id='word_1_79' title='bbox 1305 1067 1509 1122; x_wconf 87' lang='lat' dir='ltr'><strong>dulcior</strong></span> <span class='ocrx_word' id='word_1_80' title='bbox 1558 1068 1852 1135; x_wconf 73' lang='lat' dir='ltr'><strong>pmnitudo,</strong></span> <span class='ocrx_word' id='word_1_81' title='bbox 1880 1085 1998 1138; x_wconf 71' lang='lat' dir='ltr'><strong>qua:</strong></span> 
     </span>
    </p>
   </div>
   <div class='ocr_carea' id='block_1_10' title="bbox 429 1159 1994 1223">
    <p class='ocr_par' dir='ltr' id='par_1_10' title="bbox 429 1159 1994 1223">
     <span class='ocr_line' id='line_1_10' title="bbox 429 1159 1994 1223; baseline 0.003 -15"><span class='ocrx_word' id='word_1_82' title='bbox 429 1170 534 1210; x_wconf 79' lang='lat' dir='ltr'><strong>non</strong></span> <span class='ocrx_word' id='word_1_83' title='bbox 565 1159 735 1212; x_wconf 89' lang='lat' dir='ltr'><strong>solum</strong></span> <span class='ocrx_word' id='word_1_84' title='bbox 780 1160 1027 1223; x_wconf 82' lang='lat' dir='ltr'><strong>delectet,</strong></span> <span class='ocrx_word' id='word_1_85' title='bbox 1082 1177 1261 1215; x_wconf 89' lang='lat' dir='ltr'><strong>verum</strong></span> <span class='ocrx_word' id='word_1_86' title='bbox 1315 1163 1471 1215; x_wconf 90' lang='lat' dir='ltr'><strong>etiam</strong></span> <span class='ocrx_word' id='word_1_87' title='bbox 1506 1162 1701 1216; x_wconf 82' lang='lat' dir='ltr'><strong>nutriat</strong></span> <span class='ocrx_word' id='word_1_88' title='bbox 1745 1161 1994 1215; x_wconf 87' lang='lat' dir='ltr'><strong>animam.</strong></span> 
     </span>
    </p>
   </div>
   <div class='ocr_carea' id='block_1_11' title="bbox 428 1248 1998 1324">
    <p class='ocr_par' dir='ltr' id='par_1_11' title="bbox 428 1248 1998 1324">
     <span class='ocr_line' id='line_1_11' title="bbox 428 1248 1998 1324; baseline 0.003 -21"><span class='ocrx_word' id='word_1_89' title='bbox 428 1248 732 1318; x_wconf 82' lang='lat' dir='ltr'><strong>Concupisti</strong></span> <span class='ocrx_word' id='word_1_90' title='bbox 766 1254 981 1318; x_wconf 87' lang='lat' dir='ltr'><strong>malum,</strong></span> <span class='ocrx_word' id='word_1_91' title='bbox 1007 1255 1131 1308; x_wconf 91' lang='lat' dir='ltr'><strong>vicit</strong></span> <span class='ocrx_word' id='word_1_92' title='bbox 1159 1265 1208 1308; x_wconf 90' lang='lat' dir='ltr'><strong>te</strong></span> <span class='ocrx_word' id='word_1_93' title='bbox 1236 1256 1514 1323; x_wconf 84' lang='lat' dir='ltr'><strong>cupiditas,</strong></span> <span class='ocrx_word' id='word_1_94' title='bbox 1548 1259 1856 1324; x_wconf 72' lang='lat' dir='ltr'><strong>perpetrasti</strong></span> <span class='ocrx_word' id='word_1_95' title='bbox 1901 1270 1998 1309; x_wconf 87' lang='lat' dir='ltr'><strong>ne-</strong></span> 
     </span>
    </p>
   </div>
   <div class='ocr_carea' id='block_1_12' title="bbox 428 1342 1998 1414">
    <p class='ocr_par' dir='ltr' id='par_1_12' title="bbox 428 1342 1998 1414">
     <span class='ocr_line' id='line_1_12' title="bbox 428 1342 1998 1414; baseline 0.006 -22"><span class='ocrx_word' id='word_1_96' title='bbox 428 1342 536 1395; x_wconf 77' lang='lat' dir='ltr'><strong>fas!</strong></span> <span class='ocrx_word' id='word_1_97' title='bbox 568 1344 668 1396; x_wconf 87' lang='lat' dir='ltr'><strong>erit</strong></span> <span class='ocrx_word' id='word_1_98' title='bbox 704 1345 907 1399; x_wconf 85' lang='lat' dir='ltr'><strong>animus</strong></span> <span class='ocrx_word' id='word_1_99' title='bbox 940 1359 1056 1400; x_wconf 86' lang='lat' dir='ltr'><strong>tuus</strong></span> <span class='ocrx_word' id='word_1_100' title='bbox 1078 1347 1264 1400; x_wconf 64' lang='lat' dir='ltr'><strong>dexter</strong></span> <span class='ocrx_word' id='word_1_101' title='bbox 1294 1346 1506 1414; x_wconf 73' lang='lat' dir='ltr'><strong>oculus,</strong></span> <span class='ocrx_word' id='word_1_102' title='bbox 1556 1349 1603 1401; x_wconf 88' lang='lat' dir='ltr'><strong>id</strong></span> <span class='ocrx_word' id='word_1_103' title='bbox 1650 1360 1729 1401; x_wconf 81' lang='lat' dir='ltr'><strong>est</strong></span> <span class='ocrx_word' id='word_1_104' title='bbox 1774 1348 1998 1402; x_wconf 82' lang='lat' dir='ltr'><strong>dulcedo</strong></span> 
     </span>
    </p>
   </div>
   <div class='ocr_carea' id='block_1_13' title="bbox 433 1435 1999 1510">
    <p class='ocr_par' dir='ltr' id='par_1_13' title="bbox 433 1435 1999 1510">
     <span class='ocr_line' id='line_1_13' title="bbox 433 1435 1999 1510; baseline 0.008 -27"><span class='ocrx_word' id='word_1_105' title='bbox 433 1435 659 1501; x_wconf 75' lang='lat' dir='ltr'><strong>percuti.</strong></span> <span class='ocrx_word' id='word_1_106' title='bbox 697 1436 837 1489; x_wconf 80' lang='lat' dir='ltr'><strong>Erue</strong></span> <span class='ocrx_word' id='word_1_107' title='bbox 858 1440 1065 1491; x_wconf 86' lang='lat' dir='ltr'><strong>oculttttt</strong></span> <span class='ocrx_word' id='word_1_108' title='bbox 1097 1440 1276 1505; x_wconf 85' lang='lat' dir='ltr'><strong>istum,</strong></span> <span class='ocrx_word' id='word_1_109' title='bbox 1308 1442 1525 1493; x_wconf 83' lang='lat' dir='ltr'><strong>sinistro</strong></span> <span class='ocrx_word' id='word_1_110' title='bbox 1556 1452 1840 1510; x_wconf 76' lang='lat' dir='ltr'><strong>Conspectu</strong></span> <span class='ocrx_word' id='word_1_111' title='bbox 1870 1457 1999 1495; x_wconf 86' lang='lat' dir='ltr'><strong>con—</strong></span> 
     </span>
    </p>
   </div>
   <div class='ocr_carea' id='block_1_14' title="bbox 430 1531 1998 1597">
    <p class='ocr_par' dir='ltr' id='par_1_14' title="bbox 430 1531 1998 1597">
     <span class='ocr_line' id='line_1_14' title="bbox 430 1531 1998 1597; baseline 0.008 -20"><span class='ocrx_word' id='word_1_112' title='bbox 430 1534 654 1591; x_wconf 83' lang='lat' dir='ltr'><strong>sertum,</strong></span> <span class='ocrx_word' id='word_1_113' title='bbox 686 1531 771 1594; x_wconf 91' lang='lat' dir='ltr'><strong>qui</strong></span> <span class='ocrx_word' id='word_1_114' title='bbox 798 1538 846 1581; x_wconf 89' lang='lat' dir='ltr'><strong>te</strong></span> <span class='ocrx_word' id='word_1_115' title='bbox 877 1545 979 1582; x_wconf 93' lang='lat' dir='ltr'><strong>non</strong></span> <span class='ocrx_word' id='word_1_116' title='bbox 1007 1531 1293 1596; x_wconf 87' lang='lat' dir='ltr'><strong>illuminat,</strong></span> <span class='ocrx_word' id='word_1_117' title='bbox 1332 1533 1422 1586; x_wconf 81' lang='lat' dir='ltr'><strong>sed</strong></span> <span class='ocrx_word' id='word_1_118' title='bbox 1456 1535 1821 1597; x_wconf 84' lang='lat' dir='ltr'><strong>contenebrat,</strong></span> <span class='ocrx_word' id='word_1_119' title='bbox 1850 1543 1905 1588; x_wconf 88' lang='lat' dir='ltr'><strong>et</strong></span> <span class='ocrx_word' id='word_1_120' title='bbox 1931 1535 1998 1589; x_wconf 85' lang='lat' dir='ltr'><strong>de</strong></span> 
     </span>
    </p>
   </div>
   <div class='ocr_carea' id='block_1_15' title="bbox 428 1617 1995 1684">
    <p class='ocr_par' dir='ltr' id='par_1_15' title="bbox 428 1617 1995 1684">
     <span class='ocr_line' id='line_1_15' title="bbox 428 1617 1995 1684; baseline 0.009 -14"><span class='ocrx_word' id='word_1_121' title='bbox 428 1617 614 1672; x_wconf 73' lang='lat' dir='ltr'><strong>dextro</strong></span> <span class='ocrx_word' id='word_1_122' title='bbox 636 1622 805 1674; x_wconf 84' lang='lat' dir='ltr'><strong>transf</strong></span> <span class='ocrx_word' id='word_1_123' title='bbox 838 1635 883 1677; x_wconf 89' lang='lat' dir='ltr'><strong>rt</strong></span> <span class='ocrx_word' id='word_1_124' title='bbox 932 1634 981 1677; x_wconf 91' lang='lat' dir='ltr'><strong>te</strong></span> <span class='ocrx_word' id='word_1_125' title='bbox 1023 1626 1073 1679; x_wconf 87' lang='lat' dir='ltr'><strong>in</strong></span> <span class='ocrx_word' id='word_1_126' title='bbox 1105 1628 1395 1681; x_wconf 85' lang='lat' dir='ltr'><strong>sinistrum.</strong></span> <span class='ocrx_word' id='word_1_127' title='bbox 1452 1628 1554 1682; x_wconf 86' lang='lat' dir='ltr'><strong>Sed</strong></span> <span class='ocrx_word' id='word_1_128' title='bbox 1585 1628 1719 1681; x_wconf 89' lang='lat' dir='ltr'><strong>dicis</strong></span> <span class='ocrx_word' id='word_1_129' title='bbox 1751 1643 1764 1682; x_wconf 88' lang='lat'><strong>:</strong></span> <span class='ocrx_word' id='word_1_130' title='bbox 1800 1631 1995 1684; x_wconf 86' lang='lat' dir='ltr'><strong>malum</strong></span> 
     </span>
    </p>
   </div>
   <div class='ocr_carea' id='block_1_16' title="bbox 429 1708 1998 1785">
    <p class='ocr_par' dir='ltr' id='par_1_16' title="bbox 429 1708 1998 1785">
     <span class='ocr_line' id='line_1_16' title="bbox 429 1708 1998 1785; baseline 0.011 -27"><span class='ocrx_word' id='word_1_131' title='bbox 429 1708 527 1760; x_wconf 84' lang='lat' dir='ltr'><strong>hoc</strong></span> <span class='ocrx_word' id='word_1_132' title='bbox 556 1711 694 1777; x_wconf 88' lang='lat' dir='ltr'><strong>quod</strong></span> <span class='ocrx_word' id='word_1_133' title='bbox 724 1712 915 1767; x_wconf 88' lang='lat' dir='ltr'><strong>asseris</strong></span> <span class='ocrx_word' id='word_1_134' title='bbox 957 1731 982 1764; x_wconf 69' lang='grc' dir='ltr'><strong>ιι</strong></span> <span class='ocrx_word' id='word_1_135' title='bbox 1018 1731 1100 1769; x_wconf 89' lang='lat' dir='ltr'><strong>me</strong></span> <span class='ocrx_word' id='word_1_136' title='bbox 1130 1718 1521 1785; x_wconf 82' lang='lat' dir='ltr'><strong>extirpandum,</strong></span> <span class='ocrx_word' id='word_1_137' title='bbox 1554 1720 1739 1773; x_wconf 71' lang='lat' dir='ltr'><strong>orulus</strong></span> <span class='ocrx_word' id='word_1_138' title='bbox 1776 1720 1875 1774; x_wconf 83' lang='lat' dir='ltr'><strong>iste</strong></span> <span class='ocrx_word' id='word_1_139' title='bbox 1906 1737 1998 1776; x_wconf 90' lang='lat' dir='ltr'><strong>ne-</strong></span> 
     </span>
    </p>
   </div>
   <div class='ocr_carea' id='block_1_17' title="bbox 2104 517 3665 586">
    <p class='ocr_par' dir='ltr' id='par_1_17' title="bbox 2104 517 3665 586">
     <span class='ocr_line' id='line_1_17' title="bbox 2104 517 3665 586; baseline -0.001 -20"><span class='ocrx_word' id='word_1_140' title='bbox 2104 517 2326 585; x_wconf 71' lang='lat' dir='ltr'><strong>gentiw;</strong></span> <span class='ocrx_word' id='word_1_141' title='bbox 2356 527 2406 571; x_wconf 87' lang='lat' dir='ltr'><strong>et</strong></span> <span class='ocrx_word' id='word_1_142' title='bbox 2430 518 2619 571; x_wconf 82' lang='lat' dir='ltr'><strong>exinde</strong></span> <span class='ocrx_word' id='word_1_143' title='bbox 2649 534 2750 570; x_wconf 90' lang='lat' dir='ltr'><strong>non</strong></span> <span class='ocrx_word' id='word_1_144' title='bbox 2778 518 2947 571; x_wconf 91' lang='lat' dir='ltr'><strong>solum</strong></span> <span class='ocrx_word' id='word_1_145' title='bbox 2978 532 3073 586; x_wconf 89' lang='lat' dir='ltr'><strong>per</strong></span> <span class='ocrx_word' id='word_1_146' title='bbox 3110 517 3385 570; x_wconf 79' lang='lat' dir='ltr'><strong>dexterum</strong></span> <span class='ocrx_word' id='word_1_147' title='bbox 3429 517 3665 577; x_wconf 68' lang='lat' dir='ltr'><strong>oculn&#39;n,</strong></span> 
     </span>
    </p>
   </div>
   <div class='ocr_carea' id='block_1_18' title="bbox 2103 604 3675 678">
    <p class='ocr_par' dir='ltr' id='par_1_18' title="bbox 2103 604 3675 678">
     <span class='ocr_line' id='line_1_18' title="bbox 2103 604 3675 678; baseline -0.001 -17"><span class='ocrx_word' id='word_1_148' title='bbox 2103 609 2195 661; x_wconf 89' lang='lat' dir='ltr'><strong>sed</strong></span> <span class='ocrx_word' id='word_1_149' title='bbox 2228 622 2277 662; x_wconf 91' lang='lat' dir='ltr'><strong>et</strong></span> <span class='ocrx_word' id='word_1_150' title='bbox 2323 624 2415 674; x_wconf 91' lang='lat' dir='ltr'><strong>per</strong></span> <span class='ocrx_word' id='word_1_151' title='bbox 2444 609 2713 662; x_wconf 93' lang='lat' dir='ltr'><strong>sinistrum</strong></span> <span class='ocrx_word' id='word_1_152' title='bbox 2759 608 2955 678; x_wconf 84' lang='lat' dir='ltr'><strong>gemini</strong></span> <span class='ocrx_word' id='word_1_153' title='bbox 2998 609 3092 661; x_wconf 90' lang='lat' dir='ltr'><strong>rivi</strong></span> <span class='ocrx_word' id='word_1_154' title='bbox 3126 618 3369 668; x_wconf 87' lang='lat' dir='ltr'><strong>currant,</strong></span> <span class='ocrx_word' id='word_1_155' title='bbox 3405 604 3675 674; x_wconf 68' lang='lat' dir='ltr'><strong>“uanique</strong></span> 
     </span>
    </p>
   </div>
   <div class='ocr_carea' id='block_1_19' title="bbox 2103 698 3671 768">
    <p class='ocr_par' dir='ltr' id='par_1_19' title="bbox 2103 698 3671 768">
     <span class='ocr_line' id='line_1_19' title="bbox 2103 698 3671 768; baseline -0.001 -17"><span class='ocrx_word' id='word_1_156' title='bbox 2103 700 2196 752; x_wconf 90' lang='lat' dir='ltr'><strong>tibi</strong></span> <span class='ocrx_word' id='word_1_157' title='bbox 2228 700 2384 754; x_wconf 90' lang='lat' dir='ltr'><strong>ambo</strong></span> <span class='ocrx_word' id='word_1_158' title='bbox 2432 702 2569 755; x_wconf 89' lang='lat' dir='ltr'><strong>oculi</strong></span> <span class='ocrx_word' id='word_1_159' title='bbox 2623 702 2854 768; x_wconf 88' lang='lat' dir='ltr'><strong>pariter,</strong></span> <span class='ocrx_word' id='word_1_160' title='bbox 2901 701 3142 753; x_wconf 65' lang='lat' dir='ltr'><strong>san‘tatis</strong></span> <span class='ocrx_word' id='word_1_161' title='bbox 3191 714 3362 753; x_wconf 84' lang='lat' dir='ltr'><strong>rorem</strong></span> <span class='ocrx_word' id='word_1_162' title='bbox 3395 717 3454 750; x_wconf 89' lang='lat' dir='ltr'><strong>ac</strong></span> <span class='ocrx_word' id='word_1_163' title='bbox 3500 698 3671 751; x_wconf 83' lang='lat' dir='ltr'><strong>indul-</strong></span> 
     </span>
    </p>
   </div>
   <div class='ocr_carea' id='block_1_20' title="bbox 2099 792 3666 861">
    <p class='ocr_par' dir='ltr' id='par_1_20' title="bbox 2099 792 3666 861">
     <span class='ocr_line' id='line_1_20' title="bbox 2099 792 3666 861; baseline -0.005 -14"><span class='ocrx_word' id='word_1_164' title='bbox 2099 793 2288 861; x_wconf 72' lang='lat' dir='ltr'><strong>gentia:</strong></span> <span class='ocrx_word' id='word_1_165' title='bbox 2321 794 2565 848; x_wconf 81' lang='lat' dir='ltr'><strong>imbrem.</strong></span> <span class='ocrx_word' id='word_1_166' title='bbox 2590 794 2711 847; x_wconf 88' lang='lat' dir='ltr'><strong>Vult</strong></span> <span class='ocrx_word' id='word_1_167' title='bbox 2731 794 2871 847; x_wconf 81' lang='lat' dir='ltr'><strong>enim</strong></span> <span class='ocrx_word' id='word_1_168' title='bbox 2901 793 3384 861; x_wconf 82' lang='lat' dir='ltr'><strong>indulgentissimus</strong></span> <span class='ocrx_word' id='word_1_169' title='bbox 3408 792 3666 859; x_wconf 83' lang='lat' dir='ltr'><strong>cognitor,</strong></span> 
     </span>
    </p>
   </div>
   <div class='ocr_carea' id='block_1_21' title="bbox 2104 884 3669 957">
    <p class='ocr_par' dir='ltr' id='par_1_21' title="bbox 2104 884 3669 957">
     <span class='ocr_line' id='line_1_21' title="bbox 2104 884 3669 957; baseline -0.003 -16"><span class='ocrx_word' id='word_1_170' title='bbox 2104 899 2157 941; x_wconf 89' lang='lat' dir='ltr'><strong>ut</strong></span> <span class='ocrx_word' id='word_1_171' title='bbox 2188 887 2343 941; x_wconf 83' lang='lat' dir='ltr'><strong>ﬂetus</strong></span> <span class='ocrx_word' id='word_1_172' title='bbox 2371 900 2557 957; x_wconf 84' lang='lat' dir='ltr'><strong>purget</strong></span> <span class='ocrx_word' id='word_1_173' title='bbox 2589 889 2728 957; x_wconf 92' lang='lat' dir='ltr'><strong>quod</strong></span> <span class='ocrx_word' id='word_1_174' title='bbox 2761 889 2904 941; x_wconf 87' lang='lat' dir='ltr'><strong>vlsus</strong></span> <span class='ocrx_word' id='word_1_175' title='bbox 2936 887 3143 955; x_wconf 89' lang='lat' dir='ltr'><strong>polluit,</strong></span> <span class='ocrx_word' id='word_1_176' title='bbox 3175 899 3223 941; x_wconf 92' lang='lat' dir='ltr'><strong>et</strong></span> <span class='ocrx_word' id='word_1_177' title='bbox 3257 886 3394 953; x_wconf 90' lang='lat' dir='ltr'><strong>quod</strong></span> <span class='ocrx_word' id='word_1_178' title='bbox 3449 884 3669 939; x_wconf 69' lang='lat' dir='ltr'><strong>foedavit</strong></span> 
     </span>
    </p>
   </div>
   <div class='ocr_carea' id='block_1_22' title="bbox 2100 976 3671 1048">
    <p class='ocr_par' dir='ltr' id='par_1_22' title="bbox 2100 976 3671 1048">
     <span class='ocr_line' id='line_1_22' title="bbox 2100 976 3671 1048; baseline -0.001 -16"><span class='ocrx_word' id='word_1_179' title='bbox 2100 979 2380 1047; x_wconf 83' lang='lat' dir='ltr'><strong>cupiditas,</strong></span> <span class='ocrx_word' id='word_1_180' title='bbox 2431 984 2682 1034; x_wconf 87' lang='lat' dir='ltr'><strong>retormet</strong></span> <span class='ocrx_word' id='word_1_181' title='bbox 2708 979 3049 1048; x_wconf 90' lang='lat' dir='ltr'><strong>compunctio</strong></span> <span class='ocrx_word' id='word_1_182' title='bbox 3085 996 3096 1031; x_wconf 94' lang='lat'>:</span> <span class='ocrx_word' id='word_1_183' title='bbox 3149 988 3205 1033; x_wconf 91' lang='lat' dir='ltr'><strong>ut</strong></span> <span class='ocrx_word' id='word_1_184' title='bbox 3232 993 3386 1032; x_wconf 89' lang='lat' dir='ltr'><strong>eruas</strong></span> <span class='ocrx_word' id='word_1_185' title='bbox 3415 978 3481 1031; x_wconf 90' lang='lat' dir='ltr'><strong>de</strong></span> <span class='ocrx_word' id='word_1_186' title='bbox 3506 976 3671 1031; x_wconf 85' lang='lat' dir='ltr'><strong>corde</strong></span> 
     </span>
    </p>
   </div>
   <div class='ocr_carea' id='block_1_23' title="bbox 2100 1068 3667 1139">
    <p class='ocr_par' dir='ltr' id='par_1_23' title="bbox 2100 1068 3667 1139">
     <span class='ocr_line' id='line_1_23' title="bbox 2100 1068 3667 1139; baseline -0.002 -16"><span class='ocrx_word' id='word_1_187' title='bbox 2100 1068 2409 1137; x_wconf 82' lang='lat' dir='ltr'><strong>pestiferum</strong></span> <span class='ocrx_word' id='word_1_188' title='bbox 2461 1071 2672 1124; x_wconf 91' lang='lat' dir='ltr'><strong>oculum</strong></span> <span class='ocrx_word' id='word_1_189' title='bbox 2731 1072 2982 1139; x_wconf 75' lang='lat' dir='ltr'><strong>plangens</strong></span> <span class='ocrx_word' id='word_1_190' title='bbox 3016 1079 3067 1124; x_wconf 91' lang='lat' dir='ltr'><strong>et</strong></span> <span class='ocrx_word' id='word_1_191' title='bbox 3110 1070 3463 1137; x_wconf 81' lang='lat' dir='ltr'><strong>ingemiscens</strong></span> <span class='ocrx_word' id='word_1_192' title='bbox 3493 1075 3548 1122; x_wconf 89' lang='lat' dir='ltr'><strong>et</strong></span> <span class='ocrx_word' id='word_1_193' title='bbox 3575 1069 3667 1121; x_wconf 79' lang='lat' dir='ltr'><strong>do-</strong></span> 
     </span>
    </p>
   </div>
   <div class='ocr_carea' id='block_1_24' title="bbox 2100 1161 3662 1231">
    <p class='ocr_par' dir='ltr' id='par_1_24' title="bbox 2100 1161 3662 1231">
     <span class='ocr_line' id='line_1_24' title="bbox 2100 1161 3662 1231; baseline -0.002 -15"><span class='ocrx_word' id='word_1_194' title='bbox 2100 1164 2213 1216; x_wconf 90' lang='lat' dir='ltr'><strong>lens</strong></span> <span class='ocrx_word' id='word_1_195' title='bbox 2257 1163 2396 1215; x_wconf 82' lang='lat' dir='ltr'><strong>sicut</strong></span> <span class='ocrx_word' id='word_1_196' title='bbox 2432 1162 2618 1217; x_wconf 85' lang='lat' dir='ltr'><strong>dolens</strong></span> <span class='ocrx_word' id='word_1_197' title='bbox 2649 1163 2913 1217; x_wconf 80' lang='lat' dir='ltr'><strong>Jerentias</strong></span> <span class='ocrx_word' id='word_1_198' title='bbox 2945 1162 3225 1231; x_wconf 83' lang='lat' dir='ltr'><strong>propheta,</strong></span> <span class='ocrx_word' id='word_1_199' title='bbox 3271 1176 3388 1216; x_wconf 91' lang='lat' dir='ltr'><strong>cum</strong></span> <span class='ocrx_word' id='word_1_200' title='bbox 3414 1161 3662 1231; x_wconf 71' lang='lat' dir='ltr'><strong>pupulum</strong></span> 
     </span>
    </p>
   </div>
   <div class='ocr_carea' id='block_1_25' title="bbox 2101 1253 3671 1326">
    <p class='ocr_par' dir='ltr' id='par_1_25' title="bbox 2101 1253 3671 1326">
     <span class='ocr_line' id='line_1_25' title="bbox 2101 1253 3671 1326; baseline -0.002 -19"><span class='ocrx_word' id='word_1_201' title='bbox 2101 1255 2375 1325; x_wconf 84' lang='lat' dir='ltr'><strong>plangeret</strong></span> <span class='ocrx_word' id='word_1_202' title='bbox 2402 1257 2854 1326; x_wconf 89' lang='lat' dir='ltr'><strong>transmigratum,</strong></span> <span class='ocrx_word' id='word_1_203' title='bbox 2884 1258 2960 1308; x_wconf 91' lang='lat' dir='ltr'><strong>sic</strong></span> <span class='ocrx_word' id='word_1_204' title='bbox 2996 1257 3179 1309; x_wconf 88' lang='lat' dir='ltr'><strong>dlcens</strong></span> <span class='ocrx_word' id='word_1_205' title='bbox 3205 1272 3216 1306; x_wconf 86' lang='lat'><strong>:</strong></span> <span class='ocrx_word' id='word_1_206' title='bbox 3260 1255 3386 1320; x_wconf 77' lang='lat' dir='ltr'><strong>Quis</strong></span> <span class='ocrx_word' id='word_1_207' title='bbox 3414 1253 3552 1305; x_wconf 81' lang='lat' dir='ltr'><strong>dabit</strong></span> <span class='ocrx_word' id='word_1_208' title='bbox 3580 1270 3671 1305; x_wconf 81' lang='lat' dir='ltr'><strong>ca-</strong></span> 
     </span>
    </p>
   </div>
   <div class='ocr_carea' id='block_1_26' title="bbox 2100 1346 3664 1419">
    <p class='ocr_par' dir='ltr' id='par_1_26' title="bbox 2100 1346 3664 1419">
     <span class='ocr_line' id='line_1_26' title="bbox 2100 1346 3664 1419; baseline -0.003 -20"><span class='ocrx_word' id='word_1_209' title='bbox 2100 1349 2321 1415; x_wconf 83' lang='lat' dir='ltr'><strong>pitimeo</strong></span> <span class='ocrx_word' id='word_1_210' title='bbox 2360 1366 2563 1418; x_wconf 83' lang='lat' dir='ltr'><strong>aquam,</strong></span> <span class='ocrx_word' id='word_1_211' title='bbox 2592 1361 2679 1402; x_wconf 86' lang='lat' dir='ltr'><strong>aut</strong></span> <span class='ocrx_word' id='word_1_212' title='bbox 2728 1351 2886 1403; x_wconf 77' lang='lat' dir='ltr'><strong>oculis</strong></span> <span class='ocrx_word' id='word_1_213' title='bbox 2935 1351 3057 1403; x_wconf 75' lang='lat' dir='ltr'><strong>meis</strong></span> <span class='ocrx_word' id='word_1_214' title='bbox 3108 1352 3293 1419; x_wconf 78' lang='lat' dir='ltr'><strong>fontem</strong></span> <span class='ocrx_word' id='word_1_215' title='bbox 3324 1346 3664 1415; x_wconf 73' lang='lat' dir='ltr'><strong>lacrgmarum</strong></span> 
     </span>
    </p>
   </div>
   <div class='ocr_carea' id='block_1_27' title="bbox 2099 1437 3665 1513">
    <p class='ocr_par' dir='ltr' id='par_1_27' title="bbox 2099 1437 3665 1513">
     <span class='ocr_line' id='line_1_27' title="bbox 2099 1437 3665 1513; baseline -0.002 -19"><span class='ocrx_word' id='word_1_216' title='bbox 2099 1439 2363 1513; x_wconf 63' lang='lat' dir='ltr'><strong>(lenis)?</strong></span> <span class='ocrx_word' id='word_1_217' title='bbox 2403 1443 2464 1497; x_wconf 81' lang='lat' dir='ltr'><strong>Et</strong></span> <span class='ocrx_word' id='word_1_218' title='bbox 2507 1442 2594 1497; x_wconf 90' lang='lat' dir='ltr'><strong>ille</strong></span> <span class='ocrx_word' id='word_1_219' title='bbox 2622 1444 2833 1512; x_wconf 82' lang='lat' dir='ltr'><strong>quidem</strong></span> <span class='ocrx_word' id='word_1_220' title='bbox 2872 1442 3119 1511; x_wconf 86' lang='lat' dir='ltr'><strong>populum</strong></span> <span class='ocrx_word' id='word_1_221' title='bbox 3158 1442 3451 1509; x_wconf 82' lang='lat' dir='ltr'><strong>deploravit</strong></span> <span class='ocrx_word' id='word_1_222' title='bbox 3497 1437 3665 1505; x_wconf 85' lang='lat' dir='ltr'><strong>capti-</strong></span> 
     </span>
    </p>
   </div>
   <div class='ocr_carea' id='block_1_28' title="bbox 2100 1527 3667 1600">
    <p class='ocr_par' dir='ltr' id='par_1_28' title="bbox 2100 1527 3667 1600">
     <span class='ocr_line' id='line_1_28' title="bbox 2100 1527 3667 1600; baseline -0.001 -18"><span class='ocrx_word' id='word_1_223' title='bbox 2100 1547 2256 1583; x_wconf 83' lang='lat' dir='ltr'><strong>vutn:</strong></span> <span class='ocrx_word' id='word_1_224' title='bbox 2293 1541 2346 1585; x_wconf 93' lang='lat' dir='ltr'><strong>tu</strong></span> <span class='ocrx_word' id='word_1_225' title='bbox 2384 1544 2559 1585; x_wconf 87' lang='lat' dir='ltr'><strong>autem</strong></span> <span class='ocrx_word' id='word_1_226' title='bbox 2595 1533 2882 1599; x_wconf 86' lang='lat' dir='ltr'><strong>ingemisce</strong></span> <span class='ocrx_word' id='word_1_227' title='bbox 2906 1545 3000 1600; x_wconf 90' lang='lat' dir='ltr'><strong>pro</strong></span> <span class='ocrx_word' id='word_1_228' title='bbox 3021 1532 3193 1584; x_wconf 89' lang='lat' dir='ltr'><strong>anima</strong></span> <span class='ocrx_word' id='word_1_229' title='bbox 3223 1545 3378 1600; x_wconf 83' lang='lat' dir='ltr'><strong>quant</strong></span> <span class='ocrx_word' id='word_1_230' title='bbox 3401 1527 3667 1594; x_wconf 81' lang='lat' dir='ltr'><strong>cupiditas</strong></span> 
     </span>
    </p>
   </div>
   <div class='ocr_carea' id='block_1_29' title="bbox 2100 1618 3663 1690">
    <p class='ocr_par' dir='ltr' id='par_1_29' title="bbox 2100 1618 3663 1690">
     <span class='ocr_line' id='line_1_29' title="bbox 2100 1618 3663 1690; baseline -0.003 -16"><span class='ocrx_word' id='word_1_231' title='bbox 2100 1621 2337 1685; x_wconf 80' lang='lat' dir='ltr'><strong>violavit,</strong></span> <span class='ocrx_word' id='word_1_232' title='bbox 2369 1631 2422 1675; x_wconf 91' lang='lat' dir='ltr'><strong>et</strong></span> <span class='ocrx_word' id='word_1_233' title='bbox 2451 1623 2830 1677; x_wconf 69' lang='lat' dir='ltr'><strong>oculnsdeuer</strong></span> <span class='ocrx_word' id='word_1_234' title='bbox 2856 1621 3329 1690; x_wconf 84' lang='lat' dir='ltr'><strong>fecitdegenerem.</strong></span> <span class='ocrx_word' id='word_1_235' title='bbox 3360 1618 3448 1673; x_wconf 89' lang='lat' dir='ltr'><strong>Sic</strong></span> <span class='ocrx_word' id='word_1_236' title='bbox 3469 1632 3663 1671; x_wconf 88' lang='lat' dir='ltr'><strong>eruen-</strong></span> 
     </span>
    </p>
   </div>
   <div class='ocr_carea' id='block_1_30' title="bbox 2101 1710 3662 1779">
    <p class='ocr_par' dir='ltr' id='par_1_30' title="bbox 2101 1710 3662 1779">
     <span class='ocr_line' id='line_1_30' title="bbox 2101 1710 3662 1779; baseline -0.003 -14"><span class='ocrx_word' id='word_1_237' title='bbox 2101 1715 2200 1767; x_wconf 90' lang='lat' dir='ltr'><strong>dus</strong></span> <span class='ocrx_word' id='word_1_238' title='bbox 2224 1726 2303 1769; x_wconf 91' lang='lat' dir='ltr'><strong>est</strong></span> <span class='ocrx_word' id='word_1_239' title='bbox 2334 1715 2547 1779; x_wconf 75' lang='lat' dir='ltr'><strong>orultls,</strong></span> <span class='ocrx_word' id='word_1_240' title='bbox 2578 1715 2655 1769; x_wconf 89' lang='lat' dir='ltr'><strong>sic</strong></span> <span class='ocrx_word' id='word_1_241' title='bbox 2686 1714 3044 1769; x_wconf 84' lang='lat' dir='ltr'><strong>abscindenda</strong></span> <span class='ocrx_word' id='word_1_242' title='bbox 3061 1722 3143 1767; x_wconf 90' lang='lat' dir='ltr'><strong>est</strong></span> <span class='ocrx_word' id='word_1_243' title='bbox 3173 1727 3379 1779; x_wconf 89' lang='lat' dir='ltr'><strong>manus,</strong></span> <span class='ocrx_word' id='word_1_244' title='bbox 3404 1711 3484 1765; x_wconf 87' lang='lat' dir='ltr'><strong>vel</strong></span> <span class='ocrx_word' id='word_1_245' title='bbox 3509 1710 3662 1763; x_wconf 77' lang='lat' dir='ltr'><strong>noxia</strong></span> 
     </span>
    </p>
   </div>
   <div class='ocr_carea' id='block_1_31' title="bbox 428 1795 3666 1878">
    <p class='ocr_par' dir='ltr' id='par_1_31' title="bbox 428 1795 3666 1878">
     <span class='ocr_line' id='line_1_31' title="bbox 428 1795 3666 1878; baseline 0.002 -26"><span class='ocrx_word' id='word_1_246' title='bbox 428 1797 638 1859; x_wconf 84' lang='lat' dir='ltr'><strong>fandus.</strong></span> <span class='ocrx_word' id='word_1_247' title='bbox 672 1802 810 1855; x_wconf 89' lang='lat' dir='ltr'><strong>intus</strong></span> <span class='ocrx_word' id='word_1_248' title='bbox 840 1808 950 1857; x_wconf 87' lang='lat' dir='ltr'><strong>est!</strong></span> <span class='ocrx_word' id='word_1_249' title='bbox 974 1805 1084 1859; x_wconf 79' lang='lat' dir='ltr'><strong>Non</strong></span> <span class='ocrx_word' id='word_1_250' title='bbox 1119 1810 1323 1861; x_wconf 78' lang='lat' dir='ltr'><strong>videtur</strong></span> <span class='ocrx_word' id='word_1_251' title='bbox 1354 1810 1405 1862; x_wconf 89' lang='lat' dir='ltr'><strong>in</strong></span> <span class='ocrx_word' id='word_1_252' title='bbox 1440 1818 1672 1878; x_wconf 87' lang='lat' dir='ltr'><strong>pectore.</strong></span> <span class='ocrx_word' id='word_1_253' title='bbox 1699 1808 1921 1862; x_wconf 88' lang='lat' dir='ltr'><strong>habetur</strong></span> <span class='ocrx_word' id='word_1_254' title='bbox 1943 1811 1993 1863; x_wconf 91' lang='lat' dir='ltr'><strong>in</strong></span> <span class='ocrx_word' id='word_1_255' title='bbox 2026 1795 2074 1853; x_wconf 82' lang='grc' dir='ltr'>Β</span> <span class='ocrx_word' id='word_1_256' title='bbox 2103 1807 2360 1860; x_wconf 90' lang='lat' dir='ltr'><strong>tnembra.</strong></span> <span class='ocrx_word' id='word_1_257' title='bbox 2395 1807 2521 1860; x_wconf 82' lang='lat' dir='ltr'><strong>Nam</strong></span> <span class='ocrx_word' id='word_1_258' title='bbox 2554 1807 2637 1861; x_wconf 91' lang='lat' dir='ltr'><strong>tthi</strong></span> <span class='ocrx_word' id='word_1_259' title='bbox 2668 1808 2911 1872; x_wconf 78' lang='lat' dir='ltr'><strong>avaritia,</strong></span> <span class='ocrx_word' id='word_1_260' title='bbox 2944 1807 3014 1860; x_wconf 91' lang='lat' dir='ltr'><strong>ibi</strong></span> <span class='ocrx_word' id='word_1_261' title='bbox 3048 1821 3236 1860; x_wconf 88' lang='lat' dir='ltr'><strong>manus</strong></span> <span class='ocrx_word' id='word_1_262' title='bbox 3261 1804 3445 1858; x_wconf 81' lang='lat' dir='ltr'><strong>dextra</strong></span> <span class='ocrx_word' id='word_1_263' title='bbox 3489 1803 3666 1857; x_wconf 85' lang='lat' dir='ltr'><strong>denti-</strong></span> 
     </span>
    </p>
   </div>
   <div class='ocr_carea' id='block_1_32' title="bbox 426 1890 1999 1966">
    <p class='ocr_par' dir='ltr' id='par_1_32' title="bbox 426 1890 1999 1966">
     <span class='ocr_line' id='line_1_32' title="bbox 426 1890 1999 1966; baseline 0.01 -25"><span class='ocrx_word' id='word_1_264' title='bbox 426 1890 586 1944; x_wconf 87' lang='lat' dir='ltr'><strong>corde</strong></span> <span class='ocrx_word' id='word_1_265' title='bbox 616 1906 657 1945; x_wconf 58' lang='lat' dir='ltr'><strong>ci</strong></span> <span class='ocrx_word' id='word_1_266' title='bbox 684 1895 952 1949; x_wconf 65' lang='lat' dir='ltr'><strong>nseientite</strong></span> <span class='ocrx_word' id='word_1_267' title='bbox 988 1895 1140 1962; x_wconf 81' lang='lat' dir='ltr'><strong>lixus,</strong></span> <span class='ocrx_word' id='word_1_268' title='bbox 1167 1899 1309 1966; x_wconf 86' lang='lat' dir='ltr'><strong>quali</strong></span> <span class='ocrx_word' id='word_1_269' title='bbox 1335 1909 1446 1953; x_wconf 88' lang='lat' dir='ltr'><strong>arte</strong></span> <span class='ocrx_word' id='word_1_270' title='bbox 1474 1899 1656 1954; x_wconf 77' lang='lat' dir='ltr'><strong>valebo</strong></span> <span class='ocrx_word' id='word_1_271' title='bbox 1670 1917 1792 1956; x_wconf 89' lang='lat' dir='ltr'><strong>cum</strong></span> <span class='ocrx_word' id='word_1_272' title='bbox 1808 1917 1999 1956; x_wconf 73' lang='lat' dir='ltr'><strong>eruere</strong></span> 
     </span>
    </p>
   </div>
   <div class='ocr_carea' id='block_1_33' title="bbox 384 1983 1997 2056">
    <p class='ocr_par' dir='ltr' id='par_1_33' title="bbox 384 1983 1997 2056">
     <span class='ocr_line' id='line_1_33' title="bbox 384 1983 1997 2056; baseline 0.012 -27"><span class='ocrx_word' id='word_1_273' title='bbox 384 2021 392 2029; x_wconf 91' lang='lat'><strong>.</strong></span> <span class='ocrx_word' id='word_1_274' title='bbox 426 1983 512 2048; x_wconf 88' lang='lat' dir='ltr'><strong>qui</strong></span> <span class='ocrx_word' id='word_1_275' title='bbox 548 1998 645 2035; x_wconf 59' lang='lat' dir='ltr'><strong>nec.</strong></span> <span class='ocrx_word' id='word_1_276' title='bbox 679 1999 835 2037; x_wconf 87' lang='lat' dir='ltr'><strong>manu</strong></span> <span class='ocrx_word' id='word_1_277' title='bbox 866 1989 1095 2056; x_wconf 83' lang='lat' dir='ltr'><strong>contingi</strong></span> <span class='ocrx_word' id='word_1_278' title='bbox 1152 1996 1365 2056; x_wconf 87' lang='lat' dir='ltr'><strong>potest,</strong></span> <span class='ocrx_word' id='word_1_279' title='bbox 1426 2007 1524 2045; x_wconf 90' lang='lat' dir='ltr'><strong>nec</strong></span> <span class='ocrx_word' id='word_1_280' title='bbox 1567 1992 1733 2053; x_wconf 65' lang='lat' dir='ltr'><strong>digito</strong></span> <span class='ocrx_word' id='word_1_281' title='bbox 1763 1996 1875 2047; x_wconf 90' lang='lat' dir='ltr'><strong>erui</strong></span> <span class='ocrx_word' id='word_1_282' title='bbox 1907 2002 1997 2048; x_wconf 87' lang='lat' dir='ltr'><strong>aut</strong></span> 
     </span>
    </p>
   </div>
   <div class='ocr_carea' id='block_1_34' title="bbox 424 2074 1999 2150">
    <p class='ocr_par' dir='ltr' id='par_1_34' title="bbox 424 2074 1999 2150">
     <span class='ocr_line' id='line_1_34' title="bbox 424 2074 1999 2150; baseline 0.009 -28"><span class='ocrx_word' id='word_1_283' title='bbox 424 2074 621 2126; x_wconf 70' lang='lat' dir='ltr'><strong>evelli?</strong></span> <span class='ocrx_word' id='word_1_284' title='bbox 654 2074 741 2128; x_wconf 72' lang='lat' dir='ltr'><strong>Vis</strong></span> <span class='ocrx_word' id='word_1_285' title='bbox 768 2074 1042 2131; x_wconf 82' lang='lat' dir='ltr'><strong>ostendam</strong></span> <span class='ocrx_word' id='word_1_286' title='bbox 1070 2079 1158 2131; x_wconf 90' lang='lat' dir='ltr'><strong>tibi</strong></span> <span class='ocrx_word' id='word_1_287' title='bbox 1208 2097 1440 2145; x_wconf 77' lang='lat' dir='ltr'><strong>manum,</strong></span> <span class='ocrx_word' id='word_1_288' title='bbox 1474 2092 1525 2136; x_wconf 92' lang='lat' dir='ltr'><strong>et</strong></span> <span class='ocrx_word' id='word_1_289' title='bbox 1555 2081 1586 2134; x_wconf 91' lang='lat' dir='ltr'><strong>d</strong></span> <span class='ocrx_word' id='word_1_290' title='bbox 1612 2084 1797 2150; x_wconf 83' lang='lat' dir='ltr'><strong>gitum,</strong></span> <span class='ocrx_word' id='word_1_291' title='bbox 1830 2093 1882 2136; x_wconf 92' lang='lat' dir='ltr'><strong>et</strong></span> <span class='ocrx_word' id='word_1_292' title='bbox 1912 2097 1999 2136; x_wconf 88' lang='lat' dir='ltr'><strong>ar-</strong></span> 
     </span>
    </p>
   </div>
   <div class='ocr_carea' id='block_1_35' title="bbox 426 2171 1996 2244">
    <p class='ocr_par' dir='ltr' id='par_1_35' title="bbox 426 2171 1996 2244">
     <span class='ocr_line' id='line_1_35' title="bbox 426 2171 1996 2244; baseline 0.007 -25"><span class='ocrx_word' id='word_1_293' title='bbox 426 2174 479 2220; x_wconf 90' lang='lat' dir='ltr'><strong>te</strong></span> <span class='ocrx_word' id='word_1_294' title='bbox 508 2189 532 2211; x_wconf 80' lang='grc' dir='ltr'><strong>·ι</strong></span> <span class='ocrx_word' id='word_1_295' title='bbox 586 2183 686 2234; x_wconf 86' lang='lat' dir='ltr'><strong>qua</strong></span> <span class='ocrx_word' id='word_1_296' title='bbox 733 2172 897 2236; x_wconf 82' lang='lat' dir='ltr'><strong>possit</strong></span> <span class='ocrx_word' id='word_1_297' title='bbox 942 2171 1137 2224; x_wconf 76' lang='lat' dir='ltr'><strong>evelli?</strong></span> <span class='ocrx_word' id='word_1_298' title='bbox 1166 2173 1389 2239; x_wconf 75' lang='lat' dir='ltr'><strong>QUando</strong></span> <span class='ocrx_word' id='word_1_299' title='bbox 1445 2173 1753 2241; x_wconf 82' lang='lat' dir='ltr'><strong>percussisti</strong></span> <span class='ocrx_word' id='word_1_300' title='bbox 1806 2174 1996 2244; x_wconf 78' lang='lat' dir='ltr'><strong>pugnis</strong></span> 
     </span>
    </p>
   </div>
   <div class='ocr_carea' id='block_1_36' title="bbox 441 2257 1999 2336">
    <p class='ocr_par' dir='ltr' id='par_1_36' title="bbox 441 2257 1999 2336">
     <span class='ocr_line' id='line_1_36' title="bbox 441 2257 1999 2336; baseline 0.008 -28"><span class='ocrx_word' id='word_1_301' title='bbox 441 2257 715 2327; x_wconf 62' lang='lat' dir='ltr'><strong>lnmilem,</strong></span> <span class='ocrx_word' id='word_1_302' title='bbox 770 2260 1017 2315; x_wconf 71' lang='lat' dir='ltr'><strong>induxisti</strong></span> <span class='ocrx_word' id='word_1_303' title='bbox 1072 2263 1122 2317; x_wconf 88' lang='lat' dir='ltr'><strong>itt</strong></span> <span class='ocrx_word' id='word_1_304' title='bbox 1171 2273 1223 2318; x_wconf 90' lang='lat' dir='ltr'><strong>te</strong></span> <span class='ocrx_word' id='word_1_305' title='bbox 1279 2268 1477 2331; x_wconf 75' lang='lat' dir='ltr'><strong>peceati</strong></span> <span class='ocrx_word' id='word_1_306' title='bbox 1519 2267 1764 2323; x_wconf 91' lang='lat' dir='ltr'><strong>oculum.</strong></span> <span class='ocrx_word' id='word_1_307' title='bbox 1832 2283 1999 2336; x_wconf 84' lang='lat' dir='ltr'><strong>quatt-</strong></span> 
     </span>
    </p>
   </div>
   <div class='ocr_carea' id='block_1_37' title="bbox 432 2348 1997 2416">
    <p class='ocr_par' dir='ltr' id='par_1_37' title="bbox 432 2348 1997 2416">
     <span class='ocr_line' id='line_1_37' title="bbox 432 2348 1997 2416; baseline 0.007 -14"><span class='ocrx_word' id='word_1_308' title='bbox 432 2348 501 2402; x_wconf 83' lang='lat' dir='ltr'><strong>dn</strong></span> <span class='ocrx_word' id='word_1_309' title='bbox 556 2352 839 2416; x_wconf 70' lang='lat' dir='ltr'><strong>pot-texisti</strong></span> <span class='ocrx_word' id='word_1_310' title='bbox 894 2371 1103 2408; x_wconf 86' lang='lat' dir='ltr'><strong>tnannm</strong></span> <span class='ocrx_word' id='word_1_311' title='bbox 1146 2366 1287 2410; x_wconf 91' lang='lat' dir='ltr'><strong>tuam</strong></span> <span class='ocrx_word' id='word_1_312' title='bbox 1346 2358 1411 2412; x_wconf 90' lang='lat' dir='ltr'><strong>ad</strong></span> <span class='ocrx_word' id='word_1_313' title='bbox 1468 2359 1848 2414; x_wconf 74' lang='lat' dir='ltr'><strong>sublevandum</strong></span> <span class='ocrx_word' id='word_1_314' title='bbox 1901 2361 1997 2413; x_wconf 89' lang='lat' dir='ltr'><strong>hu-</strong></span> 
     </span>
    </p>
   </div>
   <div class='ocr_carea' id='block_1_38' title="bbox 426 2443 1998 2518">
    <p class='ocr_par' dir='ltr' id='par_1_38' title="bbox 426 2443 1998 2518">
     <span class='ocr_line' id='line_1_38' title="bbox 426 2443 1998 2518; baseline 0.008 -23"><span class='ocrx_word' id='word_1_315' title='bbox 426 2443 628 2507; x_wconf 86' lang='lat' dir='ltr'><strong>milem,</strong></span> <span class='ocrx_word' id='word_1_316' title='bbox 668 2444 731 2498; x_wconf 87' lang='lat' dir='ltr'><strong>ad</strong></span> <span class='ocrx_word' id='word_1_317' title='bbox 761 2448 929 2500; x_wconf 87' lang='lat' dir='ltr'><strong>satian</strong></span> <span class='ocrx_word' id='word_1_318' title='bbox 955 2451 1059 2501; x_wconf 85' lang='lat' dir='ltr'><strong>lum</strong></span> <span class='ocrx_word' id='word_1_319' title='bbox 1108 2448 1318 2518; x_wconf 90' lang='lat' dir='ltr'><strong>inopem</strong></span> <span class='ocrx_word' id='word_1_320' title='bbox 1348 2490 1364 2517; x_wconf 86' lang='lat'><strong>,</strong></span> <span class='ocrx_word' id='word_1_321' title='bbox 1396 2453 1578 2506; x_wconf 87' lang='lat' dir='ltr'><strong>eruisti</strong></span> <span class='ocrx_word' id='word_1_322' title='bbox 1631 2452 1698 2508; x_wconf 86' lang='lat' dir='ltr'><strong>de</strong></span> <span class='ocrx_word' id='word_1_323' title='bbox 1727 2454 1887 2507; x_wconf 87' lang='lat' dir='ltr'><strong>corde</strong></span> <span class='ocrx_word' id='word_1_324' title='bbox 1907 2463 1998 2507; x_wconf 92' lang='lat' dir='ltr'><strong>tuo</strong></span> 
     </span>
    </p>
   </div>
   <div class='ocr_carea' id='block_1_39' title="bbox 424 2536 1994 2613">
    <p class='ocr_par' dir='ltr' id='par_1_39' title="bbox 424 2536 1994 2613">
     <span class='ocr_line' id='line_1_39' title="bbox 424 2536 1994 2613; baseline 0.005 -24"><span class='ocrx_word' id='word_1_325' title='bbox 424 2536 890 2603; x_wconf 67' lang='lat' dir='ltr'><strong>nequitizeoculum</strong></span> <span class='ocrx_word' id='word_1_326' title='bbox 910 2541 1063 2608; x_wconf 87' lang='lat' dir='ltr'><strong>quite</strong></span> <span class='ocrx_word' id='word_1_327' title='bbox 1078 2541 1640 2598; x_wconf 82' lang='lat' dir='ltr'><strong>scandalizavit.Vides</strong></span> <span class='ocrx_word' id='word_1_328' title='bbox 1657 2545 1796 2613; x_wconf 88' lang='lat' dir='ltr'><strong>quali</strong></span> <span class='ocrx_word' id='word_1_329' title='bbox 1813 2561 1994 2609; x_wconf 88' lang='lat' dir='ltr'><strong>manu,</strong></span> 
     </span>
    </p>
   </div>
   <div class='ocr_carea' id='block_1_40' title="bbox 424 2625 1998 2706">
    <p class='ocr_par' dir='ltr' id='par_1_40' title="bbox 424 2625 1998 2706">
     <span class='ocr_line' id='line_1_40' title="bbox 424 2625 1998 2706; baseline 0.008 -28"><span class='ocrx_word' id='word_1_330' title='bbox 424 2625 691 2694; x_wconf 72' lang='lat' dir='ltr'><strong>digitoque</strong></span> <span class='ocrx_word' id='word_1_331' title='bbox 726 2642 777 2683; x_wconf 90' lang='lat' dir='ltr'><strong>et</strong></span> <span class='ocrx_word' id='word_1_332' title='bbox 827 2641 941 2684; x_wconf 76' lang='lat' dir='ltr'><strong>avte</strong></span> <span class='ocrx_word' id='word_1_333' title='bbox 968 2633 1154 2687; x_wconf 76' lang='lat' dir='ltr'><strong>noxius</strong></span> <span class='ocrx_word' id='word_1_334' title='bbox 1184 2630 1277 2690; x_wconf 90' lang='lat' dir='ltr'><strong>ille</strong></span> <span class='ocrx_word' id='word_1_335' title='bbox 1323 2636 1568 2690; x_wconf 75' lang='lat' dir='ltr'><strong>evellitur</strong></span> <span class='ocrx_word' id='word_1_336' title='bbox 1601 2637 1785 2690; x_wconf 88' lang='lat' dir='ltr'><strong>oculus</strong></span> <span class='ocrx_word' id='word_1_337' title='bbox 1816 2636 1902 2706; x_wconf 91' lang='lat' dir='ltr'><strong>qui</strong></span> <span class='ocrx_word' id='word_1_338' title='bbox 1930 2636 1998 2692; x_wconf 91' lang='lat' dir='ltr'><strong>de</strong></span> 
     </span>
    </p>
   </div>
   <div class='ocr_carea' id='block_1_41' title="bbox 424 2715 1990 2788">
    <p class='ocr_par' dir='ltr' id='par_1_41' title="bbox 424 2715 1990 2788">
     <span class='ocr_line' id='line_1_41' title="bbox 424 2715 1990 2788; baseline 0.01 -21"><span class='ocrx_word' id='word_1_339' title='bbox 424 2715 612 2770; x_wconf 80' lang='lat' dir='ltr'><strong>dextro</strong></span> <span class='ocrx_word' id='word_1_340' title='bbox 639 2718 817 2788; x_wconf 78' lang='lat' dir='ltr'><strong>dirigit</strong></span> <span class='ocrx_word' id='word_1_341' title='bbox 845 2720 892 2773; x_wconf 90' lang='lat' dir='ltr'><strong>in</strong></span> <span class='ocrx_word' id='word_1_342' title='bbox 924 2720 1236 2776; x_wconf 76' lang='lat' dir='ltr'><strong>sinistrnm?</strong></span> <span class='ocrx_word' id='word_1_343' title='bbox 1263 2724 1442 2778; x_wconf 83' lang='lat' dir='ltr'><strong>Dulcia</strong></span> <span class='ocrx_word' id='word_1_344' title='bbox 1488 2736 1611 2780; x_wconf 83' lang='lat' dir='ltr'><strong>sunt</strong></span> <span class='ocrx_word' id='word_1_345' title='bbox 1636 2728 1759 2781; x_wconf 84' lang='lat' dir='ltr'><strong>vitta</strong></span> <span class='ocrx_word' id='word_1_346' title='bbox 1790 2730 1913 2781; x_wconf 89' lang='lat' dir='ltr'><strong>dum</strong></span> <span class='ocrx_word' id='word_1_347' title='bbox 1939 2730 1990 2783; x_wconf 93' lang='lat' dir='ltr'><strong>in</strong></span> 
     </span>
    </p>
   </div>
   <div class='ocr_carea' id='block_1_42' title="bbox 424 2811 1988 2883">
    <p class='ocr_par' dir='ltr' id='par_1_42' title="bbox 424 2811 1988 2883">
     <span class='ocr_line' id='line_1_42' title="bbox 424 2811 1988 2883; baseline 0.009 -25"><span class='ocrx_word' id='word_1_348' title='bbox 424 2822 543 2860; x_wconf 83' lang='lat' dir='ltr'><strong>actu</strong></span> <span class='ocrx_word' id='word_1_349' title='bbox 576 2821 718 2875; x_wconf 90' lang='lat' dir='ltr'><strong>sunt,</strong></span> <span class='ocrx_word' id='word_1_350' title='bbox 750 2811 842 2865; x_wconf 89' lang='lat' dir='ltr'><strong>sed</strong></span> <span class='ocrx_word' id='word_1_351' title='bbox 867 2824 989 2868; x_wconf 88' lang='lat' dir='ltr'><strong>sunt</strong></span> <span class='ocrx_word' id='word_1_352' title='bbox 1012 2816 1252 2881; x_wconf 80' lang='lat' dir='ltr'><strong>protinus</strong></span> <span class='ocrx_word' id='word_1_353' title='bbox 1278 2832 1454 2869; x_wconf 87' lang='lat' dir='ltr'><strong>amara</strong></span> <span class='ocrx_word' id='word_1_354' title='bbox 1488 2828 1603 2883; x_wconf 89' lang='lat' dir='ltr'><strong>post</strong></span> <span class='ocrx_word' id='word_1_355' title='bbox 1631 2830 1827 2872; x_wconf 67' lang='lat' dir='ltr'><strong>artum.</strong></span> <span class='ocrx_word' id='word_1_356' title='bbox 1865 2818 1988 2879; x_wconf 76' lang='lat' dir='ltr'><strong>Mcl.</strong></span> 
     </span>
    </p>
   </div>
   <div class='ocr_carea' id='block_1_43' title="bbox 424 2897 1996 2979">
    <p class='ocr_par' dir='ltr' id='par_1_43' title="bbox 424 2897 1996 2979">
     <span class='ocr_line' id='line_1_43' title="bbox 424 2897 1996 2979; baseline 0.01 -28"><span class='ocrx_word' id='word_1_357' title='bbox 424 2897 593 2965; x_wconf 84' lang='lat' dir='ltr'><strong>inquit</strong></span> <span class='ocrx_word' id='word_1_358' title='bbox 620 2940 636 2966; x_wconf 93' lang='lat'><strong>,</strong></span> <span class='ocrx_word' id='word_1_359' title='bbox 694 2901 857 2955; x_wconf 55' lang='lat' dir='ltr'><strong>stillat</strong></span> <span class='ocrx_word' id='word_1_360' title='bbox 887 2920 950 2957; x_wconf 77' lang='lat' dir='ltr'><strong>ea:</strong></span> <span class='ocrx_word' id='word_1_361' title='bbox 978 2903 1126 2959; x_wconf 82' lang='lat' dir='ltr'><strong>labiis</strong></span> <span class='ocrx_word' id='word_1_362' title='bbox 1155 2908 1429 2960; x_wconf 70' lang='lat' dir='ltr'><strong>meretr’cis</strong></span> <span class='ocrx_word' id='word_1_363' title='bbox 1476 2907 1655 2979; x_wconf 83' lang='lat' dir='ltr'><strong>(Prov.</strong></span> <span class='ocrx_word' id='word_1_364' title='bbox 1705 2912 1780 2979; x_wconf 86' lang='lat' dir='ltr'><strong>v),</strong></span> <span class='ocrx_word' id='word_1_365' title='bbox 1813 2920 1866 2965; x_wconf 89' lang='lat' dir='ltr'><strong>et</strong></span> <span class='ocrx_word' id='word_1_366' title='bbox 1896 2912 1996 2966; x_wconf 88' lang='lat' dir='ltr'><strong>ltoc</strong></span> 
     </span>
    </p>
   </div>
   <div class='ocr_carea' id='block_1_44' title="bbox 423 2989 1995 3073">
    <p class='ocr_par' dir='ltr' id='par_1_44' title="bbox 423 2989 1995 3073">
     <span class='ocr_line' id='line_1_44' title="bbox 423 2989 1995 3073; baseline 0.011 -32"><span class='ocrx_word' id='word_1_367' title='bbox 423 2989 455 3042; x_wconf 76' lang='lat' dir='ltr'><strong>tl</strong></span> <span class='ocrx_word' id='word_1_368' title='bbox 483 2992 604 3047; x_wconf 89' lang='lat' dir='ltr'><strong>.Ice.</strong></span> <span class='ocrx_word' id='word_1_369' title='bbox 634 2993 711 3048; x_wconf 84' lang='lat' dir='ltr'><strong>Ad</strong></span> <span class='ocrx_word' id='word_1_370' title='bbox 742 3004 947 3062; x_wconf 84' lang='lat' dir='ltr'><strong>tempus</strong></span> <span class='ocrx_word' id='word_1_371' title='bbox 998 2997 1210 3067; x_wconf 81' lang='lat' dir='ltr'><strong>quidem</strong></span> <span class='ocrx_word' id='word_1_372' title='bbox 1257 3000 1402 3069; x_wconf 80' lang='lat' dir='ltr'><strong>uugit</strong></span> <span class='ocrx_word' id='word_1_373' title='bbox 1440 3002 1616 3070; x_wconf 82' lang='lat' dir='ltr'><strong>gulam</strong></span> <span class='ocrx_word' id='word_1_374' title='bbox 1644 3042 1659 3066; x_wconf 95' lang='lat'><strong>,</strong></span> <span class='ocrx_word' id='word_1_375' title='bbox 1704 3003 1995 3073; x_wconf 69' lang='grc' dir='ltr'><strong>ἰιιψίιιςιωι</strong></span> 
     </span>
    </p>
   </div>
   <div class='ocr_carea' id='block_1_45' title="bbox 424 3083 1988 3153">
    <p class='ocr_par' dir='ltr' id='par_1_45' title="bbox 424 3083 1988 3153">
     <span class='ocr_line' id='line_1_45' title="bbox 424 3083 1988 3153; baseline 0.011 -17"><span class='ocrx_word' id='word_1_376' title='bbox 424 3083 637 3149; x_wconf 85' lang='lat' dir='ltr'><strong>fauces,</strong></span> <span class='ocrx_word' id='word_1_377' title='bbox 668 3088 957 3143; x_wconf 34' lang='lat' dir='ltr'><strong>novissime</strong></span> <span class='ocrx_word' id='word_1_378' title='bbox 988 3104 1113 3145; x_wconf 86' lang='lat' dir='ltr'><strong>vero</strong></span> <span class='ocrx_word' id='word_1_379' title='bbox 1136 3094 1461 3148; x_wconf 83' lang='lat' dir='ltr'><strong>convertitur</strong></span> <span class='ocrx_word' id='word_1_380' title='bbox 1492 3095 1542 3147; x_wconf 93' lang='lat' dir='ltr'><strong>in</strong></span> <span class='ocrx_word' id='word_1_381' title='bbox 1578 3096 1988 3153; x_wconf 82' lang='lat' dir='ltr'><strong>amaritudinem</strong></span> 
     </span>
    </p>
   </div>
   <div class='ocr_carea' id='block_1_46' title="bbox 2104 1895 3670 1966">
    <p class='ocr_par' dir='ltr' id='par_1_46' title="bbox 2104 1895 3670 1966">
     <span class='ocr_line' id='line_1_46' title="bbox 2104 1895 3670 1966; baseline -0.001 -18"><span class='ocrx_word' id='word_1_382' title='bbox 2104 1897 2201 1949; x_wconf 90' lang='lat' dir='ltr'><strong>bus</strong></span> <span class='ocrx_word' id='word_1_383' title='bbox 2234 1897 2503 1951; x_wconf 84' lang='lat' dir='ltr'><strong>venenatis</strong></span> <span class='ocrx_word' id='word_1_384' title='bbox 2533 1908 2732 1951; x_wconf 88' lang='lat' dir='ltr'><strong>armata</strong></span> <span class='ocrx_word' id='word_1_385' title='bbox 2767 1909 2821 1951; x_wconf 92' lang='lat' dir='ltr'><strong>ut</strong></span> <span class='ocrx_word' id='word_1_386' title='bbox 2851 1898 3131 1966; x_wconf 87' lang='lat' dir='ltr'><strong>percutiat,</strong></span> <span class='ocrx_word' id='word_1_387' title='bbox 3165 1906 3228 1950; x_wconf 91' lang='lat' dir='ltr'><strong>ut</strong></span> <span class='ocrx_word' id='word_1_388' title='bbox 3253 1895 3470 1965; x_wconf 81' lang='lat' dir='ltr'><strong>afﬂigat,</strong></span> <span class='ocrx_word' id='word_1_389' title='bbox 3493 1905 3548 1948; x_wconf 89' lang='lat' dir='ltr'><strong>ttt</strong></span> <span class='ocrx_word' id='word_1_390' title='bbox 3574 1910 3670 1947; x_wconf 79' lang='lat' dir='ltr'><strong>att-</strong></span> 
     </span>
    </p>
   </div>
   <div class='ocr_carea' id='block_1_47' title="bbox 2102 1986 3668 2052">
    <p class='ocr_par' dir='ltr' id='par_1_47' title="bbox 2102 1986 3668 2052">
     <span class='ocr_line' id='line_1_47' title="bbox 2102 1986 3668 2052; baseline -0.003 -12"><span class='ocrx_word' id='word_1_391' title='bbox 2102 1986 2234 2040; x_wconf 84' lang='lat' dir='ltr'><strong>ferat</strong></span> <span class='ocrx_word' id='word_1_392' title='bbox 2264 1989 2457 2041; x_wconf 87' lang='lat' dir='ltr'><strong>aliena.</strong></span> <span class='ocrx_word' id='word_1_393' title='bbox 2492 1986 2587 2043; x_wconf 88' lang='lat' dir='ltr'><strong>Ubi</strong></span> <span class='ocrx_word' id='word_1_394' title='bbox 2614 1988 2796 2052; x_wconf 87' lang='lat' dir='ltr'><strong>libido,</strong></span> <span class='ocrx_word' id='word_1_395' title='bbox 2843 1989 2914 2042; x_wconf 89' lang='lat' dir='ltr'><strong>ibi</strong></span> <span class='ocrx_word' id='word_1_396' title='bbox 2945 1989 3131 2042; x_wconf 80' lang='lat' dir='ltr'><strong>dexter</strong></span> <span class='ocrx_word' id='word_1_397' title='bbox 3172 1986 3358 2040; x_wconf 79' lang='lat' dir='ltr'><strong>Oculus</strong></span> <span class='ocrx_word' id='word_1_398' title='bbox 3396 1988 3551 2038; x_wconf 80' lang='lat' dir='ltr'><strong>noxio</strong></span> <span class='ocrx_word' id='word_1_399' title='bbox 3580 1998 3668 2038; x_wconf 82' lang='lat' dir='ltr'><strong>as-</strong></span> 
     </span>
    </p>
   </div>
   <div class='ocr_carea' id='block_1_48' title="bbox 2104 2078 3662 2147">
    <p class='ocr_par' dir='ltr' id='par_1_48' title="bbox 2104 2078 3662 2147">
     <span class='ocr_line' id='line_1_48' title="bbox 2104 2078 3662 2147; baseline -0.001 -16"><span class='ocrx_word' id='word_1_400' title='bbox 2104 2088 2252 2146; x_wconf 87' lang='lat' dir='ltr'><strong>pectu</strong></span> <span class='ocrx_word' id='word_1_401' title='bbox 2276 2089 2529 2141; x_wconf 85' lang='lat' dir='ltr'><strong>armatus,</strong></span> <span class='ocrx_word' id='word_1_402' title='bbox 2544 2080 2629 2147; x_wconf 88' lang='lat' dir='ltr'><strong>qui</strong></span> <span class='ocrx_word' id='word_1_403' title='bbox 2649 2079 2912 2132; x_wconf 88' lang='lat' dir='ltr'><strong>modicum</strong></span> <span class='ocrx_word' id='word_1_404' title='bbox 2927 2080 3150 2133; x_wconf 88' lang='lat' dir='ltr'><strong>delectat</strong></span> <span class='ocrx_word' id='word_1_405' title='bbox 3168 2087 3221 2132; x_wconf 93' lang='lat' dir='ltr'><strong>et</strong></span> <span class='ocrx_word' id='word_1_406' title='bbox 3244 2078 3469 2130; x_wconf 86' lang='lat' dir='ltr'><strong>multum</strong></span> <span class='ocrx_word' id='word_1_407' title='bbox 3487 2091 3555 2129; x_wconf 91' lang='lat' dir='ltr'><strong>no</strong></span> <span class='ocrx_word' id='word_1_408' title='bbox 3588 2085 3662 2130; x_wconf 91' lang='lat' dir='ltr'><strong>et.</strong></span> 
     </span>
    </p>
   </div>
   <div class='ocr_carea' id='block_1_49' title="bbox 2104 2170 3670 2241">
    <p class='ocr_par' dir='ltr' id='par_1_49' title="bbox 2104 2170 3670 2241">
     <span class='ocr_line' id='line_1_49' title="bbox 2104 2170 3670 2241; baseline -0.002 -18"><span class='ocrx_word' id='word_1_409' title='bbox 2104 2171 2202 2236; x_wconf 83' lang='lat' dir='ltr'><strong>Qui</strong></span> <span class='ocrx_word' id='word_1_410' title='bbox 2230 2172 2413 2224; x_wconf 83' lang='lat' dir='ltr'><strong>viderit</strong></span> <span class='ocrx_word' id='word_1_411' title='bbox 2442 2173 2656 2241; x_wconf 88' lang='lat' dir='ltr'><strong>(inquit)</strong></span> <span class='ocrx_word' id='word_1_412' title='bbox 2686 2171 2957 2226; x_wconf 64' lang='lat' dir='ltr'><strong>mulierem</strong></span> <span class='ocrx_word' id='word_1_413' title='bbox 2980 2173 3047 2225; x_wconf 86' lang='lat' dir='ltr'><strong>ad</strong></span> <span class='ocrx_word' id='word_1_414' title='bbox 3071 2170 3525 2237; x_wconf 75' lang='lat' dir='ltr'><strong>comttpiscendum</strong></span> <span class='ocrx_word' id='word_1_415' title='bbox 3554 2185 3670 2221; x_wconf 80' lang='lat' dir='ltr'><strong>eam</strong></span> 
     </span>
    </p>
   </div>
   <div class='ocr_carea' id='block_1_50' title="bbox 2099 2261 3663 2332">
    <p class='ocr_par' dir='ltr' id='par_1_50' title="bbox 2099 2261 3663 2332">
     <span class='ocr_line' id='line_1_50' title="bbox 2099 2261 3663 2332; baseline 0.001 -17"><span class='ocrx_word' id='word_1_416' title='bbox 2099 2261 2402 2316; x_wconf 80' lang='lat' dir='ltr'><strong>adulteravit</strong></span> <span class='ocrx_word' id='word_1_417' title='bbox 2424 2280 2533 2316; x_wconf 85' lang='lat' dir='ltr'><strong>eam</strong></span> <span class='ocrx_word' id='word_1_418' title='bbox 2559 2265 2609 2316; x_wconf 85' lang='lat' dir='ltr'><strong>in</strong></span> <span class='ocrx_word' id='word_1_419' title='bbox 2632 2265 2781 2318; x_wconf 85' lang='lat' dir='ltr'><strong>corde</strong></span> <span class='ocrx_word' id='word_1_420' title='bbox 2808 2281 2902 2317; x_wconf 76' lang='lat' dir='ltr'><strong>suo</strong></span> <span class='ocrx_word' id='word_1_421' title='bbox 2922 2263 3135 2327; x_wconf 76' lang='lat' dir='ltr'><strong>(Matth.</strong></span> <span class='ocrx_word' id='word_1_422' title='bbox 3168 2264 3243 2332; x_wconf 89' lang='lat' dir='ltr'><strong>v).</strong></span> <span class='ocrx_word' id='word_1_423' title='bbox 3290 2262 3431 2317; x_wconf 85' lang='lat' dir='ltr'><strong>Vidit</strong></span> <span class='ocrx_word' id='word_1_424' title='bbox 3458 2266 3663 2325; x_wconf 81' lang='lat' dir='ltr'><strong>oculus.</strong></span> 
     </span>
    </p>
   </div>
   <div class='ocr_carea' id='block_1_51' title="bbox 2100 2353 3671 2423">
    <p class='ocr_par' dir='ltr' id='par_1_51' title="bbox 2100 2353 3671 2423">
     <span class='ocr_line' id='line_1_51' title="bbox 2100 2353 3671 2423; baseline -0.003 -14"><span class='ocrx_word' id='word_1_425' title='bbox 2100 2355 2399 2422; x_wconf 82' lang='lat' dir='ltr'><strong>Concupivit</strong></span> <span class='ocrx_word' id='word_1_426' title='bbox 2423 2355 2582 2408; x_wconf 85' lang='lat' dir='ltr'><strong>caro?</strong></span> <span class='ocrx_word' id='word_1_427' title='bbox 2597 2355 2830 2423; x_wconf 83' lang='lat' dir='ltr'><strong>peccavit</strong></span> <span class='ocrx_word' id='word_1_428' title='bbox 2849 2356 3042 2408; x_wconf 90' lang='lat' dir='ltr'><strong>anima.</strong></span> <span class='ocrx_word' id='word_1_429' title='bbox 3062 2354 3430 2409; x_wconf 88' lang='lat' dir='ltr'><strong>Flevititerum</strong></span> <span class='ocrx_word' id='word_1_430' title='bbox 3446 2353 3671 2408; x_wconf 78' lang='lat' dir='ltr'><strong>oculos?</strong></span> 
     </span>
    </p>
   </div>
   <div class='ocr_carea' id='block_1_52' title="bbox 2100 2445 3658 2511">
    <p class='ocr_par' dir='ltr' id='par_1_52' title="bbox 2100 2445 3658 2511">
     <span class='ocr_line' id='line_1_52' title="bbox 2100 2445 3658 2511; baseline -0.003 -9"><span class='ocrx_word' id='word_1_431' title='bbox 2100 2449 2272 2502; x_wconf 86' lang='lat' dir='ltr'><strong>abluta</strong></span> <span class='ocrx_word' id='word_1_432' title='bbox 2288 2457 2525 2511; x_wconf 79' lang='lat' dir='ltr'><strong>estcaro,</strong></span> <span class='ocrx_word' id='word_1_433' title='bbox 2551 2449 2787 2502; x_wconf 87' lang='lat' dir='ltr'><strong>absoluta</strong></span> <span class='ocrx_word' id='word_1_434' title='bbox 2812 2459 2891 2501; x_wconf 86' lang='lat' dir='ltr'><strong>est</strong></span> <span class='ocrx_word' id='word_1_435' title='bbox 2910 2451 3107 2501; x_wconf 71' lang='lat' dir='ltr'><strong>anima.</strong></span> <span class='ocrx_word' id='word_1_436' title='bbox 3126 2447 3355 2501; x_wconf 78' lang='lat' dir='ltr'><strong>Avaritia</strong></span> <span class='ocrx_word' id='word_1_437' title='bbox 3381 2445 3658 2499; x_wconf 84' lang='lat' dir='ltr'><strong>infandum</strong></span> 
     </span>
    </p>
   </div>
   <div class='ocr_carea' id='block_1_53' title="bbox 2098 2536 3662 2605">
    <p class='ocr_par' dir='ltr' id='par_1_53' title="bbox 2098 2536 3662 2605">
     <span class='ocr_line' id='line_1_53' title="bbox 2098 2536 3662 2605; baseline -0.003 -13"><span class='ocrx_word' id='word_1_438' title='bbox 2098 2551 2177 2592; x_wconf 87' lang='lat' dir='ltr'><strong>est</strong></span> <span class='ocrx_word' id='word_1_439' title='bbox 2210 2540 2392 2591; x_wconf 87' lang='lat' dir='ltr'><strong>vitium</strong></span> <span class='ocrx_word' id='word_1_440' title='bbox 2431 2540 2483 2592; x_wconf 90' lang='lat' dir='ltr'><strong>in</strong></span> <span class='ocrx_word' id='word_1_441' title='bbox 2513 2539 3007 2591; x_wconf 64' lang='lat' dir='ltr'><strong>hominibusnadix</strong></span> <span class='ocrx_word' id='word_1_442' title='bbox 3037 2547 3118 2591; x_wconf 86' lang='lat' dir='ltr'><strong>est</strong></span> <span class='ocrx_word' id='word_1_443' title='bbox 3148 2552 3251 2590; x_wconf 88' lang='lat' dir='ltr'><strong>una</strong></span> <span class='ocrx_word' id='word_1_444' title='bbox 3274 2537 3323 2590; x_wconf 90' lang='lat' dir='ltr'><strong>in</strong></span> <span class='ocrx_word' id='word_1_445' title='bbox 3354 2536 3662 2605; x_wconf 61' lang='lat' dir='ltr'><strong>praecordiis</strong></span> 
     </span>
    </p>
   </div>
   <div class='ocr_carea' id='block_1_54' title="bbox 2100 2627 3670 2698">
    <p class='ocr_par' dir='ltr' id='par_1_54' title="bbox 2100 2627 3670 2698">
     <span class='ocr_line' id='line_1_54' title="bbox 2100 2627 3670 2698; baseline -0.001 -17"><span class='ocrx_word' id='word_1_446' title='bbox 2100 2628 2199 2682; x_wconf 79' lang='lat' dir='ltr'><strong>lixa</strong></span> <span class='ocrx_word' id='word_1_447' title='bbox 2224 2645 2285 2682; x_wconf 80' lang='lat' dir='ltr'><strong>ex</strong></span> <span class='ocrx_word' id='word_1_448' title='bbox 2318 2644 2419 2698; x_wconf 86' lang='lat' dir='ltr'><strong>qua</strong></span> <span class='ocrx_word' id='word_1_449' title='bbox 2453 2629 2715 2694; x_wconf 78' lang='lat' dir='ltr'><strong>pullulant</strong></span> <span class='ocrx_word' id='word_1_450' title='bbox 2735 2631 2910 2681; x_wconf 88' lang='lat' dir='ltr'><strong>omnia</strong></span> <span class='ocrx_word' id='word_1_451' title='bbox 2937 2629 3090 2682; x_wconf 86' lang='lat' dir='ltr'><strong>mala.</strong></span> <span class='ocrx_word' id='word_1_452' title='bbox 3119 2627 3253 2695; x_wconf 83' lang='lat' dir='ltr'><strong>Quid</strong></span> <span class='ocrx_word' id='word_1_453' title='bbox 3296 2637 3379 2682; x_wconf 90' lang='lat' dir='ltr'><strong>est</strong></span> <span class='ocrx_word' id='word_1_454' title='bbox 3411 2627 3670 2681; x_wconf 80' lang='lat' dir='ltr'><strong>avaritia?</strong></span> 
     </span>
    </p>
   </div>
   <div class='ocr_carea' id='block_1_55' title="bbox 2096 2721 3662 2795">
    <p class='ocr_par' dir='ltr' id='par_1_55' title="bbox 2096 2721 3662 2795">
     <span class='ocr_line' id='line_1_55' title="bbox 2096 2721 3662 2795; baseline -0.002 -17"><span class='ocrx_word' id='word_1_455' title='bbox 2096 2722 2359 2795; x_wconf 75' lang='lat' dir='ltr'><strong>Cupiditas</strong></span> <span class='ocrx_word' id='word_1_456' title='bbox 2382 2725 2536 2778; x_wconf 72' lang='lat' dir='ltr'><strong>radix</strong></span> <span class='ocrx_word' id='word_1_457' title='bbox 2565 2725 2787 2777; x_wconf 85' lang='lat' dir='ltr'><strong>omnium</strong></span> <span class='ocrx_word' id='word_1_458' title='bbox 2817 2726 3061 2777; x_wconf 82' lang='lat' dir='ltr'><strong>malorum</strong></span> <span class='ocrx_word' id='word_1_459' title='bbox 3096 2721 3151 2789; x_wconf 85' lang='lat' dir='ltr'><strong>(l</strong></span> <span class='ocrx_word' id='word_1_460' title='bbox 3178 2722 3309 2776; x_wconf 88' lang='lat' dir='ltr'><strong>Tim.</strong></span> <span class='ocrx_word' id='word_1_461' title='bbox 3336 2721 3428 2785; x_wconf 80' lang='lat' dir='ltr'><strong>v1).</strong></span> <span class='ocrx_word' id='word_1_462' title='bbox 3452 2721 3527 2775; x_wconf 87' lang='lat' dir='ltr'><strong>De</strong></span> <span class='ocrx_word' id='word_1_463' title='bbox 3564 2721 3662 2775; x_wconf 73' lang='lat' dir='ltr'><strong>ista</strong></span> 
     </span>
    </p>
   </div>
   <div class='ocr_carea' id='block_1_56' title="bbox 2098 2814 3663 2885">
    <p class='ocr_par' dir='ltr' id='par_1_56' title="bbox 2098 2814 3663 2885">
     <span class='ocr_line' id='line_1_56' title="bbox 2098 2814 3663 2885; baseline -0.003 -13"><span class='ocrx_word' id='word_1_464' title='bbox 2098 2817 2276 2873; x_wconf 84' lang='lat' dir='ltr'><strong>radice</strong></span> <span class='ocrx_word' id='word_1_465' title='bbox 2323 2828 2615 2882; x_wconf 80' lang='lat' dir='ltr'><strong>exsurgunt</strong></span> <span class='ocrx_word' id='word_1_466' title='bbox 2643 2817 2941 2883; x_wconf 81' lang='lat' dir='ltr'><strong>mendacia,</strong></span> <span class='ocrx_word' id='word_1_467' title='bbox 2991 2816 3234 2870; x_wconf 90' lang='lat' dir='ltr'><strong>oriuntur</strong></span> <span class='ocrx_word' id='word_1_468' title='bbox 3274 2814 3525 2885; x_wconf 79' lang='lat' dir='ltr'><strong>petjuria.</strong></span> <span class='ocrx_word' id='word_1_469' title='bbox 3563 2814 3663 2879; x_wconf 86' lang='lat' dir='ltr'><strong>Qui</strong></span> 
     </span>
    </p>
   </div>
   <div class='ocr_carea' id='block_1_57' title="bbox 2097 2906 3652 2977">
    <p class='ocr_par' dir='ltr' id='par_1_57' title="bbox 2097 2906 3652 2977">
     <span class='ocr_line' id='line_1_57' title="bbox 2097 2906 3652 2977; baseline -0.001 -14"><span class='ocrx_word' id='word_1_470' title='bbox 2097 2909 2239 2963; x_wconf 89' lang='lat' dir='ltr'><strong>enim</strong></span> <span class='ocrx_word' id='word_1_471' title='bbox 2270 2919 2349 2963; x_wconf 89' lang='lat' dir='ltr'><strong>est</strong></span> <span class='ocrx_word' id='word_1_472' title='bbox 2370 2918 2459 2961; x_wconf 87' lang='lat' dir='ltr'><strong>aut</strong></span> <span class='ocrx_word' id='word_1_473' title='bbox 2482 2908 2790 2975; x_wconf 76' lang='lat' dir='ltr'><strong>di-tractor,</strong></span> <span class='ocrx_word' id='word_1_474' title='bbox 2822 2920 2911 2963; x_wconf 88' lang='lat' dir='ltr'><strong>aut</strong></span> <span class='ocrx_word' id='word_1_475' title='bbox 2939 2920 3146 2975; x_wconf 80' lang='lat' dir='ltr'><strong>emptor</strong></span> <span class='ocrx_word' id='word_1_476' title='bbox 3174 2925 3188 2974; x_wconf 91' lang='lat'><strong>;</strong></span> <span class='ocrx_word' id='word_1_477' title='bbox 3215 2909 3301 2977; x_wconf 91' lang='lat' dir='ltr'><strong>qui</strong></span> <span class='ocrx_word' id='word_1_478' title='bbox 3328 2907 3458 2961; x_wconf 91' lang='lat' dir='ltr'><strong>lucri</strong></span> <span class='ocrx_word' id='word_1_479' title='bbox 3487 2906 3652 2968; x_wconf 68' lang='lat' dir='ltr'><strong>gratia</strong></span> 
     </span>
    </p>
   </div>
   <div class='ocr_carea' id='block_1_58' title="bbox 2099 2999 3667 3071">
    <p class='ocr_par' dir='ltr' id='par_1_58' title="bbox 2099 2999 3667 3071">
     <span class='ocr_line' id='line_1_58' title="bbox 2099 2999 3667 3071; baseline 0.001 -19"><span class='ocrx_word' id='word_1_480' title='bbox 2099 2999 2257 3053; x_wconf 89' lang='lat' dir='ltr'><strong>habet</strong></span> <span class='ocrx_word' id='word_1_481' title='bbox 2283 3000 2348 3054; x_wconf 90' lang='lat' dir='ltr'><strong>de</strong></span> <span class='ocrx_word' id='word_1_482' title='bbox 2370 2999 2655 3066; x_wconf 79' lang='lat' dir='ltr'><strong>cupiditate</strong></span> <span class='ocrx_word' id='word_1_483' title='bbox 2682 3007 2956 3065; x_wconf 79' lang='lat' dir='ltr'><strong>tractatus,</strong></span> <span class='ocrx_word' id='word_1_484' title='bbox 2980 3015 3153 3054; x_wconf 89' lang='lat' dir='ltr'><strong>nonne</strong></span> <span class='ocrx_word' id='word_1_485' title='bbox 3186 3001 3493 3071; x_wconf 84' lang='lat' dir='ltr'><strong>plerumque</strong></span> <span class='ocrx_word' id='word_1_486' title='bbox 3513 3000 3667 3070; x_wconf 66' lang='lat' dir='ltr'><strong>pejeo</strong></span> 
     </span>
    </p>
   </div>
   <div class='ocr_carea' id='block_1_59' title="bbox 2098 3090 3661 3161">
    <p class='ocr_par' dir='ltr' id='par_1_59' title="bbox 2098 3090 3661 3161">
     <span class='ocr_line' id='line_1_59' title="bbox 2098 3090 3661 3161; baseline -0.001 -16"><span class='ocrx_word' id='word_1_487' title='bbox 2098 3100 2197 3155; x_wconf 88' lang='lat' dir='ltr'><strong>rat,</strong></span> <span class='ocrx_word' id='word_1_488' title='bbox 2230 3107 2372 3161; x_wconf 76' lang='lat' dir='ltr'><strong>saepe</strong></span> <span class='ocrx_word' id='word_1_489' title='bbox 2404 3091 2698 3145; x_wconf 81' lang='lat' dir='ltr'><strong>mentitur?</strong></span> <span class='ocrx_word' id='word_1_490' title='bbox 2726 3092 2840 3145; x_wconf 89' lang='lat' dir='ltr'><strong>sine</strong></span> <span class='ocrx_word' id='word_1_491' title='bbox 2872 3090 2970 3145; x_wconf 90' lang='lat' dir='ltr'><strong>hoc</strong></span> <span class='ocrx_word' id='word_1_492' title='bbox 2998 3090 3125 3144; x_wconf 77' lang='lat' dir='ltr'><strong>vitio</strong></span> <span class='ocrx_word' id='word_1_493' title='bbox 3149 3092 3444 3161; x_wconf 78' lang='lat' dir='ltr'><strong>negotiator</strong></span> <span class='ocrx_word' id='word_1_494' title='bbox 3471 3104 3559 3144; x_wconf 83' lang='lat' dir='ltr'><strong>aut</strong></span> <span class='ocrx_word' id='word_1_495' title='bbox 3581 3106 3661 3144; x_wconf 63' lang='lat' dir='ltr'><strong>ra.</strong></span> 
     </span>
    </p>
   </div>
   <div class='ocr_carea' id='block_1_60' title="bbox 424 3165 3662 3251">
    <p class='ocr_par' dir='ltr' id='par_1_60' title="bbox 424 3165 3662 3251">
     <span class='ocr_line' id='line_1_60' title="bbox 424 3165 3662 3251; baseline 0.003 -25"><span class='ocrx_word' id='word_1_496' title='bbox 424 3171 581 3239; x_wconf 84' lang='lat' dir='ltr'><strong>felis;</strong></span> <span class='ocrx_word' id='word_1_497' title='bbox 615 3186 662 3229; x_wconf 91' lang='lat' dir='ltr'><strong>et</strong></span> <span class='ocrx_word' id='word_1_498' title='bbox 697 3176 833 3243; x_wconf 91' lang='lat' dir='ltr'><strong>quod</strong></span> <span class='ocrx_word' id='word_1_499' title='bbox 863 3175 953 3231; x_wconf 85' lang='lat' dir='ltr'><strong>fuit</strong></span> <span class='ocrx_word' id='word_1_500' title='bbox 980 3179 1134 3235; x_wconf 87' lang='lat' dir='ltr'><strong>dulce</strong></span> <span class='ocrx_word' id='word_1_501' title='bbox 1158 3180 1221 3233; x_wconf 90' lang='lat' dir='ltr'><strong>ad</strong></span> <span class='ocrx_word' id='word_1_502' title='bbox 1275 3193 1481 3250; x_wconf 85' lang='lat' dir='ltr'><strong>tempus</strong></span> <span class='ocrx_word' id='word_1_503' title='bbox 1511 3228 1525 3250; x_wconf 95' lang='lat'><strong>,</strong></span> <span class='ocrx_word' id='word_1_504' title='bbox 1572 3184 1627 3237; x_wconf 86' lang='lat' dir='ltr'><strong>fit</strong></span> <span class='ocrx_word' id='word_1_505' title='bbox 1658 3200 1898 3239; x_wconf 76' lang='lat' dir='ltr'><strong>amarum</strong></span> <span class='ocrx_word' id='word_1_506' title='bbox 1939 3188 1990 3241; x_wconf 91' lang='lat' dir='ltr'><strong>in</strong></span> <span class='ocrx_word' id='word_1_507' title='bbox 2022 3165 2069 3226; x_wconf 67' lang='grc' dir='ltr'><strong>(ἶ</strong></span> <span class='ocrx_word' id='word_1_508' title='bbox 2103 3199 2190 3237; x_wconf 88' lang='lat' dir='ltr'><strong>rus</strong></span> <span class='ocrx_word' id='word_1_509' title='bbox 2219 3191 2309 3236; x_wconf 89' lang='lat' dir='ltr'><strong>aut</strong></span> <span class='ocrx_word' id='word_1_510' title='bbox 2334 3182 2508 3238; x_wconf 90' lang='lat' dir='ltr'><strong>nullus</strong></span> <span class='ocrx_word' id='word_1_511' title='bbox 2537 3193 2637 3237; x_wconf 89' lang='lat' dir='ltr'><strong>est.</strong></span> <span class='ocrx_word' id='word_1_512' title='bbox 2682 3182 2747 3235; x_wconf 86' lang='lat' dir='ltr'><strong>Et</strong></span> <span class='ocrx_word' id='word_1_513' title='bbox 2772 3182 2895 3251; x_wconf 90' lang='lat' dir='ltr'><strong>quid</strong></span> <span class='ocrx_word' id='word_1_514' title='bbox 2945 3182 3065 3235; x_wconf 93' lang='lat' dir='ltr'><strong>dico</strong></span> <span class='ocrx_word' id='word_1_515' title='bbox 3097 3182 3479 3250; x_wconf 77' lang='lat' dir='ltr'><strong>negotiatorem</strong></span> <span class='ocrx_word' id='word_1_516' title='bbox 3510 3222 3525 3247; x_wconf 92' lang='lat'><strong>,</strong></span> <span class='ocrx_word' id='word_1_517' title='bbox 3561 3182 3662 3236; x_wconf 74' lang='grc' dir='ltr'><strong><em>ἱππ-ι</em></strong></span> 
     </span>
    </p>
   </div>
   <div class='ocr_carea' id='block_1_61' title="bbox 429 3264 1995 3335">
    <p class='ocr_par' dir='ltr' id='par_1_61' title="bbox 429 3264 1995 3335">
     <span class='ocr_line' id='line_1_61' title="bbox 429 3264 1995 3335; baseline 0.008 -19"><span class='ocrx_word' id='word_1_518' title='bbox 429 3265 556 3316; x_wconf 79' lang='lat' dir='ltr'><strong>line.</strong></span> <span class='ocrx_word' id='word_1_519' title='bbox 602 3264 817 3319; x_wconf 76' lang='lat' dir='ltr'><strong>Festina</strong></span> <span class='ocrx_word' id='word_1_520' title='bbox 855 3267 1031 3335; x_wconf 83' lang='lat' dir='ltr'><strong>igitur,</strong></span> <span class='ocrx_word' id='word_1_521' title='bbox 1062 3277 1115 3323; x_wconf 88' lang='lat' dir='ltr'><strong>et</strong></span> <span class='ocrx_word' id='word_1_522' title='bbox 1145 3286 1212 3325; x_wconf 91' lang='lat' dir='ltr'><strong>ne</strong></span> <span class='ocrx_word' id='word_1_523' title='bbox 1257 3271 1440 3326; x_wconf 88' lang='lat' dir='ltr'><strong>tardus</strong></span> <span class='ocrx_word' id='word_1_524' title='bbox 1492 3274 1690 3328; x_wconf 77' lang='lat' dir='ltr'><strong>existas</strong></span> <span class='ocrx_word' id='word_1_525' title='bbox 1730 3277 1794 3328; x_wconf 86' lang='lat' dir='ltr'><strong>ad</strong></span> <span class='ocrx_word' id='word_1_526' title='bbox 1826 3279 1995 3331; x_wconf 56' lang='lat' dir='ltr'><strong>corri.</strong></span> 
     </span>
    </p>
   </div>
   <div class='ocr_carea' id='block_1_62' title="bbox 423 3353 1994 3436">
    <p class='ocr_par' dir='ltr' id='par_1_62' title="bbox 423 3353 1994 3436">
     <span class='ocr_line' id='line_1_62' title="bbox 423 3353 1994 3436; baseline 0.012 -31"><span class='ocrx_word' id='word_1_527' title='bbox 423 3353 653 3415; x_wconf 65' lang='lat' dir='ltr'><strong>nendum</strong></span> <span class='ocrx_word' id='word_1_528' title='bbox 688 3366 738 3409; x_wconf 90' lang='lat' dir='ltr'><strong>te</strong></span> <span class='ocrx_word' id='word_1_529' title='bbox 756 3357 821 3411; x_wconf 91' lang='lat' dir='ltr'><strong>de</strong></span> <span class='ocrx_word' id='word_1_530' title='bbox 845 3359 975 3413; x_wconf 83' lang='lat' dir='ltr'><strong>sinis</strong></span> <span class='ocrx_word' id='word_1_531' title='bbox 1005 3374 1063 3413; x_wconf 90' lang='lat' dir='ltr'><strong>ro</strong></span> <span class='ocrx_word' id='word_1_532' title='bbox 1110 3361 1159 3414; x_wconf 92' lang='lat' dir='ltr'><strong>in</strong></span> <span class='ocrx_word' id='word_1_533' title='bbox 1189 3362 1454 3417; x_wconf 84' lang='lat' dir='ltr'><strong>dextrum.</strong></span> <span class='ocrx_word' id='word_1_534' title='bbox 1483 3364 1729 3420; x_wconf 70' lang='lat' dir='ltr'><strong>Cecidisti</strong></span> <span class='ocrx_word' id='word_1_535' title='bbox 1759 3383 1852 3436; x_wconf 90' lang='lat' dir='ltr'><strong>per</strong></span> <span class='ocrx_word' id='word_1_536' title='bbox 1872 3385 1994 3423; x_wconf 81' lang='lat' dir='ltr'><strong>ccu-</strong></span> 
     </span>
    </p>
   </div>
   <div class='ocr_carea' id='block_1_63' title="bbox 424 3445 1993 3530">
    <p class='ocr_par' dir='ltr' id='par_1_63' title="bbox 424 3445 1993 3530">
     <span class='ocr_line' id='line_1_63' title="bbox 424 3445 1993 3530; baseline 0.011 -31"><span class='ocrx_word' id='word_1_537' title='bbox 424 3445 531 3499; x_wconf 88' lang='lat' dir='ltr'><strong>lum</strong></span> <span class='ocrx_word' id='word_1_538' title='bbox 558 3464 570 3496; x_wconf 91' lang='lat'><strong>:</strong></span> <span class='ocrx_word' id='word_1_539' title='bbox 601 3451 979 3504; x_wconf 81' lang='lat' dir='ltr'><strong>contaminavit</strong></span> <span class='ocrx_word' id='word_1_540' title='bbox 1031 3462 1080 3508; x_wconf 89' lang='lat' dir='ltr'><strong>te</strong></span> <span class='ocrx_word' id='word_1_541' title='bbox 1118 3466 1337 3523; x_wconf 83' lang='lat' dir='ltr'><strong>aspectu</strong></span> <span class='ocrx_word' id='word_1_542' title='bbox 1389 3472 1487 3511; x_wconf 84' lang='lat' dir='ltr'><strong>suo</strong></span> <span class='ocrx_word' id='word_1_543' title='bbox 1534 3458 1751 3513; x_wconf 79' lang='lat' dir='ltr'><strong>?ablnat</strong></span> <span class='ocrx_word' id='word_1_544' title='bbox 1782 3472 1831 3514; x_wconf 91' lang='lat' dir='ltr'><strong>te</strong></span> <span class='ocrx_word' id='word_1_545' title='bbox 1859 3476 1993 3530; x_wconf 78' lang='lat' dir='ltr'><strong>aqua</strong></span> 
     </span>
    </p>
   </div>
   <div class='ocr_carea' id='block_1_64' title="bbox 420 3540 1993 3621">
    <p class='ocr_par' dir='ltr' id='par_1_64' title="bbox 420 3540 1993 3621">
     <span class='ocr_line' id='line_1_64' title="bbox 420 3540 1993 3621; baseline 0.01 -30"><span class='ocrx_word' id='word_1_546' title='bbox 420 3554 535 3594; x_wconf 83' lang='lat' dir='ltr'><strong>sua.</strong></span> <span class='ocrx_word' id='word_1_547' title='bbox 572 3540 774 3597; x_wconf 76' lang='lat' dir='ltr'><strong>induxit</strong></span> <span class='ocrx_word' id='word_1_548' title='bbox 808 3544 857 3599; x_wconf 90' lang='lat' dir='ltr'><strong>in</strong></span> <span class='ocrx_word' id='word_1_549' title='bbox 892 3555 942 3601; x_wconf 91' lang='lat' dir='ltr'><strong>te</strong></span> <span class='ocrx_word' id='word_1_550' title='bbox 977 3546 1254 3615; x_wconf 84' lang='lat' dir='ltr'><strong>laqueum?</strong></span> <span class='ocrx_word' id='word_1_551' title='bbox 1276 3558 1430 3604; x_wconf 91' lang='lat' dir='ltr'><strong>eruat</strong></span> <span class='ocrx_word' id='word_1_552' title='bbox 1458 3561 1508 3606; x_wconf 90' lang='lat' dir='ltr'><strong>te</strong></span> <span class='ocrx_word' id='word_1_553' title='bbox 1540 3552 1605 3605; x_wconf 88' lang='lat' dir='ltr'><strong>de</strong></span> <span class='ocrx_word' id='word_1_554' title='bbox 1637 3552 1865 3621; x_wconf 81' lang='lat' dir='ltr'><strong>laqueo:</strong></span> <span class='ocrx_word' id='word_1_555' title='bbox 1896 3556 1993 3607; x_wconf 80' lang='lat' dir='ltr'><strong>ha-</strong></span> 
     </span>
    </p>
   </div>
   <div class='ocr_carea' id='block_1_65' title="bbox 421 3630 1991 3717">
    <p class='ocr_par' dir='ltr' id='par_1_65' title="bbox 421 3630 1991 3717">
     <span class='ocr_line' id='line_1_65' title="bbox 421 3630 1991 3717; baseline 0.011 -32"><span class='ocrx_word' id='word_1_556' title='bbox 421 3630 511 3685; x_wconf 89' lang='lat' dir='ltr'><strong>bet</strong></span> <span class='ocrx_word' id='word_1_557' title='bbox 539 3636 679 3688; x_wconf 90' lang='lat' dir='ltr'><strong>cnim</strong></span> <span class='ocrx_word' id='word_1_558' title='bbox 708 3636 757 3688; x_wconf 91' lang='lat' dir='ltr'><strong>in</strong></span> <span class='ocrx_word' id='word_1_559' title='bbox 786 3652 845 3691; x_wconf 87' lang='lat' dir='ltr'><strong>se</strong></span> <span class='ocrx_word' id='word_1_560' title='bbox 869 3651 1113 3707; x_wconf 85' lang='lat' dir='ltr'><strong>maguum</strong></span> <span class='ocrx_word' id='word_1_561' title='bbox 1142 3642 1489 3712; x_wconf 84' lang='lat' dir='ltr'><strong>lacrymantm</strong></span> <span class='ocrx_word' id='word_1_562' title='bbox 1508 3644 1781 3702; x_wconf 78' lang='lat' dir='ltr'><strong>auxilium.</strong></span> <span class='ocrx_word' id='word_1_563' title='bbox 1815 3646 1991 3717; x_wconf 85' lang='lat' dir='ltr'><strong>impu-</strong></span> 
     </span>
    </p>
   </div>
   <div class='ocr_carea' id='block_1_66' title="bbox 424 3724 1993 3802">
    <p class='ocr_par' dir='ltr' id='par_1_66' title="bbox 424 3724 1993 3802">
     <span class='ocr_line' id='line_1_66' title="bbox 424 3724 1993 3802; baseline 0.01 -24"><span class='ocrx_word' id='word_1_564' title='bbox 424 3724 482 3778; x_wconf 90' lang='lat' dir='ltr'><strong>lit</strong></span> <span class='ocrx_word' id='word_1_565' title='bbox 513 3734 561 3778; x_wconf 83' lang='lat' dir='ltr'><strong>tc</strong></span> <span class='ocrx_word' id='word_1_566' title='bbox 578 3729 827 3781; x_wconf 86' lang='lat' dir='ltr'><strong>obscenis</strong></span> <span class='ocrx_word' id='word_1_567' title='bbox 856 3731 1169 3787; x_wconf 70' lang='lat' dir='ltr'><strong>sordescere</strong></span> <span class='ocrx_word' id='word_1_568' title='bbox 1198 3734 1429 3797; x_wconf 86' lang='lat' dir='ltr'><strong>actibus,</strong></span> <span class='ocrx_word' id='word_1_569' title='bbox 1464 3736 1709 3802; x_wconf 67' lang='lat' dir='ltr'><strong>turpique</strong></span> <span class='ocrx_word' id='word_1_570' title='bbox 1738 3753 1993 3794; x_wconf 91' lang='lat' dir='ltr'><strong>mucrone</strong></span> 
     </span>
    </p>
   </div>
   <div class='ocr_carea' id='block_1_67' title="bbox 432 3818 1990 3897">
    <p class='ocr_par' dir='ltr' id='par_1_67' title="bbox 432 3818 1990 3897">
     <span class='ocr_line' id='line_1_67' title="bbox 432 3818 1990 3897; baseline 0.012 -31"><span class='ocrx_word' id='word_1_571' title='bbox 432 3826 586 3882; x_wconf 78' lang='lat' dir='ltr'><strong>taput</strong></span> <span class='ocrx_word' id='word_1_572' title='bbox 616 3818 861 3885; x_wconf 79' lang='lat' dir='ltr'><strong>abscidit,</strong></span> <span class='ocrx_word' id='word_1_573' title='bbox 895 3820 943 3874; x_wconf 92' lang='lat' dir='ltr'><strong>id</strong></span> <span class='ocrx_word' id='word_1_574' title='bbox 971 3832 1052 3875; x_wconf 87' lang='lat' dir='ltr'><strong>est</strong></span> <span class='ocrx_word' id='word_1_575' title='bbox 1081 3824 1304 3877; x_wconf 76' lang='lat' dir='ltr'><strong>avaritia</strong></span> <span class='ocrx_word' id='word_1_576' title='bbox 1352 3834 1443 3878; x_wconf 85' lang='lat' dir='ltr'><strong>aut</strong></span> <span class='ocrx_word' id='word_1_577' title='bbox 1473 3826 1730 3881; x_wconf 87' lang='lat' dir='ltr'><strong>libidine?</strong></span> <span class='ocrx_word' id='word_1_578' title='bbox 1754 3829 1883 3897; x_wconf 80' lang='lat' dir='ltr'><strong>Age,</strong></span> <span class='ocrx_word' id='word_1_579' title='bbox 1913 3840 1990 3886; x_wconf 90' lang='lat' dir='ltr'><strong>tu.</strong></span> 
     </span>
    </p>
   </div>
   <div class='ocr_carea' id='block_1_68' title="bbox 432 3912 1993 3984">
    <p class='ocr_par' dir='ltr' id='par_1_68' title="bbox 432 3912 1993 3984">
     <span class='ocr_line' id='line_1_68' title="bbox 432 3912 1993 3984; baseline 0.013 -30"><span class='ocrx_word' id='word_1_580' title='bbox 432 3922 628 3963; x_wconf 65' lang='lat' dir='ltr'><strong>exerce</strong></span> <span class='ocrx_word' id='word_1_581' title='bbox 657 3920 706 3962; x_wconf 91' lang='lat' dir='ltr'><strong>te</strong></span> <span class='ocrx_word' id='word_1_582' title='bbox 741 3920 924 3965; x_wconf 88' lang='lat' dir='ltr'><strong>contra</strong></span> <span class='ocrx_word' id='word_1_583' title='bbox 959 3912 1112 3967; x_wconf 88' lang='lat' dir='ltr'><strong>talem</strong></span> <span class='ocrx_word' id='word_1_584' title='bbox 1143 3913 1353 3969; x_wconf 92' lang='lat' dir='ltr'><strong>oculum</strong></span> <span class='ocrx_word' id='word_1_585' title='bbox 1385 3932 1398 3978; x_wconf 88' lang='lat'><strong>;</strong></span> <span class='ocrx_word' id='word_1_586' title='bbox 1441 3918 1585 3984; x_wconf 71' lang='lat' dir='ltr'><strong>erige</strong></span> <span class='ocrx_word' id='word_1_587' title='bbox 1619 3929 1669 3972; x_wconf 88' lang='lat' dir='ltr'><strong>te</strong></span> <span class='ocrx_word' id='word_1_588' title='bbox 1693 3930 1875 3973; x_wconf 89' lang='lat' dir='ltr'><strong>contra</strong></span> <span class='ocrx_word' id='word_1_589' title='bbox 1907 3934 1993 3974; x_wconf 85' lang='lat' dir='ltr'><strong>as-</strong></span> 
     </span>
    </p>
   </div>
   <div class='ocr_carea' id='block_1_69' title="bbox 422 4003 1988 4077">
    <p class='ocr_par' dir='ltr' id='par_1_69' title="bbox 422 4003 1988 4077">
     <span class='ocr_line' id='line_1_69' title="bbox 422 4003 1988 4077; baseline 0.008 -26"><span class='ocrx_word' id='word_1_590' title='bbox 422 4009 630 4067; x_wconf 85' lang='lat' dir='ltr'><strong>pectum</strong></span> <span class='ocrx_word' id='word_1_591' title='bbox 657 4011 823 4066; x_wconf 76' lang='lat' dir='ltr'><strong>tuum,</strong></span> <span class='ocrx_word' id='word_1_592' title='bbox 845 4003 979 4074; x_wconf 80' lang='lat' dir='ltr'><strong>agita</strong></span> <span class='ocrx_word' id='word_1_593' title='bbox 1012 4006 1187 4059; x_wconf 68' lang='lat' dir='ltr'><strong>cordis</strong></span> <span class='ocrx_word' id='word_1_594' title='bbox 1220 4007 1292 4059; x_wconf 87' lang='lat' dir='ltr'><strong>tul</strong></span> <span class='ocrx_word' id='word_1_595' title='bbox 1344 4024 1506 4065; x_wconf 82' lang='lat' dir='ltr'><strong>venas</strong></span> <span class='ocrx_word' id='word_1_596' title='bbox 1537 4025 1653 4077; x_wconf 75' lang='lat' dir='ltr'><strong>qua:</strong></span> <span class='ocrx_word' id='word_1_597' title='bbox 1684 4011 1902 4064; x_wconf 87' lang='lat' dir='ltr'><strong>tendunt</strong></span> <span class='ocrx_word' id='word_1_598' title='bbox 1924 4012 1988 4064; x_wconf 90' lang='lat' dir='ltr'><strong>ad</strong></span> 
     </span>
    </p>
   </div>
   <div class='ocr_carea' id='block_1_70' title="bbox 416 4091 1986 4170">
    <p class='ocr_par' dir='ltr' id='par_1_70' title="bbox 416 4091 1986 4170">
     <span class='ocr_line' id='line_1_70' title="bbox 416 4091 1986 4170; baseline 0.01 -29"><span class='ocrx_word' id='word_1_599' title='bbox 416 4091 650 4155; x_wconf 82' lang='lat' dir='ltr'><strong>oculum,</strong></span> <span class='ocrx_word' id='word_1_600' title='bbox 681 4101 734 4145; x_wconf 75' lang='lat' dir='ltr'><strong>et</strong></span> <span class='ocrx_word' id='word_1_601' title='bbox 760 4092 843 4147; x_wconf 86' lang='lat' dir='ltr'><strong>dic</strong></span> <span class='ocrx_word' id='word_1_602' title='bbox 877 4095 978 4146; x_wconf 88' lang='lat' dir='ltr'><strong>illi:</strong></span> <span class='ocrx_word' id='word_1_603' title='bbox 1006 4095 1191 4159; x_wconf 84' lang='lat' dir='ltr'><strong>Ocnle,</strong></span> <span class='ocrx_word' id='word_1_604' title='bbox 1211 4098 1274 4149; x_wconf 81' lang='lat' dir='ltr'><strong>ad</strong></span> <span class='ocrx_word' id='word_1_605' title='bbox 1308 4110 1356 4151; x_wconf 86' lang='lat' dir='ltr'><strong>te</strong></span> <span class='ocrx_word' id='word_1_606' title='bbox 1388 4113 1621 4163; x_wconf 86' lang='lat' dir='ltr'><strong>recurro,</strong></span> <span class='ocrx_word' id='word_1_607' title='bbox 1646 4100 1738 4154; x_wconf 85' lang='lat' dir='ltr'><strong>tibi</strong></span> <span class='ocrx_word' id='word_1_608' title='bbox 1769 4102 1986 4170; x_wconf 83' lang='lat' dir='ltr'><strong>imputo!</strong></span> 
     </span>
    </p>
   </div>
   <div class='ocr_carea' id='block_1_71' title="bbox 415 4184 1986 4259">
    <p class='ocr_par' dir='ltr' id='par_1_71' title="bbox 415 4184 1986 4259">
     <span class='ocr_line' id='line_1_71' title="bbox 415 4184 1986 4259; baseline 0.006 -23"><span class='ocrx_word' id='word_1_609' title='bbox 415 4198 552 4237; x_wconf 64' lang='lat' dir='ltr'><strong>exue</strong></span> <span class='ocrx_word' id='word_1_610' title='bbox 579 4184 1033 4251; x_wconf 75' lang='lat' dir='ltr'><strong>qutnlimplicasti.</strong></span> <span class='ocrx_word' id='word_1_611' title='bbox 1070 4187 1145 4241; x_wconf 83' lang='lat' dir='ltr'><strong>Tu</strong></span> <span class='ocrx_word' id='word_1_612' title='bbox 1178 4204 1262 4242; x_wconf 93' lang='lat' dir='ltr'><strong>me</strong></span> <span class='ocrx_word' id='word_1_613' title='bbox 1292 4190 1431 4242; x_wconf 59' lang='lat' dir='ltr'><strong>vuln:</strong></span> <span class='ocrx_word' id='word_1_614' title='bbox 1453 4192 1600 4253; x_wconf 88' lang='lat' dir='ltr'><strong>rasti,</strong></span> <span class='ocrx_word' id='word_1_615' title='bbox 1632 4202 1683 4244; x_wconf 88' lang='lat' dir='ltr'><strong>tu</strong></span> <span class='ocrx_word' id='word_1_616' title='bbox 1711 4208 1792 4244; x_wconf 75' lang='lat' dir='ltr'><strong>me</strong></span> <span class='ocrx_word' id='word_1_617' title='bbox 1814 4210 1938 4247; x_wconf 87' lang='lat' dir='ltr'><strong>sana</strong></span> <span class='ocrx_word' id='word_1_618' title='bbox 1972 4211 1986 4259; x_wconf 87' lang='lat'><strong>;</strong></span> 
     </span>
    </p>
   </div>
   <div class='ocr_carea' id='block_1_72' title="bbox 422 4275 1984 4353">
    <p class='ocr_par' dir='ltr' id='par_1_72' title="bbox 422 4275 1984 4353">
     <span class='ocr_line' id='line_1_72' title="bbox 422 4275 1984 4353; baseline 0.008 -28"><span class='ocrx_word' id='word_1_619' title='bbox 422 4282 478 4325; x_wconf 88' lang='lat' dir='ltr'><strong>tu</strong></span> <span class='ocrx_word' id='word_1_620' title='bbox 511 4290 594 4326; x_wconf 92' lang='lat' dir='ltr'><strong>me</strong></span> <span class='ocrx_word' id='word_1_621' title='bbox 628 4275 888 4342; x_wconf 63' lang='lat' dir='ltr'><strong>polluisti,</strong></span> <span class='ocrx_word' id='word_1_622' title='bbox 911 4288 961 4330; x_wconf 87' lang='lat' dir='ltr'><strong>tu</strong></span> <span class='ocrx_word' id='word_1_623' title='bbox 987 4293 1070 4331; x_wconf 90' lang='lat' dir='ltr'><strong>me</strong></span> <span class='ocrx_word' id='word_1_624' title='bbox 1091 4278 1655 4349; x_wconf 85' lang='lat' dir='ltr'><strong>purilica:abluequod</strong></span> <span class='ocrx_word' id='word_1_625' title='bbox 1679 4279 1984 4353; x_wconf 61' lang='lat' dir='ltr'><strong>inquittas‘i,</strong></span> 
     </span>
    </p>
   </div>
   <div class='ocr_carea' id='block_1_73' title="bbox 327 4366 1988 4442">
    <p class='ocr_par' dir='ltr' id='par_1_73' title="bbox 327 4366 1988 4442">
     <span class='ocr_line' id='line_1_73' title="bbox 327 4366 1988 4442; baseline 0.01 -25"><span class='ocrx_word' id='word_1_626' title='bbox 327 4419 337 4430; x_wconf 63' lang='grc'>,</span> <span class='ocrx_word' id='word_1_627' title='bbox 412 4366 560 4431; x_wconf 71' lang='lat' dir='ltr'><strong>erige</strong></span> <span class='ocrx_word' id='word_1_628' title='bbox 589 4367 726 4435; x_wconf 77' lang='lat' dir='ltr'><strong>quod</strong></span> <span class='ocrx_word' id='word_1_629' title='bbox 774 4368 982 4431; x_wconf 79' lang='lat' dir='ltr'><strong>elisisti.</strong></span> <span class='ocrx_word' id='word_1_630' title='bbox 1030 4369 1242 4439; x_wconf 89' lang='lat' dir='ltr'><strong>corripe</strong></span> <span class='ocrx_word' id='word_1_631' title='bbox 1283 4373 1420 4441; x_wconf 89' lang='lat' dir='ltr'><strong>quod</strong></span> <span class='ocrx_word' id='word_1_632' title='bbox 1445 4376 1679 4428; x_wconf 83' lang='lat' dir='ltr'><strong>evertisti</strong></span> <span class='ocrx_word' id='word_1_633' title='bbox 1706 4418 1720 4442; x_wconf 92' lang='lat'><strong>,</strong></span> <span class='ocrx_word' id='word_1_634' title='bbox 1774 4378 1988 4434; x_wconf 79' lang='lat' dir='ltr'><strong>abSolvc</strong></span> 
     </span>
    </p>
   </div>
   <div class='ocr_carea' id='block_1_74' title="bbox 412 4459 1983 4537">
    <p class='ocr_par' dir='ltr' id='par_1_74' title="bbox 412 4459 1983 4537">
     <span class='ocr_line' id='line_1_74' title="bbox 412 4459 1983 4537; baseline 0.009 -30"><span class='ocrx_word' id='word_1_635' title='bbox 412 4459 552 4523; x_wconf 79' lang='lat' dir='ltr'><strong>quod</strong></span> <span class='ocrx_word' id='word_1_636' title='bbox 581 4473 672 4524; x_wconf 85' lang='lat' dir='ltr'><strong>per</strong></span> <span class='ocrx_word' id='word_1_637' title='bbox 718 4462 1025 4515; x_wconf 78' lang='lat' dir='ltr'><strong>scandalum</strong></span> <span class='ocrx_word' id='word_1_638' title='bbox 1074 4462 1340 4531; x_wconf 69' lang='lat' dir='ltr'><strong>obligasti.</strong></span> <span class='ocrx_word' id='word_1_639' title='bbox 1375 4462 1451 4518; x_wconf 83' lang='lat' dir='ltr'><strong>&#39;i&#39;u</strong></span> <span class='ocrx_word' id='word_1_640' title='bbox 1480 4466 1680 4531; x_wconf 71' lang='lat' dir='ltr'><strong>vidisri,</strong></span> <span class='ocrx_word' id='word_1_641' title='bbox 1710 4482 1809 4537; x_wconf 79' lang='lat' dir='ltr'><strong>ego</strong></span> <span class='ocrx_word' id='word_1_642' title='bbox 1854 4484 1983 4524; x_wconf 85' lang='lat' dir='ltr'><strong>cun-</strong></span> 
     </span>
    </p>
   </div>
   <div class='ocr_carea' id='block_1_75' title="bbox 2100 3273 3660 3345">
    <p class='ocr_par' dir='ltr' id='par_1_75' title="bbox 2100 3273 3660 3345">
     <span class='ocr_line' id='line_1_75' title="bbox 2100 3273 3660 3345; baseline -0.003 -15"><span class='ocrx_word' id='word_1_643' title='bbox 2100 3285 2365 3345; x_wconf 90' lang='lat' dir='ltr'><strong>postorem</strong></span> <span class='ocrx_word' id='word_1_644' title='bbox 2398 3290 2549 3329; x_wconf 90' lang='lat' dir='ltr'><strong>usum</strong></span> <span class='ocrx_word' id='word_1_645' title='bbox 2582 3274 2958 3329; x_wconf 80' lang='lat' dir='ltr'><strong>commerciis?</strong></span> <span class='ocrx_word' id='word_1_646' title='bbox 2996 3274 3278 3328; x_wconf 79' lang='lat' dir='ltr'><strong>Videamus</strong></span> <span class='ocrx_word' id='word_1_647' title='bbox 3306 3288 3425 3343; x_wconf 67' lang='lat' dir='ltr'><strong>quae</strong></span> <span class='ocrx_word' id='word_1_648' title='bbox 3453 3288 3538 3328; x_wconf 89' lang='lat' dir='ltr'><strong>res</strong></span> <span class='ocrx_word' id='word_1_649' title='bbox 3585 3273 3660 3327; x_wconf 79' lang='lat' dir='ltr'><strong>fa-</strong></span> 
     </span>
    </p>
   </div>
   <div class='ocr_carea' id='block_1_76' title="bbox 2095 3364 3663 3434">
    <p class='ocr_par' dir='ltr' id='par_1_76' title="bbox 2095 3364 3663 3434">
     <span class='ocr_line' id='line_1_76' title="bbox 2095 3364 3663 3434; baseline -0.003 -13"><span class='ocrx_word' id='word_1_650' title='bbox 2095 3368 2167 3421; x_wconf 89' lang='lat' dir='ltr'><strong>cit</strong></span> <span class='ocrx_word' id='word_1_651' title='bbox 2198 3366 2495 3434; x_wconf 66' lang='lat' dir='ltr'><strong>prmdoncs,</strong></span> <span class='ocrx_word' id='word_1_652' title='bbox 2521 3375 2611 3420; x_wconf 92' lang='lat' dir='ltr'><strong>aut</strong></span> <span class='ocrx_word' id='word_1_653' title='bbox 2640 3367 2776 3421; x_wconf 89' lang='lat' dir='ltr'><strong>unde</strong></span> <span class='ocrx_word' id='word_1_654' title='bbox 2804 3376 3087 3433; x_wconf 89' lang='lat' dir='ltr'><strong>erumpunt</strong></span> <span class='ocrx_word' id='word_1_655' title='bbox 3118 3364 3433 3433; x_wconf 89' lang='lat' dir='ltr'><strong>proditores.</strong></span> <span class='ocrx_word' id='word_1_656' title='bbox 3479 3364 3663 3418; x_wconf 72' lang='lat' dir='ltr'><strong>Nonne</strong></span> 
     </span>
    </p>
   </div>
   <div class='ocr_carea' id='block_1_77' title="bbox 2097 3454 3661 3525">
    <p class='ocr_par' dir='ltr' id='par_1_77' title="bbox 2097 3454 3661 3525">
     <span class='ocr_line' id='line_1_77' title="bbox 2097 3454 3661 3525; baseline -0.003 -14"><span class='ocrx_word' id='word_1_657' title='bbox 2097 3456 2163 3512; x_wconf 91' lang='lat' dir='ltr'><strong>de</strong></span> <span class='ocrx_word' id='word_1_658' title='bbox 2186 3457 2405 3511; x_wconf 85' lang='lat' dir='ltr'><strong>avaritia</strong></span> <span class='ocrx_word' id='word_1_659' title='bbox 2436 3456 2615 3525; x_wconf 65' lang='lat' dir='ltr'><strong>prmdo</strong></span> <span class='ocrx_word' id='word_1_660' title='bbox 2664 3455 2761 3510; x_wconf 84' lang='lat' dir='ltr'><strong>fuit</strong></span> <span class='ocrx_word' id='word_1_661' title='bbox 2789 3471 2878 3510; x_wconf 77' lang='lat' dir='ltr'><strong>rex</strong></span> <span class='ocrx_word' id='word_1_662' title='bbox 2914 3456 3091 3511; x_wconf 81' lang='lat' dir='ltr'><strong>Achab</strong></span> <span class='ocrx_word' id='word_1_663' title='bbox 3114 3497 3129 3522; x_wconf 95' lang='lat'><strong>,</strong></span> <span class='ocrx_word' id='word_1_664' title='bbox 3185 3457 3397 3524; x_wconf 86' lang='lat' dir='ltr'><strong>quando</strong></span> <span class='ocrx_word' id='word_1_665' title='bbox 3437 3470 3530 3524; x_wconf 89' lang='lat' dir='ltr'><strong>per</strong></span> <span class='ocrx_word' id='word_1_666' title='bbox 3557 3454 3661 3507; x_wconf 69' lang='lat' dir='ltr'><strong>fac~</strong></span> 
     </span>
    </p>
   </div>
   <div class='ocr_carea' id='block_1_78' title="bbox 2096 3547 3663 3618">
    <p class='ocr_par' dir='ltr' id='par_1_78' title="bbox 2096 3547 3663 3618">
     <span class='ocr_line' id='line_1_78' title="bbox 2096 3547 3663 3618; baseline -0.001 -16"><span class='ocrx_word' id='word_1_667' title='bbox 2096 3550 2292 3602; x_wconf 90' lang='lat' dir='ltr'><strong>tionem</strong></span> <span class='ocrx_word' id='word_1_668' title='bbox 2325 3547 2523 3602; x_wconf 77' lang='lat' dir='ltr'><strong>dolosa:</strong></span> <span class='ocrx_word' id='word_1_669' title='bbox 2553 3549 2808 3613; x_wconf 86' lang='lat' dir='ltr'><strong>mulieris,</strong></span> <span class='ocrx_word' id='word_1_670' title='bbox 2844 3548 2974 3602; x_wconf 79' lang='lat' dir='ltr'><strong>falsa</strong></span> <span class='ocrx_word' id='word_1_671' title='bbox 3001 3549 3100 3601; x_wconf 89' lang='lat' dir='ltr'><strong>sub</strong></span> <span class='ocrx_word' id='word_1_672' title='bbox 3137 3547 3438 3618; x_wconf 86' lang='lat' dir='ltr'><strong>proditione</strong></span> <span class='ocrx_word' id='word_1_673' title='bbox 3463 3549 3663 3617; x_wconf 60' lang='lat' dir='ltr'><strong>justqu</strong></span> 
     </span>
    </p>
   </div>
   <div class='ocr_carea' id='block_1_79' title="bbox 2098 3639 3669 3708">
    <p class='ocr_par' dir='ltr' id='par_1_79' title="bbox 2098 3639 3669 3708">
     <span class='ocr_line' id='line_1_79' title="bbox 2098 3639 3669 3708; baseline -0.002 -15"><span class='ocrx_word' id='word_1_674' title='bbox 2098 3640 2376 3693; x_wconf 89' lang='lat' dir='ltr'><strong>trucidavit</strong></span> <span class='ocrx_word' id='word_1_675' title='bbox 2397 3640 2673 3707; x_wconf 81' lang='lat' dir='ltr'><strong>utvineam</strong></span> <span class='ocrx_word' id='word_1_676' title='bbox 2699 3642 2812 3708; x_wconf 71' lang='lat' dir='ltr'><strong>ejus</strong></span> <span class='ocrx_word' id='word_1_677' title='bbox 2843 3640 3100 3693; x_wconf 78' lang='lat' dir='ltr'><strong>violentus</strong></span> <span class='ocrx_word' id='word_1_678' title='bbox 3128 3639 3433 3693; x_wconf 78' lang='lat' dir='ltr'><strong>invaderet?</strong></span> <span class='ocrx_word' id='word_1_679' title='bbox 3468 3649 3669 3690; x_wconf 70' lang='lat' dir='ltr'><strong>Avarus</strong></span> 
     </span>
    </p>
   </div>
   <div class='ocr_carea' id='block_1_80' title="bbox 2094 3727 3656 3800">
    <p class='ocr_par' dir='ltr' id='par_1_80' title="bbox 2094 3727 3656 3800">
     <span class='ocr_line' id='line_1_80' title="bbox 2094 3727 3656 3800; baseline -0.001 -17"><span class='ocrx_word' id='word_1_680' title='bbox 2094 3729 2193 3783; x_wconf 83' lang='lat' dir='ltr'><strong>fuit</strong></span> <span class='ocrx_word' id='word_1_681' title='bbox 2226 3740 2280 3783; x_wconf 87' lang='lat' dir='ltr'><strong>et</strong></span> <span class='ocrx_word' id='word_1_682' title='bbox 2302 3730 2464 3785; x_wconf 73' lang='lat' dir='ltr'><strong>ludas</strong></span> <span class='ocrx_word' id='word_1_683' title='bbox 2494 3747 2612 3783; x_wconf 88' lang='lat' dir='ltr'><strong>cum</strong></span> <span class='ocrx_word' id='word_1_684' title='bbox 2644 3731 2890 3800; x_wconf 85' lang='lat' dir='ltr'><strong>proderet</strong></span> <span class='ocrx_word' id='word_1_685' title='bbox 2919 3730 3184 3784; x_wconf 82' lang='lat' dir='ltr'><strong>Christum</strong></span> <span class='ocrx_word' id='word_1_686' title='bbox 3218 3728 3418 3784; x_wconf 71' lang='lat' dir='ltr'><strong>Judmis</strong></span> <span class='ocrx_word' id='word_1_687' title='bbox 3451 3727 3656 3799; x_wconf 64' lang='lat' dir='ltr'><strong>(Matth.</strong></span> 
     </span>
    </p>
   </div>
   <div class='ocr_carea' id='block_1_81' title="bbox 2096 3818 3665 3889">
    <p class='ocr_par' dir='ltr' id='par_1_81' title="bbox 2096 3818 3665 3889">
     <span class='ocr_line' id='line_1_81' title="bbox 2096 3818 3665 3889; baseline -0.004 -12"><span class='ocrx_word' id='word_1_688' title='bbox 2096 3822 2266 3889; x_wconf 75' lang='lat' dir='ltr'><strong>xxvi),</strong></span> <span class='ocrx_word' id='word_1_689' title='bbox 2292 3837 2410 3875; x_wconf 91' lang='lat' dir='ltr'><strong>cum</strong></span> <span class='ocrx_word' id='word_1_690' title='bbox 2442 3822 2707 3888; x_wconf 87' lang='lat' dir='ltr'><strong>acciperet</strong></span> <span class='ocrx_word' id='word_1_691' title='bbox 2728 3823 2794 3874; x_wconf 90' lang='lat' dir='ltr'><strong>ab</strong></span> <span class='ocrx_word' id='word_1_692' title='bbox 2818 3820 2893 3874; x_wconf 90' lang='lat' dir='ltr'><strong>eis</strong></span> <span class='ocrx_word' id='word_1_693' title='bbox 2922 3820 3141 3887; x_wconf 81' lang='lat' dir='ltr'><strong>triginta</strong></span> <span class='ocrx_word' id='word_1_694' title='bbox 3170 3830 3469 3888; x_wconf 79' lang='lat' dir='ltr'><strong>argenteos.</strong></span> <span class='ocrx_word' id='word_1_695' title='bbox 3513 3818 3665 3871; x_wconf 83' lang='lat' dir='ltr'><strong>Tolle</strong></span> 
     </span>
    </p>
   </div>
   <div class='ocr_carea' id='block_1_82' title="bbox 2098 3909 3665 3975">
    <p class='ocr_par' dir='ltr' id='par_1_82' title="bbox 2098 3909 3665 3975">
     <span class='ocr_line' id='line_1_82' title="bbox 2098 3909 3665 3975; baseline -0.002 -11"><span class='ocrx_word' id='word_1_696' title='bbox 2098 3914 2401 3966; x_wconf 84' lang='lat' dir='ltr'><strong>avaritiam</strong></span> <span class='ocrx_word' id='word_1_697' title='bbox 2434 3924 2603 3965; x_wconf 89' lang='lat' dir='ltr'><strong>etnon</strong></span> <span class='ocrx_word' id='word_1_698' title='bbox 2640 3920 2723 3966; x_wconf 90' lang='lat' dir='ltr'><strong>est</strong></span> <span class='ocrx_word' id='word_1_699' title='bbox 2745 3911 3042 3975; x_wconf 90' lang='lat' dir='ltr'><strong>discordia;</strong></span> <span class='ocrx_word' id='word_1_700' title='bbox 3092 3909 3242 3964; x_wconf 88' lang='lat' dir='ltr'><strong>aufer</strong></span> <span class='ocrx_word' id='word_1_701' title='bbox 3270 3910 3546 3963; x_wconf 85' lang='lat' dir='ltr'><strong>avaritiam</strong></span> <span class='ocrx_word' id='word_1_702' title='bbox 3574 3950 3587 3968; x_wconf 86' lang='lat'><strong>.</strong></span> <span class='ocrx_word' id='word_1_703' title='bbox 3610 3917 3665 3962; x_wconf 81' lang='lat' dir='ltr'><strong>et</strong></span> 
     </span>
    </p>
   </div>
   <div class='ocr_carea' id='block_1_83' title="bbox 2092 4000 3658 4073">
    <p class='ocr_par' dir='ltr' id='par_1_83' title="bbox 2092 4000 3658 4073">
     <span class='ocr_line' id='line_1_83' title="bbox 2092 4000 3658 4073; baseline -0.004 -14"><span class='ocrx_word' id='word_1_704' title='bbox 2092 4005 2237 4059; x_wconf 87' lang='lat' dir='ltr'><strong>solus</strong></span> <span class='ocrx_word' id='word_1_705' title='bbox 2260 4020 2411 4059; x_wconf 90' lang='lat' dir='ltr'><strong>amor</strong></span> <span class='ocrx_word' id='word_1_706' title='bbox 2429 4015 2634 4073; x_wconf 87' lang='lat' dir='ltr'><strong>regnat;</strong></span> <span class='ocrx_word' id='word_1_707' title='bbox 2658 4004 2864 4058; x_wconf 78' lang='lat' dir='ltr'><strong>desinat</strong></span> <span class='ocrx_word' id='word_1_708' title='bbox 2880 4003 3120 4066; x_wconf 85' lang='lat' dir='ltr'><strong>avaritia,</strong></span> <span class='ocrx_word' id='word_1_709' title='bbox 3153 4012 3205 4056; x_wconf 90' lang='lat' dir='ltr'><strong>et</strong></span> <span class='ocrx_word' id='word_1_710' title='bbox 3227 4010 3399 4054; x_wconf 83' lang='lat' dir='ltr'><strong>cessat</strong></span> <span class='ocrx_word' id='word_1_711' title='bbox 3420 4000 3658 4054; x_wconf 85' lang='lat' dir='ltr'><strong>ambitio.</strong></span> 
     </span>
    </p>
   </div>
   <div class='ocr_carea' id='block_1_84' title="bbox 2094 4092 3663 4166">
    <p class='ocr_par' dir='ltr' id='par_1_84' title="bbox 2094 4092 3663 4166">
     <span class='ocr_line' id='line_1_84' title="bbox 2094 4092 3663 4166; baseline -0.006 -14"><span class='ocrx_word' id='word_1_712' title='bbox 2094 4098 2243 4152; x_wconf 83' lang='lat' dir='ltr'><strong>Tolle</strong></span> <span class='ocrx_word' id='word_1_713' title='bbox 2290 4098 2659 4166; x_wconf 87' lang='lat' dir='ltr'><strong>cupiditatem,</strong></span> <span class='ocrx_word' id='word_1_714' title='bbox 2693 4106 2744 4150; x_wconf 87' lang='lat' dir='ltr'><strong>et</strong></span> <span class='ocrx_word' id='word_1_715' title='bbox 2794 4109 2949 4149; x_wconf 90' lang='lat' dir='ltr'><strong>nemo</strong></span> <span class='ocrx_word' id='word_1_716' title='bbox 2981 4093 3146 4147; x_wconf 88' lang='lat' dir='ltr'><strong>dicit:</strong></span> <span class='ocrx_word' id='word_1_717' title='bbox 3204 4092 3304 4146; x_wconf 84' lang='lat' dir='ltr'><strong>hoc</strong></span> <span class='ocrx_word' id='word_1_718' title='bbox 3334 4106 3529 4156; x_wconf 87' lang='lat' dir='ltr'><strong>meum,</strong></span> <span class='ocrx_word' id='word_1_719' title='bbox 3573 4098 3663 4143; x_wconf 86' lang='lat' dir='ltr'><strong>aut</strong></span> 
     </span>
    </p>
   </div>
   <div class='ocr_carea' id='block_1_85' title="bbox 2094 4187 3663 4257">
    <p class='ocr_par' dir='ltr' id='par_1_85' title="bbox 2094 4187 3663 4257">
     <span class='ocr_line' id='line_1_85' title="bbox 2094 4187 3663 4257; baseline -0.005 -13"><span class='ocrx_word' id='word_1_720' title='bbox 2094 4193 2194 4245; x_wconf 89' lang='lat' dir='ltr'><strong>hoc</strong></span> <span class='ocrx_word' id='word_1_721' title='bbox 2219 4203 2386 4244; x_wconf 78' lang='lat' dir='ltr'><strong>ltttttII.</strong></span> <span class='ocrx_word' id='word_1_722' title='bbox 2420 4191 2589 4245; x_wconf 81' lang='lat' dir='ltr'><strong>Fraus</strong></span> <span class='ocrx_word' id='word_1_723' title='bbox 2620 4190 2739 4243; x_wconf 91' lang='lat' dir='ltr'><strong>inde</strong></span> <span class='ocrx_word' id='word_1_724' title='bbox 2767 4190 3029 4257; x_wconf 86' lang='lat' dir='ltr'><strong>germinat</strong></span> <span class='ocrx_word' id='word_1_725' title='bbox 3060 4230 3075 4254; x_wconf 91' lang='lat'><strong>,</strong></span> <span class='ocrx_word' id='word_1_726' title='bbox 3107 4188 3260 4242; x_wconf 88' lang='lat' dir='ltr'><strong>dolus</strong></span> <span class='ocrx_word' id='word_1_727' title='bbox 3287 4187 3410 4240; x_wconf 88' lang='lat' dir='ltr'><strong>inde</strong></span> <span class='ocrx_word' id='word_1_728' title='bbox 3439 4201 3663 4240; x_wconf 87' lang='lat' dir='ltr'><strong>consur-</strong></span> 
     </span>
    </p>
   </div>
   <div class='ocr_carea' id='block_1_86' title="bbox 2090 4284 3659 4356">
    <p class='ocr_par' dir='ltr' id='par_1_86' title="bbox 2090 4284 3659 4356">
     <span class='ocr_line' id='line_1_86' title="bbox 2090 4284 3659 4356; baseline -0.001 -17"><span class='ocrx_word' id='word_1_729' title='bbox 2090 4289 2185 4356; x_wconf 82' lang='lat' dir='ltr'><strong>git.</strong></span> <span class='ocrx_word' id='word_1_730' title='bbox 2220 4286 2379 4340; x_wconf 85' lang='lat' dir='ltr'><strong>factio</strong></span> <span class='ocrx_word' id='word_1_731' title='bbox 2409 4286 2531 4339; x_wconf 91' lang='lat' dir='ltr'><strong>inde</strong></span> <span class='ocrx_word' id='word_1_732' title='bbox 2549 4286 2929 4340; x_wconf 88' lang='lat' dir='ltr'><strong>concinnatur:</strong></span> <span class='ocrx_word' id='word_1_733' title='bbox 2963 4286 3054 4339; x_wconf 74' lang='lat' dir='ltr'><strong>ira:</strong></span> <span class='ocrx_word' id='word_1_734' title='bbox 3078 4284 3659 4354; x_wconf 73' lang='lat' dir='ltr'><strong>quoque,insidizrque,</strong></span> 
     </span>
    </p>
   </div>
   <div class='ocr_carea' id='block_1_87' title="bbox 2092 4372 3662 4445">
    <p class='ocr_par' dir='ltr' id='par_1_87' title="bbox 2092 4372 3662 4445">
     <span class='ocr_line' id='line_1_87' title="bbox 2092 4372 3662 4445; baseline -0.003 -15"><span class='ocrx_word' id='word_1_735' title='bbox 2092 4377 2393 4443; x_wconf 88' lang='lat' dir='ltr'><strong>homicidia,</strong></span> <span class='ocrx_word' id='word_1_736' title='bbox 2412 4376 2546 4431; x_wconf 88' lang='lat' dir='ltr'><strong>bella</strong></span> <span class='ocrx_word' id='word_1_737' title='bbox 2561 4376 2693 4444; x_wconf 91' lang='lat' dir='ltr'><strong>ipsa,</strong></span> <span class='ocrx_word' id='word_1_738' title='bbox 2709 4375 2819 4431; x_wconf 85' lang='lat' dir='ltr'><strong>sive</strong></span> <span class='ocrx_word' id='word_1_739' title='bbox 2836 4375 3066 4445; x_wconf 87' lang='lat' dir='ltr'><strong>publica,</strong></span> <span class='ocrx_word' id='word_1_740' title='bbox 3084 4376 3194 4429; x_wconf 88' lang='lat' dir='ltr'><strong>sive</strong></span> <span class='ocrx_word' id='word_1_741' title='bbox 3219 4372 3494 4436; x_wconf 88' lang='lat' dir='ltr'><strong>intestina,</strong></span> <span class='ocrx_word' id='word_1_742' title='bbox 3513 4373 3662 4441; x_wconf 88' lang='lat' dir='ltr'><strong>cupi-</strong></span> 
     </span>
    </p>
   </div>
   <div class='ocr_carea' id='block_1_88' title="bbox 2090 4463 3662 4534">
    <p class='ocr_par' dir='ltr' id='par_1_88' title="bbox 2090 4463 3662 4534">
     <span class='ocr_line' id='line_1_88' title="bbox 2090 4463 3662 4534; baseline -0.004 -12"><span class='ocrx_word' id='word_1_743' title='bbox 2090 4468 2273 4522; x_wconf 85' lang='lat' dir='ltr'><strong>ditatis</strong></span> <span class='ocrx_word' id='word_1_744' title='bbox 2304 4478 2357 4522; x_wconf 89' lang='lat' dir='ltr'><strong>et</strong></span> <span class='ocrx_word' id='word_1_745' title='bbox 2396 4468 2635 4522; x_wconf 64' lang='lat' dir='ltr'><strong>avaritiae</strong></span> <span class='ocrx_word' id='word_1_746' title='bbox 2664 4469 2862 4523; x_wconf 86' lang='lat' dir='ltr'><strong>fructus</strong></span> <span class='ocrx_word' id='word_1_747' title='bbox 2877 4478 3029 4530; x_wconf 87' lang='lat' dir='ltr'><strong>sunt;</strong></span> <span class='ocrx_word' id='word_1_748' title='bbox 3063 4466 3189 4520; x_wconf 90' lang='lat' dir='ltr'><strong>utsi</strong></span> <span class='ocrx_word' id='word_1_749' title='bbox 3220 4465 3433 4534; x_wconf 91' lang='lat' dir='ltr'><strong>quando</strong></span> <span class='ocrx_word' id='word_1_750' title='bbox 3456 4463 3543 4517; x_wconf 86' lang='lat' dir='ltr'><strong>vel</strong></span> <span class='ocrx_word' id='word_1_751' title='bbox 3575 4478 3662 4516; x_wconf 84' lang='lat' dir='ltr'><strong>ar-</strong></span> 
     </span>
    </p>
   </div>
   <div class='ocr_carea' id='block_1_89' title="bbox 410 4531 3661 4625">
    <p class='ocr_par' dir='ltr' id='par_1_89' title="bbox 410 4531 3661 4625">
     <span class='ocr_line' id='line_1_89' title="bbox 410 4531 3661 4625; baseline 0 -20"><span class='ocrx_word' id='word_1_752' title='bbox 410 4550 588 4618; x_wconf 86' lang='lat' dir='ltr'><strong>cupivi</strong></span> <span class='ocrx_word' id='word_1_753' title='bbox 617 4568 631 4616; x_wconf 91' lang='lat'><strong>;</strong></span> <span class='ocrx_word' id='word_1_754' title='bbox 674 4561 727 4606; x_wconf 92' lang='lat' dir='ltr'><strong>tu</strong></span> <span class='ocrx_word' id='word_1_755' title='bbox 757 4553 1032 4621; x_wconf 78' lang='lat' dir='ltr'><strong>inspexisti</strong></span> <span class='ocrx_word' id='word_1_756' title='bbox 1058 4563 1113 4608; x_wconf 90' lang='lat' dir='ltr'><strong>et</strong></span> <span class='ocrx_word' id='word_1_757' title='bbox 1152 4570 1250 4623; x_wconf 84' lang='lat' dir='ltr'><strong>ego</strong></span> <span class='ocrx_word' id='word_1_758' title='bbox 1294 4558 1527 4625; x_wconf 89' lang='lat' dir='ltr'><strong>peccavi.</strong></span> <span class='ocrx_word' id='word_1_759' title='bbox 1556 4557 1742 4612; x_wconf 85' lang='lat' dir='ltr'><strong>Vidisti</strong></span> <span class='ocrx_word' id='word_1_760' title='bbox 1772 4576 1978 4620; x_wconf 75' lang='lat' dir='ltr'><strong>aurum.</strong></span> <span class='ocrx_word' id='word_1_761' title='bbox 2012 4531 2063 4593; x_wconf 75' lang='grc' dir='ltr'><strong>Ῐ)</strong></span> <span class='ocrx_word' id='word_1_762' title='bbox 2087 4560 2188 4612; x_wconf 91' lang='lat' dir='ltr'><strong>mis</strong></span> <span class='ocrx_word' id='word_1_763' title='bbox 2212 4561 2292 4613; x_wconf 88' lang='lat' dir='ltr'><strong>vel</strong></span> <span class='ocrx_word' id='word_1_764' title='bbox 2321 4560 2824 4625; x_wconf 83' lang='lat' dir='ltr'><strong>argntnentis,alter</strong></span> <span class='ocrx_word' id='word_1_765' title='bbox 2854 4559 3079 4610; x_wconf 86' lang='lat' dir='ltr'><strong>alterum</strong></span> <span class='ocrx_word' id='word_1_766' title='bbox 3100 4555 3183 4609; x_wconf 89' lang='lat' dir='ltr'><strong>vel</strong></span> <span class='ocrx_word' id='word_1_767' title='bbox 3222 4554 3552 4624; x_wconf 78' lang='lat' dir='ltr'><strong>superaverit</strong></span> <span class='ocrx_word' id='word_1_768' title='bbox 3576 4551 3661 4606; x_wconf 86' lang='lat' dir='ltr'><strong>vel</strong></span> 
     </span>
    </p>
   </div>
   <div class='ocr_carea' id='block_1_90' title="bbox 413 4644 1980 4716">
    <p class='ocr_par' dir='ltr' id='par_1_90' title="bbox 413 4644 1980 4716">
     <span class='ocr_line' id='line_1_90' title="bbox 413 4644 1980 4716; baseline 0.008 -23"><span class='ocrx_word' id='word_1_769' title='bbox 413 4644 589 4697; x_wconf 88' lang='lat' dir='ltr'><strong>vidisti</strong></span> <span class='ocrx_word' id='word_1_770' title='bbox 613 4646 979 4710; x_wconf 79' lang='lat' dir='ltr'><strong>possessiones</strong></span> <span class='ocrx_word' id='word_1_771' title='bbox 1005 4647 1230 4700; x_wconf 87' lang='lat' dir='ltr'><strong>aliorum</strong></span> <span class='ocrx_word' id='word_1_772' title='bbox 1255 4657 1307 4702; x_wconf 89' lang='lat' dir='ltr'><strong>et</strong></span> <span class='ocrx_word' id='word_1_773' title='bbox 1337 4648 1531 4716; x_wconf 64' lang='lat' dir='ltr'><strong>praedia</strong></span> <span class='ocrx_word' id='word_1_774' title='bbox 1561 4665 1575 4702; x_wconf 89' lang='lat'>:</span> <span class='ocrx_word' id='word_1_775' title='bbox 1624 4652 1839 4704; x_wconf 60' lang='lat' dir='ltr'><strong>calcavit</strong></span> <span class='ocrx_word' id='word_1_776' title='bbox 1868 4667 1980 4705; x_wconf 84' lang='lat' dir='ltr'><strong>ant-</strong></span> 
     </span>
    </p>
   </div>
   <div class='ocr_carea' id='block_1_91' title="bbox 413 4733 1981 4811">
    <p class='ocr_par' dir='ltr' id='par_1_91' title="bbox 413 4733 1981 4811">
     <span class='ocr_line' id='line_1_91' title="bbox 413 4733 1981 4811; baseline 0.006 -23"><span class='ocrx_word' id='word_1_777' title='bbox 413 4735 564 4789; x_wconf 83' lang='lat' dir='ltr'><strong>bitio.</strong></span> <span class='ocrx_word' id='word_1_778' title='bbox 597 4733 747 4803; x_wconf 69' lang='lat' dir='ltr'><strong>Crepi</strong></span> <span class='ocrx_word' id='word_1_779' title='bbox 782 4738 919 4791; x_wconf 86' lang='lat' dir='ltr'><strong>velle</strong></span> <span class='ocrx_word' id='word_1_780' title='bbox 948 4740 1087 4807; x_wconf 90' lang='lat' dir='ltr'><strong>quod</strong></span> <span class='ocrx_word' id='word_1_781' title='bbox 1114 4753 1289 4793; x_wconf 90' lang='lat' dir='ltr'><strong>meum</strong></span> <span class='ocrx_word' id='word_1_782' title='bbox 1312 4756 1416 4793; x_wconf 83' lang='lat' dir='ltr'><strong>non</strong></span> <span class='ocrx_word' id='word_1_783' title='bbox 1445 4749 1579 4800; x_wconf 90' lang='lat' dir='ltr'><strong>erat.</strong></span> <span class='ocrx_word' id='word_1_784' title='bbox 1616 4742 1751 4811; x_wconf 53' lang='grc' dir='ltr'><strong>(ηαξρί</strong></span> <span class='ocrx_word' id='word_1_785' title='bbox 1772 4742 1981 4798; x_wconf 87' lang='lat' dir='ltr'><strong>auferre</strong></span> 
     </span>
    </p>
   </div>
   <div class='ocr_carea' id='block_1_92' title="bbox 407 4831 1978 4895">
    <p class='ocr_par' dir='ltr' id='par_1_92' title="bbox 407 4831 1978 4895">
     <span class='ocr_line' id='line_1_92' title="bbox 407 4831 1978 4895; baseline 0.006 -12"><span class='ocrx_word' id='word_1_786' title='bbox 407 4839 501 4883; x_wconf 82' lang='lat' dir='ltr'><strong>aut</strong></span> <span class='ocrx_word' id='word_1_787' title='bbox 522 4842 833 4895; x_wconf 74' lang='lat' dir='ltr'><strong>argumento</strong></span> <span class='ocrx_word' id='word_1_788' title='bbox 857 4834 1106 4889; x_wconf 87' lang='lat' dir='ltr'><strong>invadere</strong></span> <span class='ocrx_word' id='word_1_789' title='bbox 1132 4835 1325 4891; x_wconf 87' lang='lat' dir='ltr'><strong>aliena.</strong></span> <span class='ocrx_word' id='word_1_790' title='bbox 1358 4831 1471 4890; x_wconf 85' lang='lat' dir='ltr'><strong>Tali</strong></span> <span class='ocrx_word' id='word_1_791' title='bbox 1496 4852 1579 4889; x_wconf 88' lang='lat' dir='ltr'><strong>me</strong></span> <span class='ocrx_word' id='word_1_792' title='bbox 1611 4838 1861 4891; x_wconf 82' lang='lat' dir='ltr'><strong>scandala</strong></span> <span class='ocrx_word' id='word_1_793' title='bbox 1882 4839 1978 4892; x_wconf 87' lang='lat' dir='ltr'><strong>ob-</strong></span> 
     </span>
    </p>
   </div>
   <div class='ocr_carea' id='block_1_93' title="bbox 408 4922 1979 4996">
    <p class='ocr_par' dir='ltr' id='par_1_93' title="bbox 408 4922 1979 4996">
     <span class='ocr_line' id='line_1_93' title="bbox 408 4922 1979 4996; baseline 0.005 -22"><span class='ocrx_word' id='word_1_794' title='bbox 408 4922 640 4975; x_wconf 68' lang='lat' dir='ltr'><strong>caecasti.</strong></span> <span class='ocrx_word' id='word_1_795' title='bbox 673 4922 808 4989; x_wconf 87' lang='lat' dir='ltr'><strong>Quid</strong></span> <span class='ocrx_word' id='word_1_796' title='bbox 831 4924 1002 4978; x_wconf 86' lang='lat' dir='ltr'><strong>dicam</strong></span> <span class='ocrx_word' id='word_1_797' title='bbox 1029 4924 1096 4979; x_wconf 90' lang='lat' dir='ltr'><strong>de</strong></span> <span class='ocrx_word' id='word_1_798' title='bbox 1126 4925 1348 4981; x_wconf 89' lang='lat' dir='ltr'><strong>feminea</strong></span> <span class='ocrx_word' id='word_1_799' title='bbox 1374 4928 1578 4994; x_wconf 76' lang='lat' dir='ltr'><strong>specie,</strong></span> <span class='ocrx_word' id='word_1_800' title='bbox 1610 4937 1865 4996; x_wconf 87' lang='lat' dir='ltr'><strong>quantum</strong></span> <span class='ocrx_word' id='word_1_801' title='bbox 1899 4930 1979 4982; x_wconf 87' lang='lat' dir='ltr'><strong>in-</strong></span> 
     </span>
    </p>
   </div>
   <div class='ocr_carea' id='block_1_94' title="bbox 410 5014 1977 5086">
    <p class='ocr_par' dir='ltr' id='par_1_94' title="bbox 410 5014 1977 5086">
     <span class='ocr_line' id='line_1_94' title="bbox 410 5014 1977 5086; baseline 0.007 -21"><span class='ocrx_word' id='word_1_802' title='bbox 410 5014 608 5065; x_wconf 67' lang='lat' dir='ltr'><strong>tuendo</strong></span> <span class='ocrx_word' id='word_1_803' title='bbox 638 5030 753 5067; x_wconf 86' lang='lat' dir='ltr'><strong>eant</strong></span> <span class='ocrx_word' id='word_1_804' title='bbox 778 5016 1010 5084; x_wconf 86' lang='lat' dir='ltr'><strong>collapsa</strong></span> <span class='ocrx_word' id='word_1_805' title='bbox 1063 5027 1142 5071; x_wconf 87' lang='lat' dir='ltr'><strong>est</strong></span> <span class='ocrx_word' id='word_1_806' title='bbox 1173 5019 1369 5086; x_wconf 61' lang='lat' dir='ltr'><strong>anima,</strong></span> <span class='ocrx_word' id='word_1_807' title='bbox 1401 5019 1700 5073; x_wconf 72' lang='lat' dir='ltr'><strong>effeminata</strong></span> <span class='ocrx_word' id='word_1_808' title='bbox 1726 5031 1849 5075; x_wconf 92' lang='lat' dir='ltr'><strong>sunt</strong></span> <span class='ocrx_word' id='word_1_809' title='bbox 1875 5025 1977 5076; x_wconf 63' lang='lat' dir='ltr'><strong>v‘so</strong></span> 
     </span>
    </p>
   </div>
   <div class='ocr_carea' id='block_1_95' title="bbox 406 5108 1974 5178">
    <p class='ocr_par' dir='ltr' id='par_1_95' title="bbox 406 5108 1974 5178">
     <span class='ocr_line' id='line_1_95' title="bbox 406 5108 1974 5178; baseline 0.009 -23"><span class='ocrx_word' id='word_1_810' title='bbox 406 5120 549 5167; x_wconf 83' lang='lat' dir='ltr'><strong>cera,</strong></span> <span class='ocrx_word' id='word_1_811' title='bbox 602 5116 655 5159; x_wconf 90' lang='lat' dir='ltr'><strong>et</strong></span> <span class='ocrx_word' id='word_1_812' title='bbox 697 5108 843 5175; x_wconf 77' lang='lat' dir='ltr'><strong>quasi</strong></span> <span class='ocrx_word' id='word_1_813' title='bbox 880 5110 1324 5176; x_wconf 71' lang='lat' dir='ltr'><strong>concupiscentia:</strong></span> <span class='ocrx_word' id='word_1_814' title='bbox 1355 5112 1542 5177; x_wconf 86' lang='lat' dir='ltr'><strong>sagitta</strong></span> <span class='ocrx_word' id='word_1_815' title='bbox 1597 5126 1881 5178; x_wconf 88' lang='lat' dir='ltr'><strong>percussus</strong></span> <span class='ocrx_word' id='word_1_816' title='bbox 1908 5113 1974 5169; x_wconf 86' lang='lat' dir='ltr'><strong>de</strong></span> 
     </span>
    </p>
   </div>
   <div class='ocr_carea' id='block_1_96' title="bbox 407 5196 1977 5270">
    <p class='ocr_par' dir='ltr' id='par_1_96' title="bbox 407 5196 1977 5270">
     <span class='ocr_line' id='line_1_96' title="bbox 407 5196 1977 5270; baseline 0.008 -28"><span class='ocrx_word' id='word_1_817' title='bbox 407 5196 634 5262; x_wconf 80' lang='lat' dir='ltr'><strong>quodam</strong></span> <span class='ocrx_word' id='word_1_818' title='bbox 668 5197 956 5264; x_wconf 66' lang='lat' dir='ltr'><strong>prati-ipitio</strong></span> <span class='ocrx_word' id='word_1_819' title='bbox 987 5199 1187 5252; x_wconf 86' lang='lat' dir='ltr'><strong>corrui?</strong></span> <span class='ocrx_word' id='word_1_820' title='bbox 1215 5200 1283 5251; x_wconf 73' lang='lat' dir='ltr'><strong>lia</strong></span> <span class='ocrx_word' id='word_1_821' title='bbox 1333 5200 1491 5253; x_wconf 89' lang='lat' dir='ltr'><strong>modo</strong></span> <span class='ocrx_word' id='word_1_822' title='bbox 1523 5200 1780 5270; x_wconf 88' lang='lat' dir='ltr'><strong>liquorem</strong></span> <span class='ocrx_word' id='word_1_823' title='bbox 1806 5211 1977 5269; x_wconf 81' lang='lat' dir='ltr'><strong>luunt,</strong></span> 
     </span>
    </p>
   </div>
   <div class='ocr_carea' id='block_1_97' title="bbox 405 5288 1982 5361">
    <p class='ocr_par' dir='ltr' id='par_1_97' title="bbox 405 5288 1982 5361">
     <span class='ocr_line' id='line_1_97' title="bbox 405 5288 1982 5361; baseline 0.005 -20"><span class='ocrx_word' id='word_1_824' title='bbox 405 5299 455 5341; x_wconf 92' lang='lat' dir='ltr'><strong>ct</strong></span> <span class='ocrx_word' id='word_1_825' title='bbox 480 5288 596 5341; x_wconf 87' lang='lat' dir='ltr'><strong>dele</strong></span> <span class='ocrx_word' id='word_1_826' title='bbox 629 5301 896 5355; x_wconf 83' lang='lat' dir='ltr'><strong>peccatum</strong></span> <span class='ocrx_word' id='word_1_827' title='bbox 930 5306 1128 5345; x_wconf 90' lang='lat' dir='ltr'><strong>meum.</strong></span> <span class='ocrx_word' id='word_1_828' title='bbox 1162 5291 1320 5361; x_wconf 80' lang='lat' dir='ltr'><strong>lrriga</strong></span> <span class='ocrx_word' id='word_1_829' title='bbox 1348 5308 1430 5346; x_wconf 92' lang='lat' dir='ltr'><strong>me</strong></span> <span class='ocrx_word' id='word_1_830' title='bbox 1453 5291 1711 5348; x_wconf 85' lang='lat' dir='ltr'><strong>imbribus</strong></span> <span class='ocrx_word' id='word_1_831' title='bbox 1734 5297 1837 5349; x_wconf 87' lang='lat' dir='ltr'><strong>tuis</strong></span> <span class='ocrx_word' id='word_1_832' title='bbox 1866 5296 1982 5349; x_wconf 71' lang='lat' dir='ltr'><strong>Pir-</strong></span> 
     </span>
    </p>
   </div>
   <div class='ocr_carea' id='block_1_98' title="bbox 407 5380 1976 5455">
    <p class='ocr_par' dir='ltr' id='par_1_98' title="bbox 407 5380 1976 5455">
     <span class='ocr_line' id='line_1_98' title="bbox 407 5380 1976 5455; baseline 0.006 -24"><span class='ocrx_word' id='word_1_833' title='bbox 407 5392 558 5432; x_wconf 81' lang='lat' dir='ltr'><strong>mmt</strong></span> <span class='ocrx_word' id='word_1_834' title='bbox 585 5395 734 5447; x_wconf 54' lang='lat' dir='ltr'><strong>aqua!</strong></span> <span class='ocrx_word' id='word_1_835' title='bbox 762 5389 865 5432; x_wconf 70' lang='lat' dir='ltr'><strong>tute</strong></span> <span class='ocrx_word' id='word_1_836' title='bbox 887 5388 940 5434; x_wconf 92' lang='lat' dir='ltr'><strong>et</strong></span> <span class='ocrx_word' id='word_1_837' title='bbox 961 5380 1189 5434; x_wconf 88' lang='lat' dir='ltr'><strong>obruant</strong></span> <span class='ocrx_word' id='word_1_838' title='bbox 1218 5382 1438 5435; x_wconf 91' lang='lat' dir='ltr'><strong>crimina</strong></span> <span class='ocrx_word' id='word_1_839' title='bbox 1469 5400 1606 5437; x_wconf 84' lang='lat' dir='ltr'><strong>mea.</strong></span> <span class='ocrx_word' id='word_1_840' title='bbox 1626 5384 1976 5455; x_wconf 70' lang='lat' dir='ltr'><strong>llmcloquere</strong></span> 
     </span>
    </p>
   </div>
   <div class='ocr_carea' id='block_1_99' title="bbox 403 5471 1979 5545">
    <p class='ocr_par' dir='ltr' id='par_1_99' title="bbox 403 5471 1979 5545">
     <span class='ocr_line' id='line_1_99' title="bbox 403 5471 1979 5545; baseline 0.006 -22"><span class='ocrx_word' id='word_1_841' title='bbox 403 5485 525 5524; x_wconf 85' lang='lat' dir='ltr'><strong>cum</strong></span> <span class='ocrx_word' id='word_1_842' title='bbox 557 5473 710 5524; x_wconf 91' lang='lat' dir='ltr'><strong>oculo</strong></span> <span class='ocrx_word' id='word_1_843' title='bbox 731 5480 819 5525; x_wconf 91' lang='lat' dir='ltr'><strong>tuo</strong></span> <span class='ocrx_word' id='word_1_844' title='bbox 840 5473 927 5540; x_wconf 90' lang='lat' dir='ltr'><strong>qui</strong></span> <span class='ocrx_word' id='word_1_845' title='bbox 958 5482 1008 5526; x_wconf 90' lang='lat' dir='ltr'><strong>te</strong></span> <span class='ocrx_word' id='word_1_846' title='bbox 1040 5471 1439 5529; x_wconf 56' lang='lat' dir='ltr'><strong>scandalizavit.</strong></span> <span class='ocrx_word' id='word_1_847' title='bbox 1476 5476 1736 5530; x_wconf 67' lang='lat' dir='ltr'><strong>Prmterea</strong></span> <span class='ocrx_word' id='word_1_848' title='bbox 1768 5480 1979 5545; x_wconf 80' lang='lat' dir='ltr'><strong>percipe</strong></span> 
     </span>
    </p>
   </div>
   <div class='ocr_carea' id='block_1_100' title="bbox 408 5561 1980 5637">
    <p class='ocr_par' dir='ltr' id='par_1_100' title="bbox 408 5561 1980 5637">
     <span class='ocr_line' id='line_1_100' title="bbox 408 5561 1980 5637; baseline 0.007 -25"><span class='ocrx_word' id='word_1_849' title='bbox 408 5570 458 5612; x_wconf 84' lang='lat' dir='ltr'><strong>te</strong></span> <span class='ocrx_word' id='word_1_850' title='bbox 486 5561 534 5611; x_wconf 89' lang='lat' dir='ltr'><strong>in</strong></span> <span class='ocrx_word' id='word_1_851' title='bbox 568 5564 797 5615; x_wconf 86' lang='lat' dir='ltr'><strong>futurum</strong></span> <span class='ocrx_word' id='word_1_852' title='bbox 824 5562 1103 5630; x_wconf 88' lang='lat' dir='ltr'><strong>judicium.</strong></span> <span class='ocrx_word' id='word_1_853' title='bbox 1140 5562 1316 5633; x_wconf 83' lang='lat' dir='ltr'><strong>Punge</strong></span> <span class='ocrx_word' id='word_1_854' title='bbox 1348 5580 1533 5618; x_wconf 83' lang='lat' dir='ltr'><strong>venam</strong></span> <span class='ocrx_word' id='word_1_855' title='bbox 1557 5568 1733 5620; x_wconf 87' lang='lat' dir='ltr'><strong>cordis</strong></span> <span class='ocrx_word' id='word_1_856' title='bbox 1767 5570 1836 5621; x_wconf 91' lang='lat' dir='ltr'><strong>tui</strong></span> <span class='ocrx_word' id='word_1_857' title='bbox 1870 5585 1980 5637; x_wconf 70' lang='lat' dir='ltr'><strong>pte-</strong></span> 
     </span>
    </p>
   </div>
   <div class='ocr_carea' id='block_1_101' title="bbox 407 5651 1978 5727">
    <p class='ocr_par' dir='ltr' id='par_1_101' title="bbox 407 5651 1978 5727">
     <span class='ocr_line' id='line_1_101' title="bbox 407 5651 1978 5727; baseline 0.009 -25"><span class='ocrx_word' id='word_1_858' title='bbox 407 5651 643 5702; x_wconf 73' lang='lat' dir='ltr'><strong>nitcntim</strong></span> <span class='ocrx_word' id='word_1_859' title='bbox 672 5654 922 5717; x_wconf 86' lang='lat' dir='ltr'><strong>stimulis,</strong></span> <span class='ocrx_word' id='word_1_860' title='bbox 971 5665 1025 5708; x_wconf 88' lang='lat' dir='ltr'><strong>et</strong></span> <span class='ocrx_word' id='word_1_861' title='bbox 1078 5654 1143 5708; x_wconf 90' lang='lat' dir='ltr'><strong>de</strong></span> <span class='ocrx_word' id='word_1_862' title='bbox 1194 5653 1303 5707; x_wconf 85' lang='lat' dir='ltr'><strong>into</strong></span> <span class='ocrx_word' id='word_1_863' title='bbox 1328 5656 1488 5710; x_wconf 89' lang='lat' dir='ltr'><strong>corde</strong></span> <span class='ocrx_word' id='word_1_864' title='bbox 1514 5668 1673 5727; x_wconf 89' lang='lat' dir='ltr'><strong>atque</strong></span> <span class='ocrx_word' id='word_1_865' title='bbox 1701 5659 1768 5714; x_wconf 91' lang='lat' dir='ltr'><strong>de</strong></span> <span class='ocrx_word' id='word_1_866' title='bbox 1796 5660 1978 5716; x_wconf 87' lang='lat' dir='ltr'><strong>intima</strong></span> 
     </span>
    </p>
   </div>
   <div class='ocr_carea' id='block_1_102' title="bbox 406 5743 1973 5819">
    <p class='ocr_par' dir='ltr' id='par_1_102' title="bbox 406 5743 1973 5819">
     <span class='ocr_line' id='line_1_102' title="bbox 406 5743 1973 5819; baseline 0.009 -24"><span class='ocrx_word' id='word_1_867' title='bbox 406 5750 583 5798; x_wconf 64' lang='grc' dir='ltr'><strong>πωπω</strong></span> <span class='ocrx_word' id='word_1_868' title='bbox 638 5743 831 5799; x_wconf 86' lang='lat' dir='ltr'><strong>educas</strong></span> <span class='ocrx_word' id='word_1_869' title='bbox 862 5761 1049 5815; x_wconf 80' lang='lat' dir='ltr'><strong>aquam</strong></span> <span class='ocrx_word' id='word_1_870' title='bbox 1100 5746 1266 5799; x_wconf 84' lang='lat' dir='ltr'><strong>vivam</strong></span> <span class='ocrx_word' id='word_1_871' title='bbox 1303 5746 1353 5801; x_wconf 89' lang='lat' dir='ltr'><strong>in</strong></span> <span class='ocrx_word' id='word_1_872' title='bbox 1383 5749 1555 5817; x_wconf 78' lang='lat' dir='ltr'><strong>capite</strong></span> <span class='ocrx_word' id='word_1_873' title='bbox 1606 5752 1973 5819; x_wconf 68' lang='lat' dir='ltr'><strong>proﬂuentem.</strong></span> 
     </span>
    </p>
   </div>
   <div class='ocr_carea' id='block_1_103' title="bbox 2084 4648 3662 4719">
    <p class='ocr_par' dir='ltr' id='par_1_103' title="bbox 2084 4648 3662 4719">
     <span class='ocr_line' id='line_1_103' title="bbox 2084 4648 3662 4719; baseline -0.004 -14"><span class='ocrx_word' id='word_1_874' title='bbox 2084 4652 2408 4705; x_wconf 87' lang='lat' dir='ltr'><strong>truncaverit</strong></span> <span class='ocrx_word' id='word_1_875' title='bbox 2432 4692 2446 4714; x_wconf 97' lang='lat'><strong>,</strong></span> <span class='ocrx_word' id='word_1_876' title='bbox 2481 4664 2566 4705; x_wconf 86' lang='lat' dir='ltr'><strong>res</strong></span> <span class='ocrx_word' id='word_1_877' title='bbox 2597 4649 2713 4719; x_wconf 86' lang='lat' dir='ltr'><strong>cjus</strong></span> <span class='ocrx_word' id='word_1_878' title='bbox 2764 4650 2908 4703; x_wconf 88' lang='lat' dir='ltr'><strong>velut</strong></span> <span class='ocrx_word' id='word_1_879' title='bbox 2949 4649 3121 4703; x_wconf 86' lang='lat' dir='ltr'><strong>victor</strong></span> <span class='ocrx_word' id='word_1_880' title='bbox 3154 4648 3369 4715; x_wconf 82' lang='lat' dir='ltr'><strong>diripiat</strong></span> <span class='ocrx_word' id='word_1_881' title='bbox 3404 4660 3662 4714; x_wconf 84' lang='lat' dir='ltr'><strong>suamque</strong></span> 
     </span>
    </p>
   </div>
   <div class='ocr_carea' id='block_1_104' title="bbox 2084 4737 3661 4808">
    <p class='ocr_par' dir='ltr' id='par_1_104' title="bbox 2084 4737 3661 4808">
     <span class='ocr_line' id='line_1_104' title="bbox 2084 4737 3661 4808; baseline -0.006 -11"><span class='ocrx_word' id='word_1_882' title='bbox 2084 4742 2362 4797; x_wconf 89' lang='lat' dir='ltr'><strong>avaritiam</strong></span> <span class='ocrx_word' id='word_1_883' title='bbox 2396 4742 2659 4808; x_wconf 77' lang='lat' dir='ltr'><strong>suppleat.</strong></span> <span class='ocrx_word' id='word_1_884' title='bbox 2700 4738 2766 4793; x_wconf 84' lang='lat' dir='ltr'><strong>Et</strong></span> <span class='ocrx_word' id='word_1_885' title='bbox 2791 4739 2890 4792; x_wconf 90' lang='lat' dir='ltr'><strong>hoc</strong></span> <span class='ocrx_word' id='word_1_886' title='bbox 2919 4738 3161 4807; x_wconf 90' lang='lat' dir='ltr'><strong>estquod</strong></span> <span class='ocrx_word' id='word_1_887' title='bbox 3192 4737 3460 4804; x_wconf 84' lang='lat' dir='ltr'><strong>Scriptura</strong></span> <span class='ocrx_word' id='word_1_888' title='bbox 3498 4744 3661 4789; x_wconf 85' lang='lat' dir='ltr'><strong>testa-</strong></span> 
     </span>
    </p>
   </div>
   <div class='ocr_carea' id='block_1_105' title="bbox 2084 4826 3661 4902">
    <p class='ocr_par' dir='ltr' id='par_1_105' title="bbox 2084 4826 3661 4902">
     <span class='ocr_line' id='line_1_105' title="bbox 2084 4826 3661 4902; baseline -0.009 -12"><span class='ocrx_word' id='word_1_889' title='bbox 2084 4847 2168 4890; x_wconf 89' lang='lat' dir='ltr'><strong>tur</strong></span> <span class='ocrx_word' id='word_1_890' title='bbox 2199 4834 2505 4902; x_wconf 76' lang='lat' dir='ltr'><strong>Apostolus,</strong></span> <span class='ocrx_word' id='word_1_891' title='bbox 2530 4831 2717 4884; x_wconf 90' lang='lat' dir='ltr'><strong>dicens</strong></span> <span class='ocrx_word' id='word_1_892' title='bbox 2743 4846 2758 4883; x_wconf 90' lang='lat'><strong>:</strong></span> <span class='ocrx_word' id='word_1_893' title='bbox 2796 4829 2969 4882; x_wconf 67' lang='lat' dir='ltr'><strong>Radix</strong></span> <span class='ocrx_word' id='word_1_894' title='bbox 3001 4829 3223 4882; x_wconf 85' lang='lat' dir='ltr'><strong>omnium</strong></span> <span class='ocrx_word' id='word_1_895' title='bbox 3257 4826 3506 4879; x_wconf 83' lang='lat' dir='ltr'><strong>malorum</strong></span> <span class='ocrx_word' id='word_1_896' title='bbox 3537 4841 3661 4877; x_wconf 82' lang='lat' dir='ltr'><strong>ava—</strong></span> 
     </span>
    </p>
   </div>
   <div class='ocr_carea' id='block_1_106' title="bbox 2084 4918 3651 4996">
    <p class='ocr_par' dir='ltr' id='par_1_106' title="bbox 2084 4918 3651 4996">
     <span class='ocr_line' id='line_1_106' title="bbox 2084 4918 3651 4996; baseline -0.004 -18"><span class='ocrx_word' id='word_1_897' title='bbox 2084 4928 2201 4980; x_wconf 88' lang='lat' dir='ltr'><strong>ritia</strong></span> <span class='ocrx_word' id='word_1_898' title='bbox 2235 4924 2288 4996; x_wconf 88' lang='lat' dir='ltr'><strong>(I</strong></span> <span class='ocrx_word' id='word_1_899' title='bbox 2316 4926 2446 4983; x_wconf 78' lang='lat' dir='ltr'><strong>Tim.</strong></span> <span class='ocrx_word' id='word_1_900' title='bbox 2476 4924 2571 4995; x_wconf 89' lang='lat' dir='ltr'><strong>vt).</strong></span> <span class='ocrx_word' id='word_1_901' title='bbox 2607 4923 2757 4977; x_wconf 90' lang='lat' dir='ltr'><strong>Disce</strong></span> <span class='ocrx_word' id='word_1_902' title='bbox 2784 4923 3067 4992; x_wconf 59' lang='lat' dir='ltr'><strong>diligenter</strong></span> <span class='ocrx_word' id='word_1_903' title='bbox 3085 4921 3206 4990; x_wconf 92' lang='lat' dir='ltr'><strong>quid</strong></span> <span class='ocrx_word' id='word_1_904' title='bbox 3236 4921 3303 4973; x_wconf 84' lang='lat' dir='ltr'><strong>sit</strong></span> <span class='ocrx_word' id='word_1_905' title='bbox 3333 4919 3384 4973; x_wconf 90' lang='lat' dir='ltr'><strong>in</strong></span> <span class='ocrx_word' id='word_1_906' title='bbox 3411 4918 3651 4972; x_wconf 91' lang='lat' dir='ltr'><strong>homine.</strong></span> 
     </span>
    </p>
   </div>
   <div class='ocr_carea' id='block_1_107' title="bbox 2083 5010 3659 5074">
    <p class='ocr_par' dir='ltr' id='par_1_107' title="bbox 2083 5010 3659 5074">
     <span class='ocr_line' id='line_1_107' title="bbox 2083 5010 3659 5074; baseline -0.004 -4"><span class='ocrx_word' id='word_1_907' title='bbox 2083 5018 2223 5071; x_wconf 89' lang='lat' dir='ltr'><strong>Duas</strong></span> <span class='ocrx_word' id='word_1_908' title='bbox 2253 5017 2409 5069; x_wconf 87' lang='lat' dir='ltr'><strong>habet</strong></span> <span class='ocrx_word' id='word_1_909' title='bbox 2438 5016 2488 5069; x_wconf 87' lang='lat' dir='ltr'><strong>itt</strong></span> <span class='ocrx_word' id='word_1_910' title='bbox 2522 5029 2579 5069; x_wconf 90' lang='lat' dir='ltr'><strong>se</strong></span> <span class='ocrx_word' id='word_1_911' title='bbox 2627 5014 2853 5067; x_wconf 89' lang='lat' dir='ltr'><strong>duorum</strong></span> <span class='ocrx_word' id='word_1_912' title='bbox 2905 5015 3169 5067; x_wconf 76' lang='lat' dir='ltr'><strong>malovum</strong></span> <span class='ocrx_word' id='word_1_913' title='bbox 3233 5011 3362 5065; x_wconf 80' lang='lat' dir='ltr'><strong>lixas</strong></span> <span class='ocrx_word' id='word_1_914' title='bbox 3413 5010 3659 5074; x_wconf 80' lang='lat' dir='ltr'><strong>radices;</strong></span> 
     </span>
    </p>
   </div>
   <div class='ocr_carea' id='block_1_108' title="bbox 2088 5082 3659 5178">
    <p class='ocr_par' dir='ltr' id='par_1_108' title="bbox 2088 5082 3659 5178">
     <span class='ocr_line' id='line_1_108' title="bbox 2088 5082 3659 5178; baseline -0.007 -17"><span class='ocrx_word' id='word_1_915' title='bbox 2088 5109 2279 5178; x_wconf 90' lang='lat' dir='ltr'><strong>quibus</strong></span> <span class='ocrx_word' id='word_1_916' title='bbox 2306 5105 2650 5175; x_wconf 77' lang='lat' dir='ltr'><strong>repugnando</strong></span> <span class='ocrx_word' id='word_1_917' title='bbox 2674 5082 2810 5159; x_wconf 67' lang='lat' dir='ltr'><strong>inira</strong></span> <span class='ocrx_word' id='word_1_918' title='bbox 2840 5117 3062 5158; x_wconf 76' lang='lat' dir='ltr'><strong>vexatur</strong></span> <span class='ocrx_word' id='word_1_919' title='bbox 3088 5115 3141 5159; x_wconf 88' lang='lat' dir='ltr'><strong>et</strong></span> <span class='ocrx_word' id='word_1_920' title='bbox 3168 5103 3423 5169; x_wconf 87' lang='lat' dir='ltr'><strong>carpitur.</strong></span> <span class='ocrx_word' id='word_1_921' title='bbox 3452 5100 3518 5155; x_wconf 81' lang='lat' dir='ltr'><strong>Et</strong></span> <span class='ocrx_word' id='word_1_922' title='bbox 3542 5117 3659 5168; x_wconf 80' lang='lat' dir='ltr'><strong>qua:</strong></span> 
     </span>
    </p>
   </div>
   <div class='ocr_carea' id='block_1_109' title="bbox 2080 5194 3655 5264">
    <p class='ocr_par' dir='ltr' id='par_1_109' title="bbox 2080 5194 3655 5264">
     <span class='ocr_line' id='line_1_109' title="bbox 2080 5194 3655 5264; baseline -0.007 -10"><span class='ocrx_word' id='word_1_923' title='bbox 2080 5210 2205 5254; x_wconf 83' lang='lat' dir='ltr'><strong>sant</strong></span> <span class='ocrx_word' id='word_1_924' title='bbox 2234 5203 2346 5254; x_wconf 66' lang='lat' dir='ltr'><strong>ista:</strong></span> <span class='ocrx_word' id='word_1_925' title='bbox 2371 5200 2600 5253; x_wconf 81' lang='lat' dir='ltr'><strong>radices?</strong></span> <span class='ocrx_word' id='word_1_926' title='bbox 2620 5199 2729 5253; x_wconf 87' lang='lat' dir='ltr'><strong>Una</strong></span> <span class='ocrx_word' id='word_1_927' title='bbox 2753 5206 2834 5252; x_wconf 89' lang='lat' dir='ltr'><strong>est</strong></span> <span class='ocrx_word' id='word_1_928' title='bbox 2861 5198 3104 5264; x_wconf 82' lang='lat' dir='ltr'><strong>avaritia,</strong></span> <span class='ocrx_word' id='word_1_929' title='bbox 3128 5205 3181 5249; x_wconf 89' lang='lat' dir='ltr'><strong>et</strong></span> <span class='ocrx_word' id='word_1_930' title='bbox 3201 5211 3303 5249; x_wconf 88' lang='lat' dir='ltr'><strong>una</strong></span> <span class='ocrx_word' id='word_1_931' title='bbox 3327 5203 3406 5248; x_wconf 83' lang='lat' dir='ltr'><strong>cst</strong></span> <span class='ocrx_word' id='word_1_932' title='bbox 3431 5194 3655 5247; x_wconf 81' lang='lat' dir='ltr'><strong>luxnria.</strong></span> 
     </span>
    </p>
   </div>
   <div class='ocr_carea' id='block_1_110' title="bbox 2084 5285 3657 5356">
    <p class='ocr_par' dir='ltr' id='par_1_110' title="bbox 2084 5285 3657 5356">
     <span class='ocr_line' id='line_1_110' title="bbox 2084 5285 3657 5356; baseline -0.005 -10"><span class='ocrx_word' id='word_1_933' title='bbox 2084 5293 2335 5346; x_wconf 65' lang='lat' dir='ltr'><strong>Avaritia:</strong></span> <span class='ocrx_word' id='word_1_934' title='bbox 2364 5291 2509 5344; x_wconf 74' lang='lat' dir='ltr'><strong>radix</strong></span> <span class='ocrx_word' id='word_1_935' title='bbox 2549 5290 2635 5343; x_wconf 92' lang='lat' dir='ltr'><strong>nbi</strong></span> <span class='ocrx_word' id='word_1_936' title='bbox 2659 5291 2786 5344; x_wconf 82' lang='lat' dir='ltr'><strong>e-t?</strong></span> <span class='ocrx_word' id='word_1_937' title='bbox 2820 5290 2875 5343; x_wconf 94' lang='lat' dir='ltr'><strong>In</strong></span> <span class='ocrx_word' id='word_1_938' title='bbox 2904 5289 3152 5356; x_wconf 89' lang='lat' dir='ltr'><strong>cupidine</strong></span> <span class='ocrx_word' id='word_1_939' title='bbox 3183 5289 3395 5341; x_wconf 88' lang='lat' dir='ltr'><strong>mentis.</strong></span> <span class='ocrx_word' id='word_1_940' title='bbox 3428 5285 3657 5339; x_wconf 75' lang='lat' dir='ltr'><strong>Luxuria</strong></span> 
     </span>
    </p>
   </div>
   <div class='ocr_carea' id='block_1_111' title="bbox 2086 5382 3659 5449">
    <p class='ocr_par' dir='ltr' id='par_1_111' title="bbox 2086 5382 3659 5449">
     <span class='ocr_line' id='line_1_111' title="bbox 2086 5382 3659 5449; baseline -0.005 -9"><span class='ocrx_word' id='word_1_941' title='bbox 2086 5386 2171 5440; x_wconf 91' lang='lat' dir='ltr'><strong>ubi</strong></span> <span class='ocrx_word' id='word_1_942' title='bbox 2192 5386 2308 5439; x_wconf 80' lang='lat' dir='ltr'><strong>est?</strong></span> <span class='ocrx_word' id='word_1_943' title='bbox 2336 5383 2389 5437; x_wconf 94' lang='lat' dir='ltr'><strong>ln</strong></span> <span class='ocrx_word' id='word_1_944' title='bbox 2423 5385 2691 5437; x_wconf 89' lang='lat' dir='ltr'><strong>voluntate</strong></span> <span class='ocrx_word' id='word_1_945' title='bbox 2718 5384 3098 5436; x_wconf 89' lang='lat' dir='ltr'><strong>membrorum.</strong></span> <span class='ocrx_word' id='word_1_946' title='bbox 3121 5382 3398 5449; x_wconf 86' lang='lat' dir='ltr'><strong>Cupiditas</strong></span> <span class='ocrx_word' id='word_1_947' title='bbox 3430 5394 3659 5447; x_wconf 83' lang='lat' dir='ltr'><strong>namque</strong></span> 
     </span>
    </p>
   </div>
   <div class='ocr_carea' id='block_1_112' title="bbox 2085 5477 3658 5543">
    <p class='ocr_par' dir='ltr' id='par_1_112' title="bbox 2085 5477 3658 5543">
     <span class='ocr_line' id='line_1_112' title="bbox 2085 5477 3658 5543; baseline -0.003 -12"><span class='ocrx_word' id='word_1_948' title='bbox 2085 5478 2282 5531; x_wconf 80' lang='lat' dir='ltr'><strong>mentis</strong></span> <span class='ocrx_word' id='word_1_949' title='bbox 2313 5478 2363 5529; x_wconf 89' lang='lat' dir='ltr'><strong>in</strong></span> <span class='ocrx_word' id='word_1_950' title='bbox 2400 5478 2617 5528; x_wconf 86' lang='lat' dir='ltr'><strong>avaritia</strong></span> <span class='ocrx_word' id='word_1_951' title='bbox 2667 5477 3013 5530; x_wconf 73' lang='lat' dir='ltr'><strong>inardescens</strong></span> <span class='ocrx_word' id='word_1_952' title='bbox 3031 5486 3199 5528; x_wconf 87' lang='lat' dir='ltr'><strong>armat</strong></span> <span class='ocrx_word' id='word_1_953' title='bbox 3235 5490 3423 5528; x_wconf 86' lang='lat' dir='ltr'><strong>manus</strong></span> <span class='ocrx_word' id='word_1_954' title='bbox 3467 5477 3658 5543; x_wconf 80' lang='lat' dir='ltr'><strong>pedes-</strong></span> 
     </span>
    </p>
   </div>
   <div class='ocr_carea' id='block_1_113' title="bbox 2082 5568 3658 5641">
    <p class='ocr_par' dir='ltr' id='par_1_113' title="bbox 2082 5568 3658 5641">
     <span class='ocr_line' id='line_1_113' title="bbox 2082 5568 3658 5641; baseline -0.001 -18"><span class='ocrx_word' id='word_1_955' title='bbox 2082 5588 2205 5641; x_wconf 89' lang='lat' dir='ltr'><strong>que,</strong></span> <span class='ocrx_word' id='word_1_956' title='bbox 2239 5582 2292 5624; x_wconf 90' lang='lat' dir='ltr'><strong>et</strong></span> <span class='ocrx_word' id='word_1_957' title='bbox 2323 5570 2445 5623; x_wconf 90' lang='lat' dir='ltr'><strong>facit</strong></span> <span class='ocrx_word' id='word_1_958' title='bbox 2470 5572 2519 5623; x_wconf 87' lang='lat' dir='ltr'><strong>in</strong></span> <span class='ocrx_word' id='word_1_959' title='bbox 2552 5568 2632 5623; x_wconf 90' lang='lat' dir='ltr'><strong>bis</strong></span> <span class='ocrx_word' id='word_1_960' title='bbox 2665 5568 2877 5623; x_wconf 88' lang='lat' dir='ltr'><strong>forense</strong></span> <span class='ocrx_word' id='word_1_961' title='bbox 2911 5578 3180 5637; x_wconf 82' lang='lat' dir='ltr'><strong>peceatum</strong></span> <span class='ocrx_word' id='word_1_962' title='bbox 3206 5611 3221 5633; x_wconf 93' lang='lat'><strong>,</strong></span> <span class='ocrx_word' id='word_1_963' title='bbox 3253 5578 3305 5621; x_wconf 90' lang='lat' dir='ltr'><strong>ct</strong></span> <span class='ocrx_word' id='word_1_964' title='bbox 3333 5570 3537 5622; x_wconf 88' lang='lat' dir='ltr'><strong>crimen</strong></span> <span class='ocrx_word' id='word_1_965' title='bbox 3566 5583 3658 5621; x_wconf 49' lang='lat' dir='ltr'><strong>ex.</strong></span> 
     </span>
    </p>
   </div>
   <div class='ocr_carea' id='block_1_114' title="bbox 2085 5661 3659 5732">
    <p class='ocr_par' dir='ltr' id='par_1_114' title="bbox 2085 5661 3659 5732">
     <span class='ocr_line' id='line_1_114' title="bbox 2085 5661 3659 5732; baseline -0.003 -15"><span class='ocrx_word' id='word_1_966' title='bbox 2085 5672 2162 5717; x_wconf 87' lang='lat' dir='ltr'><strong>lra</strong></span> <span class='ocrx_word' id='word_1_967' title='bbox 2188 5678 2380 5727; x_wconf 89' lang='lat' dir='ltr'><strong>corpus</strong></span> <span class='ocrx_word' id='word_1_968' title='bbox 2411 5679 2424 5714; x_wconf 89' lang='lat'>:</span> <span class='ocrx_word' id='word_1_969' title='bbox 2457 5663 2602 5715; x_wconf 78' lang='lat' dir='ltr'><strong>radix</strong></span> <span class='ocrx_word' id='word_1_970' title='bbox 2633 5678 2757 5716; x_wconf 86' lang='lat' dir='ltr'><strong>vero</strong></span> <span class='ocrx_word' id='word_1_971' title='bbox 2783 5663 3025 5727; x_wconf 72' lang='lat' dir='ltr'><strong>luxurite,</strong></span> <span class='ocrx_word' id='word_1_972' title='bbox 3056 5678 3171 5732; x_wconf 73' lang='lat' dir='ltr'><strong>qua:</strong></span> <span class='ocrx_word' id='word_1_973' title='bbox 3202 5661 3372 5717; x_wconf 85' lang='lat' dir='ltr'><strong>succis</strong></span> <span class='ocrx_word' id='word_1_974' title='bbox 3391 5661 3659 5716; x_wconf 87' lang='lat' dir='ltr'><strong>membro-</strong></span> 
     </span>
    </p>
   </div>
   <div class='ocr_carea' id='block_1_115' title="bbox 2087 5755 3697 5824">
    <p class='ocr_par' dir='ltr' id='par_1_115' title="bbox 2087 5755 3697 5824">
     <span class='ocr_line' id='line_1_115' title="bbox 2087 5755 3697 5824; baseline -0.002 -13"><span class='ocrx_word' id='word_1_975' title='bbox 2087 5771 2203 5811; x_wconf 90' lang='lat' dir='ltr'><strong>rum</strong></span> <span class='ocrx_word' id='word_1_976' title='bbox 2245 5755 2473 5810; x_wconf 70' lang='lat' dir='ltr'><strong>nutri&#39;ur</strong></span> <span class='ocrx_word' id='word_1_977' title='bbox 2532 5768 2885 5811; x_wconf 67' lang='lat' dir='ltr'><strong>Venarumaue</strong></span> <span class='ocrx_word' id='word_1_978' title='bbox 2928 5755 3237 5811; x_wconf 67' lang='lat' dir='ltr'><strong>ltumnribus</strong></span> <span class='ocrx_word' id='word_1_979' title='bbox 3268 5755 3533 5824; x_wconf 82' lang='lat' dir='ltr'><strong>irrigatur,</strong></span> <span class='ocrx_word' id='word_1_980' title='bbox 3569 5764 3659 5807; x_wconf 61' lang='grc' dir='ltr'><strong>σο»</strong></span> <span class='ocrx_word' id='word_1_981' title='bbox 3694 5810 3697 5813; x_wconf 31' lang='grc' dir='ltr'><strong><em>λ</em></strong></span> 
     </span>
    </p>
   </div>
  </div>
