4032 6184
345 235 415 289 37

1684 231 1953 287 liOillLlA
1998 232 2225 288 PRIMA.

3521 221 3587 277 93

346 352 546 420 gitipsa
560 365 762 405 viscera
784 350 1074 411 inobscena
1092 347 1376 417 cupiditate
1400 344 1732 414 delinquere,
1760 353 1812 396 et
1843 343 1921 396 fa-
1950 343 1999 403 Α
2026 356 2128 411 que
2158 338 2377 394 crimina
2404 340 2605 394 vincula
2633 339 2834 393 funesta
2857 336 3158 405 disrumpit.
3192 334 3373 390 Vidisti
3398 352 3588 405 aquam

346 454 473 494 cere
499 452 770 507 peccatum
802 439 1135 493 intestinum.
1172 436 1420 506 Igitur‘vst
1446 445 1718 503 peccatum
1742 433 1918 485 avari-

350 535 458 600 tia,
486 541 540 586 et
561 541 644 587 est
666 532 1171 599 peccatumluvurize
1194 529 1245 582 in
1276 528 1546 581 membris.
1574 526 1687 578 Duo
1714 535 1835 578 sunt
1865 525 1919 576 in

353 624 571 677 homine
597 621 838 688 capitalia
862 622 1080 675 crimina
1103 638 1115 672 :
1147 636 1305 673 unum
1326 620 1555 681 intus,et
1573 633 1729 670 unum
1764 613 1922 677 foris;

354 730 519 769 unum
549 715 599 767 in
631 713 973 775 mi-mbris,et
993 728 1149 765 unum
1179 721 1337 765 extra
1356 710 1611 763 membra.
1639 707 1930 775 Estpecca—

355 804 1223 870 tumluxuriminmembris,etcst
1250 798 1764 870 peccatuniavaritite
1780 809 1929 851 extra

356 898 619 949 niembra.
651 896 715 947 Et
737 906 794 947 ut
816 896 1003 948 credas
1035 896 1133 947 hoc
1164 894 1229 946 ita
1260 907 1380 946 esse
1404 890 1539 961 quod
1565 890 1788 955 dicitur,
1811 886 1931 941 audi

358 984 611 1038 eumdem
644 985 951 1052 Apostolum
985 990 1390 1052 prosequentem
1418 999 1433 1033 :
1478 980 1640 1034 Omne
1675 987 1933 1045 peccatum

362 1079 701 1145 quodcunque
726 1076 898 1145 fecerit
924 1075 1071 1127 homo
1111 1085 1253 1127 extra
1284 1089 1470 1141 corpus
1508 1083 1621 1137 est;
1650 1072 1737 1139 qui
1766 1078 1936 1122 autem

368 1170 673 1237 fornicatur,
693 1169 745 1220 in
768 1183 950 1237 corpus
979 1183 1127 1219 suum
1141 1177 1309 1236 peccat
1324 1163 1375 1235 (Ι
1397 1164 1513 1219 Cor.
1531 1166 1628 1231 Vt).
1656 1161 1759 1217 Sed
1782 1161 1935 1215 dicis:

369 1268 414 1317 si
440 1264 604 1332 pedes
628 1272 847 1315 currunt
870 1264 933 1313 ad
958 1262 1209 1329 praedam.
1234 1262 1276 1313 si
1301 1274 1486 1312 manus
1512 1258 1650 1326 dirip
1676 1264 1787 1319 unt,
1810 1269 1941 1323 quo-

368 1357 535 1411 modo
553 1364 724 1424 potest
768 1354 965 1422 ab~que
996 1366 1219 1421 corpore
1249 1366 1366 1405 esse
1389 1354 1693 1420 peccatum?
1720 1347 1833 1402 Non
1863 1355 1945 1400 est

373 1447 587 1515 quidem
627 1446 841 1498 dubtum
874 1445 1008 1511 quod
1042 1458 1197 1497 omne
1245 1451 1512 1509 peceatum
1544 1439 1795 1493 membris
1846 1439 1945 1491 mi-

377 1539 732 1592 nisxrantibns
760 1547 1124 1605 perpc'ratur:
1160 1535 1250 1589 sed
1270 1536 1410 1587 aliud
1434 1545 1513 1588 est
1537 1548 1627 1602 per
1650 1532 1943 1585 membrum

376 1632 755 1693 coinmittere,
812 1637 865 1680 et
905 1627 1044 1680 aliud
1078 1626 1131 1679 in
1186 1628 1418 1680 membra
1467 1626 1795 1694 delinquere.
1848 1622 1947 1677 Per

2025 435 2403 503 eleemosynae!
2450 433 2537 485 Vis
2569 433 2705 487 scire
2744 432 2880 501 quod
2912 442 2964 485 et
2994 431 3200 484 luxuria
3248 442 3299 485 et
3348 432 3511 485 libido
3541 435 3592 484 in

2028 540 2163 594 aqua
2193 528 2307 578 est?
2336 525 2612 579 Peccatum
2633 539 2822 592 corpus
2842 528 3091 587 incestat,
3123 537 3260 574 nunc
3288 537 3474 590 aquam
3508 523 3595 575 tia-

2031 617 2118 671 bet
2147 618 2487 671 contrariam.
2524 616 2655 670 Ubi?
2690 633 2864 668 nonne
2896 617 2945 667 in
2977 615 3179 668 oculis?
3212 626 3265 666 ct
3295 632 3359 665 in.
3382 615 3486 666 ritu
3531 613 3599 667 tle

2031 725 2277 777 corpore.
2312 709 2385 764 De
2435 709 2603 763 oculis
2635 709 2796 762 stillat
2828 724 2960 776 aqua
3000 724 3115 773 σμιςυ
3148 709 3307 760 totius
3355 708 3599 774 corporis

2033 811 2337 855 contractus
2385 800 2623 854 (lissoltit
2666 809 2719 852 ct
2766 798 2927 852 abluit
2962 800 3269 852 foeditatem.
3304 799 3429 850 Nam
3461 801 3600 853 sicut

2037 904 2314 962 peccatum
2340 894 2478 960 quod
2521 903 2669 946 extra
2697 908 2886 958 corpus
2918 902 2999 944 est
3041 894 3376 963 elretnosyna
3418 892 3596 945 inlini-

2046 995 2198 1037 natet
2225 984 2504 1052 exstinguit
2527 1023 2541 1048 ,
2582 983 2657 1035 sic
2702 984 2885 1035 vitium
2918 982 3148 1036 libidinis
3176 986 3310 1045 quod
3363 984 3601 1037 membra

2042 1077 2629 1147 incestatlacrytnarum
2657 1076 2871 1129 ubertas
2894 1080 3068 1135 exstir,
3092 1090 3161 1126 at.
3184 1076 3316 1142 Ergo
3335 1088 3604 1143 peccatum

2042 1173 2182 1244 quod
2212 1182 2363 1227 extra
2392 1186 2584 1240 corpus
2610 1185 2690 1224 est
2736 1170 3007 1239 proprium
3039 1169 3195 1222 habet
3236 1171 3430 1222 fontem
3466 1172 3609 1224 elee-

2045 1282 2309 1337 ntosynaa,
2343 1277 2393 1320 et
2414 1264 2667 1333 ﬂagitium
2697 1262 2834 1331 quod
2857 1263 2991 1314 intra
3020 1278 3212 1327 corpus
3260 1265 3499 1315 committ
3522 1273 3608 1315 tur

2046 1376 2199 1414 suum
2232 1361 2387 1413 liabet
2413 1358 2694 1410 iontemex
2722 1355 2887 1407 σιειιίίτ
2942 1353 3317 1423 proﬂuentem:
3375 1363 3430 1406 ut
3477 1354 3613 1407 scias

2049 1463 2103 1507 ιιι
2140 1453 2258 1521 quia
2284 1453 2620 1518 eleeinosyna
2652 1449 2889 1500 ﬂammas
2936 1446 3172 1499 avaritiae
3221 1448 3533 1511 resnngnit,
3562 1456 3617 1499 et

2050 1545 2268 1598 libidine
2298 1542 2499 1596 fuscata
2545 1541 2747 1594 viscera
2804 1536 3034 1606 profusis
3085 1540 3269 1590 iterum
3301 1539 3510 1591 ﬂetibus
3543 1540 3619 1591 al-

2054 1637 2177 1691 bent
2214 1635 2571 1701 meritumquc
2627 1640 2919 1697 recepti-nt.
2960 1628 3061 1682 Si-d
3098 1628 3326 1689 quandin
3358 1629 3511 1682 verba
3542 1628 3621 1682 in-

384 1722 618 1775 membra
651 1735 795 1773 enim
825 1717 961 1786 quod
998 1718 1363 1781 committitur,
1400 1718 1453 1769 in
1487 1717 1588 1770 hoc
1617 1719 1826 1770 animus
1854 1715 1947 1767 de-
1984 1717 2028 1779 Β
2057 1727 2180 1780 nui?
2199 1727 2395 1791 Arcipe
2418 1738 2599 1791 evangi
2620 1721 2715 1774 lica
2744 1724 3094 1782 dot-inuenta;
3128 1720 3309 1784 accipe
3338 1721 3472 1772 duos
3491 1720 3623 1772 duo-

384 1817 630 1876 tectatur;
655 1814 829 1867 carnis
850 1824 1026 1866 autem
1059 1813 1301 1879 voluptas
1324 1811 1421 1864 hoc
1450 1825 1545 1863 nec
1565 1811 1727 1863 sentit
1744 1822 1840 1862 nec
1868 1822 1957 1861 ie-

381 1908 533 1974 cipit.
568 1906 633 1957 Et
674 1906 791 1957 ideo
814 1903 1013 1957 dictum
1043 1914 1163 1957 est:
1207 1901 1367 1954 Omne
1397 1913 1655 1970 placatum
1693 1899 1958 1969 quodcun-

383 2013 485 2065 que
507 1997 679 2065 fecerit
707 1995 876 2058 homo,
908 2004 1051 2047 extra
1077 2010 1259 2063 corpus
1286 2004 1397 2056 est;
1442 1993 1677 2046 libidinis
1723 2008 1847 2045 vero
1880 1993 1954 2041 l'a-

389 2103 504 2152 τες,
535 2088 892 2156 ardentesque
919 2087 1079 2140 f..rias
1104 2086 1239 2139 intra
1253 2100 1311 2139 se
1338 2085 1575 2139 continet
1603 2099 1748 2146 caro,
1774 2099 1840 2135 ex
1875 2098 1961 2135 ra-

388 2181 511 2236 dice
538 2182 765 2235 luxnria:
790 2180 1126 2249 pullulantes.
1160 2177 1412 2233 Dulcibus
1448 2193 1673 2247 namque
1704 2175 1965 2231 illecebris

394 2274 463 2326 ad
496 2272 766 2326 modicum
805 2273 1064 2325 excitatus
1091 2269 1173 2323 vel
1200 2282 1486 2338 expressus
1529 2268 1718 2322 humor
1743 2306 1759 2332 ,
1806 2265 1967 2319 trahit

394 2362 462 2416 ad
492 2378 552 2416 se
572 2378 633 2415 ex
662 2362 782 2414 imis
816 2360 1077 2414 viscerum
1129 2373 1488 2427 venarumque
1512 2357 1756 2411 medulls
1808 2356 1967 2409 totius

394 2454 642 2523 corporis
670 2454 1010 2522 voluptatem.
1037 2452 1185 2519 Quod
1216 2450 1305 2504 ubi
1347 2449 1631 2519 Apostolus
1673 2446 1968 2505 intentissi-

400 2560 490 2599 me
518 2545 769 2615 inspexit,
796 2544 1037 2596 absolute
1065 2540 1177 2593 |init
1197 2539 1511 2594 sententiam
1530 2539 1740 2591 dic-ns:
1762 2536 1970 2603 Quiau-

401 2645 502 2687 tem
525 2633 834 2700 fornicatur,
857 2632 906 2682 in
932 2646 1114 2699 corpus
1140 2645 1284 2681 suum
1308 2636 1502 2695 peccat.
1530 2626 1618 2678 Va:
1650 2627 1774 2679 mihi
1804 2625 1819 2679 ι
1848 2622 1972 2692 quid

403 2735 627 2779 acturus
655 2739 794 2789 sum,
827 2724 986 2775 bomo
1016 2720 1236 2791 fragilis!
1255 2735 1356 2789 qua
1385 2720 1579 2772 virtute
1607 2718 1794 2770 valebo
1819 2725 1975 2770 tantis

402 2814 671 2868 atrocitati
700 2811 979 2867 residere!
1012 2812 1235 2865 duorum
1268 2810 1317 2863 in
1352 2824 1435 2862 me
1460 2806 1863 2861 consistentium
1886 2820 1973 2857 ve—

410 2918 551 2959 nena
600 2919 700 2972 qua
756 2903 891 2956 forte
940 2916 1153 2970 possum
1198 2900 1406 2953 vitare?
1454 2900 1506 2951 Si
1566 2898 1711 2950 radix
1746 2896 1980 2949 avaritia:

413 2997 764 3069 (multiforme
810 2992 1033 3062 crimen)
1087 2994 1360 3048 exulcerat
1411 2993 1680 3057 animam;
1736 2994 1780 3043 si
1830 2991 1979 3042 radix

2060 1833 2174 1871 rum
2198 1817 2477 1869 caminum
2515 1814 2717 1867 indices
2740 1852 2753 1863 .
2785 1811 2958 1864 llabcs
2990 1811 3344 1878 publ.canuin,
3380 1812 3541 1864 babes
3571 1822 3625 1866 et

2060 1910 2421 1965 meretricem:
2479 1906 2812 1973 publicanum
2867 1903 2921 1958 in
2970 1903 3229 1964 avaritia.
3289 1904 3623 1958 unretrirein

2062 2003 2113 2055 in
2167 2000 2391 2053 luxuria.
2446 1998 2735 2052 Criminutn
2791 1996 3043 2064 prtesulcs
3086 1992 3206 2049 facti
3263 2005 3386 2049 sunt
3435 1996 3629 2049 divinat

2062 2090 2438 2145 misericordir
2466 2089 2669 2143 indices
2699 2104 2713 2140 :
2748 2088 2825 2143 vis
2847 2088 2984 2141 scire
3018 2086 3283 2155 quomodo
3311 2088 3398 2142 isti
3421 2088 3522 2140 duo
3549 2090 3628 2139 vi—

2066 2194 2274 2243 cerunt,
2300 2192 2352 2233 et
2379 2182 2663 2234 criminosa
2690 2182 2928 2246 contagia
2956 2178 3535 2233 evaserunNSiIvutns
3548 2189 3631 2234 est

2070 2274 2379 2342 publicanus
2438 2289 2451 2325 :
2502 2285 2604 2339 qua
2646 2270 2839 2324 manu?
2869 2286 3044 2323 nonne
3077 2286 3170 2338 per
3197 2271 3630 2340 eleemosynam!

2072 2367 2303 2431 ltecepta
2344 2373 2427 2417 est
2467 2362 2717 2416 meretrix
2752 2379 2762 2414 :
2790 2377 2896 2430 quo
2928 2362 3207 2427 pra-sidio?
3234 2378 3409 2416 nonne
3441 2380 3535 2432 per
3562 2364 3634 2417 la-

2074 2454 2320 2526 crymaJ.’
2370 2453 2474 2507 Sed
2507 2468 2719 2506 causam
2761 2451 3099 2519 replicemns.
3149 2456 3394 2521 Agnitus,
3447 2454 3635 2521 inquit,

2076 2547 2327 2601 Dominus
2353 2545 2385 2599 Ι
2393 2562 2507 2599 esus
2537 2544 2854 2614 perambulat
2896 2544 2947 2596 in
2981 2542 3149 2597 Jerico
3178 2560 3194 2595 :
3222 2557 3267 2599 et
3306 2561 3361 2597 ec
3392 2562 3419 2599 e
3447 2546 3520 2598 vir
3547 2561 3638 2597 no-

2075 2643 2209 2694 mine
2240 2640 2488 2693 Zurhwu:
2519 2635 2688 2708 (Luc.
2738 2653 2822 2690 xui
2843 2638 2859 2698 )
2881 2680 2896 2702 ,
2933 2639 3092 2691 homo
3121 2647 3386 2705 peccator,
3425 2654 3641 2704 avarus,

2077 2733 2211 2784 dives
2244 2747 2303 2784 ex
2333 2729 2551 2795 rapinis,
2582 2737 2627 2780 et
2652 2726 2732 2780 ltfc
2770 2726 3023 2797 quaerebat
3046 2728 3209 2781 videre
3247 2728 3522 2783 Dominum
3551 2729 3643 2783 Je-

2080 2840 2217 2889 sum,
2250 2837 2302 2877 ut
2336 2826 2494 2878 sciret
2521 2823 2693 2891 qualis~
2724 2833 2899 2886 esset;
2933 2837 3029 2877 nec
3059 2832 3263 2891 poterat
3293 2838 3412 2877 eum
3438 2824 3641 2891 videre.

2084 2920 2351 2971 turbarum
2393 2917 2778 2985 olislirpzitime
2828 2918 3094 2978 seclusus;
3147 2918 3372 2973 modica:
3421 2936 3649 2990 namque

2083 3021 2300 3065 statura:
2322 3021 2455 3067 erat.
2473 3010 2704 3079 Contigit
2731 3011 2971 3065 invenire
2992 3027 3113 3066 eum
3137 3014 3383 3067 arborem
3408 3029 3650 3085 sycomo-

414 3088 640 3142 luxnriae
664 3089 851 3156 ignitas
870 3087 1132 3140 ministrat
1159 3085 1433 3138 libidinum
1459 3083 1621 3147 faces,
1650 3084 1840 3152 quibus
1876 3084 1981 3134 vis.
2012 3093 2056 3155 ρ
2091 3121 2240 3167 mm;
2268 3104 2509 3157 ascendit
2540 3104 2794 3169 “suum,
2827 3113 2880 3158 et
2910 3104 3061 3157 vid“.
3108 3104 3242 3171 Quid
3277 3083 3652 3161 vidiw‘salu-

416 3194 596 3233 cernm
630 3180 885 3232 medullas
915 3180 1120 3241 exurit,
1173 3177 1297 3246 quid
1330 3177 1556 3229 faciam?
1578 3191 1695 3243 qua:
1732 3178 1898 3228 virtus
1930 3176 1981 3227 in

417 3271 540 3326 me?
564 3282 655 3325 aut
682 3288 796 3339 qna.-
827 3269 1121 3324 substantia
1147 3267 1298 3322 mea?
1332 3268 1523 3321 Vivunt
1550 3269 1600 3319 in
1628 3282 1711 3320 me
1736 3269 1841 3319 duo
1867 3281 1983 3319 ser-

418 3377 607 3431 pentes
630 3364 845 3429 pariter,
894 3363 1116 3415 avaritia
1139 3371 1191 3413 et
1221 3362 1450 3414 luxuria.
1484 3360 1724 3414 Mordent
1753 3373 1983 3426 semper,

418 3457 731 3510 exulcerant
770 3454 1007 3523 jogiter,
1058 3453 1315 3507 collidunt
1364 3452 1697 3520 frequenter,
1752 3460 1805 3503 et
1847 3459 1989 3503 stare

417 3561 609 3601 contra
638 3550 769 3601 tales
809 3546 1005 3600 bt-Stias
1051 3546 1262 3615 propria
1293 3547 1484 3598 virtute
1522 3558 1625 3596 non
1669 3558 1902 3611 possum.
1934 3542 1987 3597 Si

419 3640 703 3710 aquai-jam
720 3640 1096 3694 adminiculum
1126 3654 1228 3691 non
1261 3650 1341 3693 est
1370 3681 1384 3704 ,
1436 3644 1480 3694 si
1525 3638 1752 3705 Spiritus
1782 3645 1993 3689 sanctus

422 3733 608 3797 deest,
631 3734 742 3800 quis
767 3748 845 3783 me
872 3730 1101 3782 liberabit
1131 3731 1194 3782 de
1221 3745 1431 3795 corpore
1460 3731 1636 3781 mortis
1664 3729 1854 3799 huius?
1874 3727 1994 3797 quis

422 3839 515 3877 mc
543 3835 694 3877 eruet
718 3826 785 3875 ab
835 3825 933 3876 liae
981 3824 1231 3892 nequitia:
1286 3824 1426 3877 tnolc
1471 3838 1757 3891 morsuque
1805 3823 1994 3876 lerali?

425 3914 620 3979 Homo,
642 3913 747 3967 noli
769 3912 1038 3966 dillidere:
1072 3927 1157 3965 res
1180 3914 1228 3965 in
1251 3923 1493 3981 promptu
1509 3920 1729 3979 est,vita
1761 3914 1809 3965 in
1840 3928 1995 3965 manu

426 4015 545 4069 est,
572 4005 740 4057 virtus
786 4006 835 4057 in
869 4004 1139 4057 voluntate
1169 4013 1284 4068 est,
1314 4006 1533 4058 victoria
1562 4004 1613 4056 in
1647 4002 1865 4058 arbitrio
1894 4017 1993 4055 esu.

425 4096 486 4151 Si
530 4097 739 4151 voluisti
768 4140 785 4164 ,
820 4094 1039 4160 vicisti:
1075 4098 1117 4148 si
1149 4096 1405 4162 nolueris,
1456 4097 1625 4150 vicms
1657 4096 1989 4165 relinqueris.

426 4187 529 4255 Qui
556 4193 659 4241 vult
690 4188 902 4242 vincere
931 4201 1151 4242 ε-ιιιιιιιιι·
1167 4201 1220 4241 ιιι
1250 4188 1549 4259 vincat;qui
1577 4192 1839 4258 despeiat,
1862 4192 1993 4241 am?-

428 4286 502 4335 sit
532 4286 828 4337 victoriam.
857 4283 992 4347 Quid
1018 4283 1172 4337 times
1194 4286 1494 4351 cupiditatis
1525 4286 1749 4348 crimen,
1776 4288 1854 4338 vel
1878 4302 1999 4339 ava-

430 4376 570 4430 ritia:
598 4376 834 4430 facinus?
870 4376 984 4429 Noli
1020 4378 1233 4430 timere!
1269 4376 1433 4430 Radix
1467 4378 1565 4430 ista
1615 4378 1852 4430 omnium
1888 4394 2003 4430 ma-

2092 3204 2259 3247 ιρι-ειη]
2294 3193 2495 3247 szcculi.
2532 3193 2673 3247 Bene
2702 3193 2988 3257 festinavit,
3020 3198 3218 3261 Optime
3256 3196 3530 3259 ascendit;
3565 3213 3633 3265 qu

2099 3289 2221 3341 dum
2250 3287 2433 3340 avidus
2462 3287 2608 3355 cupit
2634 3288 2814 3340 videre
2839 3287 3191 3350 Salvatorem,
3216 3287 3440 3341 salutem
3488 3288 3653 3355 ipsum

2093 3396 2251 3447 quam
2291 3378 2567 3445 ignorabat
2614 3377 2837 3431 invenit.
2876 3378 2939 3430 Et
2982 3378 3105 3444 quid
3138 3377 3310 3431 dicam
3344 3377 3507 3430 vidit?
3537 3392 3657 3432 ante

2097 3472 2239 3524 visus
2270 3482 2350 3525 est
2380 3484 2538 3540 quam
2588 3468 2806 3521 \ideret.
2837 3467 2977 3520 Tran
3011 3467 3103 3521 ivit
3138 3467 3374 3536 (inquit)
3404 3468 3656 3524 Dominus

2097 3563 2276 3625 Jesns,
2304 3563 2433 3615 vidit
2465 3561 2633 3623 illum,
2670 3560 2909 3628 dixitque
2937 3559 2986 3612 ei
3012 3576 3026 3611 :
3059 3557 3304 3620 Zaclitee.
3331 3560 3538 3629 festina,
3569 3561 3660 3615 dc-

2099 3655 2303 3718 scende,
2339 3655 2488 3706 hodie
2511 3668 2724 3720 namque
2751 3652 2802 3702 in
2824 3651 2976 3702 domo
3001 3660 3087 3702 tua
3116 3666 3191 3701 me
3215 3667 3420 3702 orauere
3446 3666 3660 3714 oporrrt.

2110 3748 2351 3809 Domine,
2382 3744 2503 3812 quid
2537 3754 2617 3796 est
2639 3743 2736 3795 linc
2766 3741 2905 3808 quod
2931 3740 3097 3794 ιιιείθῖ
3128 3740 3372 3809 Nunquid
3410 3758 3511 3795 non
3542 3754 3664 3797 sunt

2104 3838 2290 3893 ﬁdeles
2316 3879 2330 3900 ,
2358 3836 2484 3903 quid
2516 3834 2580 3887 ad
2615 3838 2769 3888 ta'cm
2813 3833 3081 3886 hominem
3109 3834 3383 3902 applicas?
3428 3834 3665 3888 Publica.

2104 3947 2205 3985 nus
2233 3939 2313 3983 est
2336 3927 2592 3981 Zacbaeus
2618 3944 2631 3979 :
2659 3926 2765 3979 imo
2800 3928 3045 3993 princeps
3076 3926 3510 3994 publicanorum,
3543 3943 3668 3996 pec-

2103 4036 2253 4078 cator
2280 4033 2359 4076 cst
2389 4032 2443 4075 et
2474 4021 2682 4088 praedo;
2718 4020 2899 4073 videre
2940 4032 2990 4073 te
3034 4019 3200 4073 voluit
3249 4030 3451 4074 tantum
3485 4038 3499 4074 :
3529 4039 3663 4074 nun-

2108 4116 2232 4187 quid
2265 4116 2331 4170 de
2363 4114 2476 4168 sola
2506 4113 2711 4167 visione
2734 4112 2843 4181 jam
2881 4111 3039 4165 debet
3064 4111 3296 4164 Salvari?
3326 4113 3581 4166 Ascendit
3613 4114 3667 4166 in

2108 4209 2353 4263 arborem
2382 4217 2439 4258 ut
2463 4204 2665 4258 videret
2690 4221 2703 4266 ;
2734 4207 2775 4256 si
2798 4216 2973 4256 autem
3003 4203 3225 4256 neidum
3255 4202 3387 4255 vidit
3410 4214 3665 4272 actusque

2112 4303 2337 4359 necdum
2382 4299 2639 4364 ingemuit
2675 4342 2688 4364 ,
2726 4298 2958 4364 nunquul
3004 4295 3277 4349 cntilesSns
3310 4308 3387 4349 est
3417 4297 3675 4349 maculant

2111 4412 2285 4460 suam,
2311 4404 2402 4446 aut
2432 4392 2623 4461 ﬂagitia
2652 4388 2961 4455 repliravit?
2989 4386 3234 4455 Nunquid
3267 4387 3409 4440 ﬂevit
3448 4400 3571 4441 ante
3593 4399 3667 4447 te.

431 4469 707 4535 lorum,id
742 4478 825 4524 est
874 4471 1090 4524 avaritia
1121 4510 1135 4533 ,
1188 4471 1345 4523 habet
1389 4486 1577 4540 aquam
1628 4471 1911 4539 propriam.
1951 4474 1974 4521 |~

2082 4484 2203 4541 lant
2245 4488 2368 4540 fecit
2398 4485 2795 4553 eleemosynam
2838 4482 2888 4532 itt
2919 4478 3148 4546 peccatis
3176 4478 3327 4531 suis?
3371 4487 3454 4532 est
3504 4478 3678 4532 adhuc

431 4578 567 4628 aqua
595 4563 694 4618 ista
718 4604 733 4627 ,
764 4581 881 4630 qua:
908 4575 989 4618 est
1013 4605 1027 4627 ,
1082 4565 1180 4617 nisi
1210 4566 1592 4636 eleemosyna?
1647 4566 1757 4619 Non
1813 4564 2007 4618 audisti

432 4656 557 4719 quid
593 4659 847 4723 scriptum
877 4660 995 4709 est?
1042 4655 1184 4711 Sicut
1220 4674 1351 4723 aqua
1387 4658 1662 4725 exstinguit
1691 4660 1889 4725 ignem,
1937 4658 2009 4712 sic

434 4753 751 4818 eleemosyna
777 4750 1044 4818 exstinguit
1072 4760 1277 4820 peccata
1296 4748 1481 4819 (Eccli.
1552 4766 1653 4818 Ill).
1686 4751 1868 4817 Magna
1899 4751 2009 4803 lucc

435 4842 697 4894 sententia
720 4882 735 4905 ,
769 4839 980 4895 des‘inat
1005 4841 1222 4909 querela
1248 4883 1263 4905 ,
1315 4844 1525 4895 desinat
1560 4842 1841 4897 dubitatio.
1877 4842 2006 4896 Nam

438 4935 523 4987 ubi
551 4934 911 5006 eleemosyna,
947 4935 1014 4987 ilii
1039 4944 1265 5003 aqua;et
1287 4934 1372 4987 ubi
1404 4950 1560 5003 aqua,
1582 4934 1655 4989 ibi
1678 4933 1816 5003 Spiri
1846 4950 1925 4990 us:
1959 4944 2013 4989 et

438 5030 525 5085 ubi
553 5028 805 5096 Spiritus,
840 5028 907 5082 ibi
950 5029 1211 5084 remissio.
1242 5028 1809 5098 Desinatdesperatio:
1845 5045 2008 5099 aqua,
2080 5042 2081 5045 ‘

437 5126 714 5179 ctablntio
737 5164 752 5188 ,
788 5136 840 5177 et
887 5127 1129 5178 remissio
1156 5123 1208 5176 in
1239 5125 1575 5193 eleemosyna
1607 5123 1880 5194 largientis
1908 5134 2007 5178 est.

440 5223 517 5277 Ne
541 5224 755 5278 dill'eras
794 5222 1013 5276 abluere
1056 5221 1382 5288 inquinatum
1430 5235 1625 5290 corpus
1676 5231 1728 5274 et
1782 5221 2011 5281 animam

441 5316 678 5370 fontibus
706 5316 1079 5386 eleemosyoae,
1112 5324 1162 5367 nt
1192 5315 1378 5368 redeas
1406 5328 1595 5367 rursus
1651 5314 1702 5366 in
1751 5312 2011 5381 praemissi

439 5407 774 5475 baptismatis
807 5408 1028 5461 formam
1054 5424 1068 5464 :
1095 5406 1241 5463 Sicut
1262 5424 1392 5476 aqua
1416 5406 1687 5473 exstinguit
1708 5406 1872 5475 ignem
1898 5445 1913 5463 .
1942 5405 2016 5458 sic

440 5504 756 5563 eleemosyna
782 5500 1056 5566 exstinguit
1083 5509 1306 5566 peccata.
1342 5498 1610 5567 Tanquam
1648 5498 1692 5550 si
1734 5496 1801 5549 ita
1832 5505 1883 5548 t‘l
1904 5498 2016 5550 dic-

445 5605 556 5647 tum
585 5603 760 5645 esset:
792 5592 928 5645 sicut
985 5607 1119 5660 aqua
1155 5592 1447 5660 exstinguit
1485 5592 1657 5659 ignem
1705 5589 2013 5650 ardentem,

441 5688 515 5738 sic
548 5685 883 5751 cleemusvna
908 5685 975 5737 di
994 5685 1158 5750 cerpit
1180 5684 1484 5737 avaritiam:
1510 5680 1692 5736 funera
1721 5679 2018 5737 hominum-

2113 4582 2273 4637 liomo
2302 4581 2579 4649 profanus;
2606 4588 2657 4630 et
2699 4575 2829 4626 dicis
2861 4573 2973 4626 illi:
3006 4571 3174 4625 llodie
3212 4574 3263 4624 in
3291 4573 3439 4625 domo
3470 4583 3556 4625 tua
3604 4588 3683 4625 me

2114 4690 2317 4729 manere
2357 4670 2592 4740 Oportet?
2620 4670 2701 4721 vix
2753 4667 2927 4719 adhuc
2962 4667 3043 4718 Vel
3084 4665 3260 4719 sidere
3292 4674 3341 4717 te
3372 4666 3597 4730 meruit,
3625 4676 3679 4717 et

2111 4766 2221 4835 jam
2252 4764 2477 4831 angulos
2506 4761 2623 4828 ejus
2656 4760 2837 4813 visitas
2867 4758 3260 4825 ltoSpitiumque
3291 4756 3635 4819 amplecteris
3666 4758 3681 4810 !

2119 4872 2305 4912 verum
2340 4856 2440 4907 boc
2487 4852 2647 4907 oilicii
2679 4852 2750 4904 tui
2781 4863 2884 4913 εει,
2919 4859 2972 4903 ει
3002 4847 3476 4916 indulgentissimo:
3506 4864 3681 4910 curae,

2120 4949 2208 5017 qui
2242 4962 2347 5000 non
2378 4944 2570 4998 venisti
2596 4942 2772 5010 justus
2821 4941 3066 4997 invitare.
3089 4939 3182 4993 sed
3216 4949 3527 5007 peccatores
3558 4952 3683 4990 coro

2121 5040 2317 5108 rigere.
2354 5037 2534 5091 Manes
2559 5050 2678 5087 cum
2706 5031 3015 5099 publicanis,
3034 5031 3321 5086 manducas
3341 5046 3460 5085 cum
3490 5043 3678 5100 pecca-

2120 5132 2341 5196 toribus,
2361 5129 2595 5198 iungeris
2616 5142 2736 5181 cum
2766 5125 3002 5192 iniustis,
3045 5134 3101 5178 ut
3124 5125 3221 5177 bac
3242 5126 3492 5178 societate
3532 5121 3685 5188 quasi

2120 5237 2235 5279 arte
2263 5222 2485 5291 quadam
2513 5236 2606 5273 eos
2633 5227 2934 5282 convertas,
2967 5228 3021 5271 et
3054 5218 3288 5283 corrigas
3342 5217 3409 5269 ad
3439 5215 3687 5269 salutent.

2121 5315 2356 5378 Zachwe.
2387 5312 2651 5375 descende,
2677 5310 2874 5379 inquit,
2900 5315 3021 5380 quia
3049 5309 3200 5362 hodie
3230 5312 3368 5376 apud
3393 5320 3540 5361 teme
3568 5324 3683 5360 ntu-

2124 5425 2241 5462 nere
2262 5416 2475 5474 oportet.
2508 5405 2574 5459 Et
2618 5404 2742 5474 quid
2783 5401 3069 5457 Zaclueus?
3097 5401 3368 5455 descendit
3404 5398 3685 5454 confesti-ii

2124 5503 2191 5554 de
2208 5502 2420 5563 arbore,
2447 5499 2555 5565 jam
2599 5497 2763 5551 verbo
2797 5495 3004 5549 Domini
3045 5494 3398 5549 emendatior.
3427 5494 3688 5558 Aspectns

2127 5594 2270 5646 enim
2301 5590 2605 5646 emendavit
2640 5588 2974 5658 pra-donem;
3004 5596 3060 5642 et
3088 5587 3204 5641 solo
3234 5601 3484 5641 sermone
3522 5602 3691 5639 inuia-

2128 5686 2200 5761 vit
2245 5699 2458 5737 sensum
2510 5682 2643 5751 ejus.
2696 5677 2999 5747 Descendit,
3048 5677 3336 5749 perniciter
3364 5690 3687 5751 prope-tavit,
