4032 6184
438 305 502 362 ‘3?)
1439 306 1496 364 S.
1536 307 1901 363 LAURENTII
1942 308 2389 368 NOVARIENSIS
2429 309 2728 368 EPISCOPI

3569 317 3669 372 100

437 422 712 478 exsultans
761 420 965 490 paravit
1013 418 1333 484 hospitium;
1366 423 1598 490 SIISCepil
1631 423 1750 477 vita:
1797 438 1993 492 prmsu-
2028 438 2074 490 Α
2104 426 2379 483 Zachreus.
2411 429 2502 486 ille
2526 430 2765 485 ascendit
2792 430 2842 484 in
2873 428 3138 492 arborem.
3170 428 3291 497 quia
3319 443 3425 483 nou
3449 441 3660 499 poterat

440 514 542 566 leni
564 554 579 576 ,
602 521 655 567 ct
686 512 857 567 fartus
900 518 981 563 est
1013 510 1147 562 filius
1176 508 1422 563 Abt-altae.
1455 510 1643 565 Mansit
1672 514 1808 581 apud
1842 512 1989 565 illum

441 603 703 663 Christus,
738 601 1018 669 inspiravit
1072 600 1147 653 illi
1204 599 1376 667 ignem
1425 614 1780 665 secretorum,
1834 604 2005 668 ignem

444 693 587 753 fidei.
611 691 839 761 Spiritus
887 688 1055 743 sancti
1104 689 1372 744 occultum
1419 691 1663 745 artiorem
1691 732 1703 756 ,
1731 705 1779 745 ut
1825 708 2006 746 amore

444 785 536 841 Dei
560 795 617 839 et
639 785 817 838 calore
846 783 967 837 fidei
996 782 1246 853 flagrans,
1280 784 1402 837 talia
1429 785 1587 838 verba
1616 786 1957 853 depromeret
1984 801 1999 840 :

444 874 680 939 Domine,
712 888 825 926 ecce
854 874 1120 926 dimidium
1149 873 1395 927 bonarum
1423 890 1646 927 meatum
1672 876 1740 929 do
1767 877 2004 947 pauperi-

443 967 554 1019 bus.
583 965 790 1019 Audisti
838 964 963 1033 quid
1020 963 1185 1018 dixit?
1219 964 1358 1019 Ecce
1403 964 1681 1019 dimidium
1740 965 2004 1021 b0norum

451 1070 691 1110 meorum
724 1054 971 1124 dispergo
1000 1057 1344 1125 pauperibus.
1368 1055 1640 1126 Tanquam
1671 1058 1716 1111 si
1756 1060 1824 1111 ita
1858 1057 2004 1112 dice-

444 1158 530 1204 ret
573 1166 587 1203 :
622 1149 779 1203 modo
810 1148 948 1214 vidi,
980 1148 1138 1201 modo
1180 1151 1425 1218 cognovi.
1476 1150 1754 1215 Salvator,
1787 1162 1891 1206 non
1940 1162 2005 1205 ex

444 1240 658 1303 nte,sed
679 1257 740 1293 ea
767 1251 816 1293 te
839 1239 971 1292 facta
994 1250 1074 1293 est
1091 1241 1353 1294 correctio
1377 1239 1774 1308 meamersensl
1799 1243 2006 1309 prtedas

445 1342 614 1394 meas,
647 1330 863 1398 pensavi
896 1338 1049 1382 actus
1080 1330 1361 1399 pestileros
1389 1344 1523 1400 quos
1552 1331 1603 1384 in
1633 1333 1848 1385 avaritia
1884 1346 2007 1402 per-

450 1421 670 1490 petravi.
698 1424 827 1488 Oro,
856 1421 1100 1486 obsecro,
1131 1419 1321 1491 adjuva
1351 1435 1436 1476 me
1464 1420 1714 1475 miserum
1737 1429 1792 1475 et
1818 1436 2005 1491 pecca-

445 1510 645 1565 torem!
684 1509 818 1565 Ecce
859 1525 1020 1579 crogo
1049 1511 1190 1580 quod
1229 1511 1459 1577 abstuli;
1495 1514 1677 1569 reficio
1708 1514 2005 1585 indigentes

446 1618 580 1673 quos
612 1602 749 1669 lzesi,
778 1617 905 1658 ecce
931 1603 1101 1657 vestio
1121 1618 1253 1671 quos
1282 1603 1507 1668 nudavi;
1539 1615 1595 1661 et
1620 1606 1664 1660 si
1694 1606 1819 1676 quid
1844 1606 2003 1662 alicui

443 1694 628 1749 fraude
657 1694 886 1758 abstuli,
920 1693 973 1747 in
1002 1694 1300 1763 quadruplu
1337 1696 1578 1751 reddam.
1615 1698 1797 1752 Vidisti
1847 1700 2004 1771 largit-

2112 522 2290 574 vnlere
2322 536 2431 589 pra:
2478 520 2645 575 turbis
2674 538 2690 587 ;
2723 530 2776 575 te
2807 537 2911 575 non
2955 521 3103 574 turbrt
3136 520 3409 573 hominum
3440 533 3664 580 retinet.

2114 619 2205 663 aut
2233 620 2443 665 caterva
2474 611 2727 675 excludit,
2746 612 2839 666 scd
2860 611 3021 666 habes
3050 612 3186 665 inter
3213 610 3459 665 vitiorum
3477 612 3664 666 silvam

2108 714 2161 759 et
2209 704 2547 771 e0gitationis
2591 714 2833 758 catervas
2878 718 2995 773 quae
3038 712 3270 758 mentem
3300 712 3442 756 tuam
3473 703 3665 757 obum-

2109 796 2280 858 brant,
2307 804 2361 848 et
2393 803 2664 863 aspectum
2694 794 2956 863 aporiant.
2983 792 3085 848 Sed
3118 801 3172 847 tu
3204 792 3444 848 convelle
3464 790 3530 847 de
3546 807 3669 847 cor-

2106 887 2174 941 de
2198 896 2288 940 tuo
2305 886 2496 940 silvam
2521 886 2673 939 istam
2710 885 2848 939 male
2871 884 3223 939 umbrantem.
3250 883 3465 952 Repelle
3481 885 3667 939 noxias

2104 976 2475 1043 cogitationes,
2508 984 2561 1030 et
2608 975 2948 1029 conscientia:
2990 975 3289 1043 strepitum.
3318 972 3575 1043 Relinque
3613 974 3665 1028 in

2104 1068 2283 1121 animo
2307 1076 2395 1119 tuo
2419 1081 2573 1120 unam
2601 1066 2846 1120 arborem
2872 1063 3143 1134 limpidam
3170 1062 3516 1128 fructiferam,
3542 1078 3666 1118 cru-

2110 1160 2188 1214 cis
2219 1160 2466 1227 stigmata
2501 1158 2872 1228 prazferenlem
2908 1176 2920 1209 :
2964 1157 3015 1211 in
3055 1172 3211 1225 quam
3241 1156 3554 1220 ascendens,
3584 1157 3665 1210 vi-

2106 1251 2233 1304 deas
2278 1257 2333 1302 et
2360 1249 2473 1317 ipse
2505 1248 2775 1303 (Iltristum
2809 1251 2943 1302 sicut
2972 1248 3103 1302 vidit
3138 1246 3408 1313 Zachteue,
3436 1258 3490 1300 et
3527 1245 3664 1300 dicat

2108 1342 2202 1395 tibi
2239 1358 2251 1394 :
2283 1340 2439 1393 Amen
2480 1340 2594 1392 dico
2639 1339 2775 1392 vobis
2819 1338 2956 1407 quod
2982 1338 3122 1392 salus
3164 1338 3312 1391 hodie
3340 1338 3530 1390 homini
3583 1337 3668 1389 isti

2106 1432 2243 1503 facta
2270 1440 2366 1495 est,
2396 1431 2636 1501 quoniam
2663 1441 2712 1483 et
2741 1429 2824 1483 hic
2851 1429 2990 1497 [ilius
3014 1438 3088 1483 est
3133 1427 3360 1482 Abrahae.
3397 1426 3668 1494 Cumpun-

2105 1540 2233 1595 gere
2262 1525 2503 1594 protinus
2547 1524 2599 1577 in
2634 1521 2824 1577 ail‘ectu
2852 1523 3137 1577 verborum
3168 1521 3281 1589 ejus
3302 1563 3318 1587 ,
3345 1527 3400 1573 et
3440 1518 3661 1587 concipe

2106 1615 2285 1668 animo
2313 1626 2435 1667 eum
2482 1626 2670 1681 magna
2714 1610 2987 1665 alacritate
3036 1610 3211 1666 facere
3238 1609 3654 1678 eleemosynam.

2108 1700 2323 1773 Porrige
2351 1701 2637 1760 modicum.
2662 1711 2717 1755 et
2746 1715 3049 1770 promerere
3080 1699 3324 1754 multum.
3360 1698 3526 1767 Eroga
3556 1705 3662 1752 ter:

444 1789 642 1841 tionem
668 1786 930 1854 rapturis?
956 1790 1117 1840 instat
1142 1790 1314 1842 adhuc
1338 1788 1564 1843 dicendo
1595 1807 1606 1842 :
1635 1792 1833 1845 AdeSto
1854 1833 1869 1855 ,
1902 1790 2004 1844 Do-
2035 1806 2080 1869 Β
2109 1813 2256 1860 reita,
2287 1809 2339 1852 et
2370 1798 2521 1866 exige
2549 1796 2870 1863 sempiterna
2895 1834 2911 1857 ,
2940 1793 3076 1847 sicut
3117 1791 3242 1847 fecit
3271 1791 3543 1853 Zachmus,
3573 1790 3662 1859 qui

442 1881 626 1943 mite;
660 1894 760 1948 ego
789 1879 841 1933 in
894 1880 1191 1949 quadruplu
1216 1881 1382 1935 reddo
1408 1897 1527 1952 qua:
1573 1883 1754 1952 inique
1785 1884 2000 1939 abstuli.

441 1969 520 2023 Tu
571 1984 698 2024 cura
729 1970 1097 2036 criminosum,
1129 1980 1183 2025 ttt
1231 1972 1443 2042 suscipe
1492 1982 1671 2029 votum
1716 1988 1914 2040 meum,
1948 1986 2003 2031 et

442 2075 571 2115 sana
600 2061 817 2114 vulnera
874 2076 1010 2114 mea.
1056 2060 1221 2114 Eruat
1254 2064 1611 2131 eleemosyna,
1646 2077 1762 2132 quae
1811 2065 1985 2118 obruit

438 2153 682 2206 avaritia.
709 2150 1049 2222 lndiguantur
1070 2152 1305 2221 quidem,
1328 2154 1594 2223 imputare
1620 2165 1878 2210 conantur
1901 2156 2003 2208 Do-

446 2244 590 2296 mino
616 2257 713 2297 cur
753 2242 819 2295 ad
850 2253 1184 2311 peccatorum
1219 2243 1517 2303 diverterit.
1546 2254 1598 2299 et
1628 2244 1678 2297 in
1710 2244 1868 2300 domo
1908 2262 2003 2316 pu-

440 2333 633 2389 blicani
684 2335 976 2388 mansitare
1018 2334 1243 2388 Voluvrit
1271 2350 1284 2387 :
1314 2334 1409 2389 sed
1440 2335 1565 2403 quid
1631 2336 1888 2392 Dominus
1935 2340 2003 2392 ad

437 2428 571 2481 eos?
599 2425 843 2495 Nunquid
871 2441 963 2480 vos
990 2425 1098 2479 ita?
1126 2428 1290 2481 nolite
1316 2427 1395 2480 sic
1424 2427 1494 2482 de
1535 2442 1618 2482 me
1647 2442 1836 2496 sapere
1881 2447 1892 2480 :
1933 2442 2001 2483 an

438 2516 656 2572 nescitis
680 2516 929 2586 quoniam
968 2516 1371 2585 publicanorum
1406 2531 1523 2571 sum
1552 2527 1608 2572 et
1656 2531 1993 2587 peccatorum

448 2610 680 2663 salvator
698 2609 721 2662 1
741 2608 911 2663 Amen
931 2608 1051 2663 dico
1081 2609 1232 2663 vobis
1258 2611 1394 2679 quod
1420 2611 1577 2665 hodie
1600 2614 1742 2667 salus
1765 2613 1896 2667 facta
1920 2624 2003 2669 est

440 2700 619 2754 domui
659 2697 890 2767 Zachai,
922 2701 1173 2770 quoniam
1208 2710 1262 2755 et
1314 2702 1400 2755 hie
1445 2702 1585 2756 illius
1620 2713 1703 2757 est
1748 2704 1997 2760 Abrahae.

445 2793 601 2848 Salus
627 2793 705 2847 illi
739 2793 875 2847 facta
903 2800 989 2847 est
1014 2794 1266 2861 quoniam
1306 2793 1637 2849 Salvatorcm
1686 2804 1740 2850 et
1789 2796 1919 2849 vidit
1946 2806 2001 2852 et

430 2887 703 2956 cognovit,
729 2895 783 2941 et
809 2885 1051 2954 recepit,
1097 2894 1154 2939 et
1202 2894 1532 2954 prteceptum
1582 2886 1698 2955 ejus
1738 2888 1995 2954 implevit.

437 2977 553 3033 Non
574 2977 800 3031 audistis
829 2977 954 3047 quid
985 2976 1157 3031 dixit?
1198 2975 1485 3051 Dimidium
1513 2978 1825 3032 subStantia:
1865 2994 1998 3035 mea:

430 3071 506 3126 .do
534 3069 882 3140 pauperibus,
913 3077 968 3124 et
996 3069 1042 3123 si
1092 3068 1179 3123 cui
1222 3069 1421 3138 aliquid
1469 3070 1800 3137 defraudavi,
1830 3072 1998 3127 reddo

2106 1888 2229 1943 dum
2255 1896 2519 1942 terrenam
2549 1885 2804 1955 dispergit
2824 1884 3194 1947 substantiam,
3212 1897 3315 1936 non
3339 1883 3510 1935 solum
3534 1896 3664 1934 con-

2105 1990 2312 2051 gestam
2360 1981 2552 2035 molem
2606 1978 2837 2032 fontibus
2881 1978 3237 2048 eleemosyna:
3264 1976 3436 2039 diluit,
3468 1974 3560 2030 sed
3608 1983 3662 2028 et

2101 2073 2210 2141 jam
2244 2070 2414 2126 haeres
2442 2071 2590 2141 regni
2621 2069 2854 2125 cmlestis
2876 2079 2929 2124 et
2963 2069 3101 2123 filius
3133 2067 3355 2122 Abrahae
3383 2081 3502 2121 esse
3533 2081 3663 2133 pro—

2106 2162 2319 2216 meruit.
2347 2159 2533 2215 Vidisti
2555 2159 3003 2229 elegantissimum
3042 2158 3418 2212 documentum
3442 2172 3457 2220 ;
3485 2154 3663 2210 Vidisti

2105 2254 2390 2310 Zachatum
2419 2257 2569 2309 nefas
2614 2253 2850 2307 avaritiae
2883 2254 3237 2321 eleemosynte
3267 2250 3521 2305 imbribus
3558 2256 3656 2301 ert-

2112 2346 2371 2417 piantem.
2408 2345 2454 2400 Ο
2502 2360 2659 2415 quam
2714 2343 2983 2414 singulare
3033 2343 3219 2396 salutis
3266 2340 3659 2408 compendium,

2108 2452 2331 2507 erogare
2370 2435 2692 2506 pauperibus
2715 2476 2729 2499 ,
2760 2444 2815 2490 et
2840 2433 2983 2488 ablui
3014 2433 3081 2487 de
3113 2432 3376 2501 peccatis!
3411 2431 3663 2485 Eleemo-

2104 2546 2234 2601 syna
2279 2529 2455 2586 subito
2494 2542 2811 2583 conversum
2861 2525 3133 2581 hominem
3174 2525 3239 2580 de
3269 2524 3524 2592 peccatis,
3556 2538 3662 2575 non

2103 2619 2275 2673 solum
2310 2617 2602 2686 purificavit
2625 2656 2643 2683 ,
2673 2616 2767 2671 sed
2808 2617 2966 2671 etiam
3016 2615 3300 2671 coronavit
3338 2623 3391 2669 et
3446 2614 3567 2667 fecit
3599 2614 3663 2666 de

2104 2709 2384 2778 publicano
2413 2709 2644 2777 paradisi
2684 2710 2881 2762 civem.
2914 2707 2969 2763 Si
3015 2708 3257 2775 suppleta
3304 2716 3386 2759 est
3433 2706 3590 2769 ratio,
3619 2705 3664 2760 si

2103 2802 2372 2856 cumulata
2430 2812 2513 2855 est
2546 2800 2615 2855 de
2666 2799 2942 2869 stipendiis
2996 2814 3283 2869 pauperum
3332 2796 3665 2852 remissiOuis

2103 2906 2351 2948 mensura
2377 2908 2389 2945 :
2421 2902 2475 2946 et
2496 2890 2690 2945 sufficit
2718 2890 2810 2947 tibi
2837 2891 3137 2959 exemplum
3170 2889 3437 2960 publicani
3456 2889 3543 2956 qui
3573 2889 3666 2941 mi~

2103 2985 2360 3040 serabiles
2397 2996 2546 3039 actus
2578 2985 2831 3041 transacti
2868 2985 3122 3053 temporis
3148 2999 3242 3052 per
3269 2984 3664 3052 eleemosynam

2102 3075 2252 3141 quasi
2289 3090 2383 3144 per
2413 3075 2610 3130 flumen
2640 3074 2690 3128 in
2724 3074 3102 3143 indulgentiam
3132 3074 3294 3129 traxit
3318 3084 3473 3141 atque
3504 3088 3652 3125 mun-

431 3161 765 3231 nuadruplo!
788 3161 925 3229 Quid
954 3177 1050 3217 vos
1081 3162 1425 3232 iadignamiui
1455 3164 1616 3218 talem
1653 3166 1997 3233 operarium?
2028 3187 2076 3252 α
2107 3163 2281 3232 davit,
2315 3178 2481 3234 seque
2512 3162 2750 3219 avaritia:
2798 3162 2987 3233 laqueo
3028 3178 3121 3233 per
3162 3163 3527 3232 erogationem
3562 3164 3665 3216 eri-

439 3254 568 3311 Tam
600 3264 805 3310 mature
849 3268 1166 3309 conversum
1215 3268 1433 3325 possum
1485 3255 1743 3325 repellere
1769 3296 1784 3322 ,
1813 3266 1868 3311 et
1897 3272 2002 3311 non

433 3350 666 3415 libenter
691 3349 953 3418 recipere,
976 3358 1031 3403 et
1054 3347 1193 3403 hunc
1212 3349 1486 3418 despicere
1515 3360 1621 3404 tam
1644 3351 1753 3404 cito
1774 3352 2001 3405 transla-

441 3451 548 3494 tum
580 3439 646 3494 de
675 3441 815 3493 malo
842 3440 896 3493 in
926 3439 1146 3505 bonum,
1174 3438 1242 3495 de
1274 3441 1450 3507 prada
1478 3439 1543 3495 ad
1577 3440 1847 3507 palmam?
1876 3441 1992 3497 Non

441 3531 621 3587 vidisti
664 3532 791 3602 quia
830 3531 1140 3600 publicanus
1169 3531 1336 3585 factus
1362 3540 1445 3586 est
1475 3531 1823 3601 indigentium
1859 3548 1999 3599 pra:-

443 3626 523 3680 sul
545 3636 598 3679 et
622 3625 781 3677 homo
810 3624 1039 3678 forensis
1060 3624 1256 3677 meruit
1280 3638 1399 3677 esse
1425 3622 1563 3677 filius
1594 3622 1863 3677 Abrahae?
1889 3623 2003 3677 Non

437 3716 723 3771 meministi
753 3716 872 3784 quia
902 3712 1074 3767 Filius
1109 3713 1328 3767 hominis
1357 3714 1489 3765 venit
1510 3728 1738 3780 qumere
1766 3713 1900 3782 quod
1924 3729 2003 3766 er-

436 3818 653 3875 ravnrat,
685 3810 891 3862 salvere
915 3807 1053 3877 quod
1084 3807 1301 3875 perierat
1333 3804 1514 3878 (Matt.
1545 3805 1999 3877 xvtu)?Aspicite,

438 3900 740 3969 publicani;
773 3898 1110 3964 intueamini,
1145 3907 1484 3967 peccatores;
1509 3896 1998 3966 pertendite,avari,

436 3994 601 4056 fures,
633 4002 794 4059 atque
842 4000 1109 4057 raptores.
1160 3989 1349 4043 Videte
1395 3987 1705 4056 exemplum
1745 3986 2000 4042 Zachasi:

441 4087 685 4154 ἱειψίοιιθ
713 4085 924 4154 qualem
952 4085 1165 4138 invenit
1208 4084 1369 4138 fontis
1406 4098 1595 4145 venant
1638 4096 2002 4153 aquarumque

435 4178 633 4233 ﬂuenta
655 4195 671 4230 :
694 4178 884 4247 quibus
904 4190 963 4230 se
988 4191 1083 4246 per
1103 4177 1500 4248 eleemosynam
1528 4184 1719 4245 sponte
1748 4176 1997 4245 perfudit,

430 4267 729 4339 surdasque
757 4280 882 4321 suas
911 4278 1102 4321 omnes
1141 4267 1194 4322 in
1237 4268 1750 4337 publica‘functione
1790 4279 2003 4323 contra.-

400 4364 405 4371 '
430 4371 552 4416 ctus
574 4360 842 4415 distruait.
871 4360 926 4414 in
954 4359 1185 4415 Zachao
1213 4363 1477 4414 sententia
1506 4360 1591 4415 illa
1617 4360 1861 4415 absoluta
1881 4375 2003 4430 pro-

429 4453 594 4513 cessit
624 4468 637 4504 :
670 4449 816 4506 Sicut
843 4465 975 4521 aqua
1001 4452 1277 4523 exstinguit
1304 4453 1471 4522 ignem
1498 4492 1512 4516 ,
1537 4450 1857 4522 elemosyna
1886 4464 2003 4520 pur-

439 4554 524 4615 gat
550 4554 809 4614 peccatum
838 4543 1026 4612 (Ereti.
1043 4544 1153 4614 in).
1186 4544 1415 4599 Pusillus
1437 4558 1687 4615 corpore,
1719 4545 1886 4601 factus
1914 4555 1997 4601 est
2025 4562 2077 4629 Β

430 4634 719 4704 pra-clarus
732 4648 927 4703 opere;
952 4633 1244 4702 flagitiosus
1269 4643 1558 4704 conceptus
1582 4635 1701 4689 felix
1731 4636 1907 4690 subito
1927 4635 1996 4690 de

432 4728 770 4798 eleemosyaa
815 4728 1068 4780 nascitur.
1100 4724 1343 4780 Modicus
1370 4726 1611 4781 ascendit
1635 4726 1883 4781 arborem
1936 4734 1995 4781 ut

429 4820 701 4877 videretur
733 4835 763 4870 a
791 4818 1030 4883 Christo,
1053 4825 1111 4871 et
1161 4817 1468 4887 vulgaretur
1517 4818 1568 4871 in
1626 4816 1848 4873 mundo.
1897 4819 1999 4870 Ar-

356 4962 359 4965 ,
430 4912 529 4967 bor
550 4911 818 4979 optabilis,
847 4912 1046 4964 satuhri
1077 4910 1429 4965 medicamine
1455 4909 1632 4979 plena,
1656 4923 1774 4977 qua:
1802 4909 1852 4963 in
1880 4908 1998 4963 solo

427 5012 647 5069 asireetu
668 5002 910 5056 subvenit
930 5001 1216 5070 peccatori,
1236 5011 1284 5054 et
1301 5002 1663 5055 sanctificavit
1684 4999 1987 5069 profanum.

427 5093 543 5150 Non
571 5094 693 5147 talis
724 5095 942 5147 invetna
973 5103 1057 5148 est
1085 5090 1250 5147 arbor
1271 5092 1371 5145 ista
1400 5093 1573 5161 qualis
1603 5092 1688 5146 illa
1721 5092 1995 5163 prittcipa-
2026 5079 2029 5081 ’

430 5190 498 5245 lis
516 5188 590 5254 de
621 5202 723 5258 qua
753 5190 952 5243 dietum
980 5198 1084 5254 ess,
1111 5202 1214 5260 qua
1239 5189 1323 5243 die
1362 5190 1789 5243 tttauducaveritis
1823 5206 1885 5243 ea;
1914 5206 1991 5255 ca,

427 5280 894 5337 nterts‘utoriemlui
915 5278 1065 5349 (Cen.
1111 5280 1256 5349 tt).ln
1284 5281 1369 5334 illa
1394 5296 1613 5349 serpens
1637 5281 1850 5349 decepit
1871 5282 1999 5335 sim-

429 5373 617 5440 plices,
644 5376 698 5426 in
727 5375 821 5426 ista
850 5372 1095 5437 salvator
1119 5373 1368 5427 subvenit
1397 5372 1685 5442 peccaturi.
1717 5372 1926 5425 Imitare
1942 5382 1999 5425 et

432 5476 488 5521 tu
515 5464 819 5527 helenum,
843 5465 1074 5518 ascende
1096 5463 1422 5518 irt'arborem
1447 5466 1640 5523 animm
1664 5472 1786 5516 tote.
1820 5463 1995 5517 Arbor

427 5564 518 5615 est
546 5554 598 5608 in
628 5567 682 5609 te
708 5558 833 5617 alza,
866 5554 998 5610 lldes
1030 5563 1121 5609 tua
1147 5595 1163 5619 ,
1200 5566 1257 5610 et
1280 5556 1498 5624 specula
1523 5556 1761 5609 excelsa.
1793 5554 1886 5609 Sta
1941 5554 1992 5607 in

429 5647 708 5701 cacumine
736 5647 891 5717 hujus
922 5646 1130 5701 arboris
1150 5646 1415 5715 huiusque
1445 5648 1697 5715 speculas,
1732 5655 1788 5697 ut
1818 5645 1995 5700 valeas

431 5733 612 5791 sidere
644 5733 808 5789 Deum
837 5738 1211 5805 Christumque
1244 5746 1609 5790 transeuntem
1632 5776 1646 5800 ,
1678 5736 1815 5787 sicut
1865 5732 1996 5789 vidit

2110 3259 2242 3328 puit.
2267 3258 2464 3328 Accipe
2487 3272 2628 3312 nunc
2657 3256 2799 3311 aliud
2825 3256 3030 3324 pietatis
3051 3257 3352 3325 exemplum
3373 3257 3425 3309 in
3445 3255 3667 3312 muliere

2106 3353 2392 3405 meretrice
2415 3351 2767 3420 propositum,
2800 3359 2851 3403 ut
2881 3351 3054 3420 possis
3078 3348 3303 3404 evadere
3331 3348 3547 3402 luxuria:
3567 3348 3667 3402 cri~

2110 3457 2231 3494 men
2262 3450 2318 3495 et
2348 3439 2720 3496 fornicationis
2744 3453 3047 3510 eapturam.
3074 3440 3266 3496 Retine
3291 3440 3430 3510 quod
3462 3441 3668 3509 praemi-

2104 3532 2294 3591 simus,
2320 3534 2444 3602 quia
2484 3532 2590 3586 duo
2636 3540 2759 3585 sunt
2789 3531 2839 3585 in
2887 3531 3103 3587 homine
3137 3532 3381 3602 capitalia
3415 3531 3664 3591 crimina,

2109 3626 2332 3678 avaritia
2360 3631 2416 3678 et
2450 3624 2679 3687 luxuria,
2712 3634 2765 3678 et
2794 3624 3071 3678 docuimus
3120 3624 3260 3691 quod
3300 3623 3537 3676 avaritiae
3563 3622 3669 3676 cri-

2106 3730 2229 3770 men
2273 3715 2566 3770 calcaverit
2592 3714 2921 3783 publicanus.
2954 3715 3194 3769 Audistis
3225 3715 3365 3770 enim
3396 3715 3517 3784 quia
3549 3730 3670 3770 eros

2105 3808 2253 3875 gavit
2312 3807 2694 3874 esurientibus,
2750 3816 2805 3860 et
2852 3816 3060 3870 evasu;
3097 3808 3239 3874 pavit
3285 3819 3566 3875 pauperes,
3615 3814 3671 3861 et

2108 3899 2301 3952 meruit
2330 3912 2449 3953 esse
2498 3898 2637 3967 quod
2688 3912 2791 3951 non
2823 3907 2959 3951 erat.
3001 3895 3153 3951 Nunc
3197 3897 3265 3951 de
3318 3896 3525 3949 luxuria
3569 3898 3672 3950 erit

2104 4005 2286 4045 sermo
2325 3991 2375 4043 in
2430 3988 2711 4044 meretrice
2739 3998 3090 4042 memoratus.
3121 3988 3328 4051 Mulier,
3353 4004 3382 4040 a
3415 3996 3467 4041 te
3497 3987 3669 4063 exigi-

2098 4081 2219 4136 mus
2264 4081 2405 4151 quod
2452 4083 2631 4137 multis
2677 4085 2864 4151 prosit.
2897 4080 3169 4148 Meretrix,
3198 4080 3263 4135 da
3295 4080 3445 4134 nobis
3488 4093 3672 4133 exem-

2103 4174 2271 4243 plum,
2295 4183 2350 4227 ut
2378 4175 2610 4228 sciamus
2632 4172 2898 4240 quomodo
2919 4182 3157 4241 stuprata
3188 4172 3425 4226 membra
3453 4182 3540 4224 tua
3563 4185 3669 4225 non

2103 4274 2229 4321 sunt
2256 4279 2285 4319 a
2314 4265 2425 4321 Deo
2458 4266 2735 4335 despecta,
2762 4265 2854 4319 sed
2887 4266 3055 4334 magis
3096 4274 3332 4334 recepta.
3364 4263 3458 4317 Die
3488 4263 3665 4328 nobis,

2106 4353 2421 4421 criminosa,
2471 4368 2734 4425 quatenus
2786 4354 2971 4413 elTecta
3013 4368 3072 4409 es
3100 4355 3280 4408 casta!
3312 4353 3416 4407 nuli
3463 4363 3662 4416 tacere,

2103 4446 2387 4516 publicana
2415 4488 2431 4513 ,
2462 4444 2557 4502 sed
2593 4445 2757 4515 prode
2807 4444 2961 4500 nobis
2994 4444 3309 4499 beneiirinm
3345 4444 3541 4497 Christi
3569 4483 3584 4509 ,
3611 4454 3669 4497 et

2104 4537 2239 4591 doce
2260 4550 2359 4591 nos
2386 4551 2494 4605 quo
2515 4550 2709 4606 genere
2738 4535 2873 4590 facta
2896 4550 2959 4590 es
2978 4534 3045 4589 de
3072 4535 3352 4589 meretrice
3373 4535 3542 4604 virgo.
3562 4535 3673 4588 Au-

2104 4628 2214 4683 dite.
2239 4642 2451 4682 causam
2478 4672 2493 4694 ,
2528 4627 2725 4682 discite
2754 4642 2937 4681 curam
2967 4670 2982 4695 ,
3014 4627 3135 4694 quia
3168 4626 3416 4696 princeps
3456 4627 3670 4681 miseri-

2103 4720 2302 4773 cordia:
2324 4717 2583 4775 mirabilia
2612 4720 2753 4771 fecit.
2784 4716 3003 4786 Accepit
3032 4716 3393 4781 meretricem,
3427 4716 3669 4785 purgavit

2106 4812 2473 4884 publicanum,
2503 4808 2813 4865 clariﬁcavit
2841 4820 3169 4877 corruptam.
3204 4807 3509 4862 Pharisaaus
3550 4811 3670 4875 qni—

2104 4904 2226 4957 dattt
2266 4901 2480 4955 nomine
2531 4902 2713 4956 Simon
2766 4898 3037 4959 Christum
3093 4899 3300 4970 rogavit
3341 4899 3393 4952 in
3442 4899 3661 4952 domum

2104 5009 2287 5057 suam;
2319 5004 2372 5047 et
2402 4994 2611 5062 paravit
2641 4993 2711 5046 illi
2760 4992 3059 5047 convivium
3086 5032 3101 5056 ,
3134 5005 3188 5044 ut
3215 4991 3402 5045 ederet
3427 4987 3564 5057 apud
3609 4989 3671 5041 il-

2106 5086 2239 5140 lum.
2274 5086 2569 5155 Ingressus,
2600 5085 2769 5154 inquit
2794 5124 2808 5147 ,
2840 5083 3097 5137 Dominus
3118 5124 3133 5148 ,
3177 5081 3458 5150 dignanter
3487 5079 3665 5133 discu-

2104 5178 2240 5234 buit.
2267 5178 2332 5230 Et
2361 5178 2463 5231 hoc
2484 5190 2695 5244 quoque
2719 5175 2962 5229 miranda
2995 5175 3319 5238 humanitas,
3352 5181 3407 5227 ut
3446 5170 3583 5225 Deus
3609 5168 3668 5225 itt

2102 5268 2262 5322 dumo
2288 5268 2539 5323 Pharisaei
2571 5277 2625 5319 et
2664 5264 3025 5319 discumberet
3052 5277 3106 5319 et
3134 5264 3346 5318 ederet!
3384 5260 3534 5330 Apud
3576 5258 3675 5315 Za-

2102 5360 2311 5413 cha~um
2365 5359 2602 5421 mansit,
2646 5356 2784 5424 apud
2838 5353 3169 5409 Pharisaeum
3209 5351 3568 5406 manducavit.
3612 5354 3673 5404 lat

2105 5448 2207 5503 line
2236 5462 2418 5517 Quare,
2452 5447 2551 5500 nisi
2579 5447 2703 5515 quia
2744 5446 3147 5519 publicztnorum
3176 5453 3290 5498 erat
3317 5453 3367 5497 el
3395 5443 3595 5497 amicus
3617 5452 3672 5497 et

2104 5540 2379 5596 salvator?
2405 5540 2509 5596 Sed
2528 5539 2899 5593 discutttbeute
2925 5538 3208 5599 illo,etiant
3232 5536 3487 5590 edctttein
3514 5537 3675 5588 dnttto

2107 5638 2362 5694 Pharistei
2386 5677 2402 5702 ,
2431 5637 2558 5706 quid
2609 5636 2804 5690 factum
2835 5636 2957 5691 est?
2994 5634 3129 5688 Ecce
3176 5634 3367 5687 mulier
3411 5636 3674 5701 peccatrix

2105 5750 2222 5805 qum
2250 5743 2362 5787 erat
2395 5735 2448 5785 in
2478 5733 2563 5786 illa
2593 5730 2806 5785 civitate
2832 5773 2844 5795 ,
2895 5727 2981 5782 ubi
3015 5728 3265 5797 cognovit
3309 5726 3432 5795 quia
3466 5727 3676 5783 lttil‘ntit
