4032 6184
338 288 445 341 101

1691 279 1964 336 HOMILIA
2009 278 2232 334 PRIMA.

3488 242 3585 343 tle

336 403 613 469 Christus,
640 413 689 457 et
712 401 954 457 recubuit
976 400 1033 455 in
1050 401 1219 454 domo
1244 398 1517 464 Pharisaei,
1542 398 1717 452 subito
1752 397 1901 466 quasi
1931 396 1977 453 Α
2010 405 2149 459 tuus,
2176 410 2266 450 aut
2292 412 2425 469 quos
2453 400 2689 455 medicus
2718 400 2912 455 venisti
2961 416 3151 457 curare
3172 446 3186 469 ,
3215 402 3460 472 nunquid
3493 418 3583 456 sb-

338 499 597 551 uieretrix
622 497 793 549 audax
818 494 1032 549 intravit
1062 494 1113 546 in
1139 494 1374 555 domum,
1396 501 1450 547 et
1473 493 1706 545 attritatu
1735 490 1905 558 publi-

340 590 426 644 cis
459 588 765 658 aspectibus
809 586 1037 641 frontem
1083 585 1272 639 obtulit
1319 584 1604 640 Salvatori.
1650 582 1913 636 Audartvr

340 682 598 746 intravit;
628 697 732 734 non
771 679 880 749 jam
913 681 1195 742 meretrix,
1220 678 1310 731 sed
1344 678 1621 741 modesta;
1652 691 1754 729 non
1789 675 1911 728 libi-

343 772 531 825 dinem
562 772 863 839 expletura,
894 768 985 823 sed
1016 771 1185 823 lucem
1230 769 1430 822 visura.
1467 768 1683 820 intravit
1715 782 1818 819 non
1847 765 1912 817 ad

343 862 589 917 libidinis
619 862 866 925 formam,
896 862 988 916 sed
1020 862 1084 915 ad
1116 861 1457 932 indulgentia:
1487 858 1710 913 fontem.
1744 859 1912 911 Intra-

345 960 420 1012 vit
450 975 556 1013 non
580 958 667 1013 ubi
692 958 800 1026 iam
833 956 967 1011 ultra
994 956 1347 1018 sordesceret,
1371 954 1464 1008 sed
1499 954 1586 1006 ubi
1610 962 1913 1006 contractas

344 1052 646 1119 deponeret
669 1049 857 1103 sordes
883 1056 939 1102 et
978 1059 1216 1117 stuprata
1259 1048 1460 1102 viscera
1502 1045 1543 1099 ἰ)
1584 1044 1727 1098 mino
1753 1045 1914 1097 mise-

345 1156 503 1198 rante
538 1151 804 1211 purgaret.
858 1142 1208 1209 Supergressa
1236 1148 1317 1193 est
1346 1153 1373 1191 a
1400 1139 1503 1191 vita
1538 1153 1633 1191 neu
1681 1137 1914 1201 respexit

348 1234 419 1286 ad
468 1233 818 1296 Pliariszeutn,
849 1232 945 1285 sed
989 1242 1133 1284 recto
1163 1230 1330 1283 limite
1353 1230 1546 1283 direxit
1571 1227 1636 1280 ad
1686 1228 1905 1291 fontem,

350 1328 560 1393 pudore
578 1326 778 1394 privata
810 1333 865 1378 et
892 1322 1227 1392 pmuitudine
1256 1330 1477 1374 armata.
1506 1320 1567 1373 Et
1592 1319 1717 1386 quid
1743 1316 1909 1371 fecit?

342 1416 577 1468 contulit
605 1430 662 1468 se
691 1412 757 1466 ad
792 1415 953 1481 pedes
1002 1412 1201 1466 Christi
1236 1411 1313 1489 iu.
1341 1420 1451 1464 toto
1506 1411 1865 1464 recumbentis
1899 1425 1911 1461 :

346 1505 502 1559 stetit
528 1505 719 1568 anxia;
750 1516 1036 1572 curatoque
1064 1518 1311 1572 corpore,
1339 1502 1502 1569 pedes
1528 1502 1732 1555 Domini
1763 1510 1909 1555 teret

345 1606 537 1657 rea,et
562 1595 855 1649 remedium
885 1592 1255 1660 ebcit.Utitur,
1278 1594 1457 1646 animo
1496 1595 1749 1662 loquitur,
1780 1601 1919 1646 tacet

346 1696 403 1740 et
423 1686 587 1754 gemit
615 1687 869 1751 silenter;
903 1688 984 1740 ins
1013 1695 1066 1738 at
1093 1686 1418 1753 importune,
1453 1686 1783 1753 paenitudine
1822 1686 1918 1737 sti-

2017 491 2147 541 nos?
2180 489 2364 544 Absit!
2397 492 2543 543 sanis
2572 509 2673 543 non
2700 503 2781 546 est
2813 506 2946 559 opus
2975 492 3236 561 tri-dictis,
3270 497 3361 547 sed
3393 508 3575 550 mere-

2014 583 2237 636 tricibus
2272 597 2405 650 opus
2431 592 2513 636 est
2541 584 2823 637 medicina.
2858 584 3125 638 Publicani
3160 595 3210 642 te
3255 585 3487 654 pulsant,
3525 595 3584 641 ut

2013 689 2196 727 curam
2219 676 2482 743 accipiant
2514 692 2528 727 :
2563 677 2931 744 peccatoribus
2953 680 3144 732 venisti
3171 682 3446 748 porrigere
3473 696 3588 734 ma-

2017 783 2163 833 num,
2193 768 2353 822 elisos
2380 769 2588 837 erigere
2610 809 2625 832 ,
2656 770 2813 823 caecis
2858 770 3087 826 reddere
3133 773 3325 826 visum.
3352 773 3586 837 Modice,

2014 874 2119 911 non
2168 874 2251 911 me
2288 859 2516 928 repellas
2540 860 2899 925 vulneratam,
2933 870 2987 915 et
3013 862 3056 916 si
3099 878 3183 917 me
3211 864 3452 933 repellis,
3488 880 3591 932 ego

2017 964 2119 1001 non
2149 950 2361 1014 recedo,
2393 950 2486 1004 sed
2514 950 2637 1020 jure
2672 967 2843 1005 meam
2881 951 2948 1006 de
2991 964 3041 1007 te
3070 955 3223 1023 exigo
3270 958 3577 1019 sanitatem,

2016 1044 2135 1109 quia
2172 1057 2363 1097 sanare
2415 1044 2609 1099 venisti
2652 1045 2883 1109 saucios,
2932 1061 3036 1098 non
3081 1047 3360 1114 repellere.
3395 1049 3581 1104 Teneo

2018 1135 2180 1200 pedes
2203 1144 2341 1197 tuos,
2365 1147 2463 1188 nec
2483 1144 2606 1188 ante
2628 1135 2846 1189 discedo
2872 1151 3029 1205 quam
3061 1152 3345 1203 percepero
3369 1152 3574 1194 curam.

2018 1224 2365 1293 Omnipotens
2389 1264 2403 1288 ,
2431 1227 2641 1293 suscipe
2669 1227 3050 1294 importunam,
3082 1236 3136 1280 et
3166 1229 3270 1281 noli
3305 1231 3582 1297 desp-cer'e

2020 1316 2319 1383 pulsantem
2350 1316 2711 1372 meretricem.
2743 1317 2878 1372 Ecce
2903 1319 3129 1384 pretium
3165 1319 3254 1373 tibi
3284 1319 3450 1374 oll'ero
3483 1337 3579 1387 pro

2020 1406 2385 1475 redemptione
2426 1422 2544 1461 mea
2576 1426 2588 1459 :
2621 1408 2835 1477 porrige
2865 1409 2928 1462 ad
2979 1427 3064 1463 me
3090 1423 3363 1480 aspectum
3402 1427 3575 1466 tuum.

2023 1486 2086 1549 Et
2115 1497 2242 1564 quid
2273 1508 2355 1551 est
2380 1498 2520 1565 quod
2562 1496 2772 1553 ollero?
2806 1500 3050 1570 indigens
3086 1515 3228 1566 sum,
3257 1502 3409 1571 inops
3437 1519 3577 1564 sum,

2023 1590 2155 1643 nihil
2189 1590 2361 1644 habeo
2411 1591 2463 1645 in
2495 1592 2789 1647 subSIantia
2836 1605 3030 1663 prteter
3074 1594 3368 1664 lacrymas,
3401 1608 3455 1650 et
3485 1599 3587 1652 Ι.οσ

2022 1683 2153 1736 satis
2186 1684 2276 1737 tibi
2324 1695 2429 1740 est.
2461 1687 2583 1740 Scio
2612 1701 2710 1756 ego
2738 1687 2878 1755 quod
2909 1696 3059 1757 grata
3106 1687 3174 1742 sit
3218 1680 3317 1741 ista
3347 1689 3578 1744 oblatio.

346 1787 581 1847 mulata;
616 1783 837 1852 subrigit
865 1782 930 1835 ad
978 1782 1173 1837 coelum
1215 1782 1448 1834 animum
1469 1822 1484 1845 ,
1533 1792 1915 1850 aspectumque
1949 1766 1997 1831 Β
2024 1770 2138 1825 NOII
2173 1774 2365 1841 (tuteris
2394 1775 2692 1839 pecuniam,
2730 1775 2824 1831 sed
2854 1776 3018 1846 exigis
3048 1777 3415 1845 pmoitentiam
3443 1796 3454 1831 :
3482 1795 3581 1835 nec

346 1874 533 1942 deligit
578 1874 629 1927 in
674 1882 837 1928 terra.
870 1874 1020 1927 Ilium
1065 1874 1238 1928 solum
1285 1872 1429 1928 videt
1456 1888 1610 1940 quem
1641 1882 1802 1936 tenet,
1838 1873 1913 1927 illi

356 1967 546 2035 pandit
585 1980 855 2033 peccatum
898 1980 1073 2027 suum,
1106 1965 1178 2018 illi
1226 1974 1441 2033 peccata
1471 1964 1690 2031 detegit,
1719 1977 1771 2018 et
1810 1964 1915 2017 cri-

347 2059 613 2113 minosam
670 2066 871 2112 reserat
911 2056 1314 2113 conscientiam.
1398 2057 1502 2111 Cor
1550 2072 1705 2110 suum
1757 2072 1914 2124 supra

346 2150 516 2219 pedes
535 2148 651 2219 ejus
680 2150 892 2204 mistum
918 2164 1038 2204 cum
1062 2148 1272 2204 ﬂetibus
1293 2148 1481 2203 fundit.
1505 2147 1727 2217 Capillis
1750 2150 1911 2203 etiam

347 2242 601 2297 mollibus
644 2242 896 2313 lacrymis
936 2243 1177 2311 perfusos
1217 2242 1381 2311 pedes
1410 2244 1561 2312 quasi
1594 2241 1756 2295 linteo
1786 2257 1917 2310 quo-

347 2335 474 2388 dam
508 2334 755 2404 detergit.
784 2334 892 2388 Nec
922 2333 1096 2389 solum
1143 2334 1393 2403 lacrymis
1432 2335 1649 2389 abluere
1676 2337 1806 2389 satis
1837 2344 1918 2388 est

349 2436 404 2478 et
454 2424 692 2478 crinibus
734 2434 959 2494 tergere,
995 2424 1210 2494 insuper
1237 2424 1306 2480 de
1349 2426 1618 2479 alabastro
1666 2425 1809 2493 quod
1861 2425 1914 2480 in

348 2529 514 2569 manu
546 2516 756 2571 tenebat
805 2524 1037 2583 ungento
1066 2515 1329 2586 perfudit;
1362 2527 1418 2570 ut
1466 2520 1627 2585 pedes
1667 2531 1798 2584 quos
1846 2517 1917 2571 ri-

344 2619 592 2678 gaverat,
620 2618 888 2676 unguento
933 2608 1130 2662 liniret.
1159 2612 1332 2677 Atque
1364 2611 1413 2662 in
1450 2610 1532 2663 bis
1580 2610 1747 2663 tribus
1794 2624 1916 2677 sper

348 2697 557 2765 ciebus,
585 2698 853 2753 imtnuoda
902 2700 1111 2765 mulier,
1156 2701 1210 2755 iu
1251 2701 1501 2772 lacrymis
1529 2713 1584 2755 et
1608 2702 1816 2770 capillis
1862 2710 1918 2756 et

348 2802 660 2858 unguento,
693 2792 843 2857 quasi
895 2791 1092 2847 fontem
1140 2792 1385 2861 baptismi
1450 2796 1531 2849 sui
1577 2796 1643 2850 de
1692 2797 1917 2863 pedibus

347 2883 547 2940 Christi
591 2888 841 2939 extraxit.
889 2885 1017 2940 Nam
1051 2887 1103 2940 iu
1149 2887 1294 2943 fonte
1338 2888 1585 2956 baptismi
1611 2889 1737 2957 quid
1766 2890 1911 2945 aliud

346 2986 430 3031 est
459 2991 615 3046 quam
650 2990 861 3046 aquam,
892 2992 944 3032 et
994 2978 1248 3045 chrisma,
1280 2987 1336 3034 et
1378 2980 1542 3035 vestis
1588 2981 1751 3033 alba?
1783 2981 1914 3035 llnic

347 3066 560 3120 mulieri
591 3080 688 3133 pro
715 3082 849 3134 aqua
879 3069 1033 3120 tletus
1069 3066 1187 3129 fuit,
1222 3083 1314 3136 pro
1342 3070 1634 3123 chrismate
1664 3085 1908 3138 unguen-

348 3166 485 3219 tum,
538 3130 634 3225 pro
683 3130 828 3211 ves-te
875 3158 1072 3224 capilli.
1104 3157 1147 3212 0
1197 3130 1391 3214 mulier
1422 3163 1714 3228 peccatrix.
1747 3163 1909 3215 multa
1937 3130 1984 3195 ο

347 3246 659 3302 adinventio
682 3250 798 3302 tua!
824 3248 951 3312 Quis
979 3249 1070 3301 tibi
1096 3251 1411 3304 monstravit
1445 3253 1624 3316 talem,
1652 3264 1742 3306 aut
1773 3255 1917 3309 inve-

348 3340 469 3392 nire
494 3349 581 3391 aut
613 3353 910 3407 prOponere
952 3351 1146 3404 artem,
1181 3350 1237 3393 ut
1262 3353 1513 3410 congesta
1540 3344 1666 3398 inte
1690 3347 1913 3401 erimina

348 3430 738 3483 mornentaneis
786 3429 1037 3499 lacrymis
1071 3432 1334 3492 vinceres,
1364 3432 1604 3486 crinibus
1654 3434 1875 3489 raderes
1900 3476 1916 3498 ,

351 3533 623 3593 unguento
649 3523 937 3593 stirpares?
962 3525 1097 3593 Quid
1127 3528 1286 3597 ergo?
1317 3526 1558 3597 Intravit,
1590 3531 1779 3599 inquit,
1808 3549 1921 3585 mu.

349 3614 445 3670 tier
471 3618 748 3683 peccatrix,
777 3633 890 3670 cum
915 3619 1167 3674 alabastro
1191 3626 1456 3694 unguenti,
1487 3626 1621 3678 stetit
1644 3627 1798 3695 juxta
1826 3644 1916 3695 pe-

351 3707 439 3759 des
487 3704 695 3761 Christi.
744 3709 808 3764 Et
860 3711 981 3780 quid
1031 3711 1305 3767 Salvator?
1340 3714 1585 3784 Nunquid
1635 3714 1918 3786 ignorabat

350 3795 506 3847 ram?
532 3798 764 3864 nunquid
795 3801 1065 3854 nesciebat
1103 3802 1240 3869 quod
1269 3814 1413 3857 esset
1458 3805 1739 3872 publicana
1765 3808 1787 3858 ?
1816 3805 1919 3862 hoc

352 3878 505 3939 nefas
533 3897 615 3939 est
643 3887 842 3943 dicere.
898 3889 1089 3945 Verum
1113 3894 1201 3946 ubi
1226 3894 1357 3948 vidit
1377 3906 1770 3964 compunctum,
1798 3897 1909 3968 jam

353 3990 460 4030 non
494 3979 689 4047 repulit
724 3982 874 4048 quasi
918 3984 1251 4051 publicanum
1283 3996 1377 4041 aut
1413 3990 1614 4056 sprevit
1663 3990 1921 4059 importu-

352 4084 511 4135 nam;
541 4073 634 4125 sed
665 4074 865 4142 recepit
892 4076 1181 4145 dolentem,
1211 4088 1266 4132 et
1292 4079 1632 4149 amplectitur
1656 4083 1920 4150 paeniten-

352 4170 485 4215 tem.
514 4161 629 4215 Non
659 4164 707 4217 ei
754 4164 1032 4233 imputavit
1061 4177 1118 4221 ut
1152 4177 1268 4223 erat
1295 4170 1686 4237 imputandum.
1718 4172 1838 4226 Non
1868 4173 1919 4228 ei

352 4251 488 4307 dixit
518 4250 802 4309 Dominus:
822 4255 1364 4326 Meretrix,adultera,
1398 4260 1704 4328 fornicaria,
1732 4263 1915 4334 ﬂuida,

354 4354 410 4398 tu
439 4344 588 4399 venis
628 4346 692 4399 ad
741 4363 848 4415 me,
893 4358 946 4403 tu
998 4353 1348 4419 proximasti.
1383 4365 1438 4408 tu
1484 4370 1612 4410 ausa
1644 4371 1704 4412 es
1758 4357 1921 4427 pedes

355 4451 501 4490 meos
518 4436 759 4492 manibus
782 4441 998 4508 pollutis
1022 4443 1484 4514 contingeretnou
1512 4444 1658 4501 vides
1687 4460 1915 4502 massam

356 4530 618 4582 malorum
652 4534 902 4585 tuorum?
922 4537 1098 4588 calent
1122 4537 1301 4590 adhuc
1325 4537 1378 4590 in
1413 4547 1463 4592 te
1487 4538 1732 4603 crimina,
1756 4556 1917 4595 mem-

356 4619 452 4673 bra
484 4630 569 4673 tua
603 4620 865 4677 fervorem
896 4623 1130 4681 libidinis
1156 4627 1382 4695 spirant,
1414 4642 1613 4698 corpus
1641 4640 1785 4683 tuum
1812 4633 1916 4686 cri-

353 4710 578 4765 minosis
610 4713 831 4767 maculis
869 4716 1080 4781 plenum
1109 4718 1227 4771 est!
1291 4718 1534 4774 Animam
1567 4726 1733 4789 ipsam
1768 4723 1911 4778 intus

352 4804 816 4859 contaminationis
846 4816 947 4859 tu;e
996 4806 1203 4862 funesta
1250 4812 1456 4865 sarcina
1488 4815 1713 4880 premit;
1746 4822 1802 4868 et
1860 4827 1912 4867 tu

354 4895 516 4947 tantis
543 4895 836 4949 sceleribus
863 4897 1172 4965 depravata,
1203 4916 1328 4955 ausa
1361 4917 1420 4956 es
1450 4904 1632 4957 venire
1675 4904 1740 4957 ad
1781 4905 1912 4960 me?

350 4981 464 5039 Nan
510 4984 580 5038 illi
613 4986 692 5041 sic
721 4986 964 5042 Christus
1013 5006 1108 5044 nec
1141 4994 1445 5060 imputavit,
1479 5009 1577 5049 nec
1622 4993 1779 5049 dixit.
1815 4998 1915 5063 Qui

350 5080 449 5135 etsi
478 5080 587 5136 dixi
620 5093 719 5146 set,
760 5083 845 5137 illa
877 5086 997 5140 talis
1024 5087 1211 5142 mulier
1238 5099 1418 5157 parata
1457 5100 1573 5146 erat
1613 5092 1729 5148 sino
1755 5093 1914 5151 dubio

348 5175 616 5229 contraria
660 5179 1001 5242 respondere.
1032 5179 1087 5235 Si
1128 5181 1353 5235 dixisset
1378 5183 1454 5237 illi
1496 5183 1740 5239 Christus
1772 5203 1783 5238 :
1821 5187 1916 5239 lm-

348 5264 546 5321 munda
570 5269 784 5336 mulier,
810 5270 1126 5333 foedissima,
1154 5274 1533 5338 contaminata,
1562 5291 1732 5339 cessa,
1767 5294 1794 5331 a
1826 5293 1914 5334 me

345 5350 597 5424 discede,
629 5362 824 5416 nullam
859 5364 1027 5418 habeo
1076 5380 1195 5419 cum
1244 5366 1618 5421 meretricibus
1649 5384 1905 5437 causam;

352 5452 531 5505 habuit
567 5453 651 5506 illa
677 5456 1085 5525 responderem
1117 5460 1217 5511 hoc
1242 5460 1315 5511 illi
1348 5469 1668 5528 opponeret:
1689 5459 1908 5517 Domine

344 5557 436 5598 rex
467 5545 719 5613 celestis,
742 5547 1064 5616 Redemptor
1088 5549 1290 5614 mundi,
1309 5564 1427 5619 quae
1455 5560 1578 5604 sunt
1597 5553 1709 5605 luce
1737 5550 1759 5602 ?
1785 5551 1910 5619 quid

344 5638 669 5693 descendisti
694 5640 761 5695 de
788 5645 927 5696 ραιιό
954 5654 1169 5710 propter
1188 5642 1359 5711 justus
1384 5646 1625 5699 tantum?
1647 5645 1910 5713 thuan'ti

336 5720 466 5783 sunt
524 5730 799 5801 justiisic
852 5747 1154 5788 certatores
1190 5734 1473 5803 repudi'is?
1527 5737 1620 5790 l'bi
1685 5736 1908 5805 poiulus

1944 4494 1999 4561 D

2024 1864 2274 1919 libamina
2300 1878 2502 1920 tantum
2526 1869 2744 1936 «intueris,
2773 1880 3028 1938 quantum
3060 1868 3309 1940 lacrymis
3339 1870 3574 1925 delecta-

2028 1960 2122 2011 ris.
2146 1960 2471 2013 Sacriﬁcium
2497 1961 2587 2014 tibi
2610 1973 2690 2014 est
2711 1962 3250 2031 corcontribuliitum,
3274 1971 3328 2017 et
3351 1965 3573 2032 spiritus

2019 2062 2391 2119 compunctus.
2445 2050 2670 2119 Suscipe
2727 2050 2902 2120 itaque
2969 2052 3196 2120 pri-tium
3254 2055 3580 2120 pteinteotiat

2018 2158 2172 2208 meae,
2210 2151 2263 2194 et
2288 2142 2353 2194 da
2378 2142 2504 2194 mibi
2532 2143 2806 2210 praemium
2846 2142 3188 2214 indulgentia:
3230 2154 3352 2198 tuze.
3393 2146 3580 2200 Pastor

2021 2234 2182 2299 bone,
2213 2233 2297 2287 dic
2320 2233 2470 2299 mibi,
2501 2249 2703 2303 quaeso,
2736 2235 2969 2304 nunquid
3002 2252 3103 2289 non
3137 2251 3254 2290 sum
3284 2238 3349 2290 de
3390 2237 3579 2292 ovibus

2018 2325 2160 2379 tuis?
2191 2324 2295 2379 Sed
2321 2324 2498 2379 erravi
2535 2327 2603 2379 de
2650 2341 2841 2395 grege,
2878 2336 2929 2380 et
2960 2326 3092 2380 facta
3139 2344 3255 2380 sunt
3296 2332 3433 2379 Sit'lll
3464 2332 3583 2387 uti:

2018 2414 2224 2485 perdita
2257 2431 2271 2469 :
2298 2430 2479 2485 quaere
2506 2416 2754 2470 ancillam
2799 2427 2963 2478 tuam,
2988 2427 3040 2470 et
3073 2418 3150 2471 fac
3187 2434 3273 2472 me
3293 2419 3359 2471 de
3412 2436 3580 2474 mere.

2018 2510 2148 2563 trice
2192 2510 2465 2579 pudicam!
2516 2510 2633 2565 Noli
2665 2527 2751 2566 me
2804 2512 3106 2580 despicere,
3140 2529 3244 2566 non
3283 2527 3400 2567 sum
3444 2516 3577 2578 sola,

2017 2602 2207 2657 multas
2230 2603 2400 2657 habeo
2427 2613 2795 2672 compares,et
2815 2619 2971 2674 quam
3004 2606 3236 2659 maxima
3262 2620 3386 2675 pars
3405 2604 3581 2662 ovium

2018 2702 2224 2747 tuarum
2258 2694 2307 2747 in
2340 2709 2427 2750 me
2468 2705 2569 2748 est.
2613 2693 2801 2749 Pastor
2848 2696 3083 2760 excelse,
3112 2711 3294 2766 qna-re
3321 2711 3448 2751 oves
3470 2697 3579 2750 dis-

2019 2801 2201 2852 persas
2230 2792 2287 2840 et
2315 2783 2493 2839 scabie
2524 2796 2847 2840 contractas.
2871 2784 3076 2855 Collige
3103 2801 3196 2840 eas
3224 2786 3274 2841 in
3306 2802 3491 2849 unum,
3518 2797 3578 2841 et

2016 2876 2178 2944 imple
2199 2876 2339 2930 ovile
2364 2886 2530 2929 tuum.
2560 2875 2640 2930 Tu
2665 2890 2893 2946 namque
2920 2876 3141 2931 dixisti:
3177 2875 3352 2930 Habeo
3380 2888 3427 2930 et
3454 2879 3584 2932 alias

2017 2985 2133 3027 oves
2148 2984 2259 3038 quia
2285 2985 2383 3022 non
2396 2977 2512 3023 sunt
2542 2985 2604 3023 ea:
2627 2971 2724 3023 hoc
2747 2970 2866 3023 ovili
2890 2985 2907 3032 ς
2936 2970 3028 3023 has
3069 2980 3268 3039 oportet
3301 2985 3380 3023 me
3404 2986 3580 3041 aggre-

2016 3079 2138 3135 gare
2164 3073 2215 3115 ut
2258 3063 2349 3132 ﬁat
2378 3080 2510 3118 unus
2537 3079 2662 3135 grex
2690 3071 2733 3117 et
2765 3079 2894 3117 unus
2922 3075 3113 3131 pastor.
3148 3064 3279 3130 Quae
3306 3075 3429 3117 sunt
3465 3062 3579 3117 ista!

2016 3172 2145 3212 oves
2195 3172 2315 3226 qua:
2362 3172 2468 3210 non
2499 3166 2626 3211 sunt
2670 3157 2739 3211 de
2769 3156 2988 3210 mandra
3020 3158 3153 3211 tua?
3183 3156 3417 3226 nunquid
3472 3172 3578 3209 non

2020 3250 2328 3304 meretrices
2357 3259 2412 3303 et
2441 3248 2750 3318 publicani?
2777 3250 3012 3318 nunquid
3048 3260 3356 3317 peccatores
3378 3286 3395 3313 ,
3422 3249 3578 3303 adul-

2020 3342 2140 3405 teri,
2189 3352 2245 3394 et
2292 3340 2507 3409 iniusti?
2554 3340 2818 3394 Caeterum
2860 3340 2903 3391 si
2955 3344 3052 3393 bos
3094 3339 3455 3407 repudiaveris
3499 3339 3579 3394 νιιΙ

2017 3434 2328 3499 excluseris,
2359 3432 2449 3503 qui
2469 3431 2821 3491 remanebunt
2840 3431 2927 3499 qui
2944 3431 3200 3500 impleant
3223 3431 3366 3485 ovile
3390 3442 3534 3483 tuum
3559 3432 3579 3468 ν

2021 3526 2300 3593 Ρτοιιιιθιςιξ
2322 3534 2377 3581 et
2403 3526 2651 3594 apostoli,
2679 3535 2960 3594 martyres,
2988 3523 3221 3592 virgines
3241 3524 3579 3577 etcontinen-

2024 3619 2141 3674 tes?
2170 3619 2361 3685 Quanti
2382 3615 2583 3672 suntad
2609 3617 2871 3684 integrum
2888 3613 3135 3683 populum
3158 3615 3170 3667 !
3197 3612 3251 3667 Si
3279 3612 3431 3682 igitur
3450 3627 3581 3681 pra--

2021 3713 2273 3768 scribitur
2319 3708 2710 3781 peccatoribus,
2765 3708 2919 3776 pauci
2970 3707 3131 3769 intus,
3162 3717 3215 3759 et
3257 3705 3406 3758 multi
3454 3704 3583 3759 foris

2018 3818 2199 3863 erunt.
2223 3804 2329 3862 Sed
2356 3803 2601 3874 quoniam
2626 3802 2931 3870 redemptor
2950 3799 3302 3867 esgeneralis,
3328 3809 3382 3853 et
3404 3808 3582 3867 pastor

2019 3898 2339 3964 communis,
2383 3897 2473 3967 qui
2502 3894 2692 3949 venisti
2745 3908 2849 3947 non
2904 3890 3126 3960 perdere
3178 3890 3271 3944 sed
3329 3889 3584 3955 salvare,

2020 3993 2213 4062 collige
2230 4006 2297 4049 ex
2320 3991 2500 4046 scabie
2530 3995 2809 4057 corruptas
2838 3999 2988 4050 oves,
3024 3996 3078 4040 et
3117 3985 3387 4053 dispersas
3421 3985 3585 4047 miluo

2020 4086 2086 4142 ad
2113 4085 2294 4139 caulas
2322 4082 2595 4137 cteleSIes.
2628 4078 2732 4133 Fac
2760 4078 2828 4133 de
2872 4077 3123 4133 omnibus
3161 4088 3324 4130 unum
3370 4088 3582 4143 gregem

2022 4191 2075 4235 et
2097 4188 2215 4234 esto
2236 4176 2486 4231 omnibus
2508 4188 2645 4230 unus
2672 4174 2832 4246 (sicut
2858 4171 3030 4243 promi
3048 4170 3173 4239 isti)
3190 4181 3243 4224 et
3262 4169 3505 4224 Salvator
3531 4178 3585 4225 et

2024 4274 2232 4329 Pastor.
2262 4270 2501 4326 Obsecro
2526 4279 2579 4323 te
2622 4282 2723 4337 ego
2755 4266 2947 4322 mulier
2979 4271 3038 4319 ut
3067 4262 3304 4331 indigna,
3342 4273 3396 4316 et
3427 4262 3583 4317 tacita

2021 4363 2157 4419 intra
2188 4377 2275 4417 me
2317 4374 2474 4431 prece
2501 4359 2735 4426 deposco
2760 4397 2776 4420 ,
2820 4354 2998 4411 sciens
3042 4364 3092 4407 te
3125 4366 3246 4407 esse
3291 4351 3584 4407 errantium

2025 4455 2307 4511 medicum.
2339 4452 2583 4507 Dolorem
2613 4462 2790 4503 meum
2819 4445 2994 4501 verbis
3017 4443 3307 4513 ingemina,
3339 4452 3393 4498 et
3420 4442 3581 4495 actio-

2026 4566 2146 4605 nem
2175 4560 2344 4601 meam
2366 4543 2585 4598 secretis
2606 4538 2924 4610 singultibus
2952 4550 3156 4605 premo.
3182 4534 3307 4587 Esto
3332 4532 3463 4589 mihi
3490 4532 3589 4585 ad.

2023 4649 2243 4695 vocatus
2275 4657 2290 4693 :
2319 4636 2532 4704 suscipe
2556 4647 2769 4688 causam
2815 4643 3010 4692 meam,
3035 4637 3089 4681 et
3125 4625 3274 4679 solve
3300 4622 3592 4692 compedes

2024 4747 2194 4788 meos.
2220 4730 2440 4785 Multum
2468 4733 2551 4779 est
2598 4721 2740 4793 quod
2789 4721 2960 4775 merui
2995 4727 3212 4786 tangere
3252 4713 3416 4782 pedes
3448 4724 3588 4767 tuos.

2023 4826 2133 4893 Ego
2180 4821 2391 4877 ﬂetibus
2447 4815 2772 4886 pmnitentize
2814 4808 3076 4879 pertundo
3121 4804 3281 4871 pedes
3336 4817 3477 4857 tuos.
3512 4803 3591 4859 Tu

2032 4915 2208 4969 lumen
2257 4909 2592 4976 indulgentiae
2618 4947 2634 4968 ,
2685 4905 2805 4958 dele
2847 4901 3066 4956 crimiia
3110 4914 3245 4952 mea.
3280 4896 3461 4965 Tango
3517 4905 3591 4959 te,

2023 5010 2286 5067 Salvator,
2317 5018 2417 5072 ego
2470 4998 2740 5053 immunda
2793 4995 3007 5057 mulier,
3062 5003 3114 5046 et
3164 4993 3377 5044 osculor
3428 4990 3593 5058 pedes

2024 5108 2146 5154 tuos
2187 5113 2202 5151 :
2233 5111 2338 5150 non
2393 5102 2450 5147 ut
2482 5092 2754 5159 inquiuetn
2787 5084 2928 5155 quod
2962 5095 3119 5151 tango
3140 5126 3155 5149 ,
3188 5085 3282 5138 sed
3311 5091 3367 5135 ut
3398 5082 3590 5135 abluas-

2016 5192 2083 5245 ab
2104 5206 2169 5244 eo
2196 5203 2353 5256 quem
2380 5196 2555 5252 tango.
2587 5182 2629 5235 Ο
2670 5178 2947 5239 meretrix,
2982 5192 3169 5245 magna
3201 5185 3281 5229 est
3314 5175 3446 5229 ﬁdes
3475 5184 3586 5234 tua,

2017 5281 2150 5333 mira
2177 5273 2537 5336 conversatio,
2567 5271 2713 5323 clara
2743 5265 3048 5323 confessio!
3077 5264 3189 5318 Non
3236 5274 3288 5317 te
3322 5261 3430 5330 jam
3453 5258 3589 5314 dici-

2021 5384 2139 5424 lllllS
2170 5368 2527 5426 meretricem,
2554 5360 2646 5415 sed
2676 5358 2911 5413 omnium
2942 5354 3393 5411 meretricantium
3420 5352 3591 5405 medi-

2019 5476 2136 5516 cam
2164 5477 2177 5513 :
2203 5460 2269 5512 de
2298 5466 2349 5511 te
2373 5457 2517 5510 enim
2546 5452 2760 5522 capiunt
2790 5448 2940 5503 multi
2968 5445 3385 5516 recuperationis
3406 5458 3592 5497 exem-

2018 5553 2184 5622 plmn.
2201 5548 2305 5605 Sed
2319 5544 2480 5612 empti
2497 5542 2713 5611 capituli
2731 5542 2971 5596 ordinem
2989 5539 3261 5608 rcpliccm.
3289 5533 3590 5590 Pltarismna

2019 5645 2107 5696 inti
2129 5656 2217 5695 rea
2247 5640 2334 5706 qui
2364 5642 2643 5706 rogaverat
2674 5634 2952 5687 Dominum
2983 5674 3001 5696 ,
3027 5629 3113 5683 ubi
3144 5645 3174 5682 v
3199 5628 3274 5683 dit
3312 5626 3456 5681 velut
3504 5624 3588 5679 in-e

2016 5735 2223 5802 dignam
2258 5729 2532 5784 mulio-em
2559 5767 2574 5793 ,
2610 5728 2678 5779 ait
2712 5726 2850 5779 intra
2883 5738 2940 5778 se
2969 5738 2986 5776 :
3022 5721 3116 5775 ilic
3145 5723 3189 5775 si
3218 5732 3338 5775 esset
3369 5715 3592 5789 prophe-
