4032 6184
459 229 562 285 9ιῦ

1469 226 1527 281 S.
1560 222 1927 281 LACRENTII
1968 220 2413 289 NOVABIENSIS
2454 219 2744 280 EPISCOl-‘I

3600 224 3698 280 i5“

457 352 527 399 η.
556 359 655 397 non
685 343 870 395 ,ίηεηι
898 340 1028 394 hanc
1056 342 1313 395 ηιηιερηη,
1346 347 1551 405 “Mm
1580 356 1650 404 ,ε⁹
1684 339 1836 407 cuius
1862 337 2029 391 spiret
2056 333 2108 392 Α
2134 331 2607 401 blicanum,objice
2632 331 2993 396 meretricem,
3014 339 3066 385 et
3082 330 3195 387 die:
3219 330 3403 395 Cessa,
3425 334 3702 387 ccnsclen-

460 435 754 488 infamiam.
783 433 878 488 Illo
901 433 978 487 sic
1007 434 1140 486 intra
1172 446 1229 486 se
1254 446 1449 500 perpen
1471 432 1613 485 lente
1640 444 1695 488 et
1716 444 2029 500 prosperum

462 537 638 579 aetum
665 526 953 580 obseurzwe
982 525 1204 585 ηἰῑινιιιρ,
1227 524 1509 591 cogitatum
1535 523 1650 590 ejus
1673 522 2032 589 comprehen-

457 616 537 668 dit
571 616 847 678 Dominus,
896 624 950 670 et
990 614 1194 669 detexit
1240 632 1253 667 :
1284 613 1490 671 Simon.
1523 612 1711 681 inquit,
1745 614 1903 666 habeo
1938 612 2031 664 tibi

458 707 655 773 aliquid
678 709 858 760 dicere.
882 707 947 759 At
976 707 1068 759 ille
1096 705 1354 769 respondit
1377 720 1396 760 :
1424 704 1688 774 Magister,
1718 705 1817 757 die.
1848 701 2030 757 Faue-

456 809 598 850 rator
618 797 798 866 aliquis
823 798 951 850 duos
979 796 1191 850 habebat
1213 796 1491 859 debitores;
1508 813 1636 850 unus
1658 796 1862 849 debebat
1880 797 2030 864 quin-

457 897 631 958 gentos
681 889 941 951 denarios,
988 890 1115 941 alter
1166 888 1532 958 quinquaginta
1566 903 1587 941 :
1629 887 1715 940 isti
1750 888 1872 939 dum
1928 903 2027 940 non

458 977 695 1031 haberent
726 978 860 1030 unde
882 979 1147 1032 redderent
1174 1021 1189 1040 ,
1221 979 1412 1031 dimisit
1442 979 1658 1046 utrique.
1685 976 1804 1047 Dic,
1830 993 2025 1049 qua'so,

457 1071 569 1137 quis
597 1070 632 1123 d
653 1088 659 1100 ’
681 1070 791 1123 istis
821 1070 1019 1123 duobus
1047 1070 1256 1141 diligere
1280 1071 1392 1137 plus
1414 1071 1624 1124 debuit?
1650 1071 1907 1138 respondit
1934 1070 2027 1126 Si-

457 1175 600 1222 mon,
634 1169 682 1212 et
704 1160 833 1213 dixit
864 1177 881 1213 :
912 1160 1171 1227 Quantum
1200 1178 1290 1232 ego
1315 1161 1530 1228 intimo,
1572 1162 1659 1215 ille
1685 1163 1767 1215 cui
1797 1162 1911 1230 plus
1931 1162 2026 1215 do-

458 1253 620 1305 navit.
645 1249 783 1307 Dixit
808 1253 853 1306 ei
881 1251 1162 1306 Dominus:
1188 1263 1318 1306 recte
1332 1254 1600 1324 judicasti.
1629 1254 1808 1310 Simon
1834 1254 2027 1323 hospes

460 1340 753 1408 Pliarisaee,
782 1343 974 1413 collige
999 1345 1063 1397 ad
1096 1354 1146 1396 te
1166 1344 1471 1412 parabolam
1496 1346 1683 1409 istam;
1718 1350 1890 1400 nescis
1907 1348 2027 1415 quia

459 1440 675 1501 propter
694 1443 743 1487 te
765 1433 907 1487 illam
939 1436 1167 1501 protuli?
1190 1450 1284 1488 cur
1311 1435 1623 1505 indignaris.
1646 1452 1742 1491 cur
1766 1453 2024 1491 venenum

464 1535 652 1575 versas
684 1522 734 1575 in
768 1534 981 1591 pectore
1006 1524 1129 1577 tuo?
1160 1539 1253 1578 cur
1278 1535 1463 1579 contra
1494 1526 1683 1579 factum
1714 1527 1907 1582 bonum
1940 1541 2029 1580 su-

460 1609 624 1680 brigis
661 1622 820 1681 caput
848 1616 1156 1682 serpentis?
1188 1614 1461 1685 indignum
1493 1617 1697 1685 indicas
1725 1634 1809 1671 me
1851 1619 2024 1673 susci-

461 1715 590 1769 pere
622 1704 898 1757 mulierem
930 1703 1270 1759 l'ornicariam
1297 1708 1654 1778 lacrymarum
1681 1707 1911 1761 fontibus
1942 1709 2028 1762 in-

463 1792 747 1846 undantem
772 1809 787 1847 :
814 1794 905 1848 sed
931 1794 1056 1848 lacis
1074 1795 1172 1850 boc
1190 1799 1337 1866 quasi
1372 1799 1678 1853 incredulus
1709 1798 2027 1865 I’Itariszeus,

461 1883 586 1937 dum
629 1900 745 1937 non
800 1886 877 1938 vis
907 1902 991 1940 me
1041 1902 1161 1942 esse
1205 1898 1295 1941 aut
1323 1888 1548 1944 credere
1591 1889 1788 1944 Deum!
1824 1893 2027 1957 Amice,

461 1973 630 2026 iecisti
662 1990 772 2029 rem
805 1975 992 2029 bonam
1021 1993 1036 2040 ;
1072 1978 1266 2045 parasti
1292 1979 1418 2032 mihi
1450 1981 1770 2044 convivium,
1794 1992 1848 2035 et
1876 1997 2032 2049 pran-

459 2063 601 2117 dium
628 2066 911 2119 exhibuiSti
935 2084 947 2119 :
970 2068 1063 2122 sed
1090 2068 1213 2135 quid
1240 2069 1305 2123 ad
1332 2076 1481 2124 istam
1510 2072 1821 2127 mulierem?
1841 2073 2029 2128 Anima

459 2154 578 2222 eius
626 2157 744 2224 plus
775 2166 859 2212 est
901 2173 1057 2228 quam
1092 2168 1173 2213 tua
1210 2162 1542 2228 humanitas,
1575 2178 1725 2217 amor
1755 2163 1870 2233 ejus
1899 2165 2032 2219 vicit

464 2252 611 2299 tuum
644 2247 968 2301 convivium.
1010 2249 1124 2303 Non
1154 2250 1329 2306 vidisti
1359 2251 1482 2321 quid
1526 2251 1690 2308 fecit?
1729 2254 1927 2309 Intraui
1970 2257 2024 2309 in

461 2337 668 2391 domum
708 2347 871 2402 tuam,
900 2357 1083 2411 aquam
1128 2344 1337 2409 peditus
1369 2345 1491 2399 meis
1522 2362 1621 2399 non
1664 2347 1849 2400 dedisti
1877 2364 1897 2402 :
1924 2348 2031 2402 hac

459 2437 629 2481 autem
659 2427 898 2499 lacrymis
928 2432 1111 2504 rigavit
1138 2434 1290 2503 pedes
1306 2452 1462 2489 meos.
1498 2437 1740 2491 Osculum
1768 2439 1894 2492 mihi
1931 2456 2031 2493 non

459 2518 681 2573 dedisti:
706 2518 814 2574 lucc
850 2530 1017 2574 autem
1049 2538 1112 2576 ex
1136 2540 1237 2593 quo
1260 2526 1489 2591 intravit,
1521 2544 1624 2581 non
1655 2531 1860 2583 cessavit
1886 2546 2031 2583 oscu-

460 2608 561 2663 lari
584 2611 734 2680 pedes
762 2627 919 2665 meos.
958 2612 1082 2667 Utro
1125 2632 1225 2668 non
1264 2619 1456 2671 tinxisti
1503 2630 1653 2690 caput
1700 2622 2033 2687 meum;lurc

462 2699 613 2769 pedes
654 2716 788 2755 meos
839 2715 1094 2774 unguento
1150 2708 1375 2777 perfudit
1427 2727 1446 2764 .’
1485 2724 1689 2783 propter
1733 2721 1867 2787 quod
1918 2721 2031 2772 dico

462 2788 572 2854 tibi,
622 2792 830 2846 remissa
877 2803 992 2848 sunt
1043 2796 1121 2849 illi
1178 2799 1404 2866 inﬁnita.
1446 2803 1746 2873 Pltarisare,
1777 2822 1840 2863 ex
1892 2815 2032 2864 malo

464 2879 727 2934 termento
758 2881 1071 2952 indignaris.
1109 2887 1269 2956 Angit
1300 2900 1351 2944 te
1379 2893 1521 2960 quod
1553 2895 1868 2950 salvaverim
1913 2915 2032 2967 pec-

464 2971 737 3040 catricem,
766 2983 817 3028 et
847 2988 877 3028 a
916 2978 1150 3045 peccatis
1180 2982 1507 3037 absolverim
1545 3004 1556 3038 :
1591 2997 1645 3042 et
1674 2990 1798 3058 qu'd
1832 2991 1932 3045 hoc
1965 2992 2029 3045 ad

2136 428 2241 490 tia;
2271 426 2379 481 noli
2401 426 2528 480 mihi
2556 427 2888 495 obstrepere,
2911 425 3019 480 noli
3040 428 3321 481 obsistere.
3346 427 3702 484 Estaccessus

2134 519 2198 570 ad
2233 519 2431 583 Deum,
2462 528 2514 573 et
2544 519 2692 573 locus
2715 519 2987 573 remeandi
3019 519 3082 572 ad
3107 517 3397 573 Christum.

2203 612 2398 682 Impius
2429 613 2524 668 fuit
2554 614 2887 683 publicanus,
2915 613 3009 668 sed
3043 629 3146 666 non
3177 613 3475 679 desperavit
3504 631 3517 664 :
3552 612 3705 667 fene-

2131 709 2266 759 ravit
2292 705 2627 775 publicanus,
2658 717 2713 760 et
2752 706 2922 760 lactus
2949 717 3029 759 est
3069 706 3313 772 intimus;
3361 707 3506 763 ﬂevit
3534 725 3706 762 mere-

2131 798 2256 861 trix,
2285 810 2337 852 et
2369 799 2504 852 facta
2532 810 2612 851 est
2636 800 2780 854 felix.
2805 798 2875 854 Ut
2894 800 3017 870 quid
3042 816 3126 855 me
3149 802 3393 870 corripis,
3425 802 3707 857 conscien-

2130 889 2239 942 tia?
2271 889 2337 943 Ut
2364 890 2488 959 quid
2522 903 2609 943 me
2644 890 2956 956 confundis,
2994 900 3047 944 et
3076 893 3367 959 depravare
3392 892 3709 946 contendis?

2131 979 2189 1035 Si
2223 982 2361 1036 Deus
2386 981 2607 1049 recipit,
2636 982 2757 1050 quis
2796 992 2878 1035 est
2907 982 2997 1050 qui
3038 980 3244 1051 rej‘t-it?
3263 982 3306 1036 si
3334 982 3474 1037 Deus
3498 981 3708 1052 justiti—

2129 1081 2237 1136 cat,
2255 1072 2373 1141 quis
2393 1080 2476 1126 est
2492 1074 2578 1140 qui
2608 1072 2961 1128 condemnat?
2983 1071 3284 1126 Christiane
3301 1072 3425 1141 quid
3444 1114 3457 1134 ,
3488 1073 3663 1126 tardas
3690 1089 3706 1128 :

2129 1163 2463 1233 pub'icanum
2514 1164 2664 1218 vides
2710 1174 2991 1229 antequam
3023 1164 3196 1218 adhuc
3239 1165 3519 1233 paeniteret
3555 1180 3707 1219 rece-

2133 1266 2305 1325 ptum,
2338 1258 2638 1327 etambigis
2671 1274 2685 1309 :
2715 1257 2840 1327 quid
2874 1258 3103 1311 metuis?
3140 1257 3272 1309 Vitio
3324 1256 3553 1311 libidinis
3600 1273 3707 1327 quo

2128 1365 2317 1418 corpus
2342 1350 2595 1420 polluitur
2616 1360 2671 1405 et
2696 1350 2934 1405 membra
2957 1350 3309 1416 maculantur,
3328 1354 3369 1404 si
3394 1362 3505 1404 toto
3527 1353 3707 1405 animo

2127 1443 2410 1510 gemueris,
2441 1442 2750 1496 absolveris.

2204 1534 2390 1596 llomo,
2426 1534 2468 1587 si
2499 1548 2592 1587 cur
2622 1542 2771 1587 tuum
2803 1532 2970 1598 vides,
3002 1532 3149 1585 vides
3178 1546 3283 1585 uno
3312 1539 3583 1587 momento
3613 1547 3706 1601 per

2129 1626 2273 1679 solas
2305 1628 2568 1696 laerymas
2597 1626 2853 1690 ablutum,
2887 1634 2939 1678 et
2967 1623 3215 1677 dubitas?
3235 1622 3338 1678 Sed
3362 1623 3495 1677 dicis
3522 1640 3536 1675 :
3568 1622 3705 1677 Ecce

2059 1710 2106 1771 B
2132 1727 2477 1785 compunctus
2508 1719 2692 1781 oravi,
2726 1728 2813 1770 aut
2838 1716 2958 1771 ﬂevi
2984 1733 3079 1785 pro
3106 1718 3187 1770 bis
3214 1732 3330 1785 quae
3362 1719 3499 1771 male
3526 1718 3662 1785 gessi
3686 1720 3704 1780 ';

2133 1810 2470 1880 aliquatenus
2513 1811 2681 1863 tnerui
2731 1824 2759 1863 a
2821 1810 3046 1863 Domino
3093 1808 3413 1878 indulgentia
3468 1809 3704 1873 absolvi;

2134 1913 2254 1972 post
2277 1902 2397 1967 hoc,
2426 1911 2481 1956 ut
2527 1911 2607 1956 est
2638 1902 2747 1969 ipsa
2780 1901 3035 1965 conditio,
3081 1902 3126 1954 si
3171 1916 3355 1955 rursus
3391 1915 3704 1969 peccavero.

2132 1992 2255 2061 quid
2288 1992 2521 2046 facturus
2556 1993 2713 2046 sum?
2739 1991 2979 2061 Nunquid
3010 1993 3197 2046 iterum
3236 1991 3363 2045 flere
3393 1990 3582 2054 debeo,
3617 2000 3706 2047 aut

2134 2081 2509 2151 indulgentiam
2545 2082 2816 2151 ﬂagitare?
2843 2090 2933 2135 aut
2959 2082 3192 2147 nunquid
3235 2090 3315 2135 est
3347 2080 3520 2135 adhuc
3547 2097 3705 2151 repe-

2132 2185 2245 2231 tere
2293 2176 2621 2231 remedium?
2666 2176 2985 2245 lle-spondeo
3030 2175 3121 2229 tibi
3157 2193 3169 2228 :
3200 2175 3245 2230 si
3293 2174 3502 2243 quidem
3557 2174 3703 2230 radis

2135 2268 2336 2338 peccati
2366 2267 2416 2321 in
2448 2268 2701 2321 membris
2728 2268 2831 2321 tuis
2854 2278 3142 2334 aresceret,
3178 2266 3259 2322 vel
3284 2269 3351 2322 ab
3377 2267 3570 2322 animis
3599 2270 3705 2322 tuis

2134 2357 2428 2412 discederet
2452 2402 2467 2427 ,
2500 2367 2644 2412 recte
2672 2356 2774 2412 hoc
2802 2351 3029 2412 diceres.
3061 2357 3117 2412 Si
3147 2361 3288 2412 enim
3315 2373 3342 2412 s
3366 2357 3560 2413 imulus
3584 2373 3704 2412 car-

2134 2448 2218 2503 nis
2247 2448 2564 2519 quiesceret,
2598 2462 2817 2502 securus
2855 2462 3008 2503 esses
3037 2463 3135 2503 nec
3166 2457 3438 2518 peceatum
3481 2448 3708 2523 faceres,

2134 2557 2234 2597 nec
2263 2541 2629 2610 paenitentiam
2656 2555 2957 2610 quaereres;
2994 2541 3085 2595 sed
3130 2556 3343 2610 semper
3367 2541 3515 2610 quasi
3546 2555 3706 2611 ange-

2136 2634 2470 2688 lusillibatus
2501 2634 2793 2689 incederes.
2824 2633 2971 2701 Quod
3015 2637 3057 2688 si
3108 2644 3160 2688 te
3207 2634 3462 2688 naturalis
3514 2649 3706 2688 concu-

2136 2728 2391 2795 piscentia
2432 2735 2586 2795 urget
2628 2735 2683 2781 et
2721 2727 2905 2797 pungit
2949 2726 3110 2781 libido
3136 2769 3151 2792 ,
3204 2728 3327 2796 quid
3378 2727 3609 2780 tacturus
3647 2741 3707 2781 es

2137 2817 2379 2885 fragilis?
2431 2817 2672 2872 Vinceris
2717 2818 2981 2879 subinde,
3032 2818 3263 2873 ﬂecteris
3309 2817 3613 2888 inequenter
3653 2830 3709 2878 et

2135 2906 2265 2959 locis
2294 2906 2488 2976 aliquid
2519 2907 2659 2977 quod
2695 2906 2834 2961 Deus
2862 2922 2964 2961 non
2998 2908 3131 2964 vult.

2207 3000 2358 3055 Facis
2407 3002 2533 3055 illud
2580 3003 2721 3070 quod
2770 3002 2905 3057 forte
2954 3016 3007 3058 tu
3040 3005 3152 3073 ipse
3195 3004 3500 3068 horreecis,
3542 3014 3598 3057 ut
3636 3005 3709 3061 ait

467 3062 559 3169 te?
588 3063 721 3168 male
746 3065 971 3169 intentio
993 3076 1078 3121 tua
1103 3087 1115 3133 ;
1142 3072 1380 3142 nunquid
1412 3089 1514 3129 non
1547 3076 1669 3131 licet
1697 3080 1826 3134 mihi
1856 3081 2028 3138 facere
2058 3084 2104 3146 C
2133 3097 2416 3165 Apostolus
2449 3114 2462 3150 :
2490 3062 2610 3152 Non
2637 3099 2772 3166 quod
2797 3100 2908 3151 volo
2929 3062 3166 3169 ago,-sed
3192 3099 3326 3168 quod
3347 3100 3433 3152 odi
3455 3062 3549 3151 hoc
3575 3101 3710 3168 facio

467 3155 519 3210 in
550 3156 682 3211 meis
702 3158 840 3228 quod
872 3159 992 3213 volo
1008 3161 1031 3214 ?
1049 3180 1114 3216 an
1138 3165 1313 3217 oculus
1337 3175 1453 3219 tuus
1475 3185 1688 3238 nequam
1713 3183 1782 3225 est
1802 3175 1918 3243 quia
1940 3192 2031 3245 ego

467 3247 626 3302 bonus
651 3265 764 3302 sum
797 3248 986 3320 (Matt.
1016 3255 1146 3324 xx)?
1170 3255 1295 3323 Sed,
1328 3259 1372 3312 si
1405 3260 1495 3313 tibi
1530 3261 1717 3328 placet,
1746 3266 1936 3335 collige
1964 3268 2029 3322 ad

468 3346 521 3391 te
551 3340 853 3407 parabolam
886 3360 1094 3407 meam;
1130 3349 1275 3417 aperi
1311 3351 1498 3405 oculos
1530 3364 1646 3407 tuos
1675 3363 1728 3409 et
1779 3355 1918 3412 vide.
1953 3358 2030 3412 Tu

468 3425 644 3484 fecisti
675 3434 1001 3504 convivium,
1030 3448 1080 3491 et
1114 3442 1364 3495 meretrix
1393 3454 1644 3500 coronata
1676 3457 1776 3502 est.
1806 3448 1982 3516 Quare
2010 3451 2034 3505 ?

472 3523 597 3592 quia
619 3524 838 3580 multum
858 3528 1064 3594 dilexit,
1096 3534 1316 3587 multum
1347 3536 1588 3604 ploravit,
1614 3541 1837 3595 multum
1859 3546 2032 3612 poeni-

466 3614 587 3669 tuit.
638 3614 762 3671 Plus
786 3620 943 3674 valuit
973 3626 1109 3691 apud
1141 3641 1224 3678 me
1254 3625 1410 3681 ﬂetus
1438 3631 1731 3685 meretricis
1755 3648 1915 3702 quam
1946 3647 2033 3689 tua

466 3706 687 3763 fercula.
722 3708 787 3762 Et
818 3710 939 3765 inde
979 3713 1141 3781 duplo
1174 3716 1270 3769 tibi
1316 3718 1530 3786 praelata
1561 3730 1645 3775 est
1693 3723 2030 3789 lornicatrix;

463 3799 678 3867 quando
709 3810 763 3855 tu
792 3804 1195 3874 quinquaginta,
1221 3808 1309 3862 illa
1355 3814 1660 3883 quingentis
1690 3827 2032 3886 compensate

463 3899 544 3943 est
574 3893 828 3946 nummis.
853 3895 961 3949 Nec
990 3896 1254 3952 immerito
1280 3900 1347 3955 de
1379 3903 1527 3958 vobis
1570 3905 1879 3973 prtedicmm
1927 3919 2033 3973 est,

466 3979 602 4042 Quia
630 3985 913 4039 meretrices
941 3997 987 4038 et
1018 3988 1271 4049 publicant
1316 3995 1601 4060 praecedeot
1648 4012 1733 4049 vos
1786 3997 1837 4050 in
1879 4013 2033 4066 regno

469 4065 564 4121 Dei
592 4068 805 4138 (Matth.
840 4072 974 4137 XXI).
1006 4072 1072 4125 Et
1110 4090 1386 4129 conversus
1423 4077 1671 4131 Dominus
1698 4078 1849 4133 Iesus
1889 4065 2028 4137 dixit

462 4159 534 4210 ad
562 4163 829 4214 mulierem
853 4179 870 4216 :
892 4162 1049 4217 Fides
1078 4172 1170 4217 tua
1197 4173 1245 4218 te
1270 4167 1471 4220 saluam
1495 4168 1638 4237 fecit,
1666 4171 1797 4223 vade
1819 4172 1870 4223 in
1899 4187 2027 4240 pace

465 4248 602 4304 Ecce
625 4254 895 4321 quomodo
919 4269 1204 4325 patuerunt
1228 4264 1496 4329 pr0posita
1525 4267 1576 4319 in
1610 4267 1814 4322 duobus
1843 4285 2031 4324 exem-

469 4343 590 4411 plis.
624 4346 759 4400 Ecce
789 4352 1058 4416 quomodo
1108 4352 1328 4406 crimina
1371 4360 1652 4411 contrariis
1684 4361 1867 4415 collisa
1906 4373 2031 4416 sunt

2137 3186 2314 3255 (Rom.
2351 3203 2443 3250 vlt,
2489 3187 2595 3253 l9).
2643 3189 2779 3256 Quid
2810 3195 2987 3245 nunc?
3026 3208 3152 3247 ecce
3195 3197 3395 3259 orasti,
3442 3206 3494 3248 et
3523 3195 3707 3247 annuit

2136 3276 2411 3331 Dominus.
2445 3278 2662 3344 Adjuvit
2702 3282 2839 3346 pius,
2869 3282 3085 3336 indulsit
3116 3285 3418 3339 misericors
3444 3328 3458 3351 ,
3489 3286 3707 3340 evasisti

2136 3378 2433 3437 peccatum.
2477 3368 2580 3424 Sed
2611 3371 2699 3440 qui
2724 3371 2832 3440 jam
2869 3374 3140 3427 absolutus
3173 3385 3255 3429 est
3288 3391 3318 3428 a
3347 3376 3563 3430 stimulo
3589 3392 3710 3431 car-

2136 3461 2241 3523 nis,
2270 3472 2394 3514 ecce
2424 3460 2610 3514 iterum
2640 3462 2780 3531 cogit
2826 3464 3059 3516 (auditio
3099 3465 3289 3519 cadere
3340 3476 3457 3533 post
3500 3466 3708 3520 vatiam

2136 3550 2493 3618 impetratam,
2540 3554 2850 3621 delinquere
2900 3566 3018 3624 post
3063 3556 3476 3627 indulgentiam,
3508 3567 3561 3611 et
3591 3567 3711 3627 post

2137 3640 2395 3711 lacrymas
2421 3640 2613 3695 iterum
2644 3644 2822 3711 lapsus
2846 3645 3135 3703 incurrere.

2208 3733 2263 3788 In
2310 3734 2409 3788 hoc
2442 3726 2596 3803 plane
2635 3735 2743 3803 jam
2788 3752 3032 3807 magnum
3078 3738 3364 3795 intervenit
3408 3740 3611 3806 odium,
3655 3753 3711 3799 et

2137 3822 2508 3878 inestimabilis
2554 3826 2858 3881 ddiicultas.
2905 3830 3095 3884 Conari
3142 3830 3357 3898 quidem
3404 3833 3567 3888 debes
3599 3842 3711 3888 toto

2137 3916 2314 3970 animo
2341 3959 2354 3979 ,
2386 3928 2437 3972 et
2467 3934 2700 3986 pugnare
2732 3920 3073 3986 pertinaciter
3101 3935 3289 3978 contra
3321 3928 3497 3979 carnis
3523 3926 3709 3981 stimu-

2137 4008 2214 4061 los
2243 4020 2293 4063 et
2319 4011 2805 4077 concupiscentiam
2838 4015 3033 4082 cordis,
3070 4027 3124 4069 ut
3154 4018 3338 4073 vincas
3366 4028 3421 4072 et
3451 4035 3553 4073 non
3586 4035 3710 4088 pec-

2134 4113 2246 4153 ces.
2273 4101 2376 4155 Sed
2410 4101 2454 4154 si
2496 4106 2631 4156 t‘orte
2661 4112 2843 4157 contra
2888 4118 3063 4160 velum
3098 4118 3241 4162 tuum
3271 4110 3504 4165 conditio
3533 4112 3713 4166 carnis

2134 4193 2341 4258 vicerit,
2365 4203 2417 4248 et
2439 4195 2699 4264 cupiditas
2726 4200 2970 4253 straverit
2995 4200 3044 4253 in
3071 4214 3365 4268 peccatum,
3390 4204 3511 4273 quid
3542 4204 3711 4258 laetu-

2135 4301 2224 4339 rus
2254 4287 2346 4341 es?
2374 4287 2537 4341 debes
2560 4288 2670 4357 jam
2699 4289 2974 4359 despicere
3003 4303 3087 4346 aut
3122 4294 3407 4361 desperare
3438 4297 3663 4349 salutem
3690 4301 3712 4347 ζ’

2135 4376 2248 4430 Noli
2277 4377 2355 4431 sic
2384 4379 2620 4447 cogitare
2654 4397 2667 4432 :
2700 4396 2856 4451 surge
2887 4384 3100 4447 iterum,
3144 4385 3323 4450 homo,
3371 4402 3529 4457 surge
3557 4404 3573 4453 ;
3604 4389 3714 4444 noli

582 4437 592 4449 .
2451 4437 2479 4447 υ
2792 4437 2821 4451 υ
3089 4437 3100 4447 ,
3149 4437 3155 4438 κ
3309 4437 3323 4450 ,
3372 4437 3527 4457 ---ην
3557 4437 3573 4453 ,

462 4450 645 4540 artius.
678 4441 927 4549 Avaritia:
977 4445 1079 4498 tela
1112 4448 1349 4548 .retrudit
1402 4452 1775 4519 eleemOSyM:
1811 4458 2032 4510 luxuria!
2061 4460 2112 4520 D
2139 4468 2348 4533 timere,
2381 4472 2484 4523 noli
2513 4472 2710 4540 jacere.
2742 4474 2835 4527 Est
2861 4477 2949 4542 qui
3001 4477 3217 4545 recipiat
3263 4489 3315 4533 et
3357 4480 3448 4549 qui
3497 4490 3549 4534 te
3603 4497 3708 4535 non

460 4528 681 4582 crimina
700 4531 947 4603 lacryma:
972 4537 1377 4593 restrinxerunt.
1398 4539 1676 4596 Feneravit
1695 4547 2027 4614 publicanus,

460 4630 516 4676 et
570 4622 741 4678 lactus
790 4634 874 4678 est
908 4625 1119 4696 justus;
1154 4631 1296 4684 ﬂevit
1344 4633 1646 4702 fornicaria,
1676 4646 1730 4690 et
1772 4638 1907 4693 facta
1949 4651 2032 4695 est

460 4728 663 4770 sancta.
695 4719 830 4783 Quid
870 4728 922 4774 tu
973 4723 1036 4773 ad
1071 4722 1207 4787 haec,
1242 4724 1526 4781 libidinose
1549 4773 1561 4791 ,
1595 4742 1910 4796 provocatus
1938 4747 2030 4785 ex-

463 4803 957 4876 emplisdesperas't
984 4809 1142 4865 Forte
1169 4812 1294 4867 dum
1319 4816 1557 4886 duplices
1585 4820 1674 4873 tibi
1693 4820 1821 4891 ipsi;
1844 4821 2030 4877 desine

458 4896 767 4964 desperare,
803 4908 859 4954 et
887 4901 1034 4956 disce
1059 4905 1182 4971 quid
1214 4921 1362 4975 agas.

532 4990 757 5056 Quando
786 4996 866 5048 vis
911 5011 1068 5052 orare
1099 5012 1192 5067 pro
1236 5001 1438 5056 luxuria
1468 5021 1585 5073 qum
1634 5016 1715 5059 est
1744 5008 1794 5062 in
1839 5018 1911 5073 te,
1944 5021 2032 5065 aut

461 5092 690 5150 erogare
716 5081 913 5154 aliquid
958 5101 1054 5156 pro
1102 5093 1368 5155 pet-catis,
1402 5099 1515 5148 scio
1542 5097 1661 5163 quia
1695 5101 1898 5154 resistit
1938 5103 2030 5158 tibi

456 5174 781 5230 conscientia
818 5187 902 5231 tua
934 5190 991 5235 et
1028 5185 1253 5237 revolvn
1311 5187 1400 5240 tibi
1444 5187 1706 5244 inﬁnitum
1749 5207 2026 5249 numerum

458 5275 815 5332 peccatorum.
850 5271 1125 5341 Obstrepit
1155 5277 1246 5330 tibi
1270 5279 1515 5343 ‘si'enter,
1536 5282 1719 5336 dicens
1745 5300 1759 5337 :
1786 5285 1918 5353 Quid
1945 5296 2028 5341 est

454 5360 596 5426 quod
624 5375 780 5425 oras,
812 5374 902 5418 aut
951 5369 1075 5436 quid
1107 5379 1190 5423 est
1236 5374 1378 5439 quod
1429 5377 1659 5444 erogas?
1707 5376 1899 5433 Clades
1946 5391 2027 5434 est

454 5447 589 5503 intra
619 5462 698 5517 te;
730 5455 991 5512 scelerum
1032 5468 1083 5513 te
1108 5466 1354 5517 cumulus
1384 5477 1531 5535 urget
1568 5484 1581 5526 :
1613 5480 1665 5523 et
1715 5480 1916 5537 quanta
1944 5482 2026 5528 est

451 5538 751 5597 obsecratio
795 5556 880 5601 tua
909 5593 923 5615 ,
955 5551 1037 5605 vel
1088 5556 1370 5624 erogatio?
1400 5559 1624 5623 Quando
1656 5562 1733 5617 sic
1775 5564 2022 5632 obiurgat

449 5631 773 5692 «inscientia
803 5648 912 5706 tua,
949 5654 1003 5697 tu
1033 5645 1137 5699 noli
1168 5650 1391 5714 terreri;
1425 5654 1516 5707 sed
1552 5671 1619 5723 op
1639 5672 1682 5723 ιιι
1710 5674 1773 5711 u'
1807 5631 1881 5712 illi
1917 5676 2017 5729 pu-

2135 4560 2413 4627 deSpictat,
2430 4563 2495 4616 .si
2526 4567 2717 4634 surgis.

2206 4654 2327 4708 Mox
2354 4665 2409 4708 ut
2437 4655 2630 4725 surgis,
2666 4673 2787 4712 mox
2821 4666 2877 4712 ut
2904 4669 2954 4714 te
2982 4661 3168 4723 erigis,
3196 4662 3304 4731 jam
3335 4680 3437 4717 non
3469 4680 3707 4720 errorem

2136 4752 2279 4798 tuum
2314 4744 2472 4812 Deus,
2499 4748 2591 4801 sed
2612 4749 2846 4805 animum
2876 4751 3118 4819 respicit;
3148 4769 3245 4808 nec
3271 4768 3539 4820 peccatum
3562 4772 3710 4811 com-

2135 4847 2305 4905 putat,
2335 4839 2427 4892 sed
2456 4841 2820 4908 paenitentiam
2854 4856 3063 4913 pensat.
3093 4843 3216 4900 Odit
3259 4846 3410 4915 plane
3455 4848 3500 4903 si
3543 4858 3593 4903 te
3633 4850 3710 4903 vi-

2140 4929 2278 4981 derit
2322 4930 2692 5000 negligentem,
2727 4945 2816 4987 aut
2854 4936 3141 4989 resolutum
3164 4982 3177 5001 ,
3208 4947 3298 4991 aut
3327 4938 3552 5007 pig-um,
3585 4939 3629 4995 si
3659 4953 3711 4995 te

2141 5019 2335 5074 viderit
2363 5037 2466 5075 non
2499 5022 2825 5078 laborantem
2854 5026 2904 5080 in
2937 5028 3280 5093 ptenitudine,
3307 5031 3398 5084 sed
3430 5046 3713 5085 remanen-

2140 5119 2243 5162 tem
2270 5110 2323 5163 in
2352 5110 2593 5167 crimine.
2620 5113 2762 5167 Talis
2787 5132 3012 5185 namque
3034 5128 3117 5172 est
3139 5119 3277 5174 Deus
3299 5136 3419 5191 erga
3445 5124 3709 5175 homines.

2136 5200 2258 5255 Odit
2288 5216 2617 5269 peccantem,
2652 5208 2991 5276 amplectitur
3040 5214 3413 5276 poenitentem.
3455 5212 3592 5280 Ergo
3622 5228 3712 5267 Ce-

2135 5292 2346 5346 cidisti?
2374 5294 2482 5347 noli
2514 5294 2757 5351 dil‘lidere
2785 5297 3132 5365 autditl‘erre,
3174 5301 3266 5355 sed
3315 5317 3494 5371 surge.
3526 5303 3582 5357 Si
3618 5319 3712 5371 per

2132 5385 2368 5453 singulos
2398 5386 2511 5441 dies
2539 5389 2823 5454 erraveris,
2852 5405 2947 5459 per
2971 5390 3209 5460 singulos
3232 5392 3345 5447 dies
3368 5405 3705 5458 convertere.

2130 5484 2185 5529 et
2212 5477 2433 5532 emenda
2479 5493 2492 5531 :
2546 5479 2645 5533 hoc
2686 5490 2766 5535 est
2813 5482 2954 5535 enim
3002 5483 3141 5550 quod
3186 5498 3213 5535 a
3252 5494 3303 5538 te
3341 5496 3612 5554 exspectat
3655 5501 3709 5541 et

2127 5566 2291 5637 exigit
2317 5567 2476 5622 Deus.
2512 5572 2614 5623 Aut
2643 5586 2746 5625 non
2773 5572 2969 5626 audisti
2995 5575 3262 5642 quomodo
3282 5576 3397 5644 ejus
3423 5592 3521 5630 vos
3556 5593 3703 5632 reso-

2129 5671 2218 5715 uat
2273 5677 2367 5731 per
2402 5660 2685 5719 Jeremiam
2728 5665 3079 5735 iropbetam?
3147 5666 3396 5738 Nunquid
3438 5669 3527 5739 qui
3570 5671 3711 5728 cadit
