4032 6184
273 276 381 331 103

1597 268 1877 335 uulnus
1917 262 2259 333 SECUNDA.

3446 280 3548 342 ωδ

271 407 379 445 non
407 398 637 460 resurget
661 391 687 443 .’
734 396 822 442 aut
866 388 951 456 qui
993 389 1233 444 adversus
1274 397 1348 443 est
1398 404 1497 442 non
1556 390 1867 442 revertetur?
1891 394 1941 450 Α
1975 386 2138 453 habet
2167 386 2437 459 vigorem;
2475 386 2820 461 eleemosyna
2866 390 3017 463 aqua?
3059 393 3219 452 bab'et
3252 380 3543 468 liquereth.

274 480 391 537 lloc
417 494 527 536 non
566 482 633 535 de
661 494 769 536 uno
808 494 936 536 casu
977 480 1123 546 dicit,
1152 480 1248 536 sed
1278 480 1439 535 totius
1469 479 1722 549 temporis
1750 480 1863 547 lap-

275 587 370 627 sus
396 582 643 629 testatur.
670 571 729 628 Si
748 573 889 628 enim
913 573 1198 641 contigerit
1217 586 1362 642 saepe
1384 572 1599 636 cadere,
1628 572 1863 640 plerum-

273 679 381 734 que
396 663 728 734 delinquere,
756 663 952 718 clamat
991 662 1083 719 ille
1124 676 1337 733 semper
1365 671 1421 719 et
1463 663 1632 718 dicit:
1668 662 1860 730 Surge,

276 757 466 810 homo.
490 754 628 823 Quid
667 754 828 810 dicit?
860 752 1112 824 Nunquid
1151 754 1239 823 qui
1277 754 1413 808 cadit
1452 769 1554 807 non
1597 750 1863 823 resurget?

273 844 472 916 Surge,
502 853 773 916 peccator,
795 852 851 900 et
874 856 1130 901 converte
1160 845 1227 900 ad
1256 859 1371 910 me,
1396 845 1520 916 quia
1550 845 1675 899 nolo
1714 858 1861 898 mor-

274 948 384 993 tem
409 939 727 1008 peccatoris.
778 938 1044 1003 Quantum
1072 946 1128 992 et
1154 937 1366 1007 quoties
1392 937 1706 1007 peccaverit,
1735 944 1863 991 con-

274 1038 457 1085 vertat
491 1043 552 1085 se
589 1044 619 1084 ι
667 1030 753 1083 via
779 1043 874 1083 sua
904 1028 1157 1097 maligna,
1192 1038 1246 1084 et
1275 1028 1435 1083 vivet.
1469 1027 1581 1082 Hoc
1610 1030 1678 1082 ita
1709 1026 1858 1089 dicit.

276 1129 337 1174 ut
374 1134 484 1175 non
526 1131 583 1176 tu
616 1135 712 1190 per
738 1119 935 1176 multas
961 1120 1147 1173 ruinas
1185 1133 1247 1174 ac
1287 1119 1331 1172 si
1375 1118 1660 1187 despectus
1683 1158 1697 1181 ,
1725 1131 1787 1171 ac
1815 1118 1861 1171 si

274 1211 593 1281 desperatus
612 1210 849 1277 delicias,
881 1208 976 1266 sed
1002 1209 1245 1281 subrigas
1277 1218 1328 1265 te
1356 1209 1650 1273 sollicitior,
1676 1223 1740 1264 ac
1768 1223 1862 1278 per

275 1300 521 1372 singulos
565 1302 743 1370 lapsus
779 1309 891 1357 stes
937 1309 1127 1357 contra
1158 1309 1457 1374 peccatum.
1490 1300 1738 1369 Oppono;
1784 1300 1858 1354 illi

277 1397 569 1467 laerymas,
593 1394 815 1466 obiicias
838 1396 1257 1466 eleemosyuam,
1291 1395 1578 1450 interseras
1600 1394 1861 1449 orationis

276 1488 560 1553 excubias,
602 1497 663 1542 ut
710 1487 920 1558 pondus
962 1487 1189 1556 peccati,
1232 1485 1579 1555 plenitudinis
1624 1485 1860 1555 pondere

276 1581 480 1636 obruas
506 1590 561 1637 et
585 1588 819 1636 evertes.
846 1579 935 1635 Sic
966 1580 1338 1649 persistentcm
1366 1593 1636 1649 nunquam
1657 1577 1861 1634 deserit

277 1671 462 1726 divina
488 1670 793 1726 clementia.
818 1670 874 1725 In
897 1670 1001 1725 isto
1023 1684 1195 1740 agone
1223 1670 1427 1739 positus
1450 1669 1610 1725 homo
1637 1683 1741 1724 non
1765 1683 1861 1739 per

1968 476 2058 533 Sic
2084 487 2449 548 comparatum
2478 489 2582 536 est.
2625 480 2744 537 Stat
2782 486 3005 540 materia
3037 496 3220 544 contra
3245 493 3546 557 materiam,

1966 574 2073 621 stat
2098 581 2232 637 aqua
2255 577 2439 624 contra
2466 570 2680 640 ignem,
2707 582 2814 628 stat
2843 574 3180 648 eleemosyna
3209 592 3395 637 contra
3423 597 3550 652 pec-

1966 666 2163 712 catum.
2192 658 2430 715 Audistis
2459 660 2586 730 quid
2621 662 2880 732 scriptum
2919 667 3039 721 est?
3086 667 3232 724 Sicut
3270 671 3439 742 ignem
3463 684 3547 727 dt"-

1966 747 2162 802 dentem
2190 750 2465 821 exstinguit
2495 767 2629 821 aqua
2648 792 2663 814 ,
2692 754 2768 808 sic
2788 754 3102 828 eleemosgna
3130 762 3403 833 exstinguit
3429 778 3548 836 pet:$

1967 846 2082 890 cata
2110 836 2411 909 (Eccli.tn).
2437 841 2691 899 Homines
2711 858 2832 898 cum
2860 846 3028 901 simus
3060 851 3109 903 in
3139 849 3338 905 lubrica
3357 862 3543 909 natura

1968 926 2281 998 plerumque
2302 940 2603 999 peccantes,
2624 948 2730 989 non
2762 945 2939 991 cesset
2967 938 3143 993 anima
3167 940 3388 1008 iustitia:
3408 959 3542 1014 aqua

1965 1018 2296 1076 exuberans.
2326 1022 2500 1077 Radix
2519 1026 2746 1079 omnium
2772 1028 3045 1096 malorum,
3068 1032 3192 1100 quid
3214 1034 3334 1088 est?
3364 1038 3546 1091 Arari-

1966 1109 2037 1162 tia
2060 1109 2114 1180 (I
2142 1111 2274 1169 Tim.
2300 1114 2405 1184 Vt).
2436 1116 2603 1171 Radix
2653 1121 2890 1175 omnium
2938 1121 3197 1179 bonorum
3241 1129 3366 1198 quid
3415 1134 3543 1187 est?

1967 1199 2342 1274 Eleemosyna.
2361 1205 2426 1260 Et
2445 1208 2696 1276 quinune
2711 1210 3021 1268 vulneratus
3040 1228 3100 1269 es
3124 1224 3218 1284 per
3241 1220 3541 1286 avaritiam,

1965 1307 2092 1349 cura
2117 1304 2169 1351 te
2196 1309 2295 1365 per
2318 1298 2734 1372 eleemosynam.
2761 1304 3000 1361 Mortuus
3022 1316 3085 1363 es
3109 1324 3203 1377 per
3226 1314 3499 1368 avaritiam
3521 1317 3546 1369 ?

1964 1384 2169 1441 vivitica
2199 1394 2250 1443 te
2279 1402 2375 1457 per
2399 1390 2814 1463 eleemosynam.
2858 1396 3175 1454 Esulcerata
3203 1410 3288 1457 est
3314 1408 3545 1473 peccatis

1964 1477 2138 1532 anima
2172 1478 2300 1533 tua?
2349 1495 2489 1550 unge
2544 1496 2663 1539 eam
2719 1486 2932 1554 pietatis
2979 1503 3040 1543 ac
3081 1490 3307 1559 iustitiae
3359 1510 3541 1565 Opere.

1963 1566 2174 1622 Audisti
2204 1570 2676 1629 commonitionem
2717 1575 2893 1644 justi?
2922 1578 3256 1652 Eleemosgna
3285 1583 3349 1638 de
3387 1602 3545 1641 morte

1965 1660 2167 1752 liberat,
2191 1671 2237 1716 et
2260 1680 2359 1719 non
2381 1667 2624 1735 permittit
2646 1668 2835 1724 intrare
2881 1672 2932 1724 in
2968 1674 3197 1727 tenebras
3225 1676 3377 1747 (Tob.
3426 1682 3519 1752 xu)

278 1762 445 1816 latam
476 1758 671 1815 incedit
694 1760 857 1825 viam,
883 1758 977 1814 sed
1001 1768 1229 1829 angusto
1255 1759 1446 1816 itinere
1464 1760 1654 1830 pergit.
1679 1759 1860 1813 Latum
1893 1759 1941 1819 B
1967 1749 2260 1820 Ιιιιριίοθτὶι
2288 1764 2340 1810 ιθ
2377 1754 2639 1824 cupiditas
2659 1796 2675 1823 .
2720 1758 2883 1815 habes
2913 1761 3077 1816 multa
3118 1764 3361 1833 piacula?
3389 1749 3546 1827 iaces

278 1853 440 1921 plane
482 1862 629 1907 tenet
667 1851 809 1907 viam
853 1850 941 1921 qui
965 1858 1070 1905 non
1109 1851 1221 1905 vult
1246 1865 1527 1919 resurgere
1550 1850 1617 1905 de
1642 1851 1809 1905 ruinis
1846 1867 1858 1902 :

277 1952 563 2011 angustam
605 1942 824 1998 coniicit
866 1941 1111 1997 semitam
1154 1941 1267 2011 qui,
1298 1942 1507 2010 quaties
1536 1940 1860 2011 peccaverit,

279 2032 621 2087 redarmatur
638 2074 654 2098 ,
677 2040 732 2086 et
761 2030 981 2100 plangit,
1010 2037 1061 2085 et
1086 2038 1232 2085 tenet
1256 2043 1475 2098 semper.
1496 2029 1862 2099 paenitentiam

279 2121 337 2175 in
364 2122 453 2176 via
483 2132 704 2191 angusta
733 2135 853 2191 qua:
880 2120 1030 2175 ducit
1055 2120 1119 2175 ad
1153 2121 1313 2174 vitam
1333 2160 1348 2184 ,
1382 2119 1506 2175 huic
1533 2120 1724 2175 dicitur
1748 2120 1867 2175 sine

279 2212 489 2270 dubio:
522 2212 620 2278 Qui
664 2212 1047 2281 perseveraverit
1092 2227 1249 2281 usque
1275 2213 1324 2264 in
1369 2211 1543 2279 ﬁnem,
1576 2212 1656 2263 hic
1697 2214 1866 2265 salvus

279 2316 397 2357 στι.

885 2393 1164 2449 HOMILIA
1208 2393 1269 2447 ll.

864 2487 944 2540 De
969 2488 1306 2556 elemvsgna.

359 2582 578 2638 Fratres
607 2580 908 2636 cbarissimi
930 2620 945 2646 ,
974 2580 1151 2635 omnis
1177 2578 1449 2649 Scriptura
1490 2578 1744 2634 divinitus
1785 2579 1866 2631 in;

279 2673 486 2742 sp‘rata
534 2681 589 2726 et
649 2670 933 2726 salubriter
996 2668 1238 2725 ordinata
1289 2668 1392 2739 (ut
1458 2667 1535 2723 ait
1583 2667 1870 2737 Apostolus

282 2763 336 2836 [Ι
357 2762 487 2817 Tini.
515 2760 635 2832 m1),
655 2760 799 2816 utilis
817 2769 899 2816 est
912 2760 983 2814 ad
1000 2757 1345 2825 audiendum,
1358 2768 1479 2829 apta
1503 2756 1571 2813 ad
1596 2757 1839 2813 instruen
1851 2786 1869 2797 -

279 2858 413 2909 dum
431 2895 451 2921 ,
478 2852 780 2909 necessaria
804 2850 1255 2920 ad'retiueudum,
1287 2849 1471 2905 suavis
1494 2848 1560 2905 ad
1590 2848 1868 2919 perfruen-

278 2944 439 2998 dnm.
480 2942 589 2999 Sed
619 2943 760 3001 inter
807 2942 971 2997 multa
1021 2940 1168 2995 utilia
1202 2950 1258 2997 et
1299 2940 1553 2998 salutaria
1607 2950 1871 3010 praecepta

280 3050 407 3105 qua:
440 3035 639 3104 scripta
675 3041 803 3088 sunt
847 3033 900 3086 in
956 3031 1153 3087 divinis
1205 3030 1441 3102 paginis,
1482 3029 1625 3085 nulla
1662 3038 1744 3085 est
1770 3030 1872 3086 alia

1967 1840 2187 1896 avaritia
2239 1844 2527 1913 prteditus,
2578 1848 2899 1916 depravatus
2947 1851 3187 1909 luxuria?
3239 1855 3543 1929 derogasti,

1966 1931 2373 2002 blasphemasti,
2418 1935 2544 2006 quia
2592 1937 2838 2006 plurimis
2871 1954 3015 2012 saepe
3053 1945 3307 2000 mentitus
3328 1950 3407 2012 es,
3435 1950 3549 2019 plea

1966 2040 2190 2097 rumque
2238 2027 2524 2098 pejerasti?
2568 2030 2652 2085 his
2696 2032 2949 2103 nequitia:
3000 2035 3276 2104 partibus,
3322 2039 3549 2111 aliisque

1966 2117 2232 2173 similibus
2258 2119 2449 2174 obruta
2472 2129 2552 2175 est
2574 2135 2725 2176 mens
2746 2165 2762 2191 ,
2788 2124 3048 2179 convulsa
3073 2136 3157 2181 est
3179 2128 3503 2185 conscientia
3526 2132 3549 2184 τ

1967 2208 2093 2277 quid
2145 2211 2347 2267 modo?
2393 2211 2641 2283 Nunquid
2688 2214 3084 2285 desperandum
3111 2228 3196 2275 est
3221 2221 3363 2277 inter
3392 2224 3550 2280 btec?

1968 2300 2084 2356 Non
2115 2303 2192 2358 sic
2213 2303 2365 2373 jubet
2397 2304 2673 2361 Dominus.
2720 2306 2829 2363 Sed
2877 2309 3002 2379 quid
3034 2310 3309 2381 pmcipit?
3348 2314 3547 2383 Facite,

1975 2394 2172 2463 inquit,
2212 2395 2581 2466 elemosynam
2603 2441 2619 2466 ,
2665 2406 2711 2452 et
2749 2399 2880 2468 ﬁunt
2909 2402 2962 2456 in
2986 2402 3122 2458 vobis
3147 2407 3318 2461 omnia
3361 2411 3552 2463 munda

1970 2485 2231 2556 (Luam).
2271 2487 2392 2543 Noli
2437 2490 2771 2561 temetipsum
2800 2492 2854 2548 in
2884 2494 3079 2552 talibus
3109 2498 3425 2569 desperare;
3457 2503 3553 2558 sed

1919 2606 1923 2609 τ
1970 2578 2172 2632 declina
2195 2596 2226 2632 a
2242 2582 2399 2649 malo,
2420 2589 2469 2635 et
2492 2583 2731 2640 accelera
2749 2584 2928 2643 facere
2945 2587 3161 2659 bonum(
3173 2590 3319 2648 Psal.
3342 2595 3549 2664 xxxvi);

1973 2666 2115 2722 Deus
2167 2679 2218 2725 te
2267 2685 2373 2726 non
2420 2672 2676 2744 despicit;
2709 2685 2763 2731 et
2808 2685 2864 2732 tu
2900 2677 3200 2750 desperas?
3248 2683 3450 2740 Errasti
3497 2688 3552 2742 in

1973 2758 2230 2813 avaritia?
2258 2761 2484 2816 emenda
2534 2771 2587 2818 te
2636 2763 2690 2818 in
2734 2764 3097 2839 eleemosyna.
3132 2770 3328 2828 Polluit
3375 2783 3427 2830 te
3454 2775 3556 2831 im-

1975 2846 2279 2902 munditia?
2311 2850 2554 2919 puriticet
2578 2851 2805 2921 iustitia.
2848 2855 2905 2912 Si
2945 2857 3089 2914 enim
3117 2873 3185 2915 ex
3227 2862 3409 2918 animo
3435 2874 3556 2920 ero;

1972 2938 2217 3007 gaveris,
2247 2954 2352 2996 non
2392 2941 2563 2997 solum
2611 2945 2955 3003 mundaberis
2985 2960 3226 3019 peccato,
3269 2953 3364 3009 sed
3393 2955 3556 3013 etiam

1976 3029 2158 3086 laudat
2198 3040 2250 3088 te
2279 3033 2539 3111 propheta
2576 3033 2948 3106 iustitiamque
2979 3048 3122 3095 tuam
3170 3042 3445 3112 prtedieat,
3476 3045 3554 3099 di-

285 3139 397 3181 tam
427 3125 644 3191 efﬁcax,
666 3133 773 3179 tam
794 3121 966 3178 valida
993 3130 1049 3178 et
1077 3122 1231 3179 velox
1257 3129 1564 3179 nostrorum
1582 3120 1866 3177 vulnerum
1894 3116 1942 3180 C
1971 3133 2097 3176 cens
2131 3138 2144 3173 :
2187 3119 2457 3177 Iucundus
2483 3122 2637 3179 homo
2683 3127 2772 3196 qui
2818 3130 3081 3184 miseretur
3113 3141 3161 3187 et
3210 3137 3434 3203 fenerat;
3475 3136 3558 3190 hic

286 3219 588 3283 medicina,
626 3230 784 3287 quam
827 3226 1155 3286 praeceptum
1186 3214 1566 3286 eleemosyuee.
1598 3214 1871 3283 Siquidem

284 3314 632 3381 elemosyna
672 3323 781 3381 non
823 3310 998 3364 solum
1034 3317 1248 3376 peccata
1295 3315 1514 3376 purgat,
1566 3315 1621 3362 et
1651 3305 1873 3360 vulnera

284 3403 634 3460 conscientiae
655 3410 827 3469 curat,
846 3401 940 3457 sed
968 3402 1128 3457 etiam
1149 3399 1382 3455 animam
1411 3400 1577 3469 ipsam
1605 3399 1672 3455 de
1702 3410 1875 3454 morte

286 3503 543 3555 revocat,
570 3504 965 3563 regnorumque
1005 3491 1303 3545 caelestium
1337 3488 1465 3543 facit
1491 3502 1613 3543 esse
1652 3503 1876 3543 consor-

286 3601 420 3644 tem.
459 3587 626 3656 Hujus
653 3583 1026 3654 przceeptiouis
1054 3582 1138 3637 vel
1164 3581 1341 3651 operis
1370 3589 1555 3636 auctor
1579 3591 1663 3635 est
1683 3580 1873 3650 justis-

286 3685 464 3736 simus
484 3678 711 3744 Tobias,
742 3691 918 3732 caecus
945 3689 1203 3745 corpore,
1238 3682 1292 3728 et
1322 3673 1499 3729 clarus
1528 3687 1723 3742 opere;
1759 3682 1876 3727 ten-

288 3782 439 3828 tatus
469 3770 534 3824 ad
567 3780 805 3838 tempus,
839 3776 891 3823 et
922 3782 1028 3821 non
1060 3765 1442 3831 mortiﬁcatus;
1482 3765 1757 3833 temporali
1790 3779 1876 3819 as-

290 3878 453 3933 pecsu
487 3862 755 3931 paulisper
792 3859 1057 3928 privatus,
1091 3865 1145 3911 et
1173 3868 1430 3926 perpetuo
1460 3856 1716 3911 bonorum
1748 3866 1876 3925 0pc;

287 3968 412 4009 rum
444 3952 646 4006 lumine
676 3951 884 4020 plenus.
930 3948 1022 4002 llis
1068 3947 1261 4002 talibus
1303 3946 1517 4001 monitis
1561 3946 1724 3999 tilium
1755 3961 1876 4015 per-

288 4045 537 4100 atruebat
570 4060 584 4097 :
620 4041 741 4105 Fili,
770 4044 834 4095 tle
875 4038 1157 4093 substantia
1183 4047 1274 4092 tua
1300 4038 1383 4108 fac
1411 4038 1797 4107 eleemosynam,
1829 4046 1876 4091 et

287 4150 355 4187 ne
378 4142 577 4187 avertas
607 4131 788 4202 faciem
814 4138 953 4184 tuam
981 4128 1044 4180 ab
1067 4127 1205 4180 omni
1233 4142 1476 4197 paupere,
1502 4125 1574 4181 sic
1594 4126 1680 4193 ﬁet
1702 4135 1804 4178 uta
1830 4135 1877 4177 te

290 4242 395 4277 non
425 4232 681 4276 avertatur
709 4222 865 4290 [acies
890 4217 986 4273 Dei
1009 4217 1160 4289 (Tob.
1190 4232 1240 4272 iv
1272 4216 1312 4286 ).
1340 4216 1485 4271 Tulit
1534 4216 1693 4271 etiam
1726 4230 1876 4271 scru-

292 4316 479 4385 pulum
505 4314 579 4369 de
604 4316 788 4367 animo
818 4309 1027 4380 trepide
1057 4308 1140 4364 vel
1170 4306 1330 4363 dubie
1361 4307 1655 4377 largientis,
1684 4315 1742 4361 ut
1762 4307 1874 4361 sive

289 4411 361 4465 de
384 4407 577 4475 multo,
610 4407 723 4461 sive
747 4404 817 4460 de
840 4404 1075 4468 modico,
1103 4401 1363 4471 quispiam
1400 4399 1577 4469 largiri
1602 4414 1706 4454 non
1730 4398 1875 4454 desi-

292 4512 385 4555 nat
416 4518 432 4554 :
464 4499 589 4563 Fili,
622 4496 903 4551 secundum
926 4493 1065 4565 quod
1094 4494 1183 4547 tibi
1228 4502 1300 4547 est
1336 4493 1494 4561 facito

290 4602 364 4648 est
388 4593 695 4655 substantia,
727 4591 920 4659 largius
943 4603 1127 4658 eroga;
1156 4587 1199 4639 si
1230 4586 1450 4650 modica,
1486 4584 1686 4654 porrige
1707 4585 1876 4636 modi-‘-

292 4702 432 4739 eum.
480 4685 545 4739 Et
589 4683 698 4737 noli
744 4680 992 4737 dubitare
1042 4680 1166 4734 dum
1214 4692 1431 4746 erogas,
1465 4676 1572 4732 noli
1606 4674 1872 4739 diilidcre,

291 4778 483 4833 dicens
516 4794 530 4830 ε
564 4791 631 4831 ne
663 4775 802 4830 ferte
844 4788 950 4829 non
978 4771 1208 4828 sulliciat
1243 4770 1428 4835 nobis;
1452 4769 1545 4824 sed
1576 4777 1693 4823 esto
1724 4768 1876 4823 limus

292 4869 424 4922 dum
473 4878 703 4935 erogas,
750 4863 870 4933 quia
916 4862 1138 4916 hilarem
1194 4859 1433 4913 datorem
1489 4856 1663 4926 diligit
1714 4859 1872 4912 Deus.

296 4959 582 5015 Prtemium
609 4957 794 5010 bonum
823 4953 1143 5008 thesaurizas
1167 4950 1277 5016 tibi,
1305 4949 1444 5019 quod
1471 4948 1539 5002 de
1561 4957 1612 5001 te
1640 4948 1879 5017 subrigat

291 5054 346 5104 in
370 5050 456 5102 die
482 5046 827 5109 necessitatis;
851 5044 1090 5112 quoniam
1121 5042 1434 5110 eleemosyna
1460 5039 1522 5091 de
1559 5051 1718 5092 morte
1760 5038 1879 5091 libe-

290 5154 398 5205 rat,
426 5148 598 5195 etnon
620 5139 864 5208 permittit
888 5138 1080 5189 intrare
1108 5135 1161 5187 in
1187 5133 1417 5187 tenebras
1449 5149 1464 5184 :
1493 5133 1769 5199 praemium
1797 5142 1881 5186 est

289 5233 421 5288 vitae
457 5238 748 5299 perpetuac.
783 5227 1026 5282 Probasti
1058 5226 1417 5295 eleemosynte
1453 5224 1778 5289 efﬁcaciam,
1803 5223 1882 5276 vi-

284 5326 419 5381 θὶςιί
454 5322 621 5379 ﬁdem
669 5336 733 5377 ac
770 5322 1039 5390 singulare
1078 5318 1345 5373 solatium.
1397 5317 1519 5372 llaec
1558 5332 1785 5387 namque
1830 5320 1877 5373 si

286 5415 458 5471 fuerit
479 5413 710 5468 ﬁdeliter
736 5412 1030 5481 impertita,
1066 5426 1169 5465 non
1201 5411 1370 5464 solum
1404 5422 1675 5479 peccatum
1722 5425 1876 5465 ever-

286 5510 377 5567 sit,
401 5504 497 5559 sed
533 5504 694 5559 etiam
735 5512 959 5557 mortem
1003 5502 1313 5571 exstinguit.
1346 5502 1512 5567 Quam
1554 5501 1760 5556 validus
1791 5509 1873 5555 est

283 5600 435 5667 ignis
459 5595 675 5667 quando
699 5594 878 5650 ardet!
913 5604 966 5648 et
989 5602 1164 5648 tamen
1188 5592 1411 5647 validior
1435 5604 1510 5647 est
1535 5591 1709 5646 adhuc
1736 5605 1869 5659 aqua

281 5705 414 5762 qua
458 5690 634 5759 ignem
684 5686 990 5757 exstinguit.
1027 5684 1162 5751 Quid
1209 5684 1365 5755 igitur
1394 5684 1702 5755 peccatum?
1733 5682 1870 5752 ignis

590 5803 858 5863 Panos.
904 5799 1124 5862 LXVI.

1976 3212 2110 3265 enim
2131 3211 2183 3267 in
2203 3212 2390 3267 steculo
2418 3228 2521 3268 non
2541 3217 2956 3274 commovebitur.
2982 3218 3190 3287 Quare?
3214 3223 3334 3294 quia
3362 3226 3560 3295 disperi-

1974 3303 2059 3366 sit,
2090 3304 2231 3358 dedit
2258 3305 2590 3374 pauperibus,
2610 3309 2817 3379 iustitia
2857 3312 2967 3380 ejus
3002 3323 3169 3367 manet
3211 3316 3265 3369 in
3316 3318 3559 3371 swculum

1975 3396 2169 3461 seculi,
2194 3412 2352 3451 cornu
2381 3398 2493 3467 ejus
2522 3399 2829 3454 exaltabitur
2854 3402 2908 3457 in
2937 3404 3104 3473 gloria
3131 3404 3300 3477 (Psal.
3322 3412 3466 3478 CXI).
3500 3410 3558 3466 Si

1980 3486 2058 3542 sic
2100 3490 2240 3557 sapit
2279 3489 2441 3544 homo
2484 3499 2753 3558 peccator,
2783 3501 2837 3546 et
2883 3493 3129 3564 intelligit
3172 3497 3432 3553 srllicitus
3461 3514 3559 3569 pro

1976 3591 2066 3643 se;
2108 3578 2153 3633 si
2195 3578 2290 3634 alit
2333 3579 2630 3650 indigentes
2656 3590 2712 3636 et
2753 3581 2967 3651 adjuvat
3010 3587 3267 3651 miseros,
3303 3587 3449 3641 addit
3481 3588 3557 3641 illi

1977 3668 2236 3738 propheta
2260 3669 2570 3737 ampliorem
2599 3670 2806 3726 laudem
2825 3711 2841 3738 ,
2869 3672 3051 3728 dicens
3084 3690 3097 3725 :
3127 3672 3319 3728 Beatus
3346 3678 3434 3744 qui
3480 3681 3560 3729 in-

1980 3759 2160 3832 telligit
2180 3776 2335 3829 super
2360 3776 2572 3830 egenum
2600 3772 2647 3815 et
2668 3776 2963 3830 pauperem,
2990 3764 3145 3818 indie
3166 3766 3304 3819 mala
3332 3767 3560 3824 liber-nbit

1978 3866 2091 3904 eum
2119 3851 2368 3905 Dominus
2397 3850 2569 3921 (Psal.
2598 3852 2707 3921 st).
2740 3853 2848 3909 Nec
2888 3853 3081 3910 liberat
3111 3864 3334 3924 tantum,
3374 3863 3467 3918 sed
3498 3864 3561 3918 li-

1976 3944 2217 3997 beratum
2243 3953 2546 4013 conservat,
2580 3944 2817 4001 viviﬁcat
2848 3960 2911 4000 ac
2941 3946 3228 4003 beatilicat.
3275 3949 3329 4006 Si
3357 3951 3555 4021 justum

1978 4034 2239 4089 invenerit
2259 4034 2869 4106 eleemosyna,cumulat
2887 4052 3008 4093 eum
3029 4039 3263 4107 meritis;
3294 4043 3337 4096 si
3368 4057 3560 4112 pecca-

1977 4137 2171 4194 torem,
2202 4128 2485 4184 absolvito
2520 4129 2789 4196 peccatis;
2819 4131 2862 4185 si
2910 4141 3190 4200 aegrotum,
3236 4134 3485 4190 sublevat
3530 4152 3561 4191 a

1976 4221 2271 4276 doloribus.
2302 4220 2549 4275 Dominus
2580 4221 2798 4293 (inquit)
2832 4223 3038 4294 adjuvet
3066 4239 3179 4277 eum
3206 4240 3355 4293 super
3378 4226 3562 4280 lectum

1976 4311 2171 4366 doloris
2201 4314 2312 4381 ejus
2338 4311 2525 4382 (Ibid).
2560 4312 2771 4378 Quem?
2802 4312 2951 4367 illum
2979 4313 3181 4369 scilicet
3211 4316 3300 4385 qui
3326 4316 3563 4387 intelligit

1975 4420 2127 4473 super
2165 4421 2375 4475 egenum
2412 4414 2460 4459 et
2501 4420 2795 4475 pauperem.
2828 4404 2953 4461 Hcce
2979 4420 3097 4475 qua
3142 4407 3374 4463 diximus
3405 4408 3561 4465 Davi-'-

1546 4507 1563 4543 :
1603 4492 1648 4545 si
1692 4492 1880 4565 largior
1910 4478 1959 4537 Ι)
1982 4492 2098 4547 dica
2129 4504 2272 4548 sunt.
2321 4494 2459 4549 Ecce
2490 4494 2792 4549 Salomonis
2843 4495 3017 4551 adhuc
3049 4496 3301 4552 validiora
3332 4499 3555 4564 solatia;

1984 4600 2102 4653 quae
2146 4584 2528 4640 misericordiae
2574 4584 2840 4641 medicina
2869 4587 3050 4641 fovent
3088 4595 3429 4657 a‘grutantes,
3463 4589 3555 4645 ful-

1984 4678 2129 4734 eiunt
2172 4678 2479 4733 titubantes.
2528 4675 2787 4731 Conclude
2828 4678 3046 4749 (inquit)
3089 4678 3458 4749 eleemosynam
3508 4683 3556 4736 in

1984 4786 2069 4825 ore
2093 4784 2406 4840 pauperum,
2454 4775 2500 4821 et
2539 4769 2649 4837 ipsa
2694 4768 2921 4822 exorabit
2965 4784 3059 4840 pro
3102 4780 3150 4821 te
3199 4754 3251 4821 in
3293 4771 3377 4824 die
3425 4772 3556 4826 malo

1985 4856 2353 4930 (Eccliatxtx).
2380 4856 2518 4924 Quid
2562 4865 2644 4912 est
2683 4857 2783 4911 hoc
2808 4858 2946 4927 quod
2987 4856 3147 4913 dicit?
3177 4860 3266 4913 tiat
3295 4870 3556 4930 apertum.

1985 4950 2161 5006 llabes
2198 4950 2483 5006 multarum
2514 4948 2869 5004 offensionum
2900 4956 2957 5004 et
2985 4960 3323 5018 peccatorum
3366 4968 3555 5024 congci

1983 5051 2119 5099 stam
2148 5042 2363 5099 molem.
2394 5042 2565 5109 Quam
2596 5055 2715 5095 cum
2749 5042 2895 5096 solus
2934 5056 3039 5096 non
3073 5052 3224 5111 potes
3260 5044 3328 5100 ab
3369 5047 3557 5101 animis

1985 5130 2090 5185 tuis
2116 5130 2385 5200 depellere
2406 5171 2421 5195 ,
2458 5130 2564 5185 noli
2608 5129 2831 5197 tacdiari,
2864 5129 3017 5185 adest
3057 5132 3328 5187 auxilium.
3362 5136 3418 5189 Si
3448 5136 3552 5203 vis,

1984 5232 2149 5290 prope
2172 5228 2297 5273 sunt
2322 5222 2618 5293 adjutores.
2650 5219 2812 5288 Aperi
2860 5219 3046 5275 oculos
3099 5229 3237 5287 tuos,
3268 5232 3322 5279 et
3350 5224 3559 5294 respice

1984 5316 2036 5367 in
2062 5326 2340 5383 pauperes,
2368 5312 2465 5381 ipsi
2495 5311 2637 5367 enim
2664 5320 2786 5366 sunt
2834 5312 2888 5367 in
2935 5311 3027 5367 tali
3058 5327 3221 5383 opere
3256 5314 3554 5383 adjutores.

1983 5404 2153 5472 Eroga
2176 5412 2432 5472 quantum
2462 5402 2683 5457 valuerit
2714 5417 2901 5458 manus
2930 5411 3019 5458 tua
3054 5422 3065 5458 :
3114 5405 3373 5462 concludo
3412 5408 3557 5465 elceé

1982 5508 2256 5566 mosynam
2304 5495 2355 5547 in
2403 5492 2521 5548 sinu
2549 5507 2861 5562 pauperum,
2897 5503 2951 5549 et
2995 5495 3107 5563 ipsa
3148 5502 3199 5549 te
3242 5503 3412 5551 eruet.
3446 5497 3555 5553 Fac

1980 5588 2400 5659 elcemosynam,
2444 5588 2609 5642 moles
2657 5587 2747 5643 illa
2791 5588 3073 5644 criminum
3118 5603 3278 5657 quam
3305 5588 3551 5658 timebas,

1980 5690 2249 5737 momento
2275 5680 2528 5735 minuitur
2553 5688 2607 5735 et
2633 5696 2660 5733 a
2685 5681 3010 5737 conscientia
3034 5680 3247 5741 labitur.
3275 5679 3581 5743 Studiosus-

3052 5785 3087 5845 ιι
