4032 6184
464 250 562 303 107

1438 254 1493 308 s.
1538 254 1907 311 munem”
1949 218 2397 314 sovamENSts
2440 261 2741 319 EPISCDPI

3623 266 3725 322 {08

461 360 693 429 agricola
725 359 926 415 vicinos
953 372 1079 415 suos
1108 359 1173 415 ad
1212 376 1345 430 opus
1395 363 1709 433 plerumque
1754 365 1957 428 invitat,
1988 373 2044 421 ut
2074 370 2118 425 A
2147 374 2261 421 stus
2296 369 2476 439 donat,
2503 373 2641 441 quod
2670 382 2752 427 cst
2794 375 3087 443 paradisus.
3125 376 3186 429 Et
3219 344 3271 429 in
3320 378 3564 444 paradiso
3592 381 3728 451 quid

461 453 602 520 agris
630 452 741 506 suis
766 450 937 506 vineis
958 459 1197 520 tempore
1221 462 1527 522 opportuno
1546 455 1802 510 adhibeat
1828 469 2044 525 compe-

462 549 661 595 tentem
688 542 947 595 culturam
976 555 1088 595 Hie
1130 541 1176 594 si
1227 542 1562 611 neglexerit,
1590 544 1715 599 dum
1759 545 1905 600 solus
1933 560 2041 600 non

462 633 663 686 evincit
706 643 795 686 aut
840 632 1119 700 praevalet,
1163 642 1255 686 aut
1284 648 1412 704 ager
1433 636 1601 703 spinis
1626 636 1922 703 sordescat,
1951 644 2044 691 aut

460 726 613 780 vinea
642 724 926 779 sarmentis
953 723 1226 780 silvescat.
1261 726 1355 781 llle
1381 726 1654 796 adjutores
1676 727 1778 782 sibi
1802 727 2044 797 adjungit

460 816 754 887 operarios,
798 824 853 869 et
899 815 1220 884 multiplicat
1265 816 1319 870 in
1363 826 1576 873 terrena
1619 818 1850 882 cultura,
1888 825 1943 872 et
1987 826 2039 870 tu

459 923 644 979 agrum
671 908 851 964 cordis
880 908 956 962 tui
983 908 1301 979 vineamque
1328 910 1515 977 animi,
1542 911 1669 966 dum
1690 912 1839 967 solus
1863 912 2041 966 colere

458 1004 560 1067 vis,
592 1002 852 1072 relinquis
880 1003 1185 1059 desertam?
1218 1004 1424 1069 Homo,
1468 1004 1691 1060 adverte
1725 1004 1865 1075 quod
1908 1004 2041 1058 dlci-

458 1102 564 1148 tnr.
595 1094 859 1163 Spiritalis
888 1103 972 1149 est
1000 1095 1123 1161 ista,
1152 1108 1256 1149 non
1287 1094 1518 1149 carnalis
1541 1094 1768 1150 cultura.
1800 1094 1877 1149 De
1896 1093 2039 1149 eiec-

458 1202 679 1259 mosyna
719 1188 928 1242 conduc
969 1190 1261 1256 operarios.
1312 1189 1502 1256 Quos?
1550 1203 1751 1254 caucos,
1787 1187 2035 1253 claudos,

455 1282 688 1347 debiles,
715 1291 770 1337 et
794 1282 930 1337 alios
963 1282 1044 1338 bis
1074 1283 1296 1338 similes.
1329 1284 1392 1339 Hi
1440 1292 1563 1339 sunt
1608 1286 1839 1355 operarii
1875 1300 2037 1355 parva

457 1373 707 1428 mercede
730 1373 1009 1436 conducti;
1037 1375 1124 1444 qui
1157 1384 1382 1444 purgant
1412 1389 1600 1445 agrum
1647 1375 1825 1430 cordis
1860 1375 1956 1439 tui,
1985 1384 2040 1431 et

456 1473 715 1520 renovant
744 1467 975 1532 vineam,
996 1475 1050 1517 ut
1076 1465 1202 1519 fiant
1225 1464 1278 1519 in
1304 1474 1355 1519 te
1376 1465 1497 1535 (per
1516 1465 1777 1520 culturam
1806 1466 2039 1520 eleemo-

456 1553 628 1626 synae)
655 1562 708 1609 et
735 1569 864 1624 ager
894 1554 1143 1625 frugifer,
1174 1563 1227 1609 ct
1255 1555 1523 1610 fructifera
1560 1556 1735 1611 vinea.
1765 1557 2038 1612 Conclude

456 1650 850 1719 eleemosynam
880 1649 931 1702 in
959 1663 1054 1703 ore
1084 1663 1397 1716 pauperum,
1436 1658 1545 1704 etc.
1596 1649 1718 1704 Dies
1753 1648 1925 1703 malus
1950 1649 2033 1703 vel

2145 462 2261 516 est?
2285 463 2504 534 Lignum
2528 466 2671 522 vitm.
2696 467 2762 521 Et
2783 465 2833 521 in
2859 468 3003 537 ligno
3039 471 3161 523 vitro
3184 470 3348 539 quid?
3378 473 3569 527 Manna
3600 474 3730 528 abs-

2144 552 2439 607 conditum.
2481 553 2592 609 lloc
2626 555 2741 624 ipse
2784 556 3040 611 Dominus
3082 558 3134 611 in
3165 559 3268 612 alia
3305 562 3565 630 scriptura
3597 576 3729 632 pro-

2145 642 2305 694 mittit
2338 659 2351 694 :
2389 642 2623 697 Vincenti
2650 644 2784 697 dabo
2812 647 3005 716 tignum
3031 646 3164 711 vitte,
3196 657 3242 701 et
3284 665 3471 703 osanna
3506 650 3730 704 abscon-

2144 730 2307 783 ditum
2349 731 2485 800 quod
2532 743 2602 786 est
2632 734 2685 785 in
2723 735 2967 803 paradiso
3001 735 3103 807 Dei
3128 737 3310 806 (Apoc.
3346 743 3427 792 ul.
3457 738 3559 805 Qui
3598 749 3730 795 sunt

2144 829 2320 874 autem
2352 821 2564 889 victuri,
2598 838 2758 892 quam
2792 823 2870 877 illi
2901 824 3093 893 quibus
3123 820 3253 881 dixit
3287 846 3298 880 :
3341 827 3537 894 Venite,
3571 829 3729 885 bene-

2142 914 2264 967 dicti
2291 912 2463 968 Patris
2495 918 2623 982 mei;
2656 919 2911 988 possidete
2953 934 3166 990 regnum
3204 931 3442 993 paratum
3478 924 3617 978 vobis
3659 925 3730 979 ab

2142 1004 2336 1073 origine
2373 1006 2595 1060 mundi:
2625 1008 2832 1073 esurivi,
2865 1020 2912 1061 et
2956 1009 3167 1064 dedistis
3209 1011 3336 1064 mihi
3374 1013 3724 1075 manducare;

2140 1093 2294 1159 sitivi,
2339 1102 2386 1147 et
2435 1096 2646 1149 dedistis
2684 1096 2811 1149 mihi
2860 1098 3062 1165 bibere;
3094 1101 3261 1154 nudus
3288 1102 3390 1167 fui,
3433 1114 3480 1157 et
3510 1102 3727 1159 dedistis

2140 1182 2264 1240 tui/ti
2288 1183 2680 1239 indumentum?
2709 1187 2846 1241 Ecce
2883 1188 3053 1257 palma
3083 1199 3140 1244 et
3176 1193 3413 1260 praemia.
3448 1194 3550 1248 Pro
3585 1209 3727 1263 pane

2142 1272 2351 1327 modico
2380 1287 2537 1342 quem
2566 1273 2779 1342 dedisti,
2804 1276 3054 1344 accepisti
3080 1293 3271 1334 manna
3298 1281 3671 1338 absconditum
3706 1301 3721 1337 :

2142 1371 2322 1429 potum
2354 1364 2664 1432 porrexisti,
2704 1373 2757 1420 et
2799 1367 3100 1434 paradisum
3146 1372 3419 1439 recepisti.
3480 1374 3544 1429 Si
3591 1390 3723 1444 ergo

2138 1452 2323 1506 videris
2344 1455 2671 1521 usurientem,
2701 1458 2881 1527 frange
2906 1458 2982 1511 illi
3012 1476 3195 1528 panem
3222 1470 3361 1515 tuum
3386 1462 3541 1531 (lsai.
3576 1468 3717 1536 Lvt);

2139 1543 2183 1596 si
2216 1544 2412 1599 videris
2442 1544 2661 1609 nudum,
2692 1547 2757 1601 da
2790 1547 2863 1602 illi
2896 1551 3269 1606 vestimentum
3303 1568 3319 1617 ;
3366 1562 3423 1609 et
3460 1556 3560 1611 hoc
3595 1572 3720 1612 cum

2139 1636 2349 1701 feceris,
2393 1654 2497 1692 non
2542 1636 2730 1703 donas,
2775 1641 2870 1696 sed
2912 1642 3150 1698 debitum
3188 1644 3371 1700 Solvis.
3404 1647 3540 1715 Quid
3565 1649 3720 1719 jubet
3776 1648 3783 1653 ’

444 1739 715 1792 malorum
743 1739 861 1808 quis
889 1750 994 1807 εει,
1026 1737 1126 1791 nisi
1158 1738 1272 1792 dies
1296 1737 1506 1807 judici‘i,
1529 1739 1646 1793 dies
1674 1737 1926 1793 terribilis
1957 1738 2036 1791 fu-
2065 1736 2111 1795 B
2143 1727 2431 1783 Dominus?
2461 1728 2522 1784 Si
2550 1732 2736 1785 videris
2764 1732 2979 1803 (inquit)
3006 1734 3233 1800 nudum.
3265 1737 3422 1803 vesti.
3449 1748 3503 1792 οι
3531 1738 3632 1795 hoc
3661 1751 3720 1796 tu

456 1829 559 1883 turi
586 1829 871 1883 examinis.
908 1828 1136 1884 Provide
1163 1828 1280 1895 tibi,
1313 1830 1499 1893 homo;
1543 1843 1805 1898 compone
1848 1829 2032 1884 vineas

456 1930 595 1985 tuas,
621 1919 821 1973 colloca
851 1928 903 1973 te
932 1919 1019 1973 hic
1048 1920 1099 1973 in
1129 1933 1222 1973 ore
1249 1934 1566 1988 pauperum.
1594 1919 1863 1975 Conclude
1889 1922 2032 1976 eire-

456 2027 729 2083 mosynam
787 2021 929 2067 tuam
977 2010 1028 2066 in
1068 2012 1417 2068 esurientium
1467 2013 1638 2077 victu,
1679 2022 1734 2067 ut
1777 2013 1895 2068 dies
1942 2013 2031 2067 ille

455 2104 761 2158 tremendus
804 2119 908 2157 non
943 2102 1036 2157 tibi
1065 2104 1119 2157 in
1152 2112 1293 2159 metu
1322 2106 1524 2170 veniat,
1550 2103 1649 2159 sed
1680 2104 1733 2158 in
1764 2114 1907 2159 voto.
1939 2104 2030 2160 Ille

452 2209 684 2263 namque
711 2194 828 2247 dies
855 2202 1110 2262 properat
1135 2194 1223 2264 qui
1252 2194 1451 2248 strictis
1482 2194 1789 2249 hominibus
1817 2208 2030 2249 amarus

448 2285 698 2354 emergit,
725 2283 1159 2339 misericordibus
1183 2299 1311 2340 vero
1331 2285 1579 2354 optabilis
1601 2292 1685 2340 est
1704 2294 1760 2341 et
1777 2285 2025 2341 aifabilis.

449 2377 722 2433 Conclude
746 2377 1144 2447 eleemosynam
1169 2378 1220 2431 in
1242 2392 1338 2433 ore
1361 2393 1675 2447 pauperum,
1694 2387 1749 2433 et
1770 2376 1881 2447 ipsa
1908 2393 2030 2432 exo-

448 2468 587 2523 rabit
611 2482 709 2538 pro
737 2478 788 2522 te
819 2468 871 2522 in
901 2468 988 2522 die
1019 2469 1300 2522 malorum.
1325 2468 1403 2521 Tu
1422 2477 1587 2535 taces,
1611 2480 1661 2524 et
1690 2470 2024 2539 eleemosyna

447 2578 605 2633 quam
649 2564 816 2619 fecisti
854 2563 1172 2633 deprecatur
1205 2578 1301 2632 pro
1334 2573 1401 2618 te.
1430 2563 1582 2629 Quod
1624 2563 1675 2617 in
1720 2564 1932 2618 silentio
1963 2562 2028 2617 fe-

442 2653 600 2720 cisti,
634 2655 688 2706 in
730 2668 824 2707 ore
853 2668 1145 2723 pauperum
1197 2653 1517 2722 publicatur.
1551 2654 1751 2708 Bonum
1783 2655 1922 2721 quod
1953 2654 2028 2708 la-

446 2722 626 2798 tenter
657 2742 850 2808 fecisti,
878 2744 931 2796 in
960 2743 1138 2811 lingua
1172 2743 1519 2813 indigentium
1550 2744 1884 2814 praedicatur.
1920 2744 2026 2798 Re-

446 2834 633 2889 missio
679 2834 998 2889 delictorum
1048 2844 1259 2888 tuorum
1308 2835 1361 2888 in
1405 2849 1501 2889 ore
1547 2851 1734 2890 eorum
1782 2836 2022 2893 resultat.

438 2924 721 2979 Conclude
764 2925 1162 2989 eleemosynam
1212 2925 1265 2978 in
1317 2941 1412 2981 ore
1463 2941 1778 2995 pauperum,
1822 2937 1878 2981 et
1912 2927 2025 2996 ipsa

444 3030 545 3085 pro
572 3025 625 3070 te
647 3015 855 3085 mitigat
883 3016 1014 3070 iram
1040 3017 1153 3071 Dei.
1179 3017 1378 3087 Mitigat
1401 3019 1558 3087 iram,
1587 3020 1712 3073 dum
1740 3020 1908 3075 abluit
1927 3020 2026 3074 cri-

2136 1834 2255 1873 cum
2284 1820 2466 1875 fenore
2494 1820 2647 1877 facis.
2676 1822 2777 1888 Qui
2804 1822 2958 1892 jubet
2986 1833 3038 1880 te
3086 1825 3187 1880 hoc
3226 1826 3440 1892 facere,
3476 1829 3567 1885 tibi
3605 1833 3719 1887 vult

2136 1913 2361 1978 mederi,
2392 1925 2444 1969 ct
2475 1918 2643 1971 vicem
2677 1918 2772 1973 tibi
2805 1919 3045 1989 rependit
3077 1922 3167 1978 ille
3197 1924 3285 1993 qui
3314 1934 3597 1994 utrumque
3626 1942 3718 1983 re-

2136 2002 2337 2070 pendit.
2372 2004 2527 2060 Videt
2550 2007 2690 2061 enim
2722 2008 2811 2064 ille
2840 2009 2895 2063 in
2936 2025 3167 2078 paupere
3210 2013 3426 2083 quidem
3473 2016 3718 2085 corporis

2136 2093 2453 2162 nuditatem,
2485 2098 2537 2151 in
2571 2106 2618 2151 te
2646 2106 2819 2153 autem
2859 2100 3022 2154 animi
3050 2100 3365 2159 fteditatem.
3390 2105 3530 2176 Ergo
3558 2106 3602 2162 si
3633 2107 3719 2161 vi-

2135 2186 2279 2241 deris
2310 2188 2529 2254 nudum,
2561 2188 2716 2244 vesti.
2749 2189 2813 2244 Et
2844 2191 3054 2261 quando
3080 2192 3231 2247 illum
3263 2196 3479 2260 texeris,
3509 2198 3714 2253 ornasti

2134 2277 2364 2331 animam
2396 2286 2569 2340 tuam,
2604 2289 2819 2348 peccato
2849 2281 3111 2348 spoliante
3140 2283 3412 2339 nudatam.
3449 2286 3529 2341 Tu
3558 2288 3709 2343 illum

2135 2367 2309 2421 texisti
2341 2383 2597 2437 corporea
2624 2370 2833 2433 tunica,
2867 2372 2955 2425 ille
2983 2372 3051 2426 de
3079 2381 3132 2428 te
3160 2374 3365 2442 expulit
3395 2375 3710 2433 foeditatem.

2131 2457 2251 2511 Mox
2285 2467 2431 2512 veste
2463 2468 2548 2511 tua
2593 2474 2712 2513 cum
2745 2461 2941 2515 texeris
2983 2462 3185 2517 viscera
3218 2464 3589 2535 indigentium,
3625 2483 3711 2524 re-

2131 2546 2327 2602 format
2351 2549 2442 2605 ilie
2469 2548 2521 2605 in
2550 2559 2603 2608 te
2632 2552 2965 2624 baptismatis
2993 2566 3220 2627 vestem,
3249 2570 3302 2615 et
3343 2564 3541 2616 retexit
3574 2564 3708 2617 tuui-

2128 2653 2244 2693 cam
2272 2655 2430 2709 quam
2460 2657 2745 2712 acceperas
2783 2661 2848 2700 ex
2879 2662 3017 2718 aqua
3053 2660 3104 2705 et
3152 2651 3367 2720 spiritu.
3415 2652 3529 2708 Non
3560 2656 3708 2709 enim

2129 2738 2303 2800 potest
2332 2731 2492 2787 homo
2520 2749 2738 2791 munera
2765 2737 2960 2794 lavacri
2990 2739 3190 2796 illibata
3218 2756 3454 2811 servare,
3479 2760 3576 2799 nec
3606 2759 3706 2814 pu-

2129 2835 2219 2874 rns
2244 2835 2462 2891 semper
2480 2825 2790 2893 persistere,
2818 2832 2974 2884 noxia
3001 2830 3101 2885 sibi
3130 2830 3471 2889 incumbente
3493 2844 3705 2894 natura.

2133 2912 2324 2966 Verum
2353 2929 2475 2969 cum
2504 2918 2803 2986 sazpissime
2835 2920 3071 2978 lubricus
3111 2923 3344 2992 incedat,
3390 2936 3445 2982 et
3474 2928 3706 2987 oﬂ'eusas

2127 3004 2385 3077 incurrat,
2418 3021 2583 3077 opera
2615 3010 2816 3068 faciunt
2846 3014 3249 3085 indulgentiam,
3284 3019 3589 3087 poenitentia
3619 3035 3705 3079 re-

444 3107 618 3173 miua;
668 3121 731 3161 ος
777 3121 1068 3176 pauperum
1112 3109 1393 3178 corrigitur
1440 3108 1533 3163 tibi
1569 3109 1622 3163 in
1660 3109 1941 3179 baptisma,
1970 3120 2023 3163 οι
2049 3100 2093 3163 c
2126 3093 2317 3149 format
2348 3097 2652 3165 puritatem,
2680 3104 2852 3157 oratio
2882 3114 3101 3173 praestat
3125 3106 3341 3164 abolere
3372 3110 3705 3169 remissionis

443 3208 630 3252 venter
652 3198 1006 3251 esurientium
1045 3202 1265 3252 satiatus
1306 3198 1649 3269 indulgentiae
1692 3202 1785 3254 tibi
1828 3215 2018 3271 aquam

442 3287 701 3342 exundat.
734 3289 923 3342 Parum
969 3298 1049 3343 est
1084 3290 1224 3359 quod
1252 3292 1334 3345 eis
1370 3292 1683 3358 impartitur,
1715 3303 1767 3347 et
1796 3294 2016 3347 multum

436 3388 529 3435 est
552 3380 689 3448 quod
722 3381 789 3434 ab
818 3382 897 3435 cis
926 3381 1177 3435 nascitur.
1215 3383 1465 3437 Hortatur
1488 3383 1604 3452 ipse
1634 3386 1893 3440 Dominus
1923 3401 2019 3456 per

445 3473 787 3541 prophetam:
815 3468 1019 3543 Frange
1039 3476 1276 3528 esurienti
1296 3492 1476 3546 panem
1503 3486 1642 3530 tuum
1664 3476 1815 3549 (Isai.
1842 3482 2015 3547 Lvtti).

434 3564 576 3633 Quid
605 3580 702 3634 pro
738 3566 836 3619 hoc
868 3566 1212 3635 recepturus?
1242 3569 1422 3637 accipe
1449 3569 1807 3638 evangelicam
1858 3585 2013 3638 spon-

436 3658 642 3712 sionem
690 3674 703 3710 :
756 3656 928 3712 Venite
954 3701 966 3724 ,
998 3660 1246 3714 benedicti
1282 3660 1453 3714 Patris
1482 3663 1580 3716 mei
1605 3677 1623 3725 ;
1669 3663 1913 3731 possidete
1944 3680 2015 3717 re-

439 3765 593 3818 gnum
635 3762 867 3818 paratum
908 3752 1044 3804 vobis
1079 3752 1140 3805 ab
1183 3753 1378 3823 origine
1407 3755 1585 3807 mundi
1613 3752 1828 3825 (Matth.
1864 3755 2011 3823 xxv).

435 3838 646 3904 Quare?
674 3856 777 3894 non
811 3844 932 3909 quia
962 3845 1178 3912 superbi
1218 3857 1308 3897 aut
1333 3845 1526 3900 divites
1556 3845 1759 3916 fuistis,
1791 3857 1881 3902 aut
1913 3862 2011 3914 po-

435 3940 613 3984 tentes
642 3931 696 3983 in
728 3931 927 3984 mutulo
956 3934 1166 4001 praediis
1192 3950 1207 3998 ;
1260 3936 1352 3990 sed
1383 3937 1502 4003 quia
1532 3936 1737 4002 esurivi,
1768 3945 1812 3991 et
1836 3939 2010 3992 dedis-

433 4021 499 4072 tis
553 4019 676 4072 mihi
711 4022 1042 4076 manducare.
1082 4023 1128 4078 0
1166 4027 1550 4081 commutatio!
1584 4026 1782 4081 Panem
1814 4027 2009 4083 dedisti

429 4111 1094 4182 esurienti,etpcrcepisti
1139 4130 1381 4185 regnum.
1425 4115 1683 4182 Quantam
1728 4119 2006 4188 pecuniam

430 4198 705 4267 profundit
738 4202 898 4255 homo
946 4204 997 4255 in
1044 4202 1145 4257 hoc
1176 4203 1398 4271 mundo,
1425 4216 1482 4259 ut
1508 4215 1599 4261 aut
1622 4208 1885 4278 mancipia
1916 4216 2008 4263 aut

428 4294 665 4360 praedam
700 4297 1010 4362 comparet!
1064 4295 1301 4364 Regnum
1347 4311 1634 4366 supernum
1686 4302 1777 4355 tibi
1822 4303 2007 4357 vendit

427 4384 674 4438 Christus
726 4392 832 4437 tam
872 4386 1129 4439 vilissimo
1158 4389 1359 4458 pretio,
1400 4398 1455 4442 et
1499 4404 1811 4458 comparare
1854 4393 2006 4447 dissi-

2128 3187 2348 3242 fontem.
2381 3190 2651 3263 Lacrymaa
2680 3195 2902 3249 abluunt
2933 3197 3135 3254 fuscam
3173 3202 3430 3269 tunicam;
3462 3204 3702 3260 eleemo-

2124 3291 2253 3347 syua
2295 3280 2469 3335 reddit
2510 3283 2820 3339 candorem.
2852 3287 2979 3342 Haec
3010 3304 3267 3346 exercens
3296 3292 3400 3347 erit
3438 3294 3527 3349 tibi
3558 3296 3699 3352 intra

2124 3378 2174 3423 te
2215 3371 2519 3437 quotidiana
2561 3375 2791 3440 oblatio,
2839 3363 3144 3447 quotidiana
3190 3384 3457 3439 remissio.
3487 3386 3579 3442 llle
3610 3397 3697 3444 cst

2122 3457 2239 3513 fons
2269 3460 2555 3531 refrigerii;
2590 3465 2681 3520 ille
2709 3475 2791 3522 est
2839 3468 3084 3524 remissio
3126 3479 3337 3527 tuorum
3383 3475 3695 3543 criminum,

2120 3551 2207 3610 qui
2225 3552 2353 3605 dixit
2370 3554 2492 3608 tibi:
2513 3553 2730 3622 Esurivi,
2749 3568 2795 3611 et
2807 3560 3016 3614 dedistis
3034 3562 3160 3615 mihi
3172 3565 3510 3632 manducare;
3527 3570 3697 3625 nudus

2117 3637 2215 3705 fni,
2249 3650 2294 3693 et
2323 3641 2530 3698 dedistis
2562 3645 2687 3699 mihi
2735 3649 3105 3704 indumentum.
3153 3652 3268 3707 Noli
3314 3664 3369 3709 tu
3418 3658 3697 3717 intendere

2119 3732 2417 3787 mendicum
2456 3745 2549 3789 aut
2595 3740 2966 3808 peregrinum,
3016 3745 3283 3813 captivum
3331 3756 3424 3802 aut
3461 3750 3690 3817 nudum;

2116 3821 2210 3877 scd
2242 3822 2531 3894 Christum,
2561 3828 2648 3896 qui
2692 3830 2743 3882 in
2777 3828 2857 3885 his
2905 3832 3158 3903 loquitur,
3186 3839 3575 3908 contemplare.
3607 3846 3689 3898 An

2116 3928 2219 3967 non
2249 3916 2438 3971 audisti
2465 3920 2589 3987 quid
2613 3920 2714 3974 ait:
2741 3922 2985 3988 Quandiu
3012 3923 3217 3982 fecistis
3241 3929 3329 3983 uni
3356 3944 3418 3984 ex
3454 3932 3691 3989 minimis

2114 4004 2250 4071 istis,
2284 4007 2414 4061 mihi
2458 4010 2692 4065 fecistis?
2719 4011 2824 4067 Sed
2853 4012 2988 4069 dicis
3023 4032 3035 4067 :
3083 4015 3328 4074 Christus
3376 4019 3470 4075 Dei
3517 4021 3690 4080 Filius

2112 4096 2200 4164 qui
2229 4097 2278 4151 in
2308 4102 2629 4168 pauperibus
2653 4104 2889 4171 pascitur
2908 4144 2924 4169 ,
2956 4122 3051 4161 cur
3083 4124 3188 4163 non
3217 4111 3383 4179 magis
3412 4112 3524 4181 ipse
3555 4130 3689 4183 opu-

2114 4188 2277 4245 lcntat
2302 4190 2507 4258 inopes,
2533 4194 2731 4247 exaltat
2756 4194 3000 4262 humiles,
3025 4197 3179 4269 erigit
3204 4199 3502 4270 indigentes
3521 4243 3538 4270 ,
3563 4219 3682 4259 cum

2112 4279 2223 4346 ipse
2247 4280 2313 4333 sit
2344 4281 2580 4334 omnium
2618 4283 2863 4350 provisor
2893 4295 2946 4339 et
2974 4285 3232 4356 largitor?
3261 4287 3361 4355 Qui
3390 4290 3493 4346 hoc
3518 4306 3685 4360 oppo-

2112 4370 2209 4433 nit,
2238 4370 2414 4424 audiat
2442 4386 2473 4425 e
2512 4371 2747 4426 diverso.
2780 4372 2939 4429 Forte
2964 4377 3227 4442 asstimas,
3256 4378 3437 4445 homo,
3464 4395 3584 4437 esse
3607 4382 3683 4437 illi

426 4474 633 4528 mulas!
668 4473 784 4530 Noli
806 4474 1052 4531 diffidere
1084 4476 1306 4548 :frange
1330 4480 1585 4535 esurienti
1616 4496 1804 4550 panem
1830 4493 1999 4553 tuum,
2027 4467 2074 4529 (ἶ
2107 4459 2304 4553 διίιηιίά
2351 4461 2714 4530 ἰωβθδδίδῃθῗ
2761 4463 2876 4518 Νθη
2925 4469 3179 4533 “times,
3212 4470 3400 4535 ¹¹⁰¹¹¹⁰ῖ
3436 4472 3529 4526 sed
3557 4473 3682 4528 "di

379 4620 392 4631 ,
426 4564 570 4618 nutri
598 4564 959 4635 indigentem,
990 4568 1125 4621 vesti
1149 4568 1383 4635 nudum,
1412 4568 1535 4625 fove
1560 4575 1919 4641 peregrinum,
1947 4583 2002 4628 et

426 4656 641 4723 posside
662 4670 908 4727 regnum,
928 4673 1033 4713 non
1048 4673 1337 4726 terrenum,
1358 4663 1449 4717 sed
1466 4678 1779 4734 supernum.
1795 4665 2001 4722 Clamat

426 4744 584 4799 Pater
613 4746 679 4799 de
705 4749 1039 4815 praecedente
1071 4751 1335 4806 volumine
1365 4770 1376 4806 :
1408 4749 1614 4823 Frange
1639 4757 1879 4811 esurienti
1906 4775 1999 4828 pa-

422 4852 538 4889 nem
565 4844 705 4888 tuum
731 4852 749 4890 :
775 4841 1061 4907 respondet
1083 4851 1137 4894 et
1166 4842 1329 4897 Filius
1354 4843 1420 4897 de
1454 4847 1759 4915 evangelica
1784 4852 1992 4919 pagina,

421 4926 693 4991 esurivi,et
714 4926 897 4981 drdisti
920 4929 1044 4982 mihi
1061 4932 1385 4987 manducare.
1406 4932 1705 4991 Concordat
1730 4939 1827 4992 sibi
1853 4947 1995 4994 uter-

420 5029 524 5083 que
550 5028 737 5068 sonus.
761 5017 911 5082 Quod
946 5019 1101 5073 Pater
1128 5022 1436 5089 anticipavit
1466 5024 1519 5077 in
1552 5026 1823 5095 prophetis
1850 5068 1863 5091 ,
1896 5031 1995 5082 hoc

423 5103 591 5160 Filius
619 5105 672 5160 in
698 5121 789 5160 sua
825 5122 1049 5175 persona
1072 5120 1378 5177 susceptum
1402 5113 1660 5181 implevit.
1694 5114 1886 5171 Factus
1912 5126 1996 5172 est

421 5209 653 5267 pauper,
679 5205 738 5250 ut
768 5206 871 5249 tam
902 5212 1162 5266 pauperes
1201 5201 1402 5255 fovcret
1439 5218 1596 5272 quam
1627 5205 1821 5260 divites
1848 5222 1994 5261 com-

418 5301 676 5347 moveret.
723 5290 914 5345 Factus
958 5302 1041 5345 est
1076 5308 1297 5362 pauper,
1345 5304 1402 5349 ut
1443 5298 1628 5367 culpas
1670 5299 1888 5353 divisum
1938 5302 1989 5355 in

422 5381 735 5449 pauperibus
764 5380 1097 5447 emendaret,
1125 5395 1179 5438 et
1202 5386 1330 5439 vitia
1351 5402 1534 5441 eorum
1561 5391 1608 5442 in
1636 5389 1991 5460 eleemosynis

416 5480 670 5538 expiaret.
695 5470 773 5523 Ob
797 5471 897 5525 hoc
917 5472 1057 5525 diCet
1086 5491 1096 5523 :
1124 5473 1352 5540 Esurivi,
1391 5486 1437 5529 et
1465 5480 1673 5532 dedistis
1703 5482 1827 5533 mihi
1856 5500 1991 5536 man-

414 5562 642 5614 ducare:
692 5571 747 5616 et
789 5562 908 5631 quia
950 5579 1036 5617 me
1077 5565 1363 5631 refecistis,
1396 5569 1614 5636 recipito
1649 5585 1679 5624 e
1723 5574 1991 5625 contrario

416 5656 657 5715 τρειιυειι.
691 5650 860 5719 Quate
890 5653 1155 5722 regnum?
1195 5655 1251 5709 in
1282 5671 1447 5724 regno
1488 5657 1633 5726 justo
1666 5659 1805 5727 quod
1836 5661 1988 5715 Citri-

2106 4552 2231 4621 quid
2258 4564 2361 4609 est.
2390 4553 2446 4609 Si
2473 4555 2614 4609 enim
2647 4569 2833 4610 omnes
2881 4555 3125 4635 homines
3158 4560 3375 4616 fecisset
3413 4563 3675 4632 aequales,

2107 4643 2194 4698 ubi
2223 4653 2336 4698 erat
2366 4643 2490 4698 fidei
2519 4645 2852 4712 exercitium,
2892 4649 2977 4704 ubi
3001 4649 3420 4720 experimentum
3439 4654 3680 4710 virtutis?

2104 4732 2159 4786 δί
2191 4732 2403 4787 fecis-et
2427 4748 2616 4789 omnes
2644 4735 2836 4791 divites
2856 4777 2871 4803 ,
2893 4720 3083 4794 omnes
3115 4740 3336 4796 licenter
3360 4742 3678 4813 delinquen-

2105 4833 2203 4877 tes.
2238 4824 2297 4877 Et
2328 4827 2371 4879 si
2405 4827 2472 4879 ita
2500 4836 2661 4893 esset,
2694 4829 2832 4883 unde
2861 4831 3063 4885 veniret
3087 4832 3403 4900 remedium,
3427 4843 3519 4888 aut
3539 4834 3679 4891 unde

2104 4926 2339 4970 maneret
2371 4918 2654 4973 remissio?
2683 4920 2823 4975 unde
2856 4931 2969 4975 erat
3011 4923 3332 4989 indulgentia
3364 4933 3677 4993 exspectan-

2102 5006 2211 5061 da?
2243 5008 2581 5063 Providentia
2617 5026 2744 5081 ergo
2772 5013 2950 5068 divina
2982 5020 3189 5083 aperuit
3217 5016 3370 5069 nobis
3411 5018 3676 5085 peccanti-

2101 5099 2199 5154 bus
2228 5101 2505 5156 mediciua:
2536 5104 2856 5169 armarium,
2890 5115 2947 5160 ut
2994 5107 3192 5162 faceret
3225 5108 3387 5177 (sicut
3417 5110 3672 5177 scriptum

2097 5192 2203 5260 est)
2231 5200 2283 5246 et
2313 5192 2509 5246 divites
2539 5201 2591 5247 et
2622 5209 2880 5263 pauperes
2904 5235 2918 5259 ,
2950 5206 3004 5250 et
3045 5196 3274 5251 humiles
3304 5208 3358 5252 et
3383 5199 3629 5254 excelsos
3654 5215 3671 5254 :

2098 5296 2157 5340 ut
2185 5290 2432 5357 quoniam
2477 5288 2671 5345 divites
2703 5305 2796 5359 per
2839 5291 3245 5345 exuberantiam
3294 5307 3471 5346 rerum
3522 5290 3674 5361 proni

2107 5390 2228 5434 sunt
2266 5382 2330 5434 ad
2365 5382 2490 5434 vitia
2512 5421 2526 5445 ,
2554 5395 2616 5434 ac
2646 5397 2738 5449 per
2766 5381 3221 5450 intemperantiam
3260 5383 3569 5452 plerumque
3598 5383 3675 5441 ia.

2103 5474 2316 5537 buntur,
2365 5473 2619 5526 haberent
2664 5473 2975 5540 conjunctos
3022 5474 3121 5528 sibi
3168 5475 3495 5543 indigentes,
3530 5474 3675 5529 velut

2101 5567 2297 5619 fontem
2345 5565 2537 5618 lavacri
2581 5574 2715 5618 :aut
2754 5570 2832 5635 (ut
2880 5566 2997 5634 plus
3045 5565 3242 5635 dicam)
3284 5569 3430 5621 velut
3474 5567 3674 5621 ﬂumen

2099 5661 2367 5727 Iordanis,
2414 5660 2498 5715 ubi
2529 5658 2774 5715 Christus
2807 5660 3003 5717 tinctus
3032 5670 3112 5717 est
3139 5682 3154 5715 ε
3186 5662 3239 5715 in
3278 5676 3383 5732 quo
3408 5677 3503 5731 per
3528 5661 3672 5716 elee-
