4032 6184
304 286 409 341 100

1616 288 1894 346 IIOMILM
1939 274 2270 341 SECUNDA.

3464 270 3566 338 itit

297 416 543 473 mosyna:
570 401 866 472 largitatem
894 403 1082 460 diurna
1109 413 1364 476 superent
1413 403 1627 459 delicta.
1665 403 1731 457 Et
1757 401 1876 472 qui-
1913 409 1963 466 Α
1993 398 2165 451 mines
2208 392 2514 464 hypocritas
2545 389 2829 462 appellavit
2865 403 3042 446 sermo
3078 389 3308 447 divinus.
3338 391 3449 460 Sic,
3481 394 3567 450 ins

297 493 425 548 dem
451 496 501 549 in
531 495 764 550 .lordane
793 497 960 552 semel
993 499 1188 554 tinctus
1216 497 1567 552 sanctificavit
1591 511 1757 566 aquas
1789 514 1800 547 :
1829 497 1880 548 in

300 585 627 654 pauperibus
672 596 853 642 autem
899 603 1112 658 semper
1157 597 1364 656 manet,
1396 597 1450 642 et
1479 587 1691 642 assidue
1719 587 1885 640 abluit

300 679 530 733 crimina
586 679 944 749 largientium.
999 682 1154 737 Dedit
1201 681 1378 751 itaque
1428 681 1674 736 Christus
1731 679 1885 734 nobis

301 769 455 823 velut
498 770 842 838 indulgentiae
886 771 1108 826 indices.
1159 772 1341 838 Quos?
1389 785 1581 836 caecos,
1632 769 1883 833 claudos,

301 858 530 924 debiles,
565 861 918 930 paralyticos;
954 863 1080 931 quin
1110 862 1270 915 etiam
1301 861 1567 929 orphanos
1593 869 1645 914 et
1676 859 1880 922 viduas,

302 951 656 1020 peregrinos,
691 954 987 1023 proselytos
1025 963 1079 1008 et
1105 955 1366 1021 advenas,
1396 966 1553 1021 atque
1585 951 1886 1021 hujusmodi

306 1042 557 1096 homines
587 1044 731 1096 omni
762 1044 963 1096 auxilio
986 1043 1285 1112 indigentes
1311 1062 1324 1108 ;
1357 1052 1415 1096 ιιι
1442 1044 1493 1096 in
1525 1042 1633 1106 liis,
1665 1043 1888 1110 quicun-

304 1149 415 1200 que
460 1144 582 1188 sunt
629 1134 1022 1201 opulentiae-es,
1068 1136 1210 1204 pium
1241 1134 1570 1203 prretendant
1593 1133 1886 1187 affectum:

306 1226 594 1278 flectantur
625 1225 804 1279 faciles
847 1225 914 1279 ad
965 1241 1107 1294 :egta
1151 1241 1214 1280 ac
1253 1226 1448 1280 debilia
1476 1240 1721 1294 corpora,
1771 1224 1890 1277 ani-

308 1328 533 1382 masque
579 1321 826 1376 vexatas;
877 1313 1076 1368 faciant
1116 1313 1214 1368 sibi
1271 1314 1405 1370 tales
1454 1315 1653 1368 amicos
1706 1311 1892 1384 (juxta

307 1407 671 1475 evangelium
695 1405 1014 1476 doctrinam)
1046 1406 1112 1460 de
1139 1405 1338 1460 infideli
1371 1419 1669 1460 mammona
1703 1403 1774 1477 (id
1812 1413 1896 1458 est

310 1500 381 1551 de
412 1498 661 1552 brevibus
690 1498 894 1564 rebus),
929 1508 985 1553 ut
1014 1514 1134 1553 cum
1168 1498 1465 1553 defecerint
1491 1497 1574 1551 hic
1596 1539 1611 1563 ,
1650 1497 1896 1568 recipiant

309 1607 409 1646 eos
438 1593 492 1645 in
520 1602 709 1645 (eterna
750 1591 1077 1645 tabernacula
1107 1590 1259 1660 (Luc.
1292 1591 1432 1660 xvr).
1470 1592 1534 1643 Et
1561 1589 1777 1651 idcirco,
1811 1589 1896 1641 di-

313 1682 476 1744 vites,
504 1681 668 1734 nolite
694 1680 971 1748 despicere
1003 1681 1189 1748 inopes
1209 1721 1224 1744 ,
1257 1679 1424 1734 nolite
1472 1693 1724 1748 respuere
1765 1678 1899 1731 india

311 1783 525 1841 gentes,
547 1771 778 1826 scientes
805 1771 948 1839 quod
967 1771 1121 1824 amici
1144 1781 1272 1824 sunt
1301 1770 1595 1824 animarum
1625 1778 1681 1823 et
1708 1768 1897 1823 medici

314 1862 600 1914 vulnerum
634 1861 986 1914 internarum.
1021 1860 1159 1929 Ager
1187 1869 1269 1913 est
1291 1859 1441 1927 juxta
1470 1869 1552 1923 te;
1590 1874 1778 1929 sparge
1815 1873 1900 1913 sc-

317 1969 442 2006 men
490 1961 728 2020 tempore
772 1950 1135 2020 competenti,
1184 1960 1237 2005 et
1289 1961 1406 2006 esto
1445 1951 1614 2018 fidus,
1646 1951 1764 2019 quia
1795 1965 1897 2004 non

317 2054 374 2098 te
419 2043 553 2097 fallt
605 2045 704 2097 ista
765 2043 991 2097 cultura.
1046 2041 1141 2096 llic
1193 2042 1360 2106 seris,
1411 2052 1465 2098 et
1518 2043 1641 2097 alibi
1691 2050 1896 2105 metes;

318 2135 529 2204 spargis
584 2133 878 2196 modicum,
927 2142 981 2187 et
1032 2132 1249 2201 colliges
1319 2133 1563 2187 multum.
1634 2132 1900 2200 QuidquId

320 2221 539 2276 dederis
591 2221 857 2290 colligitur
923 2221 994 2274 ibi
1051 2221 1103 2274 in
1172 2235 1404 2288 superno
1453 2222 1709 2276 cellario:
1743 2221 1902 2291 quid-

321 2312 450 2383 quid
508 2313 812 2381 porrexeris
862 2311 1072 2381 proficit
1128 2312 1179 2366 in
1233 2312 1430 2366 futuro.
1495 2312 1739 2380 Nunquid
1796 2326 1901 2366 non

323 2413 506 2472 potest
556 2402 797 2456 Christus
854 2403 1025 2457 ditare
1091 2402 1444 2457 mendicum?
1501 2402 1741 2472 nunquid
1796 2417 1903 2455 non

325 2498 470 2549 valet
489 2494 646 2550 modo
663 2494 966 2548 illuminare
981 2509 1204 2561 caecum,
1232 2507 1425 2549 curare
1445 2493 1718 2558 claudum,
1743 2493 1902 2546 strin-

325 2603 453 2659 gere
481 2589 851 2658 paralyticum,
875 2587 1134 2642 mundare
1156 2584 1468 2655 leprosum?
1498 2586 1637 2639 vaiet
1664 2585 1902 2653 quidem,

325 2682 421 2736 scd
449 2679 750 2734 dissimulat
789 2675 843 2734 in
873 2689 959 2744 te;
992 2689 1047 2733 ut
1077 2693 1170 2747 per
1201 2678 1302 2732 hos
1331 2677 1554 2730 aliorum
1601 2674 1906 2730 debilitates

327 2770 600 2835 excludat,
632 2778 686 2824 et
712 2769 1054 2838 (egritudines
1079 2768 1313 2838 effugiat.
1345 2769 1476 2824 Nam
1508 2783 1628 2822 cum
1674 2769 1780 2822 sint
1807 2767 1905 2820 dc-

330 2864 490 2929 biles,
511 2863 644 2918 fiunt
659 2873 832 2918 tamen
850 2862 1272 2930 delinquentium
1295 2860 1484 2916 medici
1508 2879 1519 2913 :
1541 2873 1645 2914 non
1665 2859 1788 2928 ipsi,
1811 2859 1905 2914 sed

329 2956 421 3010 ille
449 2955 538 3024 qui
567 2955 719 3016 dixit,
745 2954 970 3023 quandiu
993 2953 1183 3022 fecistis
1229 2953 1328 3018 his,
1362 2951 1487 3006 mihi
1515 2951 1728 3020 fecistis.
1757 2949 1909 3004 Chri-

330 3056 448 3100 stus
495 3053 579 3100 est
607 3047 658 3098 in
689 3044 767 3098 eis
796 3043 1066 3107 medicus,
1092 3043 1182 3111 qui
1213 3056 1310 3111 per
1355 3055 1450 3097 eos
1495 3049 1648 3097 sanat
1677 3040 1903 3095 divitum

329 3137 757 3204 delinquentium
787 3134 1044 3198 vulnera;
1074 3142 1130 3190 ut
1153 3147 1273 3188 cum
1299 3143 1507 3202 tempus
1536 3138 1903 3200 exspectatum

329 3229 564 3291 venerit,
582 3235 637 3280 et
663 3239 920 3294 pauperes
949 3239 1075 3280 suos
1100 3225 1298 3279 exaltet
1331 3223 1383 3278 in
1417 3223 1608 3293 gloria,
1630 3230 1685 3277 et
1713 3222 1904 3276 divites

325 3318 492 3388 justis
522 3316 771 3386 operibus
798 3315 1008 3370 deditos
1029 3315 1250 3383 recipiat
1279 3315 1439 3385 (sicut
1458 3312 1604 3381 disi)
1624 3314 1675 3366 in
1706 3323 1906 3368 aeterna

329 3407 586 3475 hospitia.
610 3404 758 3460 Unde
781 3403 998 3475 (fratres
1033 3403 1365 3458 dilectissimi
1393 3409 1448 3456 et
1485 3403 1702 3470 Optandi
1725 3400 1906 3470 amici)

329 3496 565 3550 retinete
597 3494 743 3560 lucc,
779 3503 832 3548 et
860 3508 1020 3562 super
1047 3493 1163 3547 haec
1197 3492 1372 3546 adhuc
1399 3491 1586 3546 discite
1620 3492 1744 3544 alia.
1771 3491 1908 3546 Nec-

329 3587 462 3640 dum
491 3586 631 3640 enim
661 3585 830 3654 patuit
852 3599 970 3639 mea
993 3583 1235 3639 doctrina
1260 3598 1275 3636 :
1302 3582 1607 3651 replicanda
1637 3592 1718 3636 est
1745 3597 1910 3638 evan-

328 3676 504 3745 gelica
534 3673 722 3740 forma,
746 3684 804 3729 ut
829 3674 952 3728 inde
984 3674 1276 3743 pandamus
1299 3672 1440 3742 quod
1473 3671 1764 3740 perfectum
1796 3679 1906 3737 est;

330 3769 697 3837 eleemosynte
720 3765 1064 3835 perfectionis
1096 3775 1276 3834 typum
1301 3768 1534 3819 nondum
1557 3763 1907 3819 ostendimus.

330 3859 542 3928 Typum
567 3859 924 3927 eleemosynae
940 3857 1352 3925 suis'prazceptis
1371 3855 1607 3912 decrevit
1626 3855 1870 3911 Salvator
1893 3873 1905 3906 :

329 3951 594 4004 Attendite
622 3951 838 4019 (inquit)
868 3965 930 4002 ne
949 3949 1204 4018 justitiam
1249 3958 1465 4002 vestram
1513 3948 1714 4017 faciatis
1739 3961 1911 3999 coram

331 4040 652 4093 hominibus.
685 4039 738 4093 Si
767 4039 1072 4092 mercedem
1115 4039 1344 4106 speratis
1383 4039 1657 4093 rmlestem
1680 4077 1696 4102 ,
1723 4037 1911 4091 buma-

333 4144 462 4183 num
483 4129 691 4184 debetis
714 4131 985 4184 declinare
1007 4138 1303 4198 aspectum.
1331 4129 1538 4187 Sufficit
1561 4130 1706 4183 illum
1731 4129 1911 4184 videre

337 4238 478 4292 opus
507 4224 563 4277 in
591 4234 827 4288 secreto,
849 4223 937 4292 qui
960 4237 1137 4293 operai
1159 4224 1388 4292 pretium
1411 4222 1586 4277 reddit
1603 4223 1654 4276 in
1679 4223 1910 4292 publico.

333 4315 472 4382 Quid
497 4317 717 4383 quaeris,
749 4315 1020 4372 hominem
1046 4316 1184 4370 scire
1209 4315 1350 4384 quod
1376 4315 1488 4369 Deo
1522 4316 1804 4369 reservas?
1823 4326 1914 4369 aut

331 4407 462 4475 quid
502 4422 638 4474 opus
678 4416 762 4460 cst
791 4407 993 4460 homini
1025 4407 1204 4464 videre
1231 4406 1372 4474 quod
1393 4405 1538 4462 Deus
1567 4406 1913 4460 remunerat?

335 4496 552 4551 Sufﬁcit
566 4496 897 4550 conscientia
929 4505 1038 4560 tua,
1061 4494 1225 4551 habes
1252 4504 1442 4552 testem
1469 4497 1647 4564 operis
1671 4495 1764 4549 tui.
1791 4496 1846 4548 In
1863 4504 1914 4549 te

1991 487 2126 555 quit,
2162 484 2365 539 faciunt
2387 485 2680 553 hypocrita:
2702 483 2754 537 in
2775 482 3060 553 synagogis
3085 484 3209 537 etin
3242 483 3395 538 vicis.
3429 483 3561 538 Ero-

1989 585 2116 646 gant
2146 574 2378 644 publice,
2401 584 2456 627 ut
2479 572 2692 641 publice
2716 571 3064 640 praeferantur
3083 611 3099 638 ,
3123 587 3227 627 non
3256 587 3286 626 a
3313 572 3444 638 Deo.
3465 574 3560 630 sed

1992 667 2060 718 ab
2083 663 2406 717 hominibus.
2427 661 2584 716 Dedit
2605 662 2781 731 itaque
2811 662 3061 716 Dominus
3086 662 3361 730 pulchram
3381 677 3444 717 ac
3466 678 3562 720 ve-

1991 753 2281 808 recundam
2313 752 2493 822 operis
2517 751 2767 818 formam,
2791 751 3003 821 quando
3033 751 3163 806 tales
3185 753 3433 821 prohibet
3451 755 3567 810 imi-

1994 846 2125 908 tari,
2172 852 2225 899 et
2258 843 2411 913 jubet
2451 843 2505 898 in
2550 843 2766 900 silentio
2812 845 3046 914 operari.
3093 845 3158 900 Et
3185 847 3308 915 quid
3338 847 3459 902 dico
3505 848 3560 903 in

1990 936 2248 991 silentio?
2279 934 2518 1003 nunquid
2570 936 2784 1005 quando
2845 935 2974 989 facis
3019 935 3419 1007 eleemosynam
3474 949 3567 993 aut

1992 1042 2126 1098 opus
2155 1027 2368 1097 aliquod
2396 1036 2626 1097 gratum,
2647 1037 2820 1098 potest
2852 1029 3055 1083 latere?
3085 1029 3243 1084 absit.
3270 1031 3399 1086 Nam
3424 1041 3473 1087 te
3496 1041 3566 1086 ta-

1994 1128 2174 1183 cente,
2204 1121 2316 1188 ipsa
2348 1135 2506 1189 opera
2534 1120 2766 1175 clamant
2792 1128 2847 1174 et
2870 1120 3136 1190 publicant
3164 1121 3359 1177 factum
3384 1131 3564 1182 tuum:

1996 1221 2047 1265 te
2078 1211 2219 1266 enim
2255 1212 2557 1280 ignorante,
2592 1211 2882 1281 praeferunt
2923 1212 3072 1268 multi
3097 1213 3354 1281 justitiam
3387 1227 3526 1271 tuam
3549 1259 3564 1280 ,

1997 1310 2052 1355 et
2103 1303 2499 1370 eleemosynam
2540 1302 2850 1368 prredicant.
2898 1303 3210 1359 Geminatur
3241 1306 3333 1360 tibi
3369 1308 3532 1378 gratia
3549 1339 3565 1370 ι,

1998 1393 2121 1462 quia
2167 1394 2388 1448 silenter
2424 1392 2600 1462 egisti.
2644 1393 2726 1446 Ah
2771 1393 3080 1449 hominibus
3117 1395 3314 1465 accipis
3362 1397 3570 1465 plenam

1999 1484 2210 1539 laudem
2233 1528 2246 1552 ,
2274 1485 2395 1551 quia
2436 1485 2648 1540 tacuisti
2679 1500 2708 1540 a
2757 1485 2866 1540 Deo
2895 1487 3186 1555 perfectam
3232 1491 3572 1556 mercedem;

2000 1576 2123 1644 quia
2153 1575 2292 1643 quod
2326 1575 2485 1643 jussit
2536 1575 2729 1630 fecisti.
2769 1576 2903 1642 Quid
2947 1576 3108 1646 jussit
3146 1586 3238 1634 aut
3280 1581 3406 1650 quid
3438 1596 3576 1651 prte—

2001 1667 2182 1734 cepit?
2214 1676 2270 1720 ut
2309 1683 2413 1722 non
2444 1667 2567 1722 tuba
2594 1683 2816 1723 caneres
2853 1677 2979 1725 ante
3008 1678 3060 1726 te
3088 1689 3101 1725 :
3145 1672 3196 1726 id
3223 1681 3328 1741 est,
3371 1684 3424 1728 ut
3470 1690 3574 1731 non

2007 1757 2120 1826 ipse
2149 1759 2422 1826 praeferas,
2455 1759 2549 1814 sed
2581 1760 2690 1815 alii.
2728 1760 2857 1815 Nam
2885 1771 2941 1817 et
2969 1763 3245 1820 fructifera
3275 1767 3438 1822 arbor
3467 1783 3573 1822 non

2004 1850 2240 1920 loquitur
2262 1851 2474 1919 quidem
2497 1891 2512 1916 ,
2545 1862 2598 1906 et
2629 1862 2803 1908 tamen
2831 1869 2894 1909 ex
2925 1855 3097 1910 fructu
3125 1860 3484 1928 cognoscitur.
3516 1863 3581 1916 Et

2004 1957 2132 2011 apes
2173 1943 2385 2011 quando
2426 1957 2668 1998 cerarum
2719 1945 2880 2000 cellas
2912 1947 3185 2011 intexunt,
3232 1951 3447 2019 quando
3476 1954 3581 2007 mel

2004 2033 2296 2088 conficiunt
2336 2043 2390 2090 et
2418 2036 2557 2090 dulci
2590 2036 2901 2092 distendunt
2939 2047 3153 2095 nectare
3181 2041 3360 2107 favos,
3390 2059 3494 2098 non
3528 2044 3581 2099 in

2011 2125 2226 2193 publico
2255 2140 2388 2194 optts
2417 2135 2690 2192 exercent,
2718 2129 2808 2180 sed
2834 2128 2933 2182 sub
2963 2128 3055 2181 vili
3086 2130 3287 2185 cortice
3311 2131 3474 2186 classe
3506 2132 3581 2186 la-

2007 2214 2230 2281 harant,
2258 2224 2312 2270 et
2339 2215 2463 2270 inde
2512 2218 2850 2285 postmodum
2890 2219 3058 2288 gratia
3086 2219 3324 2275 dulcoris
3349 2222 3586 2298 erumpit

2006 2305 2059 2359 in
2085 2306 2334 2373 publico;
2367 2321 2468 2362 nec
2509 2307 2777 2363 immerito
2811 2307 3011 2362 dictum
3053 2318 3137 2364 est
3177 2316 3296 2380 quia
3325 2312 3484 2367 brevis
3529 2315 3584 2367 in

2006 2396 2300 2450 volatilibus
2340 2399 2451 2466 apis
2475 2398 3013 2468 (Eccli.xi),cttamen
3044 2401 3325 2469 primatum
3349 2403 3586 2459 dulcoris

2008 2487 2170 2541 habet
2193 2487 2392 2543 fruetus
2414 2488 2549 2557 ejus.
2570 2488 2760 2544 Retine
2783 2503 2910 2558 ergo
2935 2499 3257 2561 praeceptum
3275 2493 3541 2550 modicum
3569 2515 3584 2550 :

2010 2577 2115 2632 Fac
2152 2578 2550 2650 eleemosynam
2574 2620 2588 2643 ,
2624 2580 2894 2636 absconde
2922 2596 3088 2650 penes
3131 2593 3202 2638 te.
3249 2584 3330 2639 Sit
3364 2585 3504 2641 intra
3533 2597 3586 2642 te

2008 2670 2142 2724 cella
2195 2679 2304 2736 tua,
2352 2682 2406 2724 ut
2437 2671 2577 2740 quod
2624 2681 2677 2725 tu
2722 2673 2854 2741 tegis
2880 2673 2947 2728 ab
2976 2673 3096 2730 aliis
3142 2676 3460 2744 praedicetur
3533 2689 3590 2734 et

2010 2769 2137 2816 tunc
2163 2764 2633 2817 remunerabitura
2659 2761 2875 2819 Christo
2898 2766 2984 2834 qui
3015 2766 3142 2821 dicit
3168 2785 3181 2822 :
3211 2770 3430 2836 Quando
3456 2771 3588 2839 facis

2010 2852 2402 2923 efeemosynam,
2433 2857 2624 2908 nesciat
2661 2856 2870 2909 sinistra
2910 2868 2997 2911 tua
3022 2859 3146 2928 quid
3189 2861 3347 2927 faciat
3379 2861 3587 2917 dextera

2012 2954 2099 2998 tua
2113 2941 2424 3015 (Mali/LVI).
2437 2946 2810 3001 Diseutiendus
2826 2961 3026 3018 sermo,
3043 2950 3360 3020 requirenda
3374 2963 3590 3009 senteno

2012 3033 2105 3088 tia.
2136 3035 2273 3100 Quid
2302 3044 2384 3091 est
2421 3037 2554 3091 hoc?
2584 3038 2822 3107 nunquid
2849 3039 3032 3109 dispar
3058 3053 3142 3097 est
3173 3042 3335 3101 homo
3362 3045 3503 3101 intra
3527 3061 3589 3101 se

2013 3122 2066 3178 in
2093 3139 2200 3179 uno
2241 3140 2500 3196 corpore,
2532 3136 2588 3181 ut
2632 3129 2704 3183 sit
2759 3129 2892 3184 alter
2923 3130 2976 3185 in
3013 3132 3232 3198 dextra,
3265 3135 3404 3190 alter
3430 3136 3486 3192 in
3513 3135 3592 3192 sia-

2011 3216 2179 3270 nistra
2202 3217 2225 3270 ?
2251 3217 2419 3271 absit!
2454 3218 2594 3273 Idem
2628 3219 2790 3274 homo
2830 3229 2911 3276 est
2945 3223 3035 3291 qui
3069 3223 3227 3279 habet
3251 3235 3306 3280 et
3339 3225 3584 3282 dextram

2011 3315 2066 3362 et
2091 3308 2393 3362 sinistram.
2428 3309 2494 3362 Et
2527 3309 2795 3378 quomodo
2823 3320 2996 3380 potest
3021 3314 3157 3379 fieri,
3187 3325 3246 3370 ut
3276 3317 3484 3386 ignoret
3513 3317 3588 3373 si-

2012 3398 2176 3452 nistra
2205 3399 2328 3468 quid
2352 3397 2508 3453 faciat
2529 3400 2715 3455 dextra
2736 3401 2758 3453 τ
2781 3417 2901 3456 nam
2927 3404 3028 3458 etsi
3065 3420 3255 3460 manus
3300 3407 3422 3462 dare
3463 3419 3589 3464 sunt

2012 3488 2063 3542 in
2091 3503 2342 3558 corpore,
2373 3490 2561 3546 dextra
2599 3491 2866 3562 laevaque,
2899 3494 2992 3548 sed
3017 3497 3227 3550 animus
3259 3513 3393 3552 unus
3413 3508 3497 3553 est
3524 3501 3577 3554 in

2011 3578 2250 3643 homine,
2274 3581 2361 3649 qui
2383 3582 2511 3648 tegit
2533 3591 2816 3651 utrumque
2839 3583 2973 3638 latus
2992 3586 3044 3639 in
3061 3586 3248 3654 dextra
3271 3596 3326 3642 et
3345 3590 3583 3646 sinistra.

2012 3667 2208 3737 Liquet
2236 3669 2395 3739 igitur
2413 3680 2467 3724 et
2493 3687 2599 3724 non
2618 3683 2698 3724 est
2720 3671 3046 3741 ambiguum,
3078 3676 3218 3743 quod
3243 3677 3296 3731 in
3321 3676 3420 3733 hoc
3449 3693 3586 3748 pra}.

2012 3767 2169 3826 cepto
2201 3759 2362 3813 altius
2386 3759 2584 3828 aliquid
2619 3760 2974 3818 introducitur
3001 3775 3054 3819 et
3080 3767 3364 3823 sublimius
3391 3770 3589 3826 intelli-

2013 3851 2173 3918 gitur.
2218 3850 2421 3918 Duplex
2467 3859 2551 3904 est
2584 3851 2739 3917 plane
2781 3853 2941 3907 homo
2993 3859 3128 3908 intra
3160 3872 3240 3911 se.
3271 3859 3482 3915 Etcum
3518 3861 3590 3915 sit

2013 3955 2172 4008 unus,
2195 3940 2399 3995 divisus
2421 3951 2697 3997 esttamen
2722 3944 2772 3998 in
2796 3944 2984 4000 dextra
3001 3957 3054 4001 et
3077 3948 3313 4004 sinistra.
3343 3951 3588 4007 Divisus?

2013 4031 2326 4102 quomodo?
2357 4047 2461 4085 n0n
2489 4034 2668 4089 animo
2688 4071 2704 4099 ,
2735 4036 2829 4090 sed
2869 4051 3072 4105 Opere;
3106 4054 3211 4094 non
3244 4053 3454 4108 mente,
3493 4047 3588 4101 sed

2016 4123 2276 4179 moribus.
2337 4124 2615 4194 flabetque
2666 4127 2864 4182 bonum
2899 4139 2953 4184 et
2990 4133 3186 4186 malum
3235 4132 3484 4189 :bonum
3538 4138 3591 4191 in

2014 4215 2226 4282 dextra,
2253 4216 2452 4270 malum
2485 4218 2538 4272 in
2567 4219 2807 4274 sinistra.
2832 4221 3376 4292 PraecipitDominus,
3405 4229 3595 4291 nesciat

2014 4306 2224 4359 sinistra
2250 4307 2374 4376 quid
2417 4307 2576 4377 faciat
2598 4310 2778 4364 dextra
2798 4328 2817 4365 ς
2839 4313 2977 4382 quod
3008 4329 3038 4366 a
3070 4315 3224 4368 nobis
3261 4317 3338 4371 sic
3369 4311 3592 4389 intelligi

2016 4395 2152 4450 solet
2176 4403 2429 4465 tanquam
2453 4399 2497 4452 si
2523 4399 2594 4452 ita
2619 4400 2818 4455 dictum
2840 4404 2936 4455 sit:
2960 4403 3186 4459 Sinistra
3211 4408 3338 4460 tacit
3354 4408 3587 4474 malum;

2019 4504 2123 4544 non
2149 4489 2224 4544 illi
2253 4493 2552 4547 consentiat
2577 4494 2794 4560 dextra;
2819 4495 2868 4548 id
2892 4505 2995 4561 est,
3029 4497 3072 4550 si
3100 4513 3295 4567 corpus
3321 4510 3466 4556 tuum
3494 4501 3594 4558 de-

335 4594 488 4656 patet
517 4587 593 4640 illi
622 4586 763 4654 quod
806 4587 930 4640 latet
957 4554 1181 4640 homini.
1215 4587 1270 4643 Si
1299 4554 1526 4654 plaudis,
1561 4601 1668 4640 non
1701 4587 1906 4655 places:
1945 4554 1994 4614 θ
2021 4581 2264 4652 linquere
2294 4584 2456 4653 cogit,
2486 4599 2592 4639 non
2619 4585 2697 4640 illi
2734 4554 2994 4641 assentiat
3029 4554 3227 4644 anima.
3257 4591 3393 4655 Quid
3421 4554 3588 4648 estin

336 4680 380 4732 si
412 4678 724 4732 hominibus
752 4677 966 4746 placere
986 4678 1064 4732 vis
1083 4715 1100 4742 ,
1127 4677 1379 4746 displices
1410 4678 1482 4734 illi
1505 4679 1593 4746 qui
1620 4677 1819 4734 docuit.
1853 4678 1909 4733 Si

337 4770 594 4840 displices
614 4807 630 4835 ,
671 4768 954 4824 minorasti
996 4769 1259 4838 justitiam
1283 4814 1298 4838 ,
1332 4771 1618 4826 vulnerasti
1649 4772 1869 4840 gratiam
1895 4810 1910 4834 ,

338 4863 551 4918 violasti
589 4861 913 4917 mercedem.
948 4861 1191 4930 Denique
1222 4864 1300 4916 sic
1329 4862 1604 4932 subiungit
1642 4860 1781 4916 idem
1810 4861 1912 4915 do-

337 4966 458 5009 ctor
483 4973 495 5006 :
522 4953 580 5010 Si
621 4952 927 5008 hominibus
970 4953 1181 5021 placere
1225 4952 1414 5018 vultis,
1455 4951 1760 5008 mercedem
1807 4966 1912 5006 non

342 5045 611 5098 habebitis
639 5045 778 5112 apud
819 5043 1034 5097 Patrem
1079 5043 1374 5099 celestem.
1411 5043 1466 5097 In
1508 5044 1667 5098 simili
1699 5045 1914 5113 negotio

339 5134 504 5187 etiam
534 5133 897 5201 pronuntiavit
940 5133 1226 5202 Apostolus
1255 5150 1268 5184 :
1302 5132 1364 5186 Si
1413 5133 1704 5187 hominibus
1742 5135 1916 5202 place;

338 5240 469 5286 rem,
493 5222 678 5276 Christi
708 5239 879 5276 servus
919 5239 1018 5275 non
1046 5239 1222 5276 essem.
1251 5224 1384 5277 Cum
1425 5225 1584 5292 igitur
1627 5225 1753 5293 facis
1782 5223 1918 5279 elec-

339 5330 624 5384 mosynam,
656 5314 762 5367 noli
786 5314 902 5365 tuba
930 5329 1108 5366 canere
1156 5324 1274 5366 ante
1301 5323 1365 5378 te,
1395 5315 1488 5367 sed
1522 5326 1638 5369 tace
1657 5354 1672 5379 ,
1703 5324 1756 5369 et
1785 5329 1914 5382 Stip-

338 5407 514 5475 prime
541 5405 676 5459 intra
704 5417 755 5460 lc
787 5406 982 5459 factum
1018 5417 1188 5459 tuum.
1235 5405 1346 5461 Noli
1377 5407 1675 5475 tibicinare,
1707 5422 1772 5462 ne
1799 5407 1918 5461 vnl-

336 5512 500 5552 neres
530 5510 665 5565 opus
698 5507 840 5550 tuum
870 5513 882 5549 :
911 5498 1016 5551 noli
1051 5497 1278 5566 prodere
1315 5498 1457 5568 quod
1503 5498 1695 5554 fecisti.
1727 5499 1918 5567 Operae

338 5587 567 5656 pretium
597 5587 903 5652 perdidisti,
933 5587 977 5641 si
1007 5587 1212 5641 laudari
1240 5588 1306 5641 ab
1335 5587 1644 5643 hominibus
1676 5589 1913 5643 voluisti.

336 5677 550 5733 Sufficit
587 5678 679 5732 tibi
709 5677 844 5744 hoc;
878 5677 1041 5733 habes
1075 5677 1373 5734 mercedem
1415 5687 1579 5734 tuam.
1615 5679 1771 5735 Tales
1820 5681 1918 5735 ho-

2021 4673 2236 4730 bomine
2255 4675 2482 4732 dextra?
2501 4692 2681 4733 nonne
2697 4693 2822 4747 pars
2843 4681 3072 4736 animae?
3093 4684 3217 4751 quid
3239 4694 3318 4740 est
3343 4686 3594 4744 sinistra?

2023 4781 2197 4821 nonne
2227 4781 2350 4836 pars
2382 4768 2660 4837 corporis?
2691 4769 2846 4824 Disce
2875 4772 3001 4839 quid
3039 4772 3328 4829 introducit
3354 4793 3366 4828 :
3399 4779 3592 4832 nesciat

2021 4858 2230 4913 sinistra
2259 4860 2383 4928 quid
2423 4859 2578 4927 faciat
2609 4860 2809 4915 dextra.
2847 4861 3092 4932 Nunquid
3135 4865 3346 4930 quando
3392 4867 3589 4924 bonum

2023 4951 2224 5022 geritur
2254 4965 2379 5006 caro
2409 4951 2651 5020 ignorat,
2674 4960 2768 5006 aut
2792 4954 3005 5023 quando
3043 4956 3241 5010 malum
3285 4955 3408 5012 facit
3433 4972 3589 5025 caro,

2024 5040 2199 5093 anima
2230 5039 2566 5096 nescitfnon
2588 5049 2672 5096 est
2700 5042 2793 5096 ita.
2821 5043 2992 5098 Aliter
3019 5044 3254 5116 intellige
3280 5047 3348 5102 de
3376 5048 3594 5104 sinislra

2024 5141 2080 5184 et
2099 5130 2307 5186 dextra.
2334 5130 2466 5186 Tale
2485 5141 2587 5196 est,
2609 5133 2751 5202 quod
2766 5133 2893 5188 dicit
2910 5151 2922 5186 :
2937 5135 3160 5201 Quando
3179 5138 3372 5193 bonum
3394 5138 3595 5209 aliquid

2025 5232 2251 5277 conatur
2278 5222 2453 5280 facere
2482 5225 2691 5289 dextra,
2718 5226 2768 5280 id
2800 5237 2881 5282 est
2907 5229 3106 5293 anima,
3136 5246 3240 5284 noo
3261 5232 3402 5286 illam
3427 5233 3596 5300 impe-

2026 5315 2137 5370 diat
2166 5317 2404 5386 sinistra,
2449 5333 2567 5388 qua:
2595 5327 2678 5374 est
2705 5334 2864 5384 caro;
2895 5321 2988 5375 sed
3019 5331 3265 5390 tanquam
3294 5325 3598 5380 dormiente

2027 5407 2244 5460 sinistra
2272 5409 2486 5464 festinet
2513 5410 2699 5465 dextra
2734 5411 2929 5466 furtivo
2960 5427 3111 5468 more
3137 5415 3346 5483 operari
3375 5414 3594 5481 bonum,

2029 5512 2082 5556 et
2107 5501 2372 5569 expellere
2400 5504 2596 5557 malum
2625 5505 2692 5559 de
2739 5506 3026 5570 membris,
3073 5507 3213 5575 quod
3243 5505 3438 5560 dicitur
3465 5506 3600 5562 sini-

2026 5603 2192 5648 strum
2221 5611 2233 5645 :
2271 5593 2357 5649 hic
2386 5605 2468 5649 est
2495 5609 2706 5662 sensus,
2737 5605 2791 5650 et
2831 5595 2918 5650 hic
2949 5605 3033 5652 est
3061 5595 3362 5649 intellectus
3391 5596 3597 5652 dextra:

2028 5697 2080 5743 et
2106 5688 2358 5744 sinistra.
2391 5687 2702 5758 Exponatur
2733 5691 2989 5761 apertius,
3020 5697 3074 5746 et
3111 5688 3286 5744 luceat
3323 5703 3505 5746 sermo
3541 5686 3596 5742 in

4025 5 4027 62 1

4025 67 4027 110 l

4025 175 4027 218 ι
