4032 6184
422 307 513 359 ill

1404 302 1459 359 S.
1503 300 1866 359 LAUl‘tENI‘li
1906 300 2354 361 NUVARIENSIS
2398 302 2694 360 EI‘L‘LCUPI

3580 298 3682 355 il!

418 438 598 491 opere.
625 422 853 477 Sinistra
874 433 980 490 tua,
1014 423 1062 477 id
1086 431 1166 477 Col
1196 436 1344 485 caro,
1367 423 1599 475 erravit?
1624 422 1832 487 dextra",
1852 420 1993 489 quod
2028 426 2079 480 Α
2108 436 2201 475 sua
2233 430 2483 477 stateram
2506 424 2509 427 ’
2533 422 2586 475 in
2625 436 2726 491 qua
2770 420 3052 491 perpendit
3092 421 3230 476 inter
3258 416 3365 477 duo
3407 414 3640 490 pondera
3660 465 3677 491 ,

416 522 500 565 est
527 513 700 566 anima
720 553 734 577 ,
760 514 987 567 emenda
1016 526 1274 566 errorem.
1312 510 1488 564 Potuit
1521 512 1671 564 enim
1695 511 1747 563 in
1777 509 1996 562 homine

416 605 661 659 dextrum
688 606 800 658 lieri
834 614 1118 672 utrumque
1146 604 1306 669 latus,
1337 602 1433 657 sed
1473 602 1593 657 ideo
1614 602 1799 670 dispar
1828 601 1998 655 factus

416 705 498 750 est
530 695 581 748 in
613 705 858 764 utroque,
890 704 946 747 ut
973 704 1080 748 tam
1106 694 1229 749 boni
1256 708 1415 762 quam
1451 692 1579 745 mali
1603 692 1743 746 inse
1769 690 1999 745 fermen-

418 794 528 840 tum
562 786 842 840 retineret.
884 785 1016 843 Boni
1055 784 1377 839 fermentum
1422 784 1475 838 in
1516 785 1728 847 dextra,
1772 783 1895 835 mali
1945 784 1997 837 in

420 877 632 931 sinistra
665 893 679 939 ;
712 876 854 944 quod
883 876 960 930 sic
991 876 1246 945 distingui
1292 883 1466 944 potest
1495 890 1508 926 :
1540 874 1757 929 sinistra
1801 883 1885 927 tua
1919 874 2025 927 itt-‘

419 965 569 1020 duxit
593 975 643 1021 te
666 966 716 1019 in
737 977 1012 1034 peccatum
1035 966 1057 1018 ?
1084 965 1267 1019 dextra
1290 974 1379 1018 tua
1406 972 1560 1019 eruat
1584 973 1639 1018 te
1661 964 1729 1018 de
1758 972 1996 1032 peccato.

416 1054 648 1111 Sinistra
684 1056 921 1124 peccavit
957 1057 1009 1110 in
1039 1056 1293 1125 aspectu?
1318 1055 1504 1110 dextra
1548 1056 1801 1123 propitiet
1831 1055 1883 1107 in
1916 1069 2001 1109 se-

418 1158 583 1201 creto.
619 1149 845 1202 Sinistra
880 1147 1003 1202 fecit
1034 1147 1313 1217 praedam?
1345 1147 1531 1202 dextra
1562 1145 1722 1200 faciat
1766 1145 2001 1200 eleemo-

416 1254 627 1309 synam.
665 1239 815 1305 Quod
849 1240 937 1293 illa
993 1239 1117 1294 fecit
1174 1237 1568 1309 imprudenter,
1603 1236 1719 1292 haec
1750 1238 2001 1291 emendet

420 1336 663 1391 silentcr.
698 1336 923 1390 Sinistra
954 1336 1127 1405 rapuit
1149 1334 1437 1389 vestitum?
1460 1333 1647 1387 dextra
1678 1332 1875 1386 VCSlial
1904 1347 2001 1384 nu-

424 1425 541 1479 dos.
577 1426 667 1479 Illa
698 1426 958 1494 percussit
989 1425 1328 1481 crudeliter?
1363 1426 1464 1479 ista
1488 1423 1733 1478 sublevet
1764 1432 1819 1477 et
1849 1431 2001 1476 sanet

419 1516 714 1570 humiliter.
745 1515 841 1571 illa
867 1518 1138 1587 congessit
1182 1514 1512 1584 impietatem
1544 1515 1566 1567 ’ἓ
1598 1514 1699 1567 ista
1737 1514 1806 1568 sit
1841 1513 1996 1582 plena

421 1617 636 1673 pietate.
668 1608 761 1663 llla
796 1610 1061 1678 impressit
1092 1608 1354 1664 vulnera?
1388 1606 1483 1661 ista
1515 1606 1753 1675 imponat
1778 1604 1997 1660 medici-

418 1715 541 1753 nam
583 1711 634 1754 ct
666 1701 915 1759 adhibeat
936 1717 1143 1757 curam.
1181 1701 1382 1755 Reatus
1409 1710 1491 1754 est
1533 1699 1583 1751 in
1623 1698 1839 1753 sinislra
1868 1700 1887 1752 ?
1915 1713 2000 1753 re-

2104 528 2264 566 unum
2296 512 2487 581 meriti,
2538 524 2589 568 et
2623 526 2784 569 unum
2818 514 3041 582 peccati.
3076 514 3316 570 Pricvide
3360 524 3433 580 te,
3471 515 3636 571 homo
3666 536 3677 570 :

2104 607 2241 660 senti
2260 606 2483 676 pondus
2507 592 2679 671 tuum,
2705 613 2990 674 antequam
3013 606 3235 662 veniens
3256 607 3348 662 ille
3377 607 3430 661 in
3454 621 3550 662 sua
3574 618 3680 664 sta-

2104 708 2215 751 tera
2244 705 2295 750 te
2318 696 2627 762 suspendat.
2664 696 2956 752 Considera
3001 705 3197 751 statum
3231 692 3411 762 tuum,
3457 708 3513 754 et
3563 708 3682 754 esto

2106 786 2203 840 tibi
2230 790 2343 855 ipse
2361 794 2581 840 statera.
2608 785 2703 842 Sat
2726 786 2819 840 tibi
2843 785 3163 855 decerpere
3193 798 3283 841 tuo
3303 797 3521 843 statera.
3552 788 3681 842 Diae

2105 890 2294 929 manus
2323 887 2445 944 tute,
2478 876 2583 931 duo
2611 886 2737 930 sunt
2763 877 2957 931 calculi
2991 877 3113 930 hinc
3145 886 3303 946 atque
3336 877 3459 932 inde
3489 877 3540 932 in
3573 890 3685 932 sta-

2105 976 2213 1021 tera
2246 967 2560 1035 pendentes.
2599 966 2760 1022 Vides
2782 967 3051 1037 quomodo
3095 967 3209 1035 ipse
3239 967 3331 1021 tibi
3359 983 3418 1023 es
3442 972 3683 1023 statera?
3708 978 3731 985 ‘

2105 1062 2374 1130 perpende
2419 1077 2511 1115 cor
2540 1070 2684 1116 tuum
2713 1071 2768 1115 et
2802 1061 3207 1116 conscientiam.
3241 1061 3518 1130 Perpende
3568 1065 3684 1116 ani-

2104 1168 2242 1206 mam
2277 1162 2417 1206 tuam
2449 1152 2795 1221 membraque
2839 1151 2953 1221 ipsa
2988 1153 3043 1207 in
3074 1160 3298 1218 statera,
3337 1154 3481 1220 prius
3520 1167 3681 1222 quam

2101 1244 2339 1298 divinum
2370 1259 2596 1299 examen
2650 1245 2932 1306 incurras;
2974 1246 3042 1298 sit
3073 1245 3284 1299 animus
3325 1254 3446 1300 tuus
3485 1245 3684 1299 arbiter

2101 1336 2359 1391 factorum
2409 1345 2652 1403 tuorum,
2688 1338 3091 1408 ponderumque
3140 1340 3411 1407 inspector
3442 1350 3680 1394 tuorum.

2104 1424 2311 1494 Inspice
2343 1425 2625 1495 diligenter
2653 1426 2779 1496 quid
2814 1438 2957 1482 tenet
3002 1428 3214 1491 dextra,
3246 1438 3333 1482 aut
3378 1428 3505 1497 quid
3546 1430 3684 1498 gerit

2102 1515 2337 1569 sinistra.
2366 1515 2540 1570 Habes
2571 1517 2775 1570 scilicet
2803 1516 3000 1571 malum
3033 1517 3084 1571 in
3112 1516 3327 1571 sinistra
3374 1518 3645 1572 conditum
3669 1561 3682 1580 ,

2102 1607 2352 1661 meritum
2386 1607 2436 1660 in
2469 1607 2659 1661 dextra
2699 1608 3006 1663 collectum.
3049 1607 3179 1663 Vide
3207 1608 3335 1677 quid
3371 1610 3491 1678 plus
3513 1618 3595 1663 est
3626 1612 3678 1663 in

2102 1711 2265 1767 Opere
2296 1708 2386 1751 tuo
2407 1738 2420 1761 ,
2453 1709 2542 1751 aut
2577 1713 2695 1768 qua:
2728 1713 2852 1767 pars
2884 1699 2933 1752 in
2964 1698 3173 1753 actibus
3220 1699 3327 1752 tuis
3379 1700 3678 1761 exuberat;

420 1790 604 1845 missio
633 1791 701 1846 sit
731 1791 783 1846 in
813 1792 1022 1847 dextra.
1060 1794 1253 1847 Malunt
1302 1789 1442 1860 quod
1475 1789 1689 1844 sinistra
1739 1787 1993 1858 ingessit,
2031 1794 2072 1853 Β
2102 1791 2317 1844 sinistra
2349 1806 2416 1843 an
2447 1790 2665 1855 dextra;
2699 1799 2755 1845 et
2784 1791 2896 1844 vult
2920 1800 2971 1844 te
2996 1790 3273 1846 collidere.
3308 1790 3425 1845 Noli
3455 1792 3679 1853 cedere.

421 1884 609 1937 dextra
652 1882 907 1950 repellat;
938 1894 1204 1938 venenum
1260 1881 1405 1935 illius
1450 1881 1546 1932 ista
1579 1878 1898 1946 exstinguat.
1934 1878 1998 1931 Et

420 1972 544 2039 quid
576 1972 769 2039 plura?
802 1974 885 2040 ign
912 1988 936 2028 s
965 1984 1047 2028 est
1080 1973 1132 2027 in
1159 1973 1396 2033 sinistra,
1433 1979 1487 2023 et
1512 1978 1589 2023 εει
1620 1984 1755 2037 aqua
1788 1969 1840 2022 in
1868 1969 1995 2023 dex-

424 2075 526 2117 tra.
562 2062 785 2128 Quando
812 2067 998 2135 ﬂagrat
1026 2066 1077 2118 in
1111 2064 1325 2118 sinistra
1350 2059 1487 2129 ignis
1519 2064 1744 2132 peccati,
1771 2063 1916 2132 pluat
1945 2062 1997 2116 in

421 2165 608 2217 dextra
648 2161 867 2230 jUSliliiC
891 2173 1055 2226 aqua,
1087 2165 1140 2209 et
1192 2156 1323 2209 nihil
1352 2169 1434 2211 cst
1468 2168 1594 2211 tunc
1619 2154 1759 2224 quod
1788 2164 1995 2209 noceat.

422 2255 556 2308 Dum
584 2252 776 2321 imples
802 2248 931 2303 illud
954 2248 1097 2317 quod
1128 2247 1328 2301 dictum
1354 2256 1457 2313 est,
1478 2246 1625 2302 Sicut
1648 2263 1782 2315 aqua
1810 2240 2011 2298 erstin-'

419 2344 527 2413 guit
548 2345 734 2413 ignem,
752 2340 1163 2408 sicelecmosyna
1188 2339 1466 2408 exstinguit
1483 2338 1697 2391 crimina
1712 2336 1894 2408 (Ecclt'.
1913 2336 2012 2403 ιιι).

422 2438 520 2491 llic
542 2434 879 2490 manifestum
912 2441 1014 2496 est,
1066 2431 1187 2499 quia
1240 2446 1337 2485 nec
1383 2440 1659 2500 peccatum
1712 2429 1910 2484 desinit
1945 2430 1995 2483 in

422 2528 659 2595 homine,
685 2540 781 2580 nec
806 2524 944 2590 fons,
978 2538 1076 2578 nec
1108 2524 1354 2577 remissio
1385 2523 1567 2579 delicit
1598 2538 1853 2592 unquam.
1884 2514 1998 2576 Sed

419 2622 620 2675 divisus
650 2618 811 2671 homo
842 2617 893 2671 in
924 2616 1139 2670 sinistra
1172 2625 1229 2669 et
1269 2615 1456 2669 dextra
1484 2631 1500 2679 ;
1524 2614 1652 2683 ipse
1682 2615 1760 2668 sui
1798 2613 2001 2668 arbiter

419 2722 524 2777 est,
555 2719 644 2766 aut
671 2709 874 2779 perdit,
907 2715 998 2761 aut
1030 2709 1265 2761 invenit:
1301 2706 1426 2774 quid
1472 2716 1528 2760 tu
1560 2706 1624 2760 ad
1656 2706 1815 2760 iure?
1846 2706 2000 2759 times

420 2804 557 2858 forte
587 2817 652 2855 ne
679 2799 893 2853 sinistra
928 2804 1145 2865 superet
1168 2796 1188 2848 t
1215 2795 1332 2849 Noli
1359 2797 1531 2849 vereri
1563 2812 1574 2846 :
1607 2795 1721 2863 plus
1751 2794 1918 2857 valet,
1954 2795 1996 2847 si

408 2894 649 2949 voluerit
679 2888 989 2945 dextra.'Et
1020 2889 1065 2941 si
1098 2886 1313 2940 inimica
1345 2897 1428 2940 est
1457 2886 1675 2940 sinistra
1706 2901 1823 2954 quze
1852 2885 2001 2939 dam-

424 2995 546 3051 nat,
571 2986 662 3040 sed
685 2983 863 3038 antica
885 2993 967 3036 est
1015 2982 1219 3036 dextra
1249 2996 1368 3048 qum
1399 2980 1584 3033 salvat.
1625 2980 1688 3032 Et
1713 2979 1758 3032 si
1796 2980 1881 3032 illa
1916 2978 1996 3031 in-

420 3079 624 3147 quinat,
659 3076 901 3146 protinus
929 3076 1028 3128 ista
1054 3072 1371 3126 sanctiﬁcat.
1398 3058 1643 3124 vValidior
1671 3078 1756 3122 est
1783 3082 1917 3138 aqua
1946 3070 1998 3121 in
2024 3076 2028 3082 '

2101 1884 2225 1953 quia
2256 1883 2514 1951 scriptum
2545 1892 2627 1937 est
2678 1884 2771 1938 tibi
2800 1900 2815 1937 :
2858 1883 2983 1937 Noli
3010 1884 3141 1937 vinci
3166 1901 3197 1937 a
3229 1885 3385 1952 malo,
3429 1885 3518 1938 sed
3545 1886 3685 1938 vince

2104 1976 2156 2027 in
2179 1974 2311 2027 bona
2335 1974 2526 2028 malum
2550 1975 2725 2045 (Rom.
2751 1976 2867 2043 xu).
2903 1976 3121 2030 Molesta
3156 1976 3249 2029 tibi
3268 1984 3349 2030 est
3370 1976 3605 2037 sinistra,
3632 1986 3686 2031 et

2101 2067 2296 2134 quzerit
2326 2076 2378 2122 te
2418 2066 2667 2122 subdere.
2704 2068 2867 2122 intrat
2895 2077 3217 2137 opportune,
3250 2077 3406 2122 vexat
3437 2077 3487 2122 te
3525 2069 3685 2123 vehe~

2104 2165 2341 2221 menter,
2366 2157 2566 2211 collidit
2599 2157 2937 2227 frequenter,
2971 2170 3022 2213 et
3054 2160 3193 2228 capit
3232 2160 3432 2229 jttgiter
3461 2177 3475 2222 ;
3507 2175 3673 2228 pravo

2107 2244 2343 2313 pondere
2375 2256 2527 2316 urget
2576 2248 2808 2302 animam
2831 2289 2843 2312 ,
2888 2257 2939 2303 et
2990 2263 3202 2304 morsus
3235 2251 3427 2305 ferales
3455 2251 3639 2320 inﬂigit
3671 2296 3681 2312 .

2111 2334 2298 2390 dentes
2330 2338 2382 2391 in
2417 2347 2467 2392 te
2497 2339 2945 2407 concupiscentiae
2970 2340 3203 2396 carnalis
3234 2340 3426 2410 inﬂgit,
3461 2345 3685 2398 interru-

2106 2439 2209 2492 que
2248 2425 2415 2480 la‘era
2460 2437 2545 2481 tua
2597 2428 2849 2482 vitiorum
2899 2442 3118 2483 suorum
3168 2430 3429 2499 unguibus
3478 2432 3672 2487 sulcat.

2105 2518 2329 2582 Quando
2353 2513 2559 2573 videris
2590 2528 2643 2573 tu
2675 2520 2819 2588 quod
2842 2534 2973 2585 .pars
3017 2520 3117 2573 ista
3138 2520 3364 2574 inimica
3390 2526 3685 2576 concrescit

2104 2608 2155 2662 in
2188 2607 2346 2672 malo,
2376 2596 2647 2679 armisque
2676 2610 2961 2665 hostilibus
2992 2612 3185 2678 stipata
3230 2611 3444 2666 sinistra
3493 2618 3685 2681 qumrit

2105 2706 2157 2751 te
2195 2712 2529 2768 expugnare,
2563 2708 2845 2770 castraque
2894 2701 3123 2769 pectoris
3171 2702 3244 2755 tui
3284 2712 3510 2756 conatur
3540 2706 3685 2758 evel-

2106 2787 2253 2851 lere;
2284 2798 2338 2842 tu
2381 2789 2488 2842 noli
2522 2790 2737 2857 terreri,
2768 2790 2863 2844 sed
2903 2792 3014 2845 redi
3057 2792 3107 2843 in
3168 2805 3384 2845 sensum
3432 2802 3597 2857 tuum,
3632 2806 3687 2847 et

2106 2878 2176 2931 ibi
2210 2879 2449 2933 invenies
2478 2880 2779 2950 adjutorem
2814 2882 3000 2936 Deum.
3032 2881 3088 2936 Si
3136 2892 3310 2936 tamen
3344 2883 3488 2936 illum
3528 2886 3685 2936 limes

2104 2972 2420 3026 et'fulurum
2460 2972 2853 3043 ejusjudiciu‘nt
2881 2973 3169 3029 reformida
3201 2991 3216 3031 :
3245 2975 3296 3027 in
3327 2975 3428 3029 hoc
3462 2976 3597 3038 loco,
3632 2977 3682 3029 in

2104 3060 2207 3114 isto
2259 3062 2551 3117 certamine
2602 3078 2707 3118 non
2756 3064 2963 3134 ignoret
3004 3068 3251 3132 sinistra,
3284 3066 3543 3122 sed-sciat
3579 3083 3684 3121 ma-

423 3171 613 3225 dextra
638 3182 795 3237 quam
825 3167 962 3235 ign‘s
984 3165 1038 3218 in
1064 3162 1300 3217 sinistra.
1329 3161 1459 3215 Nam
1486 3160 1858 3215 exuberaverit
1887 3157 1997 3223 illa,
2029 3165 2076 3226 ρ
2105 3151 2186 3220 gis
2215 3150 2341 3217 quid
2367 3150 2525 3206 faciat
2558 3151 2781 3208 dextera
2825 3164 2933 3209 tua.
2971 3154 3119 3209 Sciat
3148 3156 3285 3225 quod
3319 3156 3559 3223 ignorat;
3589 3159 3681 3210 ad-

426 3271 548 3309 mox
576 3255 727 3308 istius
764 3252 958 3306 dnttma
998 3248 1278 3317 Subigitur.
1325 3246 1470 3301 Scito
1525 3247 1699 3313 itaque
1747 3243 1868 3313 quia
1900 3241 1997 3297 etsi

426 3349 639 3400 ﬂamma
670 3353 751 3397 est
779 3341 959 3395 delicti
991 3339 1042 3392 in
1062 3338 1432 3407 corpore,sed
1467 3335 1587 3389 fons
1609 3344 1690 3389 est
1712 3334 1923 3388 divinus
1947 3332 1999 3385 iu

423 3438 624 3492 corde:
654 3435 895 3488 ﬂammas
945 3432 1183 3485 membra
1237 3429 1563 3490 ministrant,
1607 3426 1804 3479 fontem
1850 3438 2001 3477 mens

426 3528 710 3596 nminat.
747 3523 836 3578 Sic
865 3523 953 3575 lict
986 3532 1033 3572 ut
1065 3518 1204 3588 quod
1239 3515 1856 3587 ioquinavcritsinistra,
1880 3527 2004 3565 san-

426 3622 627 3675 ctilicet
655 3610 1127 3685 dextra._Siuistra
1156 3610 1405 3664 diurnum
1451 3606 1610 3660 habet
1642 3604 2006 3672 inquinamen-

429 3728 560 3777 tum,
588 3719 645 3775 et
665 3709 850 3764 dextra
874 3707 1119 3760 diurnam
1149 3702 1306 3756 habet
1335 3700 1759 3761 absolutionem;
1785 3707 1840 3751 ut
1861 3711 1930 3765 qu
1970 3693 2003 3748 d

430 3804 681 3870 polluitur
712 3800 767 3853 in’
789 3798 1029 3859 sinistra,
1064 3794 1371 3863 purificetnr
1400 3789 1449 3845 in
1475 3791 1659 3845 dextra
1716 3789 1886 3841 llotno
1915 3796 2004 3839 sa-
2030 3810 2035 3825 ς

432 3896 583 3959 piens
633 3887 880 3957 intelligit
930 3887 1062 3939 lucc.
1115 3884 1244 3937 Esto
1282 3882 1565 3951 providus,
1607 3887 1725 3932 esto
1772 3879 2033 3946 prolicus

430 3984 662 4040 sanctis;
689 3980 940 4049 quoniam
971 3976 1223 4031 continuo
1246 3984 1499 4029 venturus
1527 3982 1609 4027 est
1635 3986 1898 4040 supernus
1924 3972 2009 4038 ju-

434 4077 539 4130 tlex
584 4075 854 4127 discutere
904 4077 1051 4123 actus
1109 4082 1385 4121 servorum
1432 4078 1689 4128 suorum,
1722 4071 1777 4117 et
1808 4062 2035 4115 nudare'

435 4174 663 4223 secreta.
704 4161 912 4216 Sanctis
942 4158 1211 4227 quomodo
1257 4156 1528 4211 fenerator
1564 4154 1832 4219 caelestis,
1867 4152 2035 4206 venit-

432 4266 704 4326 ero‘gatam
735 4254 1011 4323 peCuniam
1052 4251 1281 4319 exigere
1299 4263 1420 4303 cum
1451 4247 1668 4301 usuris.
1683 4247 1747 4300 Et
1770 4260 1888 4315 qum
1931 4254 2035 4298 esti

435 4354 534 4406 ista
580 4346 834 4417 pecunia,
866 4348 1025 4413 quam
1081 4341 1389 4409 evangelica
1438 4337 1823 4393 observantia?
1851 4336 2009 4391 verba

435 4450 562 4496 sunt
594 4439 718 4492 vitae
741 4435 1020 4490 seminata.
1051 4432 1206 4487 Venit
1237 4441 1382 4484 sator
1430 4430 1519 4483 ille
1548 4429 1769 4482 seminis
1797 4428 1877 4481 sui
1903 4426 2014 4480 col-

2107 3243 2567 3315 vertediligenter
2613 3242 2837 3315 quando
2854 3248 3043 3317 strepit
3080 3249 3295 3302 sinistra
3322 3249 3373 3303 in
3406 3249 3559 3303 malis
3587 3269 3599 3302 :
3631 3252 3703 3305 i-l'

2105 3344 2189 3387 est
2220 3335 2430 3402 quando
2458 3336 2778 3406 multiplicat
2806 3344 2945 3393 caro
2994 3349 3173 3407 partes
3204 3338 3457 3393 adversas
3498 3350 3682 3393 contra

2106 3426 2355 3478 virtutem
2382 3427 2671 3493 animm,‘et
2702 3420 3007 3498 exaggerat
3037 3430 3283 3485 crimina.
3325 3430 3441 3484 Stet
3467 3430 3683 3483 dextera

2110 3527 2196 3568 tua
2223 3516 2451 3571 obnoxia
2502 3526 2689 3571 contra
2725 3527 2902 3589 partes
2944 3521 3280 3587 pestilentiae,
3307 3529 3491 3575 contra
3537 3537 3685 3575 arma

2110 3610 2360 3675 hostilia,
2398 3621 2585 3665 contra
2615 3611 2919 3665 eﬂ'eminata
2961 3602 3106 3677 vitia,
3151 3600 3336 3668 contra
3378 3620 3592 3682 peccata
3634 3623 3686 3667 et

2109 3701 2371 3765 crimina;
2405 3710 2508 3756 stet
2538 3702 2754 3757 dextera
2789 3712 2874 3757 tua
2922 3688 3148 3767 armata,
3190 3703 3240 3757 id
3268 3713 3371 3767 est,
3419 3704 3557 3759 ﬂdes
3601 3720 3687 3758 ro-

2113 3789 2287 3852 busta,
2315 3804 2460 3857 spes,
2493 3791 2754 3845 stabilitas
2793 3806 2975 3846 amore
3002 3792 3269 3859 copulata.
3301 3792 3539 3847 Obducat
3567 3809 3687 3847 scu-

2114 3889 2223 3932 tum
2258 3879 2403 3944 ﬂdei,
2435 3880 2647 3935 inducat
2680 3882 2897 3936 loricam
2929 3883 3063 3947 spei,
3097 3882 3314 3951 objiciat
3339 3883 3560 3950 justitiae
3589 3884 3686 3937 lia-

2113 3979 2275 4035 stam,
2307 3970 2553 4025 intendat
2597 3973 2856 4026 orationis
2883 3986 3090 4038 arcum,
3134 3973 3303 4043 erigat
3334 3975 3690 4044 eleemnsyna:

2116 4070 2413 4130 tropaeum;
2443 4071 2498 4115 et
2518 4062 2803 4117 confestim
2828 4079 2931 4118 non
2954 4065 3126 4118 solum
3155 4065 3297 4118 cedit
3325 4078 3419 4133 per
3442 4063 3688 4127 adversa,

2113 4156 2207 4208 sed
2238 4163 2396 4207 et'am
2426 4153 2567 4207 cadit
2599 4153 2749 4208 elisa.
2782 4154 2933 4209 Jacct
2962 4156 3014 4209 in
3052 4154 3272 4211 vulnere
3300 4165 3353 4210 et
3393 4156 3690 4209 succumbit

2117 4242 2372 4296 victorian
2405 4243 2533 4310 Qua:
2554 4242 2807 4310 diximus,
2837 4244 3133 4299 evidentius
3156 4255 3480 4314 repetamus.
3514 4246 3692 4300 Hosti.-

2118 4334 2239 4388 liter
2276 4343 2325 4387 te
2349 4334 2645 4391 stimulavit
2668 4352 2796 4395 caro
2818 4338 2839 4389 ?
2865 4338 3085 4392 Strinxit
3127 4337 3395 4404 conditio,
3428 4347 3487 4391 ut
3519 4337 3691 4394 delin-

2117 4442 2310 4494 queres
2332 4432 2356 4481 ‘t
2378 4429 2651 4497 peccasti?
2677 4430 2867 4483 crebro
2890 4430 3157 4484 offendisti
3181 4431 3205 4482 ‘t
3227 4443 3406 4498 pressa
3429 4434 3512 4483 est
3540 4438 3693 4485 mens

439 4536 603 4605 ligare
639 4533 858 4594 l’ructus,
894 4526 1238 4595 pecunia-que
1272 4540 1389 4578 ειιε
1435 4523 1652 4591 exigere
1704 4536 1916 4590 pensas.
1954 4520 2009 4573 Si
2030 4532 2091 4594 ὐ
2120 4519 2381 4574 horrore?
2411 4521 2575 4574 tristis
2600 4530 2683 4574 est
2710 4520 2883 4575 anima
2910 4537 3076 4591 usque
3106 4522 3172 4574 ad
3198 4521 3467 4575 mortem?
3490 4522 3694 4589 Super-

440 4625 609 4680 t'ecisti
642 4621 778 4692 quod
824 4619 1131 4674 mandatum
1172 4624 1255 4671 est
1280 4656 1294 4679 ,
1331 4615 1425 4669 tibi
1470 4615 1598 4668 dicit
1630 4632 1641 4665 :
1684 4612 1843 4683 Euge,
1878 4630 2017 4668 serve

441 4720 565 4769 tione
586 4724 632 4767 et
659 4712 840 4777 ﬁdelis,
857 4711 977 4781 quia
998 4725 1146 4778 διψη-
1163 4722 1326 4777 pauca
1349 4706 1488 4775 fuisti
1508 4705 1690 4774 fidelis,
1711 4720 1862 4774 super
1882 4702 2036 4757 mut?

443 4820 499 4857 ta.
524 4814 570 4857 te
594 4804 925 4866 constituam;
955 4802 1089 4853 intra
1118 4799 1166 4852 in
1196 4797 1440 4867 gaudium
1460 4795 1666 4849 Domini
1694 4797 1768 4849 tui
1798 4795 2009 4864 (Matth.

452 4896 592 4963 xxv).
631 4894 719 4948 Vis
749 4893 888 4947 scire
914 4891 1086 4959 qualis
1109 4900 1445 4958 quantusque
1482 4891 1550 4941 sit
1578 4888 1794 4957 iste‘qui
1827 4889 2014 4942 venit?

444 5004 535 5051 par
556 4995 641 5039 est
684 4986 835 5038 trinae
864 4984 1103 5048 virtutis,
1134 4983 1381 5050 princeps
1419 4990 1501 5035 est
1545 4980 1878 5049 angelorum,
1914 4979 2012 5033 im-

446 5087 655 5145 iteratur
686 5086 769 5132 est
800 5092 1045 5143 superna:
1076 5076 1301 5141 ntilitim,
1336 5074 1595 5128 Dominus
1621 5085 1701 5128 est
1731 5075 2014 5138 emlorum,

382 5162 397 5173 “
443 5172 763 5237 gubernator
794 5177 875 5222 εει
919 5177 1180 5221 terrarum
1212 5183 1225 5231 ;
1268 5180 1428 5234 super
1457 5165 1716 5220 cherubin
1762 5166 1935 5231 sedet,
1965 5176 2019 5220 et

441 5263 618 5332 abyssi
653 5260 914 5329 profunda
966 5260 1205 5313 rimatur.
1249 5258 1347 5324 Qui
1392 5273 1554 5312 carne
1595 5260 1842 5326 vestitus,
1894 5257 2019 5312 fecit

444 5354 656 5422 qozdem
711 5352 1076 5407 remissionem
1128 5349 1433 5418 generalem
1478 5350 1529 5402 in
1572 5349 1928 5417 baptismate,
1964 5350 2015 5402 in

446 5462 579 5514 aqua
604 5454 652 5498 et
677 5444 877 5513 Spiritu
904 5459 917 5505 ;
949 5444 1039 5495 scd
1072 5452 1322 5493 venturus
1348 5450 1430 5494 est
1454 5456 1594 5494 nunc
1620 5456 1651 5495 e
1691 5441 1839 5509 igere
1868 5442 2017 5495 delii-

448 5554 481 5587 ‘.
524 5555 552 5589 ιι
575 5578 587 5599 ,
616 5554 719 5590 non
745 5536 872 5589 illud
902 5532 1036 5601 quod
1065 5536 1207 5601 prius
1240 5535 1480 5595 indulsit,
1501 5531 1593 5586 sed
1626 5532 1763 5601 quod
1797 5545 1911 5600 post
1942 5534 2018 5583 lii-

500 5652 521 5665 »ι
548 5644 658 5680 rum
690 5644 839 5696 aqua:
869 5629 937 5681 ab
970 5642 1290 5695 unoquoque
1319 5639 1650 5681 contractum
1685 5637 1788 5690 est,
1820 5637 1872 5679 et
1911 5642 2016 5679 non

559 5719 881 5785 ptenittnline
909 5719 1159 5773 dvlctuin.
1198 5717 1363 5773 Ilabet
1411 5716 1573 5785 juch
1604 5718 1701 5771 istc
1758 5720 1807 5771 in
1859 5734 2015 5771 manu

2122 4614 2236 4667 ﬂuit
2256 4628 2503 4667 mensura
2544 4613 2825 4669 criminum
2853 4616 2902 4667 in
2920 4615 3157 4680 sinistra,
3174 4613 3436 4669 claudicat
3458 4612 3510 4668 in
3529 4614 3699 4669 scien-

2122 4706 2212 4763 tia,
2248 4713 2617 4760 nutatstatera
2642 4715 2747 4773 tua,
2791 4708 3083 4761 etdextera
3128 4715 3215 4760 tua
3256 4707 3407 4760 lance
3435 4720 3695 4773 suspensa

2120 4808 2285 4851 totum
2314 4797 2522 4865 pondus
2547 4797 2775 4866 divergit
2802 4797 2854 4851 in
2877 4797 3188 4853 sinistram?
3211 4796 3341 4851 Cum
3374 4795 3593 4858 videris,
3613 4796 3698 4849 ilic

2120 4890 2183 4941 ad
2211 4889 2439 4942 animam
2474 4899 2615 4943 tuam
2640 4907 2651 4941 :
2676 4890 2887 4955 Anima,
2910 4891 2996 4944 ubi
3013 4904 3071 4944 es
3089 4890 3112 4943 ἲ
3132 4889 3256 4959 quid
3281 4900 3464 4943 actura
3482 4903 3538 4943 es
3562 4890 3701 4943 inter

2120 4979 2273 5033 haec?
2296 4995 2461 5049 quare
2485 4994 2590 5033 non
2613 4979 2891 5033 clamitas?
2917 4979 3117 5033 malum
3144 4977 3293 5033 vides
3320 4978 3622 5043 imminere,
3645 4988 3701 5033 et

2122 5073 2311 5126 taces?
2340 5087 2436 5125 cur
2469 5087 2573 5126 non
2616 5073 2846 5142 vigilas?
2879 5082 3107 5127 mortem
3141 5074 3315 5126 eern's
3366 5070 3700 5131 incumbere.

2122 5174 2173 5216 et
2204 5172 2255 5217 tu
2288 5178 2390 5217 non
2424 5164 2656 5232 aspicis?
2685 5165 2773 5218 ubi
2808 5164 3017 5218 resides
3045 5165 3191 5232 pigra
3215 5163 3238 5216 ?
3262 5162 3349 5216 uhi
3378 5161 3528 5231 jaces
3554 5176 3701 5214 reso-

2126 5257 2301 5325 pinata
2324 5257 2346 5308 ?
2368 5257 2587 5312 dextera
2636 5267 2724 5311 tua
2764 5258 3036 5321 dormitat,
3072 5268 3123 5311 et
3152 5274 3253 5310 non
3288 5257 3428 5310 illam
3459 5258 3702 5309 cxcitas?

2129 5353 2325 5421 pateris
2354 5363 2410 5406 ut
2443 5361 2494 5406 te
2523 5354 2699 5406 vincat
2722 5352 2963 5413 sinislra,
2997 5360 3052 5405 et
3075 5351 3376 5420 portionem
3410 5359 3553 5401 tuam
3581 5347 3703 5416 jun-

2126 5461 2219 5512 gas
2241 5461 2358 5498 cum
2388 5445 2673 5513 perituris?
2695 5444 2819 5513 quid
2852 5445 3052 5498 factura
3082 5459 3158 5509 es,
3178 5450 3426 5508 superata
3450 5458 3475 5494 a
3506 5455 3700 5504 carne,

2123 5553 2241 5591 cum
2288 5540 2517 5604 coeperis
2548 5553 2668 5591 cum
2722 5538 2834 5605 ipsa
2866 5538 3104 5604 experiri
3147 5536 3404 5603 supplicia
3435 5536 3457 5587 ?
3489 5534 3701 5586 sinistra

2123 5628 2339 5695 satagit,
2361 5637 2410 5680 et
2438 5626 2595 5681 debet
2618 5627 2854 5681 dormire
2882 5626 3141 5680 dextera?
3170 5627 3236 5678 ibi
3265 5625 3415 5691 plena
3444 5632 3527 5675 est.
3555 5637 3703 5675 men-

2124 5734 2265 5783 sura,
2292 5727 2342 5771 ct
2387 5718 2472 5772 hic
2505 5717 2659 5771 debet
2713 5719 2945 5774 existere
2979 5718 3187 5772 vacua?
3218 5719 3430 5769 sinistra
3469 5717 3607 5767 valet
3651 5712 3703 5766 in
