4032 6184
309 387 414 440 H3

1632 379 1907 437 llOMlLIA
1946 377 2278 433 SECUNDA.

3476 379 3571 431 lli

301 503 470 566 vitiis,
506 516 598 555 cur
616 513 720 555 non
755 500 919 567 magis
950 498 1169 553 dextera
1201 498 1254 551 in
1285 496 1564 551 virtutibus
1592 496 1769 565 viget?
1792 511 1885 549 cur
1917 495 1961 556 Α
1990 493 2129 546 circa
2157 491 2329 546 femur
2354 500 2519 555 tuum,
2549 489 3081 559 potctttissitne.Qnis
3107 500 3185 543 est
3208 488 3304 542 iste
3329 489 3571 558 gladius?

304 606 413 645 non
447 590 618 658 magis
640 590 895 644 minuitur
924 588 994 642 ibi
1019 596 1315 657 peceatum,
1349 595 1402 640 et
1429 586 1515 641 hic
1537 586 1748 640 additur
1772 601 1883 642 me-

304 683 509 737 ritum?
531 696 697 749 quare
724 696 829 735 non
857 680 1100 749 liquescit
1124 679 1377 748 nequitia,
1404 687 1457 733 et
1478 680 1708 749 augescit
1733 679 1888 747 justi-

306 776 421 829 tia?
443 774 708 829 Judicium
733 773 824 829 Dei
850 772 997 828 vides
1020 773 1323 837 imminere,
1345 781 1396 827 et
1422 774 1642 842 stupes?
1667 771 1889 827 thronus

308 866 574 920 tremendi
599 865 794 935 judicis
821 865 873 918 in
896 864 1157 919 ﬂammeis
1178 864 1328 919 ardet
1356 864 1487 918 rotis
1516 864 1674 936 (Dan.
1698 865 1809 934 vn),
1835 873 1891 918 ut

308 958 499 1014 Daniel
522 961 617 1023 ait,
644 968 697 1013 et
738 973 842 1012 non
871 958 1142 1027 trepidas?
1170 957 1363 1012 ﬂuvius
1393 958 1561 1011 currit
1591 959 1886 1023 ﬂammeus,

307 1051 397 1120 qui
428 1050 621 1120 globos
650 1050 985 1104 ﬂammarum
1019 1049 1201 1114 volvit,
1244 1057 1299 1104 et
1326 1057 1379 1102 tu
1410 1049 1583 1105 soluta
1610 1049 1758 1118 jaces
1779 1050 1803 1103 τ
1822 1067 1887 1103 an

308 1144 494 1198 nescis
514 1141 654 1211 quod
679 1142 871 1196 ﬂuvius
898 1142 996 1196 iste
1024 1140 1395 1210 peccatoribus
1422 1150 1683 1209 permeat,
1706 1151 1758 1195 et
1781 1156 1885 1195 non

308 1232 363 1287 in
396 1231 781 1299 pmnitentibus
809 1230 1153 1285 murmurat?
1177 1229 1292 1284 Non
1318 1231 1508 1285 audisti
1533 1232 1656 1301 quid
1682 1248 1891 1288 annun-

311 1321 410 1373 tiat
440 1321 641 1375 Isaias:
678 1319 809 1374 Ecce
839 1321 947 1374 dies
989 1320 1199 1374 Domini
1245 1321 1575 1388 insanabilis,
1609 1324 1739 1378 venit
1783 1324 1891 1378 dies

310 1412 405 1464 ira:
442 1421 489 1464 et
520 1410 885 1480 indignationis
930 1427 1114 1479 ponere
1153 1412 1321 1465 orbem
1351 1421 1500 1466 teme
1530 1413 1817 1481 desertum,
1843 1424 1889 1468 et

310 1513 601 1570 peccatores
629 1505 843 1573 perdere
882 1519 946 1557 ex
971 1519 1030 1556 eo
1053 1501 1207 1573 (Isai.
1239 1503 1371 1569 xxv).
1404 1504 1599 1574 Plange
1639 1514 1724 1559 tua
1775 1521 1892 1561 sce-

311 1596 457 1658 lcra;
493 1595 704 1665 corrige
733 1603 785 1650 te
811 1595 1112 1659 confestim,
1136 1605 1190 1650 et
1233 1596 1463 1651 transfer
1500 1607 1551 1652 te
1579 1596 1646 1651 de
1674 1597 1890 1653 sinistra

310 1684 379 1736 ad
402 1683 672 1739 dextram.
707 1685 821 1741 Non
845 1695 926 1740 est
956 1687 1284 1755 ambiguum,
1318 1698 1504 1756 aperte
1549 1689 1729 1744 sonuit
1767 1690 1889 1759 quia

312 1774 457 1828 Deus
497 1784 805 1842 peccatores
836 1777 1177 1830 exterminat.
1212 1776 1529 1833 Peccatores
1557 1778 1705 1835 dixi:
1738 1788 1810 1846 tu,
1845 1780 1890 1836 si

1994 583 2110 649 lpsc
2138 582 2301 647 dicit,
2325 581 2487 650 specie
2514 589 2600 632 tua
2629 588 2674 632 et
2701 579 3078 649 pulchritudine
3108 591 3212 631 tua.
3251 579 3315 632 Et
3343 596 3461 648 qua:
3482 587 3572 635 est

1993 676 2090 729 ista
2116 675 2339 743 species,
2371 686 2527 740 quam
2561 671 2727 723 virtus
2758 670 2951 729 animi,
2983 680 3036 723 et
3066 672 3115 722 in
3151 684 3234 737 ea,
3259 670 3415 739 plena
3456 684 3567 739 pa:-

1994 765 2222 819 nitudo?
2251 779 2436 834 qurere
2466 772 2547 817 est
2576 761 2934 831 pulchritudo,
2968 777 3126 832 quam
3160 764 3414 833 lacrymaa
3440 778 3567 817 ocu~

1996 857 2189 918 lorum,
2216 866 2268 909 et
2290 854 2507 925 largitas
2541 853 2934 920 eleentosynae?
2967 854 3028 907 Et
3060 854 3185 921 quid
3214 854 3446 909 deinde?
3478 852 3570 908 In—

1995 951 2161 1015 tende,
2194 949 2382 1018 inquit,
2434 964 2673 1017 prospere
2696 946 2911 1014 procede
2938 957 2984 999 et
3014 962 3192 1017 regna.
3223 949 3419 1015 Aperta
3445 961 3570 1001 sen-

1997 1042 2161 1096 tentia
2185 1050 2286 1096 est.
2318 1040 2554 1105 Intende,
2587 1047 2855 1108 peccator,
2876 1039 2998 1107 quia
3021 1040 3248 1106 peccasti
3272 1055 3285 1102 ;
3310 1056 3566 1110 prospere,

1996 1132 2118 1203 quia
2142 1132 2476 1202 pcenituisti;
2512 1132 2727 1200 procede
2756 1140 2800 1184 et
2834 1147 3008 1201 regna,
3042 1131 3163 1199 quia
3205 1130 3567 1201 triumpltasti.

1998 1224 2223 1278 Procede
2266 1223 2624 1289 conﬁdenter,
2654 1222 3025 1293 qttia‘plorasti
3060 1238 3154 1290 pro
3199 1234 3453 1292 peccato;
3491 1226 3571 1278 vi-

1994 1316 2115 1370 cisti
2170 1323 2372 1371 reatum
2413 1324 2468 1369 ut
2516 1315 2823 1384 pervenires
2869 1315 2935 1369 ad
2984 1331 3237 1385 regnum,
3267 1318 3481 1385 procede
3524 1327 3571 1370 ct

1995 1424 2172 1479 regna.
2203 1407 2403 1477 Plange
2428 1406 2533 1473 hic,
2568 1417 2625 1461 ut
2657 1408 2877 1473 plaudas
2907 1409 3056 1463 alibi.
3097 1408 3342 1477 Procede,
3375 1411 3567 1480 inquit,

1996 1511 2042 1554 et
2070 1516 2250 1570 regna.
2295 1499 2519 1569 Propter
2546 1500 2713 1570 quid?
2736 1513 2943 1570 propter
2971 1504 3229 1557 veritatem
3257 1514 3303 1556 et
3338 1522 3573 1559 mansue-

1995 1589 2220 1643 tudinem
2246 1598 2289 1643 ct
2313 1589 2587 1659 justitiam.
2612 1590 2834 1655 Quando
2863 1593 3078 1647 sinistra
3108 1594 3270 1649 infert
3298 1605 3352 1650 et
3382 1596 3573 1665 ingerit

1998 1682 2092 1736 tibi
2123 1682 2416 1738 candentes
2436 1679 2681 1740 stimulos
2703 1686 2961 1750 avaritia»,
2982 1687 3228 1754 luxuriae,
3254 1691 3573 1757 arrogantiae

1997 1774 2084 1827 vel
2118 1773 2386 1840 libidinis,
2418 1785 2497 1830 sta
2531 1787 2716 1832 contra
2758 1777 3028 1831 sinistram
3073 1789 3238 1845 tuam,
3270 1782 3573 1835 succinctus

313 1866 683 1933 penitentiam
714 1866 909 1935 egeris,
929 1868 1039 1936 jam
1068 1882 1171 1922 non
1207 1876 1259 1923 te
1290 1868 1485 1938 perdit,
1513 1869 1606 1923 sed
1638 1869 1889 1939 protegit.
1924 1869 1971 1926 Β
1999 1865 2243 1933 veritate,
2278 1878 2514 1922 armatus
2546 1869 2975 1936 mansuetudine,
3002 1880 3220 1924 ornatus
3248 1871 3468 1940 iustitia,
3521 1884 3576 1928 et

311 1959 372 2013 Si
403 1968 757 2028 compunctus
786 1958 949 2014 fueris
975 1974 1004 2013 a
1034 1961 1287 2029 peccatis,
1314 1960 1425 2030 jam
1449 1977 1555 2015 non
1586 1971 1635 2016 te
1657 1962 1894 2016 damnat.

314 2052 505 2106 Minaci
530 2051 745 2122 quidem
775 2066 907 2107 voce
933 2062 987 2107 et
1014 2052 1237 2108 terribili
1270 2053 1393 2107 tuba
1438 2054 1754 2110 testiﬁcatur
1780 2070 1896 2126 pro-

317 2144 514 2212 pheta,
564 2144 783 2197 dicens:
819 2141 950 2197 Ecce
995 2143 1104 2197 dies
1162 2144 1371 2198 Domini
1417 2146 1715 2200 insanabilis
1763 2148 1894 2201 venit

314 2249 500 2299 ponere
528 2233 697 2286 orbem
729 2243 874 2287 terra:
909 2234 1182 2299 desertum,
1219 2243 1265 2288 et
1286 2245 1572 2304 peccatores
1597 2237 1804 2308 perdere
1834 2254 1897 2292 ex

315 2342 394 2377 eo.
430 2323 624 2378 Verum
664 2339 767 2379 non
800 2323 921 2379 ideo
969 2324 1106 2379 Deus
1156 2326 1391 2380 minatur
1432 2334 1489 2381 ut
1529 2328 1750 2397 perdat,
1797 2329 1893 2384 sed

316 2416 637 2470 testiﬁcatur
659 2425 716 2470 ut
738 2415 989 2484 corrigat,
1020 2416 1260 2485 increpat
1288 2427 1347 2471 ut
1377 2426 1685 2487 componat,
1710 2419 1905 2488 objura

313 2518 402 2578 gat
442 2517 501 2563 ut
545 2509 775 2578 eripiat:
806 2508 1066 2579 insurgit,
1099 2523 1205 2563 non
1247 2510 1566 2580 perimentis
1597 2524 1769 2579 metu,
1802 2515 1894 2570 sed

316 2599 625 2654 miserantis
672 2599 886 2655 aﬂ'ectu.
922 2598 1188 2655 Cmterum
1231 2602 1275 2655 si
1326 2604 1587 2671 percutiat
1630 2606 1811 2661 urbem
1844 2616 1897 2661 et

317 2689 511 2758 pcrdat
534 2700 865 2758 peccatores,
900 2689 989 2743 ubi
1014 2692 1239 2761 populus
1261 2678 1469 2763 integer
1494 2710 1649 2764 quem
1679 2697 1778 2751 sibi
1806 2713 1896 2754 ac-

316 2780 538 2845 quisivit
563 2780 823 2849 sanguine
852 2795 973 2846 suo,
1003 2789 1057 2835 et
1090 2782 1337 2850 passione
1366 2785 1632 2839 redemit?
1657 2786 1762 2842 Sed
1807 2789 1893 2841 di-

315 2874 394 2925 cis
424 2887 437 2924 :
468 2870 703 2926 Ostende
731 2871 891 2940 milii,
937 2887 1154 2940 quzcso,
1192 2888 1298 2945 quo
1331 2883 1515 2931 tenore
1555 2892 1771 2947 possum
1802 2895 1896 2935 ex-

316 2979 547 3019 onerare
576 2963 845 3019 sinistram
865 3005 879 3028 ,
923 2972 978 3019 et
1000 2966 1277 3022 cumulare
1320 2967 1582 3024 dextram.
1616 2970 1724 3027 lloc
1752 2973 1893 3042 quod

320 3054 620 3127 interrogas
652 3069 756 3109 non
811 3062 894 3109 est
920 3054 1270 3125 incognitum.
1304 3056 1548 3127 Nunquid
1581 3060 1705 3116 latet
1734 3077 1892 3132 aspc-

316 3156 465 3199 ctum
492 3153 665 3213 tuum,
692 3153 784 3199 aut
807 3159 896 3200 ars
920 3154 1003 3200 est
1028 3160 1186 3215 quam
1213 3148 1423 3202 nescis?
1446 3149 1530 3204 ubi
1550 3151 1746 3207 videris
1767 3156 1887 3225 quia

1999 1970 2119 2009 cum
2141 1956 2329 2011 viceris
2351 1958 2646 2024 sinistram,
2674 1968 2797 2014 tunc
2822 1961 2995 2014 educet
3021 1972 3067 2015 te
3089 1962 3384 2016 mirabiliter
3408 1964 3577 2016 dexte-

2000 2061 2058 2097 ra
2088 2054 2192 2099 tua.
2218 2045 2367 2100 Tunc
2400 2048 2566 2102 vincit
2593 2048 2780 2103 dextra
2814 2060 2866 2105 et
2888 2050 3007 2105 silet
3029 2050 3265 2119 sinistra,
3300 2069 3419 2108 cum
3444 2053 3578 2123 fugit

2000 2136 2280 2205 impietas,
2313 2147 2368 2192 et
2408 2138 2562 2194 ﬂoret
2594 2140 2827 2195 rediviva
2858 2142 3060 2211 pietas;
3095 2143 3291 2198 cadunt
3319 2146 3538 2200 crimina
3560 2190 3574 2210 ,

1999 2235 2053 2280 et
2081 2237 2330 2283 crescunt
2361 2230 2578 2285 merita.
2618 2231 2888 2301 Quidquid
2920 2233 3116 2287 malum
3147 2234 3334 2289 minuit
3364 2238 3413 2289 in
3441 2239 3577 2291 sini-

1998 2327 2130 2384 stra,
2164 2321 2410 2374 meritum
2444 2322 2681 2391 augescit
2709 2322 2759 2375 in
2791 2322 2998 2376 dextra.
3030 2323 3119 2378 Sic
3152 2336 3200 2379 te
3230 2337 3420 2395 agente
3442 2370 3455 2392 ,
3492 2330 3576 2379 de-

2000 2412 2149 2463 ducet
2178 2421 2225 2465 te
2256 2412 2555 2465 mirabiliter
2577 2412 2781 2465 dextera
2804 2422 2914 2478 tua,
2937 2412 3087 2481 juxta
3116 2415 3335 2468 verbum
3363 2416 3576 2469 Davidi-

1997 2516 2139 2556 cum.
2188 2500 2405 2557 Subduc
2452 2502 2657 2570 pondus
2700 2517 2765 2556 ex
2816 2503 3042 2558 adverso
3102 2506 3307 2573 latere,
3356 2521 3573 2562 remove

1998 2595 2177 2664 plagas
2205 2594 2272 2650 de
2301 2596 2537 2664 sinistra,
2573 2605 2630 2649 ut
2655 2597 2707 2650 in
2744 2597 2827 2651 die
2849 2596 3039 2666 judicii
3065 2598 3294 2653 deducat
3332 2609 3383 2655 te
3410 2605 3574 2655 mira-

2000 2686 2175 2740 biliter
2200 2686 2421 2741 dextera
2461 2696 2569 2740 tua.
2601 2687 2767 2755 Imple
2815 2702 3120 2743 mensuram
3149 2691 3369 2758 justitize
3396 2709 3408 2756 ;
3441 2708 3574 2761 quo-

1999 2777 2458 2842 modotorando,
2508 2778 2798 2847 vigilando,
2849 2779 3227 2850 lacrymando,
3275 2786 3573 2853 eroganda,

1993 2866 2286 2937 jejunando
2314 2886 2327 2922 :
2361 2871 2487 2938 quin
2513 2873 2672 2923 etiam
2706 2870 3052 2938 parcimoniis
3086 2874 3378 2941 pulsando,
3410 2878 3577 2947 negli‘

1996 2960 2171 3029 gendo
2209 2960 2449 3027 delicias,
2487 2969 2542 3015 et
2589 2962 2877 3017 nutriendo
2906 2963 3279 3031 disciplinam;
3328 2966 3577 3038 fugiendo

1998 3053 2215 3109 festivas
2242 3055 2429 3123 dapes,
2463 3064 2515 3110 et
2548 3055 2903 3126 frugalitatem
2958 3057 3212 3125 ferendo;
3259 3060 3575 3131 deponendo

2001 3144 2399 3214 pinguedinem,
2432 3154 2485 3198 et
2510 3144 2783 3215 diligendo
2822 3147 3100 3216 pallorem.
3144 3152 3367 3217 Quando
3406 3164 3574 3208 statu-

316 3242 625 3295 dominalur
783 3243 867 3298 lex
904 3246 1140 3313 peccati,
1189 3247 1452 3316 imperant
1489 3250 1642 3317 vilia,
1681 3254 1896 3310 (πρὶς-θ-
1926 3231 1971 3292 C
2006 3245 2109 3289 tam
2138 3249 2361 3290 exerces
2386 3237 2659 3302 virtutem,
2692 3239 2924 3293 exsultat
2953 3239 3166 3296 dextera
3218 3251 3302 3298 tua
3323 3286 3337 3309 ,
3365 3254 3417 3298 cl
3448 3245 3575 3300 latet

319 3341 478 3386 scunt
502 3335 748 3398 crimina,
790 3336 967 3390 omnis
1002 3336 1209 3390 sarcina
1251 3337 1483 3392 declinat
1513 3339 1563 3393 in
1597 3340 1736 3395 latus
1766 3343 1896 3398 sini-

322 3432 487 3477 strum
512 3464 530 3489 ,
559 3425 665 3478 noli
693 3425 887 3481 cedere
903 3436 1061 3495 atque
1083 3427 1376 3497 quiescere,
1398 3428 1489 3483 sed
1519 3430 1677 3485 incita
1703 3442 1897 3490 temet-

321 3516 494 3584 ipsum
518 3532 533 3581 ;
566 3531 784 3572 recurre
807 3518 871 3571 ad
903 3534 1050 3573 arma
1074 3522 1362 3588 contraria,
1393 3530 1447 3576 ct
1475 3524 1738 3595 praecinge
1767 3535 1816 3581 te
1844 3530 1895 3583 in

317 3608 511 3663 dextra
537 3620 648 3675 tua,
676 3609 902 3678 implens
930 3610 1059 3664 illud
1093 3611 1233 3681 quod
1263 3612 1457 3667 cecinit
1486 3614 1648 3669 David
1681 3614 1899 3685 psalmi-

317 3710 398 3754 sta
422 3719 435 3753 :
457 3701 752 3772 Accingere,
783 3702 970 3770 inquit,
994 3702 1167 3773 gladio
1186 3711 1293 3768 tuo,
1322 3718 1481 3774 quem
1510 3705 1891 3777 vicitsinistra,

319 3806 479 3860 quem
509 3793 780 3862 superavit
802 3793 1051 3863 segnitia,
1083 3810 1240 3865 quem
1276 3798 1471 3850 stravit
1509 3799 1775 3867 nequitia;
1802 3817 1893 3854 ac-

318 3885 521 3953 cingere
548 3884 720 3954 gladio
746 3894 831 3938 tuo
864 3886 999 3938 circa
1043 3889 1231 3957 femur,
1262 3888 1626 3955 potentissime.
1673 3889 1892 3957 Qualem

315 3973 591 4042 gladium?
611 3976 775 4043 specie
803 3985 889 4027 tua
919 3986 965 4028 et
997 3975 1379 4044 pulchritudine
1406 3985 1513 4030 tua.
1541 3978 1659 4032 Tibi
1690 3979 1789 4033 hoc
1817 3980 1887 4033 di-

315 4065 411 4129 cit,
442 4064 530 4133 qui
556 4066 869 4119 criminibus
904 4066 1084 4131 cedis;
1118 4066 1184 4121 ad
1219 4076 1269 4122 te
1317 4068 1571 4137 loquitur,
1601 4070 1687 4137 qui
1720 4070 1890 4125 crimi~

316 4156 477 4209 nibus
508 4156 773 4211 vinceris!
810 4156 884 4211 Te
911 4167 1214 4212 commonet
1249 4167 1302 4213 et
1340 4160 1677 4229 compungit,
1709 4176 1894 4229 pecca-

317 4250 442 4303 tor!
478 4249 603 4304 vicit
642 4258 694 4303 te
740 4263 862 4318 pars
906 4250 1153 4316 sinistra,
1190 4250 1446 4320 percipiet
1495 4265 1546 4306 te
1590 4254 1642 4306 in
1697 4257 1893 4309 factum

317 4352 490 4396 tnum.
523 4341 674 4395 Plora
704 4354 1080 4410 compunctus,
1114 4355 1167 4396 ut
1196 4344 1368 4411 possis
1398 4344 1634 4413 recipere
1655 4345 1891 4413 speciem

314 4431 494 4487 cordis
542 4432 649 4496 tui,
680 4441 730 4487 et
783 4433 1235 4501 pulchritudinem
1286 4434 1550 4501 corporis.
1601 4435 1735 4502 Quid
1785 4422 1895 4492 vult

313 4521 474 4576 esse?
498 4523 689 4576 errasti
716 4522 767 4576 in
797 4522 989 4577 lumbis
1010 4524 1043 4576 ’θ’
1062 4522 1332 4578 offendisti
1371 4524 1422 4579 in
1454 4524 1691 4582 femore?
1725 4531 1891 4583 mani-

313 4611 508 4665 festum
537 4620 621 4666 est
646 4612 773 4682 quia
799 4613 884 4667 ubi
913 4613 1143 4678 lumbus,
1172 4614 1244 4668 ibi
1275 4615 1455 4681 libido,
1501 4628 1553 4672 et
1581 4620 1666 4673 ttbi
1693 4618 1886 4687 fcntttt‘,
1922 4599 1966 4655 ί)

315 4704 385 4757 ibi
412 4702 713 4758 fornicatio.
733 4705 871 4771 Quid
899 4705 1298 4774 ergo?fazdasti
1330 4705 1499 4760 femur
1519 4716 1666 4762 tuum
1693 4712 1891 4765 carnali

314 4795 581 4850 kbiditte?
612 4797 840 4851 reforma
881 4797 1007 4850 illud
1042 4795 1442 4865 pulchritudine
1472 4799 1723 4866 Spiritali.
1766 4800 1888 4855 Stu-

314 4889 477 4957 prasti
506 4888 717 4943 lumbos
738 4898 857 4944 tuos
884 4888 938 4942 in
964 4889 1355 4945 fornicatione?
1378 4892 1483 4945 noli
1503 4891 1768 4959 diffidere,
1792 4895 1885 4949 sed

312 4986 531 5037 exstrue
556 4983 750 5036 bellum
777 4991 963 5038 contra
987 4984 1258 5038 sinistram
1288 4996 1340 5038 et
1360 4996 1545 5039 contra
1568 5001 1886 5056 corporeum

313 5086 610 5141 limatum,
639 5087 825 5130 cantra
863 5089 1105 5143 Sfttprnm
1128 5078 1213 5132 vel
1241 5079 1581 5133 adulterium.
1617 5080 1809 5136 Femur
1831 5090 1884 5137 te

310 5166 562 5219 fiedavit?
586 5167 758 5219 femur
789 5178 839 5221 te
870 5168 1122 5221 reformet
1159 5177 1317 5236 atque
1360 5181 1662 5239 rccuperct.
1694 5171 1884 5226 Accin-

307 5271 457 5325 gere,
504 5258 704 5328 inquit,
735 5257 910 5329 gladio
957 5258 1097 5312 circa
1130 5259 1336 5323 femur.
1381 5261 1771 5329 potentissime.
1808 5265 1884 5318 'l‘e

306 5350 531 5417 corripit
575 5364 755 5405 sermo
807 5349 1171 5418 protihctieus,
1228 5352 1347 5421 quia
1399 5357 1654 5421 peccasti.
1715 5355 1883 5410 Fuisti

309 5439 559 5507 profusus
604 5441 655 5494 in
688 5440 947 5495 libidine?
980 5448 1094 5495 esto
1125 5445 1527 5511 potentissimus
1576 5445 1627 5499 in
1668 5446 1879 5500 virtute.

310 5533 380 5585 La
394 5531 529 5585 sasti
557 5531 794 5585 membra
825 5539 910 5583 tua
943 5531 995 5583 in
1032 5530 1278 5585 luxuria?
1309 5535 1571 5602 restringc
1603 5514 1883 5591 vivacitate

308 5637 528 5675 artnoru
549 5639 604 5674 n.
648 5625 807 5675 Arma
842 5621 1050 5675 lumbos
1078 5623 1253 5677 cordis
1285 5626 1379 5689 tui,
1410 5641 1539 5680 orna
1572 5628 1745 5682 femur
1769 5629 1883 5680 ani-

310 5731 403 5763 ιιιςι-
431 5722 554 5774 tum,
581 5722 635 5766 ut
662 5715 905 5779 corporei
932 5714 1148 5770 femoris
1170 5718 1379 5771 CXllllZIa
1406 5719 1722 5784 fteditatetn,
1740 5719 1883 5772 cvi-l-

312 5804 491 5873 lin-que
518 5806 582 5859 de
608 5806 763 5859 viscct
783 5806 901 5861 ibus
920 5807 1019 5861 tuis
1045 5809 1244 5877 plagas.
1274 5810 1562 5880 Accingere
1590 5814 1767 5881 gladio
1794 5821 1882 5867 tuo

1999 3326 2246 3381 sinistra:
2276 3326 2559 3382 deficiente
2581 3330 2723 3385 enim
2754 3332 3007 3401 nequitiae
3032 3335 3238 3389 sarcina
3264 3337 3315 3389 in
3335 3339 3570 3402 sinistra,

1997 3418 2350 3475 sanctificatio
2399 3419 2633 3475 dexterae
2683 3430 2787 3477 tute
2834 3426 3239 3493 praeponderat,
3272 3438 3327 3483 et
3368 3430 3478 3498 ipsa
3525 3442 3574 3485 te

1997 3510 2225 3566 deducet
2255 3512 2572 3567 mirabiliter
2600 3514 2652 3567 itt
2685 3516 2932 3569 salutem.
2969 3516 3146 3582 Unde,
3180 3518 3342 3573 frater
3369 3521 3573 3575 θῐιιιτίς-

1996 3601 2153 3667 sime,
2187 3616 2293 3657 non
2323 3602 2539 3658 taedium
2572 3616 2821 3676 superet,
2853 3623 2955 3660 non
3007 3608 3268 3663 subducat
3317 3611 3519 3681 ignavia
3555 3630 3567 3673 ;
3635 3612 3641 3617 “

1997 3709 2103 3747 non
2146 3694 2285 3750 inter
2331 3710 2482 3764 spem
2512 3706 2567 3751 et
2596 3706 2796 3752 metum
2827 3699 3048 3753 alternis
3078 3702 3309 3755 motibus
3340 3718 3574 3759 mstnan-

1999 3790 2104 3837 tem
2135 3781 2440 3853 desperatio
2465 3785 2652 3854 frigida
2682 3786 2982 3854 perfundat,
3020 3790 3114 3844 sed
3169 3791 3334 3861 magis
3376 3808 3571 3849 conca-

1999 3874 2165 3927 lestat
2185 3889 2279 3929 cor
2304 3884 2450 3929 tuum
2477 3875 2603 3929 dum
2632 3876 2865 3944 dubitas,
2898 3876 3099 3932 fervt-at
3124 3881 3338 3949 Spiritus
3369 3894 3486 3938 tuus
3516 3884 3567 3937 in

1999 3974 2051 4021 te
2068 3981 2187 4021 cum
2216 3982 2413 4035 anceps
2431 3968 2569 4021 inter
2592 3978 2877 4038 utrumque
2898 3970 3127 4037 laboras,
3155 3973 3207 4027 id
3231 3983 3331 4039 est,
3359 3984 3415 4029 ut
3434 3978 3570 4031 inter

1996 4074 2142 4128 spem
2172 4069 2227 4114 et
2267 4069 2464 4115 metum
2509 4060 2854 4116 meditatione
2911 4075 2995 4117 tua
3045 4067 3361 4122 exardescat
3410 4070 3566 4139 ignis.

2002 4152 2060 4205 Et
2079 4154 2160 4222 ige
2192 4162 2242 4209 te
2264 4154 2314 4206 in
2340 4154 2517 4208 calore
2543 4153 2722 4208 cordis
2746 4156 2840 4221 tui,
2864 4164 2937 4221 et,
2960 4155 3012 4211 in
3045 4158 3159 4213 zelo
3191 4162 3422 4228 pectoris
3444 4178 3573 4218 con-

1998 4246 2219 4310 citatus,
2248 4246 2471 4320 abutere
2500 4245 2717 4299 dextera
2743 4255 2857 4309 tua,
2897 4256 2950 4300 ct
2991 4249 3245 4304 tumulare
3276 4252 3566 4320 sinistram,

1997 4336 2183 4392 dicens
2214 4338 2265 4391 ei
2298 4355 2310 4389 :
2344 4338 2479 4403 Quid
2510 4338 2638 4392 mihi
2684 4350 2737 4392 et
2783 4339 2874 4392 tibi
2914 4349 3013 4405 est,
3053 4342 3312 4396 sinistra?
3352 4344 3535 4399 desine
3557 4390 3569 4406 ,

1998 4441 2175 4491 cessa,
2204 4428 2556 4497 conquiesce;
2581 4430 2689 4484 noli
2721 4431 2847 4483 mibi
2880 4432 3103 4486 suztdcrc
3138 4443 3191 4487 ut
3218 4450 3426 4500 errem;
3462 4438 3568 4491 noli

1999 4535 2083 4571 tne
2110 4518 2359 4584 subdere,
2386 4528 2445 4573 ut
2484 4520 2770 4575 offendam.
2817 4521 2922 4576 Cur
2953 4524 3281 4591 implicatum
3316 4537 3486 4594 tenes,
3518 4540 3570 4583 ct

1997 4626 2099 4663 non
2134 4613 2395 4679 perm-llis
2419 4613 2662 4667 exsolvi?
2686 4614 2793 4667 noli
2821 4630 2905 4669 me
2927 4631 3119 4685 capere
3139 4620 3418 4686 saporibus
3442 4621 3567 4684 tuis,

1997 4703 2085 4769 qui
2141 4704 2291 4759 brevi
2336 4712 2577 4773 tempore
2628 4706 2811 4761 dulces
2855 4719 2906 4763 et
2962 4711 3297 4778 postmodum
3356 4726 3570 4782 semper

1995 4799 2202 4851 amari:
2240 4799 2373 4852 tales
2402 4810 2525 4853 sunt
2564 4814 2789 4869 sapores
2822 4802 2928 4868 tui,
2963 4803 3134 4871 qualia
3187 4804 3567 4861 dormientium

1994 4890 2221 4944 somnia.
2254 4890 2598 4945 Surrexerunt
2626 4908 2653 4945 e
2683 4909 2885 4959 somno,
2912 4902 2958 4944 et
2988 4894 3131 4948 ob'iti
3152 4906 3264 4949 sunt
3294 4914 3405 4964 qua:
3434 4899 3565 4952 vide-

1993 4997 2146 5051 runt;
2179 4988 2257 5041 sic
2288 4997 2408 5041 tuus
2433 5001 2626 5056 sapor,
2675 4989 2753 5040 sic
2795 4997 2880 5040 tua
2918 4988 3203 5041 delectatio
3236 5005 3250 5042 :
3285 4991 3334 5044 in
3359 4991 3567 5045 delictis

1996 5096 2180 5147 parum
2212 5079 2417 5147 inungit
2469 5078 2677 5144 fauces,
2715 5092 2765 5133 et
2814 5080 3149 5145 postmodum
3190 5082 3293 5135 urit
3334 5084 3564 5136 animam

1992 5171 2279 5225 delectatio
2304 5179 2410 5225 tua.
2440 5172 2483 5225 Ο
2505 5172 2717 5224 s'nistra
2745 5173 2757 5223 !
2783 5171 2997 5227 dolores
3030 5173 3157 5227 facis
3184 5174 3438 5243 prolixos,
3466 5178 3589 5229 nisi.

1992 5264 2154 5316 fueris
2186 5278 2452 5331 repressa,
2482 5262 2637 5317 dulce
2682 5275 2825 5316 tuum
2859 5266 2914 5316 fit
2962 5280 3234 5327 amarum;
3269 5266 3414 5319 favus
3446 5278 3565 5321 tuus

1993 5355 2045 5407 in
2074 5354 2139 5408 fel
2185 5358 2536 5410 convertitur.
2583 5358 2660 5409 An
2703 5372 2805 5408 twn
2852 5356 3047 5410 audisti
3101 5357 3419 5413 sententiam
3467 5358 3567 5413 Sa-

1992 5445 2221 5501 lomonis
2249 5490 2260 5511 ,
2296 5448 2383 5515 qui
2425 5447 2555 5501 dixit
2590 5467 2602 5500 :
2650 5448 2764 5500 l't'us
2802 5466 2914 5513 qtae
2958 5467 2988 5501 α
3031 5450 3223 5503 dt'xtris
3261 5460 3377 5504 sunt
3427 5452 3566 5502 novit

1996 5540 2276 5604 Dominus;
2325 5557 2569 5609 prrvcrsrc
2632 5554 2801 5594 autem
2877 5553 2995 5596 sunt
3058 5560 3169 5613 qua:
3237 5562 3269 5597 a
3346 5544 3567 5597 sinistris

1992 5630 2180 5693 (Prov.
2215 5646 2287 5695 tv,
2320 5632 2446 5699 27)?
2491 5632 2672 5686 Nescis
2715 5640 2766 5685 ttt
2817 5634 2935 5703 quia
2975 5644 3191 5702 angusfn
3227 5635 3305 5687 via
3347 5646 3415 5689 cst
3452 5652 3573 5704 qua:

1992 5723 2127 5775 ducit
2162 5726 2230 5775 ad
2262 5724 2450 5777 vitam?
2479 5726 2584 5777 Cur
2621 5741 2703 5779 tne
2740 5727 2940 5796 frangis
2970 5738 3021 5780 et
3062 5728 3230 5782 flectis
3267 5729 3330 5781 ad
3371 5730 3567 5782 latam?

1993 5814 2091 5868 (iur
2133 5830 2212 5868 tne
2252 5813 2402 5869 ducis
2448 5816 2508 5870 ad
2553 5820 2838 5885 Sl'ﬂlib‘SJlli
2888 5820 3024 5873 viam
3068 5836 3188 5889 qua:
3222 5821 3354 5875 inibi
3401 5821 3573 5889 apetii
