4032 6184
449 359 550 416 iis
1410 351 1469 408 s.
1512 326 1875 406 mortem"
1918 344 2371 403 NOVAttlENSIS
2413 344 2716 402 scissor.
3600 351 3699 405 us

446 470 627 525 ειιιιοοε
670 464 895 531 inferni,
935 464 992 520 in
1029 460 1227 533 quibus
1280 461 1427 530 picea
1477 460 1692 515 ﬂamma
1742 459 1921 524 ardet,
1966 468 2022 514 et
2050 467 2098 520 Α
2126 471 2217 521 re,
2246 456 2338 510 sed
2363 448 2547 525 'vigila.
2577 456 2721 525 Opus
2753 465 2898 511 tuum
2924 456 3081 513 dulce
3105 466 3218 523 est,
3249 460 3388 515 actio
3421 469 3509 515 tua
3533 465 3703 520 melli-

446 559 672 630 pmnalis
699 558 870 628 caligo
898 553 1193 611 exaestuat?
1221 550 1450 610 Sinistra
1478 565 1602 621 pars
1633 558 1722 606 tua
1750 551 2025 620 planctum
2131 549 2233 604 ﬂua
2258 558 2337 604 est
2359 587 2375 613 ,
2405 547 2673 619 vigilantia
2711 557 2796 602 tua
2828 548 3077 606 viviﬁcat.
3113 551 3367 619 Expande
3395 560 3448 608 te
3475 554 3540 608 ad
3583 568 3715 625 pre-

447 653 768 722 ingemiuat,
814 648 1047 719 provisio
1090 654 1180 702 tua
1230 653 1492 701 tartareas
1537 643 1698 699 habet
1744 642 2020 698 tenebras.
2128 653 2221 695 eos
2247 638 2581 709 paritereum
2603 638 2846 705 sinistra;
2875 640 3087 711 erigete
3107 640 3174 696 ad
3199 644 3705 712 supernasubsidia.

392 799 398 807 ,
448 742 738 799 Cellarium
785 747 933 794 tuum
980 745 1261 806 corruptas
1302 735 1462 791 habet
1499 734 1738 803 species;
1787 730 2025 788 thesauri
2128 729 2419 784 Commove
2440 737 2837 796 venastuas,et
2861 730 3117 799 conquire
3146 732 3406 799 remedia,
3438 734 3708 792 coniunde

450 831 528 886 tui
556 830 771 901 liquidis
799 826 1086 883 ardoribus
1114 826 1254 895 pleni
1284 832 1428 879 sunt.
1461 822 1617 891 Aspis
1646 830 1729 877 est
1769 822 1822 875 in
1864 836 2029 890 opere
2129 820 2434 885 inimicum,
2466 828 2521 874 et
2560 828 2781 875 contere
2812 822 3013 889 peccati
3050 821 3372 878 ministrum.
3423 825 3708 892 Quomodo

397 951 413 990 τ
449 932 546 978 tuo
566 962 582 985 ,
606 919 1011 990 antiquissimus
1036 917 1126 972 ille
1152 929 1374 985 serpens
1405 914 1574 986 hydra
1593 954 1609 980 ,
1633 912 2028 979 multorumque
2129 923 2250 962 eum
2270 908 2573 974 confundis,
2589 916 2680 963 aut
2703 924 2809 978 quo
2838 910 3031 966 itinere
3055 913 3312 979 conteris,
3335 914 3436 968 nisi
3463 916 3514 968 in
3541 931 3708 985 opere

401 976 419 1100 ξ
452 976 665 1085 spirans
687 976 1044 1069 venenorum.
1071 1010 1140 1067 Ut
1168 976 1369 1078 spargit
1397 976 1601 1079 pestem
1641 1013 1832 1060 auctor
1859 1004 2029 1058 scele-
2132 999 2261 1065 Dei.
2293 999 2346 1053 in
2372 999 2750 1055 οδεθτνθιίοηθ
2777 1001 3103 1100 θνξηῧθιίεθν
3135 1003 3187 1057 in
3218 1003 3557 1095 ordinatione
3594 1006 3708 1062 ἀίεο

452 1120 602 1172 rum,
626 1106 881 1176 nequitia
915 1103 1175 1173 armiger!
1203 1101 1433 1158 Sinistra
1471 1101 1523 1154 in
1560 1107 1711 1169 parte
1739 1107 1845 1162 tua,
1873 1110 2024 1152 scan-

452 1199 573 1256 dala
600 1199 794 1270 quibus
827 1197 1027 1254 dictum
1049 1204 1133 1251 est
1157 1212 1173 1250 :
1200 1194 1452 1250 Discedite
1479 1210 1512 1246 a
1538 1208 1638 1257 me,
1664 1190 1944 1257 maledicti,
1974 1189 2029 1242 in

453 1293 620 1363 ignem
647 1299 914 1354 retentum,
944 1302 1095 1359 quem
1124 1284 1427 1356 pra'paracit
1464 1282 1623 1337 Pater
1652 1298 1792 1336 meus
1827 1280 2030 1334 diabolo

453 1392 500 1437 et
529 1382 725 1453 angelis
753 1381 883 1447 eius.
930 1377 1071 1448 Ignis
1104 1376 1311 1457 ardebit
1350 1376 1403 1431 in
1443 1384 1592 1443 parte
1629 1383 1739 1438 tua,
1782 1370 2026 1437 diabole,

454 1472 601 1542 aspis
622 1471 862 1542 antique,
900 1478 1086 1524 auctor
1123 1467 1374 1537 nequitia:
1414 1484 1426 1518 :
1468 1463 1560 1519 tibi
1592 1469 1921 1534 prmparatus
1950 1467 2034 1514 est

455 1563 594 1631 ignis
616 1570 669 1617 ct
692 1561 896 1631 angelis
931 1560 1070 1623 tuis;
1100 1557 1226 1628 quid
1260 1557 1360 1611 hoc
1391 1555 1457 1610 ad
1489 1554 1734 1610 homines
1759 1550 2033 1624 pertinet?

455 1650 681 1711 sinistra
723 1659 810 1705 tua
862 1647 998 1704 nihil
1039 1647 1199 1703 valet.
1253 1644 1395 1700 Nihil
1425 1643 1568 1699 valet
1608 1656 1735 1713 pars
1778 1640 2028 1706 sinistra;

2131 1089 2367 1158 ciplinae,
2399 1090 2451 1145 in
2479 1089 2819 1146 ordinatione
2848 1090 3143 1162 largitatis!
3184 1093 3403 1163 Dextra,
3449 1096 3532 1151 fac
3569 1113 3703 1168 opus

2127 1177 2401 1248 iustitiae:
2446 1181 2655 1249 respice
2705 1178 3020 1251 famelicos,
3078 1186 3212 1240 vesti
3278 1186 3481 1252 nudos,
3550 1189 3707 1245 visita

2134 1282 2367 1339 aegrotos
2389 1312 2404 1337 ,
2436 1275 2651 1342 suscipe
2680 1276 3026 1347 peregrinos,
3058 1278 3207 1333 solve
3236 1281 3601 1351 compeditos,
3630 1284 3707 1336 fo-

2134 1375 2198 1416 ve
2227 1362 2466 1428 captivos
2488 1403 2503 1427 ,
2539 1366 2823 1420 consolare
2851 1379 3203 1436 compunctos
3237 1387 3249 1422 :
3288 1371 3332 1424 si
3373 1372 3451 1425 sic
3481 1371 3706 1437 feceris.

2133 1454 2316 1506 eruisti
2360 1468 2446 1508 me
2483 1454 2551 1509 de
2592 1469 2859 1525 mwrore,
2904 1458 3143 1514 liberasti
3183 1461 3249 1516 de
3289 1462 3605 1532 muscipula.
3658 1468 3706 1521 υ

2133 1541 2342 1609 dextra,
2375 1558 2481 1597 non
2513 1545 2697 1601 vides?
2735 1549 2888 1602 smvit
2914 1549 3127 1603 sinistra
3148 1590 3163 1617 ,
3192 1559 3248 1607 ct
3283 1553 3541 1621 supplicia
3579 1569 3710 1609 con-

2134 1634 2305 1703 gerit?
2340 1635 2552 1689 sinistra
2586 1646 2637 1692 te
2667 1640 2851 1706 vincit,
2880 1650 2934 1695 et
2961 1641 3195 1697 dormis!
3229 1658 3453 1714 serpens
3484 1657 3535 1700 te
3565 1662 3710 1708 mor,-

454 1746 732 1818 rorrigunt
761 1760 819 1802 se
848 1744 1093 1800 homines
1120 1756 1149 1797 a
1175 1741 1429 1812 peccatis,
1461 1748 1517 1793 et
1543 1740 1746 1793 vivunt.
1776 1735 2035 1790 Desinunt

2144 1724 2225 1778 det
2250 1765 2265 1789 ,
2289 1734 2343 1779 et
2367 1726 2528 1781 duras
2559 1741 2663 1782 non
2696 1730 2850 1784 vides
2877 1740 3059 1800 partes
3079 1732 3332 1788 adversas
3359 1737 3624 1805 turbatas,
3656 1749 3711 1794 et

457 1813 793 1908 delinquere,
830 1845 885 1891 et
923 1842 1112 1891 carent
1145 1831 1450 1895 doloribus;
1481 1828 1791 1885 renuntiant
1830 1826 1946 1890 tibi,
1972 1832 2035 1918 et
2064 1827 2109 1885 Β
2142 1813 2476 1918 ξηευτεξτιιιθε
2519 1820 2794 1874 “lium-’57
2843 1824 2984 1918 "3"}!
3025 1824 3230 1918 ερίτδηι
3271 1824 3510 1892 “diem:
3563 1842 3711 1882 “me

460 1936 687 1996 regnant
715 1939 836 1980 cum
875 1924 1121 1987 Christo;
1154 1919 1461 1976 remansisti
1502 1918 1651 1972 solus
1677 1931 1798 1971 cum
1836 1913 2040 1983 angelis

2144 1913 2367 1976 insurgit
2403 1924 2565 1977 super
2620 1921 2703 1975 te,
2757 1914 2957 1981 peccati
3008 1914 3228 1984 pelagus
3275 1928 3431 1987 urget
3476 1920 3710 1974 animam

461 2017 597 2072 tuis.
644 2014 886 2078 Diabole,
930 2012 1055 2081 quid
1097 2011 1238 2081 regis
1276 2010 1545 2064 sinistram
1597 2006 1842 2077 partem?
1878 2005 1942 2058 ad
1987 2013 2039 2058 te

462 2108 701 2174 corrigo,
721 2105 941 2159 verbum
961 2101 1054 2155 tibi
1075 2100 1299 2169 imputo,
1324 2108 1375 2153 te
1395 2101 1598 2168 eaStigo
1615 2115 1628 2151 :
1647 2096 1771 2167 quid
1795 2096 2040 2166 glur'aris

468 2200 538 2255 de
577 2206 727 2267 parte
765 2193 1020 2250 sinistra?
1078 2192 1291 2246 ﬂamma
1336 2190 1423 2246 illa
1469 2190 1731 2261 gehennae
1766 2187 1888 2248 tibi.
1934 2199 2037 2239 non

466 2289 775 2347 hominibus
807 2286 1027 2357 ﬂagrat;
1061 2284 1256 2341 camini
1289 2283 1505 2339 tartarei
1537 2282 1635 2337 tibi
1664 2289 1790 2336 sunt
1830 2293 2038 2350 pracpa-

462 2380 567 2438 rati
591 2389 645 2435 et
664 2379 868 2448 angelis
897 2377 1022 2433 tuis.

530 2489 744 2560 Quare?
765 2489 890 2562 quia
920 2488 1259 2545 adversarius
1287 2488 1382 2543 Dei
1412 2501 1471 2544 es
1492 2528 1506 2552 ,
1528 2493 1741 2557 semper
1770 2499 1921 2541 erras
1944 2528 1957 2551 ,
1987 2492 2041 2537 rt

460 2596 732 2653 nunquam
753 2580 1040 2647 emendas;
1066 2593 1279 2649 semper
1309 2579 1502 2649 impius
1523 2585 1576 2634 et
1604 2577 1876 2642 seductor,
1900 2589 2041 2629 sem-

462 2688 560 2745 per
591 2672 846 2745 prodigus
870 2680 928 2729 et
953 2670 1247 2741 profanus;
1274 2678 1426 2725 atrox
1455 2670 1508 2725 in
1546 2670 1702 2725 malis
1722 2709 1737 2734 ,
1777 2676 1832 2724 et
1866 2665 2041 2723 inimi-

462 2777 562 2827 cus
588 2763 643 2822 in
667 2763 856 2829 bonis;
887 2770 943 2818 et
969 2761 1093 2832 quia
1123 2775 1393 2830 nunquam
1427 2770 1481 2815 te
1510 2761 1769 2831 poenitet,
1802 2758 1922 2813 ideo
1948 2772 2042 2825 pe-

462 2855 690 2912 riturus.
721 2853 859 2922 Quid
889 2852 991 2909 hoc
1018 2852 1085 2907 ad
1116 2851 1388 2907 hominem
1422 2850 1772 2921 poenitentcm
1797 2889 1812 2915 ,
1841 2860 2042 2919 suaque

462 2953 682 3018 peccata
710 2943 1095 3001 conﬁtentem?
1125 2943 1248 3013 plus
1279 2951 1362 2999 est
1406 2942 1717 3012 poenitentia
1763 2953 1920 3010 quam
1951 2947 2040 2993 tua

462 3036 791 3109 pestilentia.
826 3035 952 3091 Plus
980 3042 1104 3091 sunt
1133 3034 1387 3103 lacrymae
1425 3032 1697 3087 hominum
1717 3072 1732 3097 ,
1763 3045 1922 3101 quam
1963 3030 2040 3083 tui

464 3125 866 3185 insidiosissimi
895 3124 1090 3196 laquei.
1128 3123 1369 3193 Amplius
1397 3133 1480 3178 est
1511 3121 1856 3190 eleemosyna
1882 3133 2040 3190 quam

2142 2007 2306 2063 tuam,
2327 2000 2554 2055 strident
2581 2003 2631 2055 in
2656 2006 2907 2058 membris
2938 2006 3042 2060 tuis
3069 2005 3401 2077 iniquitatum
3427 2013 3709 2079 procellaa;

2139 2099 2192 2144 et
2221 2106 2323 2145 non
2356 2091 2605 2147 excitaris
2626 2134 2641 2159 ,
2669 2094 2765 2149 sed
2812 2097 3074 2166 negligis!
3109 2112 3213 2152 non
3244 2101 3533 2156 stimularis
3554 2144 3569 2165 ,
3614 2103 3709 2158 sed

2141 2185 2347 2254 torpes!
2383 2186 2602 2238 Dextera
2626 2188 2966 2256 gubernatrix
2994 2229 3007 2253 ,
3040 2197 3119 2244 sta
3152 2190 3204 2245 in
3228 2206 3429 2262 puppe,
3461 2203 3515 2250 et
3538 2195 3713 2266 dirige

2142 2290 2351 2345 proram
2384 2293 2397 2329 :
2427 2278 2664 2335 extende
2683 2280 3013 2349 vela,‘artua
3045 2299 3132 2336 nm
3148 2299 3254 2340 em.
3289 2286 3428 2342 Ecce
3470 2290 3713 2354 pericula

2142 2367 2455 2435 imminent,
2487 2384 2614 2426 ecce
2639 2373 2844 2442 scopuli
2876 2382 2999 2428 ante
3024 2384 3075 2429 te
3095 2415 3113 2441 ,
3153 2390 3283 2433 ecce
3315 2378 3564 2433 horrendi
3590 2397 3715 2435 cau-

2142 2469 2259 2528 tes,
2309 2458 2589 2530 naufragia
2632 2462 2685 2516 in
2716 2463 2936 2519 latebris
2964 2465 3198 2532 instant,
3246 2476 3301 2523 et
3337 2484 3443 2523 non
3483 2470 3710 2541 vigilas!

2141 2563 2258 2606 c510
2289 2551 2548 2623 pervigil,
2597 2563 2714 2609 esto
2758 2563 2968 2610 amator
3002 2556 3263 2613 bonorum
3304 2573 3527 2630 operum
3549 2601 3565 2628 ,
3597 2571 3716 2617 esto

2141 2645 2387 2700 bellatrix
2416 2644 2780 2714 paenitentiae,
2810 2654 2863 2703 te
2890 2647 3036 2703 enim
3062 2648 3443 2721 triumphante,
3471 2654 3592 2708 vivo
3615 2669 3716 2725 ego

2143 2735 2197 2790 in
2223 2736 2419 2790 virtute
2445 2735 2540 2791 Dei
2564 2777 2581 2803 ,
2624 2745 2679 2793 et
2706 2737 2878 2793 evado
2905 2740 3095 2795 noxias
3120 2749 3333 2810 partes;
3383 2744 3617 2800 extende
3646 2746 3714 2801 ad

2139 2826 2421 2897 justitiam,
2443 2828 2605 2900 imple
2633 2828 2884 2900 pugillum
2909 2839 3055 2887 tuum
3077 2832 3286 2889 caelesti
3307 2836 3514 2891 semine
3539 2853 3550 2888 :
3572 2836 3714 2905 jacta

2143 2934 2327 2976 semen
2373 2921 2731 2992 poenitentiae,
2776 2929 2833 2978 et
2871 2923 3064 2995 collige
3098 2924 3304 2981 fructus
3347 2927 3711 2998 indulgentia.

2144 3010 2265 3065 Noli
2289 3009 2558 3079 dormire,
2587 3011 2773 3069 dextra
2792 3055 2809 3081 ,
2840 3014 2936 3069 sed
2965 3014 3049 3071 fac
3086 3030 3250 3086 opera
3287 3005 3407 3088 quire
3427 3035 3455 3072 a
3489 3028 3541 3076 te
3566 3020 3721 3075 Chri-

2144 3110 2257 3179 stus
2279 3109 2573 3170 exspectat.
2594 3102 2832 3158 Emenda
2852 3119 3092 3161 errorem
3119 3123 3321 3175 meum,
3335 3109 3458 3165 dele
3480 3110 3719 3165 dolorem

466 3228 558 3277 tua
586 3190 1007 3289 inquinamenta.
1049 3190 1369 3271 Sollicitudo
1406 3212 1569 3268 solvit
1610 3220 1865 3283 peccata,
1915 3211 2041 3282 vigi-

2148 3205 2324 3245 meum
2344 3232 2360 3256 ,
2391 3190 2584 3260 collige
2606 3194 2856 3249 meritum
2881 3195 3025 3265 quod
3052 3197 3315 3268 dispersi,
3360 3216 3548 3270 repara
3577 3202 3718 3272 quod

468 3308 636 3366 latitia
661 3308 829 3364 vincit
850 3306 1520 3378 nequitiam,compnnctio
1545 3305 1780 3361 eradicat
1799 3304 2041 3361 crimina.

472 3401 695 3459 Inimico
723 3399 958 3469 diabolo,
979 3398 1138 3454 fallax
1156 3398 1330 3473 ,auid
1363 3398 1519 3468 fingis
1541 3397 1837 3454 terrorem?
1860 3411 2043 3466 parum

471 3499 577 3556 cst,
609 3488 751 3561 quod
788 3503 978 3545 vereor
1005 3486 1178 3542 donec
1203 3493 1488 3542 convertar
1516 3484 1582 3538 ad
1619 3484 1889 3540 Christum
1908 3528 1923 3553 ,
1954 3483 2046 3553 qui

471 3594 559 3637 me
586 3579 828 3635 salvavit.
862 3577 1033 3635 Video
1060 3584 1280 3648 peccata
1310 3591 1459 3643 mea,
1487 3584 1541 3632 et
1570 3589 1733 3644 pauca
1766 3575 2047 3631 considero

471 3672 757 3729 commissa
788 3685 938 3737 mea;
977 3679 1032 3726 et
1061 3667 1313 3725 horresco
1343 3669 1514 3723 donec
1540 3676 1825 3723 convertar
1850 3666 1916 3722 ad
1942 3668 2047 3722 Do-

473 3764 701 3818 tlinum.
728 3761 882 3818 Stant
908 3769 1033 3816 aute
1056 3774 1142 3833 me
1172 3759 1408 3815 facinora
1430 3773 1548 3814 mea
1575 3758 1723 3829 quasi
1751 3760 1912 3813 turris
1943 3757 2048 3812 fer-

470 3867 564 3911 rea
590 3868 654 3909 ac
678 3869 862 3910 murus
885 3866 1060 3909 aereus
1079 3894 1094 3921 ,
1134 3851 1307 3909 donec
1336 3852 1704 3921 memetipsum
1727 3851 1965 3920 videam,
1994 3860 2049 3907 et

471 3946 645 4001 donec
670 3945 859 4000 sitiens
887 3944 1183 4015 amplectar
1229 3944 1499 3999 Christum
1537 3944 1882 4015 indulgentia:
1930 3942 2049 3999 fon-

476 4046 584 4094 tem
606 4075 623 4101 ,
655 4044 975 4105 tcneamque
1004 4034 1165 4103 pedes
1195 4034 1312 4104 ejus
1344 4035 1433 4105 qui
1453 4035 1588 4091 dixit
1620 4052 1633 4087 :
1665 4034 1803 4090 Nolo
1835 4048 2048 4092 mortem

476 4128 794 4198 peccatoris,
830 4136 1073 4197 quantum
1104 4137 1358 4182 convertat
1396 4143 1450 4181 se
1475 4144 1509 4181 a
1546 4128 1628 4181 via
1673 4144 1767 4182 sua
1793 4127 1962 4191 mala,
2001 4136 2047 4181 et

473 4224 627 4283 uiuat.
654 4220 711 4276 Si
738 4220 839 4275 hoc
868 4218 1073 4283 fecero;
1104 4233 1289 4276 murus
1317 4234 1489 4276 aereus
1527 4229 1800 4276 momento
1830 4219 2051 4276 collabi-

476 4322 565 4371 tur
585 4352 601 4378 ,
628 4311 790 4366 turris
829 4310 1002 4366 ferrea
1032 4309 1310 4365 iulminata
1340 4308 1682 4381 dispergitur.
1712 4311 1868 4366 Aries
1903 4312 2048 4367 enim

474 4401 808 4477 paenitentiae
836 4401 1096 4458 subvertit
1127 4409 1342 4471 peccata
1371 4410 1422 4457 et
1444 4403 1652 4457 subruit
1675 4403 1923 4458 crimina.
1951 4402 2051 4458 Ca.

475 4496 605 4553 dent
640 4502 764 4552 ante
805 4496 989 4552 ﬂetum
1029 4493 1377 4564 paenitentis,
1424 4492 1575 4563 quasi
1607 4492 1809 4548 caduca
1852 4492 1978 4548 folia
2016 4507 2047 4548 a

475 4595 639 4644 vento
675 4600 970 4653 concussa,
1019 4593 1113 4642 aut
1140 4583 1293 4654 quasi
1334 4584 1529 4653 pluma:
1570 4583 1853 4640 volitantes
1892 4594 2052 4641 vento
2077 4575 2129 4635 D

476 4680 746 4748 impulsae.
779 4676 946 4733 Adest
989 4675 1248 4731 Dominus
1286 4674 1494 4742 oranti,
1536 4684 1733 4744 praesto
1775 4685 1859 4732 est
1888 4691 2050 4732 excu-

474 4773 624 4829 banti
652 4770 1000 4843 erogantique
1037 4767 1301 4837 Christus,
1328 4773 1603 4836 protector
1630 4767 1902 4835 excelsus,
1927 4785 2047 4824 mu-

472 4864 664 4920 nificus
691 4870 852 4933 atque
875 4860 1116 4921 liberalis
1146 4857 1416 4925 indultor;
1448 4868 1501 4914 et
1535 4866 1641 4914 tota
1686 4859 1773 4913 illa
1797 4868 2046 4927 peccato-

472 4968 595 5011 rum
638 4952 849 5007 sarcina
877 4965 1035 5022 quam
1064 4949 1371 5013 verebaris,
1412 4958 1471 5004 ut
1516 4963 1638 5004 cera
1666 4948 1946 5017 liquescit,
1990 4958 2048 5004 ut

472 5046 651 5102 fumus
676 5042 910 5113 fugatur,
928 5050 985 5096 ut
1011 5055 1177 5108 vapor
1206 5040 1531 5105 exinanitur,
1548 5049 1638 5094 aut
1666 5040 1815 5109 quasi
1844 5038 2044 5110 lanugo

471 5136 747 5195 combusta
787 5133 1017 5203 deperit.
1055 5132 1342 5201 Postquam
1382 5130 1462 5185 sic
1505 5130 1851 5199 castigaveris
1883 5131 2043 5186 sinis-

472 5239 585 5286 tras
613 5235 786 5299 partes
804 5266 821 5293 ,
851 5233 1051 5280 etcum
1077 5222 1279 5279 eisdem
1304 5222 1542 5291 partibus
1571 5222 1743 5290 ipsum
1769 5222 2039 5277 diabolum

468 5317 855 5394 prostraveris,
897 5323 1151 5370 converte
1190 5321 1245 5368 te
1279 5313 1345 5367 ad
1380 5313 1691 5377 dexteram,
1725 5320 1781 5366 et
1823 5311 2041 5381 l0quero

465 5410 573 5478 illi,
606 5406 965 5478 multiplicans
989 5404 1055 5458 ad
1084 5418 1201 5458 eam
1232 5401 1595 5458 exhortatoria
1617 5401 1817 5470 verbaf,
1848 5401 1927 5456 sic
1957 5401 2040 5456 di-

468 5517 599 5559 cens
618 5520 631 5555 :
648 5501 875 5557 Dextera
894 5511 1012 5559 mea
1035 5497 1145 5553 Deo
1161 5506 1389 5561 saerata,
1412 5495 1668 5551 salvatrix
1681 5495 1869 5551 animae
1887 5510 2039 5563 mea',

465 5593 725 5655 ﬂrmatrix
756 5590 956 5657 cordis,
997 5589 1270 5646 munimen
1302 5588 1545 5658 corporis
1565 5628 1579 5654 ,
1611 5597 1666 5644 tu
1698 5588 1811 5644 noli
1839 5588 2042 5644 dormi-

538 5743 558 5813 ἦ
589 5739 644 5793 In
676 5740 768 5793 Ms.
806 5741 995 5813 legitur
1027 5737 1209 5813 titulus
1268 5735 1370 5813 hoc
1415 5732 1611 5813 modo:
1667 5730 2033 5813 incipituliber

469 5812 660 5879 primus
704 5802 881 5867 sancti
910 5808 1175 5871 Launutii
1222 5804 1443 5877 episcopi
1474 5803 1535 5858 de
1582 5802 1788 5859 muliere
1840 5802 2037 5860 (iliauo-

2148 3282 2336 3348 amisi,
2368 3281 2463 3339 sed
2500 3282 2705 3354 integra
2738 3286 2877 3353 quod
2911 3286 3190 3344 minoravi.
3227 3289 3489 3346 Flammat
3532 3293 3721 3351 fornax

2147 3374 2455 3441 criminum,
2487 3383 2543 3431 et
2592 3384 2645 3430 tu
2688 3375 2862 3432 siccas
2888 3380 3068 3447 operis
3099 3382 3173 3436 tui
3219 3381 3463 3439 fontem?
3504 3396 3719 3456 peccata

2148 3465 2477 3536 praevalent,
2508 3475 2561 3521 et
2590 3478 2644 3522 tu
2667 3468 2943 3525 subtrahis
2971 3474 3183 3542 pietatis
3213 3477 3500 3545 prazsidia?
3530 3479 3604 3533 Da
3627 3496 3719 3536 ro-

2146 3572 2261 3614 rem
2294 3568 2462 3625 tuum,
2486 3567 2541 3614 et
2566 3559 2824 3631 refrigera
2846 3560 2899 3618 in
2940 3577 3027 3618 me
3052 3564 3191 3633 quod
3215 3575 3405 3622 aestuat
3432 3567 3485 3622 in
3515 3570 3717 3627 calore.

2151 3650 2335 3706 Timeo
2364 3666 2591 3722 namque
2640 3666 2707 3707 ne
2737 3652 3094 3710 dormientem
3124 3656 3342 3713 sinistra
3370 3653 3587 3730 superet
3611 3703 3626 3727 ,
3668 3673 3724 3719 et

2148 3741 2322 3810 rapiat
2345 3756 2451 3796 me.
2490 3741 2795 3810 Diripiendo
2822 3741 2887 3797 ad
2931 3743 3117 3800 funera
3138 3788 3154 3813 ,
3189 3746 3268 3803 sic
3310 3757 3363 3803 te
3395 3750 3721 3808 excitantem

2148 3829 2420 3895 dextram,
2464 3837 2519 3885 et
2545 3829 2914 3901 objurgantem
2960 3834 3270 3903 sinistram,
3308 3839 3538 3911 suscipit
3565 3840 3724 3897 Chri-

2148 3931 2265 3976 stus
2293 3930 2347 3977 et
2370 3922 2731 3991 amplectitur.
2756 3922 3046 3994 Disrumpit
3063 3928 3271 3983 vincula
3300 3937 3407 3995 tua,
3432 3939 3487 3986 et
3508 3932 3724 3989 deducit

2151 4020 2398 4082 tanquam
2416 4011 2593 4067 lumen
2607 4011 2869 4082 justitiam
2888 4024 3051 4083 tuam,
3066 4025 3122 4072 et
3135 4018 3395 4088 judicium
3409 4033 3553 4076 tuum
3571 4027 3728 4081 meri-

2150 4100 2878 4171 diauosplendoreillustrat:
2904 4107 3159 4164 utdextra
3184 4110 3300 4180 ejus
3323 4113 3581 4181 visitatus,
3602 4132 3728 4187 gra-

2150 4190 2326 4261 tiaque
2354 4192 2608 4257 donatus,
2637 4192 2732 4248 sed
2764 4210 2982 4252 munere
3001 4202 3397 4271 accumulatus,
3423 4220 3528 4261 non
3561 4209 3727 4264 tristis

2150 4285 2408 4340 abscedas
2445 4296 2536 4340 aut
2558 4286 2781 4353 inutilis,
2805 4286 2898 4343 sed
2929 4290 3160 4357 gaudeas
3179 4307 3297 4361 cum
3316 4294 3475 4365 justis
3502 4300 3569 4353 ad
3598 4300 3728 4355 dex-

2154 4384 2287 4429 tram
2318 4375 2653 4431 venientibus
2682 4376 2734 4431 in
2756 4387 2960 4433 acterna
2990 4383 3175 4451 requie
3204 4388 3584 4454 permansuris.

2346 4488 2548 4545 LIBER
2570 4495 2584 4511 '
2625 4491 2713 4547 DE
2751 4493 3056 4552 MULIERE
3082 4508 3083 4511 ‘
3110 4496 3530 4558 CHANANASA.

2223 4580 2373 4635 llulti
2424 4583 2641 4650 quidem
2692 4585 2986 4657 conﬂigunt
3037 4590 3185 4645 venti
3234 4593 3564 4663 saeviuntque
3604 4610 3728 4665 pro-

2154 4669 2341 4737 cellae;
2373 4671 2468 4727 Sed
2500 4684 2736 4729 vestrum
2765 4687 3090 4734 conventum
3134 4696 3241 4737 non
3283 4682 3527 4741 dissolvit
3554 4696 3729 4744 tenta-

2154 4762 2228 4815 tio
2250 4806 2265 4830 ,
2299 4776 2397 4817 nec
2419 4763 2654 4821 studium
2684 4766 2922 4824 violavit.
2952 4768 3069 4825 Non
3098 4781 3277 4828 cessat
3307 4774 3576 4843 Ecclesia,
3605 4793 3726 4848 quas

2151 4869 2364 4926 semper
2406 4867 2637 4928 pugnat,
2689 4871 2746 4915 et
2793 4875 3008 4931 semper
3055 4864 3382 4936 triumphat;
3416 4877 3649 4925 tentatur
3668 4879 3728 4928 et

2151 4964 2260 5004 non
2289 4960 2591 5020 superatur.
2626 4950 2684 5007 In
2714 4964 2972 5023 quantum
3012 4956 3258 5027 pulsatur
3279 4968 3330 5015 et
3357 4961 3638 5030 premitur,
3668 4962 3722 5019 in

2156 5049 2361 5097 tantum
2389 5043 2647 5114 prmvalet
2671 5053 2725 5100 et
2745 5047 3020 5115 augescit:
3052 5048 3254 5106 circum
3282 5052 3509 5109 saeviunt
3529 5054 3684 5111 unda:
3704 5096 3722 5123 ,

2151 5132 2244 5188 sed
2271 5148 2377 5188 non
2404 5144 2647 5191 movetur
2676 5136 2831 5207 lapis.
3180 5216 3185 5219 ν

2222 5226 2720 5286 Sermocinantibus
2758 5232 2945 5299 nobis,
2972 5248 3192 5292 somnus
3221 5239 3442 5294 recessit
3470 5239 3501 5294 ἐι
3526 5240 3718 5309 vobis;

2150 5332 2254 5373 nox
2295 5333 2353 5373 se
2380 5319 2669 5374 transfodit
2722 5321 2773 5376 in
2828 5322 2993 5379 diem.
3023 5325 3067 5379 0
3107 5337 3403 5384 conventus
3455 5330 3715 5388 forensis!

2147 5419 2324 5480 petest
2361 5410 2505 5466 enim
2555 5419 2610 5466 et
2638 5411 2726 5467 hic
2767 5428 2886 5469 esse
2921 5427 3213 5473 conventus
3258 5419 3535 5477 Ecclesiae.
3572 5422 3722 5480 Fecit

2150 5515 2253 5555 nox
2307 5502 2361 5556 in
2406 5503 2521 5557 loro
2559 5501 2884 5567 Ecclesiam,
2915 5515 2970 5559 et
3013 5510 3210 5563 mentis
3241 5521 3434 5566 vestra:
3462 5514 3720 5583 strepitus

2148 5592 2376 5647 armavit
2421 5592 2772 5649 industriam:
2824 5596 3055 5651 cessavit
3082 5599 3260 5656 omnis
3308 5602 3551 5672 pigritia,
3583 5618 3715 5659 cono

2142 5749 2273 5810 nua.
2347 5731 3006 5810 Confer__aun0t_atinnem
3061 5737 3320 5807 opusculo
3393 5738 3738 5810 subjectam,‘

2146 5804 2307 5877 paulo
2332 5814 2449 5874 post
2480 5803 2706 5859 initium.
2745 5803 2899 5862 Em.
