4032 6184
303 332 406 386 H7

1623 321 1903 377 llOMlLlA
1947 316 2281 375 SECUNDA.

3476 312 3575 365 illi

302 445 511 516 quievit
538 442 774 516 ignavia.
797 442 928 511 Quis
956 441 1059 496 hoc
1086 455 1193 495 non
1222 438 1397 493 volvat
1422 436 1599 494 animo
1617 478 1631 503 ,
1657 444 1748 491 aut
1767 435 1883 507 quis

2018 454 2313 509 mblicanus
2362 450 2488 507 facti
2540 450 2700 506 sunt?
2745 449 2943 505 Nonne
2980 456 3149 520 caput
3170 448 3373 517 rapinae
3403 457 3459 504 et
3489 447 3575 504 lex

305 551 413 590 non
444 536 701 599 iniretur,
734 547 801 587 eo
830 533 973 603 quod
1003 547 1107 587 non
1135 532 1311 585 solum
1360 529 1530 586 nostri
1581 541 1895 595 permanse-

305 630 414 683 rint
441 627 751 690 nobiscum,
784 625 877 680 sed
906 624 1066 679 etiam
1098 622 1355 692 incogniti
1388 621 1694 691 congregati
1729 634 1895 673 vene-

306 728 469 783 runt,
514 729 570 773 et
608 715 822 787 proﬁcit
872 715 1099 771 tentatio
1144 714 1196 768 in
1237 712 1479 768 utilitatis
1513 711 1895 782 augmentum?

310 808 444 862 Nam
478 807 623 862 sicut
651 807 825 876 pluvia
856 805 1193 861 de~cendeus
1222 804 1391 859 nutrit
1441 803 1647 858 semina
1693 800 1894 871 germi-

312 900 525 967 nantia,
554 901 634 955 sic
661 899 904 963 tentatio,
936 912 1056 953 cum
1086 895 1497 963 examinaverit,
1525 895 1757 950 animam
1789 894 1895 949 sal-

315 1000 427 1046 vat.
459 988 702 1046 Verbum
733 989 941 1043 Domini
972 998 1056 1045 est
1080 988 1383 1053 immobile,
1413 996 1468 1041 et
1510 995 1673 1055 porta:
1703 985 1896 1041 inferni

314 1100 423 1138 non
474 1082 844 1154 praevalebunt
868 1082 935 1136 ad
962 1098 1105 1137 eum.
1144 1081 1392 1152 Seipsum
1423 1080 1669 1136 vulnerat
1690 1081 1899 1149 impug—

314 1185 474 1229 nator
517 1174 803 1239 Ecclesiae;
856 1173 1069 1241 plebem
1118 1187 1252 1227 vero
1302 1171 1512 1226 ﬁdelem
1550 1170 1896 1239 insigniorem

313 1268 576 1323 ostendit.
608 1266 760 1322 Vires
805 1265 1013 1321 collidit
1061 1266 1306 1334 proprias
1356 1264 1445 1332 qui
1485 1264 1767 1318 :rmulatur
1796 1263 1901 1317 Ec-

315 1358 537 1425 desim;
593 1357 750 1413 nobis
802 1372 931 1413 vero
990 1356 1247 1427 triumphi
1304 1355 1513 1411 confert
1562 1355 1898 1425 dignitatem.

314 1453 502 1505 Justus
539 1457 655 1506 erat
693 1458 749 1505 et
773 1459 931 1505 antea
975 1448 1108 1512 Job;
1162 1448 1257 1503 sed
1302 1448 1500 1517 justior
1555 1447 1896 1516 postmodum

314 1543 386 1598 de
414 1558 589 1613 agone
615 1543 856 1597 emersit.
892 1542 1065 1598 Sanus
1094 1540 1304 1597 validus
1334 1540 1503 1595 factus
1532 1550 1617 1595 est
1641 1555 1781 1611 aeger
1809 1555 1901 1593 va-

323 1634 527 1689 lidior:
560 1633 739 1690 clarus
768 1634 820 1687 in
848 1648 1012 1702 opere
1040 1632 1211 1688 factus
1244 1640 1361 1696 est,
1403 1633 1454 1686 in
1478 1632 1731 1700 opinione
1760 1646 1897 1699 prae-

323 1727 546 1781 clarior.
579 1724 856 1795 Nunquam
912 1724 1071 1795 igitur
1119 1724 1171 1778 in
1212 1723 1506 1779 tentatione
1536 1722 1807 1779 formides.
1840 1720 1896 1776 Si

2006 543 2314 600 violentiae?
2342 540 2476 609 Quid
2504 548 2591 597 est
2619 540 2965 609 publicanus?
2999 538 3180 610 prmdo
3199 539 3319 595 sine
3340 538 3577 607 pudore,

2000 636 2240 690 medicus
2270 632 2597 689 exterminii.
2627 630 2813 687 Nonne
2844 630 3125 687 immanior
3151 640 3233 685 est
3258 629 3461 685 furibus
3484 644 3580 699 pu-

2000 726 2280 780 hlicanus?
2307 724 2391 778 fur
2418 738 2549 777 nam
2563 738 2666 792 que
2694 722 2777 777 vel
2808 722 3001 777 timens
3031 721 3264 784 furatur:
3298 721 3382 776 hic
3401 731 3577 777 autem

1999 818 2329 872 confidenter
2376 815 2674 885 delinquit;
2719 812 2813 869 sed
2857 813 2945 868 hic
2975 812 3302 883 publicanus
3350 822 3578 882 repente

2001 912 2311 977 apostolus;
2345 908 2617 979 quomodo
2654 915 2745 960 aut
2772 921 2876 974 quo
2907 906 3133 961 tenore?
3168 905 3442 958 Transieus
3474 902 3578 957 Do-

2001 1001 2170 1052 minus
2218 997 2343 1051 vidit
2389 1013 2506 1051 eum
2548 996 2805 1050 sedentem
2849 997 2903 1050 in
2946 996 3177 1059 teloneo.
3208 997 3435 1066 dixitque
3462 996 3578 1051 illi:

2003 1093 2229 1164 Sequere
2251 1109 2349 1148 me.
2377 1090 2444 1145 Et
2464 1108 2676 1161 surgens
2696 1100 2891 1146 secutus
2913 1100 2988 1144 est
3014 1105 3129 1144 eum
3148 1089 3360 1160 (Matth.
3393 1106 3464 1155 tx,
3498 1088 3577 1160 9).

2000 1182 2044 1236 Ο
2087 1186 2257 1239 virtus
2301 1184 2596 1240 sermonis!
2627 1184 2775 1238 venit
2800 1182 2975 1236 crucis
3006 1181 3180 1249 palma
3200 1220 3214 1243 ,
3244 1190 3299 1234 et
3331 1180 3451 1235 fecit
3481 1180 3580 1233 mi-

2003 1273 2147 1329 litem
2176 1274 2243 1329 de
2269 1275 2515 1343 captivo,
2551 1283 2604 1329 et
2635 1273 2804 1328 lutum
2831 1271 3074 1342 protinus
3103 1271 3366 1327 convertit
3396 1273 3447 1324 in
3482 1286 3579 1324 au-

2005 1383 2143 1423 rum.
2197 1367 2355 1422 Venit
2400 1366 2577 1421 crucis
2630 1366 2835 1435 palma,
2892 1374 2947 1421 et
2991 1380 3217 1434 surgens
3266 1364 3623 1431 publicanus.

2002 1467 2215 1513 secutus
2244 1466 2325 1512 est
2360 1456 2666 1520 Christum;
2705 1456 2769 1512 de
2799 1455 3063 1525 profundo
3094 1453 3343 1510 mmroris
3374 1454 3585 1523 gurgite

2001 1563 2164 1618 super
2188 1563 2348 1604 omne
2388 1549 2596 1605 decoris
2627 1548 2899 1618 fastigium
2920 1548 3265 1603 sublimatur.
3296 1547 3465 1601 Nemo
3491 1546 3583 1616 igi-

2005 1650 2086 1692 tur
2117 1638 2412 1708 desperans
2454 1639 2625 1693 salute
2666 1638 2887 1704 fruitur,
2949 1652 3051 1691 non
3099 1646 3180 1691 est
3212 1635 3353 1690 enim
3387 1634 3581 1689 malum

2006 1729 2057 1782 in
2090 1729 2349 1785 membris
2391 1729 2587 1784 vestris
2637 1727 2951 1783 naturaliter
2981 1727 3236 1782 insitum:
3270 1727 3336 1780 de
3362 1725 3585 1780 arbitrio

316 1817 467 1872 enim
501 1817 670 1899 φατες
701 1817 755 1870 in
794 1817 1005 1885 propria
1058 1815 1251 1871 virtute
1306 1814 1554 1869 fundatus
1577 1858 1592 1882 ,
1627 1826 1901 1882 nunquam
1934 1800 1980 1859 Β
2008 1836 2107 1875 nos
2152 1820 2378 1892 gratiam
2428 1820 2836 1889 libertatemque
2866 1819 3194 1889 nequit-imus
3263 1816 3585 1891 Publicanus

322 1909 418 1965 tibi
448 1908 626 1965 oberit
671 1908 971 1972 tribulatio,
1006 1923 1125 1977 qua:
1155 1908 1425 1974 patientia:
1458 1907 1693 1961 declarat
1724 1904 1900 1960 virtu-

327 2011 457 2057 tem.
494 1999 647 2055 Sicut
684 1999 827 2054 enim
858 1998 1043 2053 fornax
1074 2014 1195 2053 cum
1229 1998 1530 2061 examinat,
1560 2005 1901 2066 augmentum

322 2093 451 2147 facit
496 2092 553 2146 in
583 2092 765 2161 specie
792 2091 945 2156 auri,
989 2090 1065 2143 sic
1109 2090 1331 2144 teutatio
1370 2088 1517 2142 addit
1552 2088 1743 2141 anima:
1789 2089 1905 2155 pul—

320 2181 710 2239 chritudinem.
742 2180 800 2236 lu
831 2194 937 2250 quo
966 2180 1107 2235 enim
1141 2183 1294 2234 noxia
1325 2186 1410 2233 est
1449 2178 1660 2231 flamma
1693 2177 1745 2231 in
1780 2192 1905 2245 Spe-

321 2276 408 2331 cie
433 2272 766 2328 auri?autin
791 2286 896 2342 quo
914 2270 1156 2325 humiliat
1179 2270 1402 2324 tentatio
1425 2269 1732 2338 patientiam
1750 2309 1763 2331 ,
1788 2282 1907 2336 quae

324 2364 474 2420 tollit
503 2363 775 2418 tristitiam
795 2404 809 2429 ,
857 2371 910 2418 et
941 2371 1099 2433 auget
1128 2361 1402 2425 laetitiam,
1441 2371 1493 2414 et
1523 2360 1644 2413 facit
1674 2352 1904 2412 animam

325 2455 565 2512 hominis
593 2454 647 2508 in
677 2453 984 2508 examinata
1015 2452 1195 2522 specie
1226 2449 1523 2520 refulgere?

399 2545 704 2603 Introduxit
745 2544 1102 2608 tentatioues,
1145 2550 1203 2597 ut
1242 2542 1489 2598 excludat
1530 2541 1904 2608 adversarios,

329 2639 419 2709 qui
451 2652 539 2694 me
584 2637 893 2693 existimant
942 2635 1231 2690 inimicum.
1281 2631 1599 2704 Congregati
1642 2641 1768 2687 sunt
1796 2646 1908 2685 ma—

333 2732 463 2801 ligni
489 2733 541 2786 in
572 2745 776 2796 unum;
809 2728 901 2784 sed
928 2728 1053 2797 quid
1086 2728 1159 2782 illi
1191 2728 1243 2782 in
1265 2725 1582 2782 confusione
1604 2766 1618 2791 ,
1646 2733 1696 2779 et
1727 2724 1911 2793 quales

334 2822 509 2878 nostri
535 2822 590 2876 in
615 2817 1023 2888 compassioue?
1047 2818 1134 2872 ubi
1164 2826 1288 2871 sunt
1323 2816 1437 2871 illi?
1469 2831 1591 2869 num
1622 2815 1911 2885 apparent?

332 2912 540 2983 aspicio
570 2914 622 2965 in
664 2911 811 2977 foro,
865 2924 931 2964 eo
962 2924 1055 2979 per
1103 2911 1339 2977 plateas,
1382 2916 1435 2963 et
1479 2907 1683 2961 nullum
1733 2904 1907 2960 video.

334 3002 579 3059 Frondes
607 3001 863 3065 fuerunt,
892 3009 948 3055 et
994 2999 1302 3055 ceciderunt
1340 3012 1370 3052 a
1403 3008 1563 3053 vento
1591 3013 1607 3063 ;
1638 2996 1911 3066 plumbum

336 3096 464 3161 fuit,
490 3102 548 3150 et
575 3093 916 3164 liquefactum
954 3098 1074 3157 est;
1121 3091 1173 3147 bi
1199 3106 1331 3146 vero
1365 3090 1631 3160 refulgent
1661 3090 1712 3143 in
1734 3089 1914 3159 specie

2007 1916 2148 1969 enim
2182 1918 2351 1969 factus
2396 1924 2479 1970 est
2524 1914 2879 1983 evangelista,
2920 1912 3261 1981 blasphemus
3294 1910 3462 1965 factus
3502 1920 3586 1965 est

2010 2008 2218 2072 doctor,
2252 2007 2386 2061 latro
2416 2006 2725 2075 paradisum
2772 2004 2995 2068 meruit,
3029 2002 3279 2056 seductor
3308 2000 3474 2055 factus
3502 2009 3586 2054 est

2009 2098 2321 2153 verissimus
2358 2099 2633 2153 adorator.
2678 2096 2794 2151 Non
2838 2104 2919 2150 est
2950 2095 3235 2164 quidquam
3269 2094 3319 2146 in
3349 2090 3587 2153 crimini-

2010 2194 2140 2258 bus,
2171 2190 2311 2261 quod
2345 2206 2448 2244 non
2491 2188 2822 2259 pmnitudine
2859 2187 3178 2242 resolvatur.
3214 2184 3279 2238 Et
3328 2183 3449 2237 ideo
3483 2183 3588 2236 Do-

2010 2283 2184 2337 minus
2224 2281 2392 2351 ipsius
2430 2279 2672 2335 criminis
2719 2277 2987 2333 destruxit
3031 2276 3277 2344 fastigia,
3322 2286 3378 2329 ut
3408 2274 3588 2328 nullus

2015 2374 2175 2428 vitam
2202 2387 2351 2427 suam
2379 2370 2544 2427 etiam
2577 2371 2631 2424 in
2663 2378 2812 2424 sexta
2845 2375 3001 2423 nitate
3027 2367 3298 2435 desperet.

2082 2463 2158 2518 Ne
2189 2462 2336 2517 dicas
2368 2462 2503 2515 intra
2541 2470 2629 2515 te:
2664 2459 2916 2522 Peccavi,
2945 2468 2998 2511 et
3020 2457 3142 2525 quid
3175 2455 3400 2509 faciam?
3422 2453 3587 2509 habes
3681 2510 3697 2527 ο

2012 2554 2321 2612 imitabilem
2338 2551 2827 2626 [F.inimilabilem]
2847 2550 3108 2605 medicum
3127 2550 3215 2619 qui
3229 2557 3587 2604 resccatmor-

2011 2648 2160 2710 hum,
2179 2651 2630 2699 etsanatomnem
2654 2642 2994 2712 languorem;
3024 2640 3189 2695 habes
3216 2639 3475 2694 medicum
3498 2639 3588 2708 qui

2012 2737 2164 2792 adest
2192 2734 2499 2807 gemitibus,
2522 2743 2575 2790 et
2597 2743 2729 2789 nutu
2752 2735 2979 2802 imperat
3004 2733 3306 2786 sanitatem.
3337 2731 3411 2785 Ex
3443 2739 3602 2784 tanta

2014 2836 2067 2883 te
2091 2827 2155 2883 de
2187 2825 2479 2898 improviso
2502 2826 2720 2881 materia
2748 2825 2903 2880 ﬁnxit
2933 2835 2987 2880 et
3014 2824 3297 2879 viviﬁcavit
3324 2834 3379 2877 ut
3401 2836 3550 2878 esses
3574 2839 3588 2877 :

2016 2934 2159 2977 nunc
2182 2919 2374 2974 factum
2399 2927 2452 2973 te
2474 2926 2528 2973 et
2550 2917 2805 2972 nutritum
2837 2917 3030 2986 poterit
3055 2916 3330 2971 oblivisci?
3354 2930 3455 2970 non
3479 2922 3592 2969 erat

2014 3019 2170 3066 antea
2207 3010 2401 3076 homo,
2452 3018 2504 3065 et
2558 3008 2803 3079 figuravit
2853 3009 3001 3063 illum
3055 3023 3121 3062 ex
3167 3008 3309 3062 limo.
3342 3006 3594 3075 Requiris

2023 3102 2160 3158 forte
2188 3102 2496 3172 qualitatem
2524 3097 2535 3154 ἐ
2574 3103 2754 3157 nescio
2784 3116 2915 3171 ego,
2944 3102 3057 3168 ipse
3082 3100 3180 3153 scit
3212 3108 3381 3153 artem
3415 3112 3586 3153 suam.

334 3187 475 3241 auri.
503 3186 636 3253 Quis
677 3198 771 3239 eos
817 3197 976 3254 quam
1026 3183 1314 3237 criminosa
1366 3196 1552 3238 eorum
1583 3181 1909 3235 conscientia

2018 3193 2263 3263 Nunquid
2313 3207 2417 3247 non
2468 3207 2589 3248 eras
2618 3192 2795 3247 terra?
2832 3193 2926 3246 sed
2968 3190 3172 3261 accepit
3204 3200 3406 3260 partem
3435 3201 3594 3244 terra:

335 3277 634 3348 ell'ugavit?
678 3276 869 3333 Sciunt
912 3274 1057 3331 enim
1104 3273 1206 3345 ipsi
1256 3273 1384 3343 quid
1430 3273 1672 3328 fecerint.
1704 3271 1833 3325 Nam
1861 3280 1916 3325 et

290 3353 297 3359 ’
338 3368 473 3423 Cain
503 3382 625 3422 cum
651 3374 893 3435 cmperat
923 3367 1196 3434 proprium
1230 3364 1491 3434 perimere
1515 3363 1766 3430 fratrem,
1799 3376 1915 3431 per-

339 3470 555 3532 petrato
592 3461 828 3526 scelere,
886 3460 1077 3515 timens
1124 3473 1187 3513 ac
1234 3467 1472 3514 tremens
1524 3474 1685 3528 super
1719 3470 1915 3513 terram

338 3550 598 3607 incessit:
621 3548 699 3605 sic
728 3559 782 3605 et
809 3549 897 3603 isti
933 3563 1039 3603 non
1062 3548 1307 3603 manibus
1342 3548 1554 3618 quidem
1573 3589 1590 3614 ,
1619 3548 1711 3604 sed
1740 3558 1919 3605 mente

341 3639 618 3710 nalignati
657 3648 816 3703 sunt;
860 3645 914 3693 et
959 3636 1035 3692 illi
1076 3636 1287 3707 quidem
1320 3637 1523 3708 operati
1550 3647 1673 3692 sunt
1697 3653 1917 3703 necem,

340 3730 609 3786 Dominus
655 3738 832 3785 autem
883 3728 1205 3783 condonavit
1232 3731 1482 3784 salutem.
1514 3729 1639 3785 llmc
1667 3731 1807 3785 enim
1839 3729 1920 3783 lo-

338 3831 498 3875 cutus
528 3834 646 3875 sum
687 3828 905 3890 propter
933 3833 1029 3873 vos
1051 3860 1065 3885 ,
1097 3829 1153 3873 ut
1203 3819 1434 3875 exsultet
1462 3834 1615 3875 mens
1654 3829 1830 3874 vestra
1864 3821 1917 3875 in

343 3914 579 3967 Domino
595 3953 611 3979 ,
630 3920 682 3968 et
700 3927 975 3982 nunquam
997 3910 1051 3966 in
1076 3911 1465 3968 tentationibus
1485 3911 1736 3981 trepidet.
1760 3912 1918 3967 Petra

340 4013 430 4059 est
459 4003 767 4061 immobilis.
797 4004 842 4059 0
873 4001 1039 4057 homo
1060 4043 1076 4069 ,
1113 4001 1235 4070 quid
1262 4002 1421 4056 flatus
1459 4002 1703 4058 vereris?
1749 4002 1924 4071 Super

342 4098 512 4162 hanc,
552 4094 751 4166 inquit,
802 4103 1001 4165 petram
1042 4093 1308 4161 wdiﬁcabo
1338 4093 1619 4149 Ecclesium
1648 4110 1845 4161 meam,
1876 4108 1922 4149 et

342 4197 510 4254 parte
537 4184 818 4255 inferorum
842 4201 943 4239 non
972 4184 1313 4256 pra’valebunt
1334 4185 1402 4238 ad
1423 4201 1534 4239 eam
1568 4184 1783 4257 (Matth.
1814 4202 1921 4252 va,

349 4270 468 4346 18).
499 4276 943 4347 Quandoquidem
964 4286 1218 4333 extranea
1241 4320 1255 4345 ,
1284 4276 1716 4347 quandoquidem
1747 4285 1923 4333 autem

343 4366 598 4421 intestina
652 4375 777 4420 sunt
816 4365 990 4431 bella;
1033 4366 1128 4422 sed
1159 4368 1339 4423 nullus
1369 4376 1547 4438 potest
1577 4368 1924 4423 stabilitatem

344 4470 607 4526 quassare
644 4464 949 4512 structurae.
976 4456 1127 4523 Quod
1158 4466 1334 4512 autem
1386 4458 1631 4528 expende
1677 4462 1920 4530 tempus,

347 4548 403 4602 in
448 4546 863 4615 exprobratione
908 4548 1204 4615 malorum;
1244 4564 1343 4604 nec
1376 4552 1517 4605 enim
1543 4551 1618 4605 fas
1647 4560 1729 4607 est
1755 4551 1924 4608 insul-
1953 4532 2008 4591 Ῑ)

344 4648 465 4693 tare
488 4638 689 4694 diutius
718 4640 976 4704 inimicis,
1006 4648 1058 4695 et
1100 4640 1236 4695 ﬁlios
1257 4641 1533 4710 despicere
1561 4643 1812 4698 scientes.

423 4727 590 4798 Igitur
619 4730 874 4784 hesterno
907 4730 1062 4785 nobis
1091 4730 1289 4785 Paulus
1333 4733 1924 4809 apostolusladornavit

344 4822 687 4890 convivium,
720 4822 879 4878 hodie
908 4833 1084 4878 autem
1118 4824 1432 4881 Mattbreus:
1470 4826 1723 4883 hesterno
1750 4828 1927 4884 coria-

345 4914 497 4982 rius,
566 4912 727 4969 hodie
802 4914 1162 4982 publicanus;
1229 4915 1481 4972 hesterno
1544 4917 1922 4987 blasphemus,

347 5001 512 5060 hodie
532 5014 736 5074 raptor.
769 5005 875 5061 Sed
906 5020 1011 5061 non
1035 5007 1088 5061 in
1112 5007 1444 5077 blasphemia
1470 5011 1762 5078 permansit
1787 5012 1929 5068 blas-

348 5094 578 5164 phemus
598 5138 615 5166 ,
646 5110 747 5151 nec
774 5106 958 5165 raptor
987 5099 1039 5152 in
1070 5100 1256 5167 rapina
1282 5100 1596 5167 permansit.
1624 5101 1817 5158 Factus
1846 5114 1928 5159 est

349 5188 492 5242 enim
523 5188 719 5242 Paulus
765 5201 925 5243 verus
970 5190 1244 5258 aposmlus
1271 5199 1324 5245 et
1359 5192 1506 5247 utilis
1526 5192 1733 5260 doctor;
1759 5194 1929 5250 factus

350 5287 435 5333 cst
462 5278 611 5332 enim
639 5287 692 5334 et
722 5278 1005 5335 Matthteus
1046 5281 1323 5352 Evangelii
1368 5284 1701 5352 praedicator.
1733 5286 1931 5343 Memo-

352 5370 482 5425 rabo
521 5371 696 5440 priora
745 5382 956 5442 peccata
986 5417 999 5441 ,
1034 5382 1088 5429 ut
1136 5380 1428 5444 posteriora
1481 5381 1670 5434 merita
1721 5384 1924 5439 enites-

350 5469 477 5514 cant
502 5478 514 5513 :
543 5470 601 5515 ut
628 5461 805 5517 discas
836 5471 890 5516 tu
913 5464 1039 5534 quid
1071 5465 1407 5522 sit‘convcrti
1440 5468 1507 5523 de
1551 5470 1691 5526 male
1739 5473 1790 5526 in
1825 5474 1921 5527 ho-

349 5565 477 5603 num
504 5593 518 5616 ,
564 5566 633 5606 ne
670 5553 957 5620 aliquando
984 5556 1129 5610 desis
1177 5557 1226 5610 in
1258 5560 1469 5628 propria
1498 5563 1626 5616 vita.
1662 5562 1922 5619 Doctores

350 5638 511 5709 igitur
540 5646 705 5698 nostri
734 5645 877 5713 prius
899 5646 949 5700 in
976 5646 1288 5702 criminibus
1329 5650 1647 5707 sordueruut
1668 5696 1681 5718 ,
1713 5666 1765 5709 et
1789 5655 1911 5711 inde

346 5735 601 5792 conversi
621 5736 683 5792 in’
718 5738 919 5794 meritis
967 5749 1280 5795 sonuerunt.
1314 5742 1447 5808 Quid
1479 5744 1820 5816 blasphemus
1858 5757 1912 5803 et

2022 3296 2213 3357 potens
2245 3286 2335 3342 ille
2378 3285 2558 3354 epifex
2585 3327 2600 3351 ,
2644 3294 2699 3341 et
2746 3284 2872 3339 fecit
2914 3286 3058 3352 prius
3097 3296 3291 3352 corpus
3322 3292 3466 3336 tuum
3493 3323 3506 3346 ,
3540 3282 3597 3335 in

2019 3393 2128 3448 quo
2169 3377 2434 3448 disposuit
2471 3386 2521 3431 et
2565 3375 2809 3430 distinxit
2838 3374 2985 3429 varia
3018 3373 3288 3441 membra,
3328 3386 3515 3428 manus
3543 3380 3597 3427 et

2020 3469 2217 3540 pedes;
2263 3478 2420 3538 caput
2459 3468 2659 3533 etiam,
2702 3464 2764 3521 'in
2814 3481 2919 3535 quo
2966 3463 3101 3518 oculi
3137 3474 3190 3519 et
3221 3478 3407 3528 aures,
3454 3477 3513 3518 os
3544 3472 3600 3518 et

2020 3560 2307 3622 odoratus,
2344 3562 2489 3613 frons
2514 3567 2566 3613 et
2590 3573 2739 3629 gcum
2759 3598 2777 3625 ,
2798 3567 2849 3611 et
2872 3556 3073 3623 reliqua
3100 3555 3336 3608 membra
3360 3554 3594 3607 inferius.

2021 3656 2118 3711 llle
2146 3668 2276 3725 ergo
2323 3652 2518 3707 artifex
2572 3651 2660 3721 qui
2707 3651 2784 3703 sic
2832 3658 2884 3703 te
2918 3650 3131 3717 preprio
3162 3645 3596 3709 finxitarhitiio,

2023 3752 2350 3813 nonpotest
2401 3751 2490 3796 tua
2537 3740 2748 3795 auferre
2788 3738 3047 3808 peccata?
3090 3735 3207 3790 Noli
3253 3748 3442 3788 sensus
3486 3732 3601 3802 t-jtts

2023 3836 2205 3891 rimari
2233 3878 2247 3902 ,
2282 3834 2389 3889 noli
2422 3833 2591 3888 nodos
2620 3832 2929 3885 examinare
2951 3830 3193 3895 virtutis,
3226 3827 3331 3882 noli
3360 3840 3601 3897 quaerere

2025 3926 2294 3999 quomodo
2328 3925 2448 3979 fecit
2470 3964 2485 3991 ,
2515 3923 2608 3978 sed
2641 3921 2839 3978 mirare
2861 3921 2929 3975 de
2951 3920 3114 3975 facto.

2095 4017 2199 4073 Sed
2241 4016 2375 4073 dicis
2404 4035 2416 4067 :
2451 4014 2576 4069 Feci
2618 4023 2839 4083 peccata
2870 4012 3034 4066 multa
3064 4021 3118 4067 et
3141 4025 3353 4077 magna.
3384 4009 3453 4064 Et
3481 4008 3600 4078 quis

2029 4117 2115 4165 est
2158 4110 2226 4165 de
2271 4106 2578 4162 hominibus
2628 4105 2714 4173 qui
2747 4119 2851 4158 non
2888 4103 3103 4172 p'ccet?
3155 4101 3234 4156 Tu
3261 4102 3382 4155 dic:
3418 4098 3605 4155 Erravi

2026 4218 2185 4270 super
2216 4215 2401 4256 omnes
2433 4200 2674 4255 homines
2696 4240 2710 4264 ,
2741 4196 2937 4252 sufﬁcit
2964 4197 3096 4252 mihi
3133 4197 3186 4251 in
3217 4196 3482 4252 sacrificio
3506 4195 3606 4249 ista
3636 4210 3651 4223 ·

2031 4294 2337 4359 confessio;
2366 4293 2453 4349 dic
2482 4302 2535 4348 tu
2570 4293 2714 4362 prius
2743 4291 3050 4361 iniquitates
3078 4298 3197 4345 tuas
3219 4333 3235 4356 ,
3266 4300 3320 4343 ut
3343 4287 3606 4356 justiﬁce-

2029 4387 2141 4453 ris,
2165 4400 2432 4455 cognosce
2453 4384 2702 4455 quoniam
2734 4392 2985 4451 peccator
3014 4397 3072 4438 es
3097 4400 3109 4435 :
3147 4381 3285 4436 habe
3302 4380 3568 4434 tristitiam
3590 4419 3606 4445 ,

2031 4494 2150 4533 cum
2180 4477 2688 4532 converteriszesto
2709 4488 2771 4528 ac
2792 4473 2838 4529 si
2882 4474 3199 4541 desperatus
3245 4482 3299 4526 et
3349 4481 3606 4534 mestus,

2031 4568 2124 4624 sed
2148 4575 2201 4621 et
2231 4566 2493 4635 lacrymas
2521 4571 2873 4633 compunctus
2905 4562 3138 4618 effunde.
3171 4563 3414 4633 Nunquid
3463 4561 3609 4617 aliud

2027 4658 2224 4730 aliquid
2256 4658 2355 4713 fuit
2381 4658 2432 4711 in
2461 4656 2767 4719 meretrice,
2796 4671 2961 4725 quam
2985 4656 3337 4725 lacrymarum
3379 4653 3609 4709 effusio?

2028 4762 2080 4808 et
2107 4766 2172 4807 ex
2196 4751 2295 4805 hac
2322 4748 2630 4819 profusione
2674 4747 2879 4801 invenit
2925 4747 3229 4814 pransidium
3250 4785 3267 4813 ,
3296 4756 3352 4802 et
3383 4756 3609 4815 accepta

2032 4843 2221 4898 fiducia
2244 4841 2469 4896 accessit
2496 4838 2559 4894 ad
2592 4838 2791 4892 fontem
2824 4838 3104 4891 Dominum
3132 4836 3334 4893 Jesum.

2105 4933 2209 4988 Sed
2255 4933 2531 4987 veniamus
2559 4929 2622 4983 ad
2650 4944 2889 4984 causam.
2919 4928 3055 4995 Quid
3086 4944 3213 4999 ergo
3247 4929 3605 5001 evangelista?

2032 5021 2099 5077 Et
2150 5024 2269 5078 inde
2314 5023 2565 5076 transiens
2591 5021 2741 5075 lenta
2783 5021 2917 5073 vrnit
2946 5021 2996 5072 in
3021 5032 3188 5090 partes
3216 5020 3340 5092 Tyri
3373 5033 3417 5076 ct
3447 5021 3609 5077 Sido-

2032 5115 2146 5177 nis;
2174 5124 2217 5167 et
2240 5130 2351 5168 ecce
2381 5112 2560 5165 mulier
2586 5109 2876 5163 Chananwa
2902 5108 3110 5181 (Matth.
3138 5109 3249 5181 xv).
3278 5111 3461 5165 Mirum
3492 5125 3607 5165 rem

2031 5206 2105 5260 ait
2125 5204 2471 5274 evangelista.
2496 5204 2632 5257 Ecce
2662 5202 2851 5256 mulier
2872 5212 3027 5269 caput
3060 5206 3288 5271 peccati,
3322 5221 3470 5259 arma
3501 5203 3606 5259 dia-

2036 5294 2173 5358 boli,
2221 5293 2473 5363 expulsio
2507 5292 2772 5361 paradisi,
2803 5292 2908 5346 doli
2940 5302 3127 5360 mater,
3173 5295 3447 5365 corruptio
3476 5295 3610 5367 legis

2036 5386 2290 5452 autiqum.
2322 5384 2460 5439 Ecce
2491 5384 2684 5437 mulier
2711 5384 2962 5437 veniebat
2997 5384 3062 5439 ad
3096 5384 3375 5440 Dominum
3404 5384 3612 5455 Jesum,

2039 5474 2233 5530 mul'cr
2290 5474 2587 5543 alienigena
2631 5472 2698 5525 de
2744 5473 3029 5540 gentibus,
3080 5476 3291 5531 novella
3330 5476 3612 5545 plantatio.

2038 5566 2225 5620 Mirum
2250 5563 2548 5633 negotium!
2575 5562 2871 5615 Chananma
2897 5565 3166 5632 sequitur;
3192 5566 3359 5618 Jmlmi
3386 5569 3613 5636 fugiunt,

2033 5657 2307 5709 domestici
2339 5655 2743 5721 derelinquunt,
2774 5653 3072 5723 alienigene
3098 5657 3297 5712 haeret!
3329 5660 3465 5715 Ecce
3496 5678 3613 5716 mu-

2036 5755 2130 5807 lier
2156 5752 2218 5808 de
2255 5752 2442 5807 finibus
2465 5751 2569 5805 illis
2593 5764 2800 5820 egressa
2834 5751 3093 5807 clamabat
3121 5756 3303 5813 dicens
3330 5776 3342 5813 :
3372 5758 3623 5814 Miserere
