  <div class='ocr_page' id='page_1' title='image "/cluster/home/n/w/nwhite01/storage/ocr_20150623/66/hvd.32044054758701/065.png"; bbox 0 0 4032 6184; ppageno 0'>
   <div class='ocr_carea' id='block_1_1' title="bbox 446 273 546 337">
    <p class='ocr_par' dir='ltr' id='par_1_1' title="bbox 446 273 546 337">
     <span class='ocr_line' id='line_1_1' title="bbox 446 273 546 337; baseline 0.06 -6"><span class='ocrx_word' id='word_1_1' title='bbox 446 273 546 337; x_wconf 63' lang='grc' dir='ltr'><strong>ινα</strong></span> 
     </span>
    </p>
   </div>
   <div class='ocr_carea' id='block_1_2' title="bbox 1420 266 2704 337">
    <p class='ocr_par' dir='ltr' id='par_1_2' title="bbox 1420 266 2704 337">
     <span class='ocr_line' id='line_1_2' title="bbox 1420 266 2704 337; baseline 0.003 -4"><span class='ocrx_word' id='word_1_2' title='bbox 1420 278 1474 333; x_wconf 89' lang='lat' dir='ltr'><strong>S.</strong></span> <span class='ocrx_word' id='word_1_3' title='bbox 1521 266 1882 335; x_wconf 57' lang='lat' dir='ltr'><strong>LALTliiSNTll</strong></span> <span class='ocrx_word' id='word_1_4' title='bbox 1922 277 2370 336; x_wconf 70' lang='lat' dir='ltr'><strong>NOVARIENSIS</strong></span> <span class='ocrx_word' id='word_1_5' title='bbox 2406 281 2704 337; x_wconf 73' lang='lat' dir='ltr'><strong>EPISCOPI</strong></span> 
     </span>
    </p>
   </div>
   <div class='ocr_carea' id='block_1_3' title="bbox 3584 286 3686 344">
    <p class='ocr_par' dir='ltr' id='par_1_3' title="bbox 3584 286 3686 344">
     <span class='ocr_line' id='line_1_3' title="bbox 3584 286 3686 344; baseline -0.02 -1"><span class='ocrx_word' id='word_1_6' title='bbox 3584 286 3686 344; x_wconf 69' lang='grc' dir='ltr'><strong>1Ξο</strong></span> 
     </span>
    </p>
   </div>
   <div class='ocr_carea' id='block_1_4' title="bbox 441 385 3695 469">
    <p class='ocr_par' dir='ltr' id='par_1_4' title="bbox 441 385 3695 469">
     <span class='ocr_line' id='line_1_4' title="bbox 441 385 3695 469; baseline 0.006 -31"><span class='ocrx_word' id='word_1_7' title='bbox 441 388 569 451; x_wconf 79' lang='lat' dir='ltr'><strong>mei,</strong></span> <span class='ocrx_word' id='word_1_8' title='bbox 603 386 851 453; x_wconf 86' lang='lat' dir='ltr'><strong>Domine,</strong></span> <span class='ocrx_word' id='word_1_9' title='bbox 894 387 971 465; x_wconf 70' lang='lat' dir='ltr'><strong>ﬁli</strong></span> <span class='ocrx_word' id='word_1_10' title='bbox 1000 385 1183 440; x_wconf 86' lang='lat' dir='ltr'><strong>David.</strong></span> <span class='ocrx_word' id='word_1_11' title='bbox 1217 386 1402 451; x_wconf 78' lang='lat' dir='ltr'><strong>Mulier</strong></span> <span class='ocrx_word' id='word_1_12' title='bbox 1422 388 1536 444; x_wconf 73' lang='lat' dir='ltr'><strong>hanc</strong></span> <span class='ocrx_word' id='word_1_13' title='bbox 1564 389 1887 457; x_wconf 84' lang='lat' dir='ltr'><strong>evangelista</strong></span> <span class='ocrx_word' id='word_1_14' title='bbox 1932 390 2014 443; x_wconf 86' lang='lat' dir='ltr'><strong>ef—</strong></span> <span class='ocrx_word' id='word_1_15' title='bbox 2047 399 2097 454; x_wconf 76' lang='grc' dir='ltr'>Α</span> <span class='ocrx_word' id='word_1_16' title='bbox 2126 400 2248 444; x_wconf 89' lang='lat' dir='ltr'><strong>vent</strong></span> <span class='ocrx_word' id='word_1_17' title='bbox 2279 390 2443 446; x_wconf 88' lang='lat' dir='ltr'><strong>verba</strong></span> <span class='ocrx_word' id='word_1_18' title='bbox 2476 407 2634 445; x_wconf 87' lang='lat' dir='ltr'><strong>mea:</strong></span> <span class='ocrx_word' id='word_1_19' title='bbox 2668 408 2787 459; x_wconf 66' lang='lat' dir='ltr'><strong>qua:</strong></span> <span class='ocrx_word' id='word_1_20' title='bbox 2821 404 3014 450; x_wconf 97' lang='lat' dir='ltr'><strong>matres</strong></span> <span class='ocrx_word' id='word_1_21' title='bbox 3037 439 3052 457; x_wconf 89' lang='lat'><strong>,</strong></span> <span class='ocrx_word' id='word_1_22' title='bbox 3094 397 3390 469; x_wconf 79' lang='lat' dir='ltr'><strong>lacryment</strong></span> <span class='ocrx_word' id='word_1_23' title='bbox 3434 420 3543 463; x_wconf 87' lang='lat' dir='ltr'><strong>una</strong></span> <span class='ocrx_word' id='word_1_24' title='bbox 3584 420 3695 459; x_wconf 85' lang='lat' dir='ltr'><strong>mc-</strong></span> 
     </span>
    </p>
   </div>
   <div class='ocr_carea' id='block_1_5' title="bbox 444 470 2018 542">
    <p class='ocr_par' dir='ltr' id='par_1_5' title="bbox 444 470 2018 542">
     <span class='ocr_line' id='line_1_5' title="bbox 444 470 2018 542; baseline 0.001 -12"><span class='ocrx_word' id='word_1_25' title='bbox 444 478 639 531; x_wconf 80' lang='lat' dir='ltr'><strong>rlcitur.</strong></span> <span class='ocrx_word' id='word_1_26' title='bbox 672 476 925 531; x_wconf 88' lang='lat' dir='ltr'><strong>Prohavit</strong></span> <span class='ocrx_word' id='word_1_27' title='bbox 950 470 1092 532; x_wconf 90' lang='lat' dir='ltr'><strong>enim</strong></span> <span class='ocrx_word' id='word_1_28' title='bbox 1121 477 1286 533; x_wconf 79' lang='lat' dir='ltr'><strong>divini</strong></span> <span class='ocrx_word' id='word_1_29' title='bbox 1329 480 1540 533; x_wconf 87' lang='lat' dir='ltr'><strong>consilii</strong></span> <span class='ocrx_word' id='word_1_30' title='bbox 1580 489 1972 534; x_wconf 76' lang='lat' dir='ltr'><strong>sacramentum</strong></span> <span class='ocrx_word' id='word_1_31' title='bbox 2003 520 2018 542; x_wconf 91' lang='lat'><strong>,</strong></span> 
     </span>
    </p>
   </div>
   <div class='ocr_carea' id='block_1_6' title="bbox 442 568 2024 638">
    <p class='ocr_par' dir='ltr' id='par_1_6' title="bbox 442 568 2024 638">
     <span class='ocr_line' id='line_1_6' title="bbox 442 568 2024 638; baseline 0.004 -20"><span class='ocrx_word' id='word_1_32' title='bbox 442 568 657 638; x_wconf 73' lang='lat' dir='ltr'><strong>quando</strong></span> <span class='ocrx_word' id='word_1_33' title='bbox 686 578 740 623; x_wconf 91' lang='lat' dir='ltr'><strong>et</strong></span> <span class='ocrx_word' id='word_1_34' title='bbox 758 568 1008 625; x_wconf 90' lang='lat' dir='ltr'><strong>virtutem</strong></span> <span class='ocrx_word' id='word_1_35' title='bbox 1032 569 1265 623; x_wconf 87' lang='lat' dir='ltr'><strong>divinam</strong></span> <span class='ocrx_word' id='word_1_36' title='bbox 1314 570 1601 637; x_wconf 90' lang='lat' dir='ltr'><strong>obsecrat,</strong></span> <span class='ocrx_word' id='word_1_37' title='bbox 1644 582 1696 625; x_wconf 92' lang='lat' dir='ltr'><strong>et</strong></span> <span class='ocrx_word' id='word_1_38' title='bbox 1722 572 1899 626; x_wconf 84' lang='lat' dir='ltr'><strong>carnis</strong></span> <span class='ocrx_word' id='word_1_39' title='bbox 1932 587 2024 624; x_wconf 88' lang='lat' dir='ltr'><strong>na-</strong></span> 
     </span>
    </p>
   </div>
   <div class='ocr_carea' id='block_1_7' title="bbox 446 660 2018 732">
    <p class='ocr_par' dir='ltr' id='par_1_7' title="bbox 446 660 2018 732">
     <span class='ocr_line' id='line_1_7' title="bbox 446 660 2018 732; baseline 0.004 -22"><span class='ocrx_word' id='word_1_40' title='bbox 446 670 619 727; x_wconf 85' lang='lat' dir='ltr'><strong>turam</strong></span> <span class='ocrx_word' id='word_1_41' title='bbox 661 661 967 729; x_wconf 85' lang='lat' dir='ltr'><strong>conﬁtetur,</strong></span> <span class='ocrx_word' id='word_1_42' title='bbox 1009 660 1232 725; x_wconf 85' lang='lat' dir='ltr'><strong>dicens:</strong></span> <span class='ocrx_word' id='word_1_43' title='bbox 1269 661 1513 717; x_wconf 91' lang='lat' dir='ltr'><strong>Miserere</strong></span> <span class='ocrx_word' id='word_1_44' title='bbox 1551 665 1678 729; x_wconf 80' lang='lat' dir='ltr'><strong>mei,</strong></span> <span class='ocrx_word' id='word_1_45' title='bbox 1710 664 1788 732; x_wconf 84' lang='lat' dir='ltr'><strong>ﬁli</strong></span> <span class='ocrx_word' id='word_1_46' title='bbox 1834 662 2018 717; x_wconf 75' lang='lat' dir='ltr'><strong>David.</strong></span> 
     </span>
    </p>
   </div>
   <div class='ocr_carea' id='block_1_8' title="bbox 441 751 2021 827">
    <p class='ocr_par' dir='ltr' id='par_1_8' title="bbox 441 751 2021 827">
     <span class='ocr_line' id='line_1_8' title="bbox 441 751 2021 827; baseline 0.006 -26"><span class='ocrx_word' id='word_1_47' title='bbox 441 751 734 817; x_wconf 70' lang='lat' dir='ltr'><strong>Considera</strong></span> <span class='ocrx_word' id='word_1_48' title='bbox 788 753 1063 822; x_wconf 77' lang='lat' dir='ltr'><strong>pulchram</strong></span> <span class='ocrx_word' id='word_1_49' title='bbox 1115 754 1355 819; x_wconf 76' lang='lat' dir='ltr'><strong>mulieris</strong></span> <span class='ocrx_word' id='word_1_50' title='bbox 1406 764 1669 821; x_wconf 83' lang='lat' dir='ltr'><strong>mentem;</strong></span> <span class='ocrx_word' id='word_1_51' title='bbox 1725 758 1844 810; x_wconf 87' lang='lat' dir='ltr'><strong>vide</strong></span> <span class='ocrx_word' id='word_1_52' title='bbox 1896 756 2021 827; x_wconf 89' lang='lat' dir='ltr'><strong>quid</strong></span> 
     </span>
    </p>
   </div>
   <div class='ocr_carea' id='block_1_9' title="bbox 440 844 2022 916">
    <p class='ocr_par' dir='ltr' id='par_1_9' title="bbox 440 844 2022 916">
     <span class='ocr_line' id='line_1_9' title="bbox 440 844 2022 916; baseline 0.005 -19"><span class='ocrx_word' id='word_1_53' title='bbox 440 844 594 909; x_wconf 76' lang='lat' dir='ltr'><strong>dicit.</strong></span> <span class='ocrx_word' id='word_1_54' title='bbox 621 844 737 899; x_wconf 80' lang='lat' dir='ltr'><strong>Non</strong></span> <span class='ocrx_word' id='word_1_55' title='bbox 767 854 849 901; x_wconf 91' lang='lat' dir='ltr'><strong>est</strong></span> <span class='ocrx_word' id='word_1_56' title='bbox 877 846 929 900; x_wconf 91' lang='lat' dir='ltr'><strong>in</strong></span> <span class='ocrx_word' id='word_1_57' title='bbox 960 846 1200 913; x_wconf 74' lang='lat' dir='ltr'><strong>actibus,</strong></span> <span class='ocrx_word' id='word_1_58' title='bbox 1234 848 1404 916; x_wconf 91' lang='lat' dir='ltr'><strong>inquit</strong></span> <span class='ocrx_word' id='word_1_59' title='bbox 1430 889 1444 912; x_wconf 92' lang='lat'><strong>,</strong></span> <span class='ocrx_word' id='word_1_60' title='bbox 1471 849 1634 909; x_wconf 81' lang='lat' dir='ltr'><strong>meis,</strong></span> <span class='ocrx_word' id='word_1_61' title='bbox 1666 864 1771 903; x_wconf 78' lang='lat' dir='ltr'><strong>non</strong></span> <span class='ocrx_word' id='word_1_62' title='bbox 1796 850 1923 903; x_wconf 91' lang='lat' dir='ltr'><strong>mihi</strong></span> <span class='ocrx_word' id='word_1_63' title='bbox 1956 850 2022 905; x_wconf 85' lang='lat' dir='ltr'><strong>de</strong></span> 
     </span>
    </p>
   </div>
   <div class='ocr_carea' id='block_1_10' title="bbox 449 936 2022 1008">
    <p class='ocr_par' dir='ltr' id='par_1_10' title="bbox 449 936 2022 1008">
     <span class='ocr_line' id='line_1_10' title="bbox 449 936 2022 1008; baseline 0.002 -17"><span class='ocrx_word' id='word_1_64' title='bbox 449 936 858 992; x_wconf 87' lang='lat' dir='ltr'><strong>conversatione</strong></span> <span class='ocrx_word' id='word_1_65' title='bbox 899 938 1104 1008; x_wconf 86' lang='lat' dir='ltr'><strong>justitia</strong></span> <span class='ocrx_word' id='word_1_66' title='bbox 1133 957 1145 993; x_wconf 89' lang='lat'><strong>:</strong></span> <span class='ocrx_word' id='word_1_67' title='bbox 1177 940 1243 995; x_wconf 84' lang='lat' dir='ltr'><strong>ad</strong></span> <span class='ocrx_word' id='word_1_68' title='bbox 1285 940 1702 1001; x_wconf 85' lang='lat' dir='ltr'><strong>misericordiam</strong></span> <span class='ocrx_word' id='word_1_69' title='bbox 1731 950 1871 998; x_wconf 91' lang='lat' dir='ltr'><strong>tuam</strong></span> <span class='ocrx_word' id='word_1_70' title='bbox 1895 956 2022 995; x_wconf 82' lang='lat' dir='ltr'><strong>con-</strong></span> 
     </span>
    </p>
   </div>
   <div class='ocr_carea' id='block_1_11' title="bbox 442 1014 2016 1100">
    <p class='ocr_par' dir='ltr' id='par_1_11' title="bbox 442 1014 2016 1100">
     <span class='ocr_line' id='line_1_11' title="bbox 442 1014 2016 1100; baseline 0.003 -21"><span class='ocrx_word' id='word_1_71' title='bbox 442 1026 620 1096; x_wconf 86' lang='lat' dir='ltr'><strong>fugio,</strong></span> <span class='ocrx_word' id='word_1_72' title='bbox 650 1026 738 1082; x_wconf 91' lang='lat' dir='ltr'><strong>ubi</strong></span> <span class='ocrx_word' id='word_1_73' title='bbox 762 1042 868 1083; x_wconf 94' lang='lat' dir='ltr'><strong>non</strong></span> <span class='ocrx_word' id='word_1_74' title='bbox 890 1014 1121 1095; x_wconf 81' lang='lat' dir='ltr'><strong>resedit,</strong></span> <span class='ocrx_word' id='word_1_75' title='bbox 1154 1044 1253 1099; x_wconf 86' lang='lat' dir='ltr'><strong>nec</strong></span> <span class='ocrx_word' id='word_1_76' title='bbox 1280 1030 1571 1100; x_wconf 76' lang='lat' dir='ltr'><strong>requiritur</strong></span> <span class='ocrx_word' id='word_1_77' title='bbox 1591 1032 1738 1089; x_wconf 87' lang='lat' dir='ltr'><strong>locus</strong></span> <span class='ocrx_word' id='word_1_78' title='bbox 1756 1031 2016 1085; x_wconf 87' lang='lat' dir='ltr'><strong>salvandi.</strong></span> 
     </span>
    </p>
   </div>
   <div class='ocr_carea' id='block_1_12' title="bbox 442 1116 2017 1202">
    <p class='ocr_par' dir='ltr' id='par_1_12' title="bbox 442 1116 2017 1202">
     <span class='ocr_line' id='line_1_12' title="bbox 442 1116 2017 1202; baseline 0.004 -32"><span class='ocrx_word' id='word_1_79' title='bbox 442 1116 508 1171; x_wconf 82' lang='lat' dir='ltr'><strong>Et</strong></span> <span class='ocrx_word' id='word_1_80' title='bbox 527 1118 794 1188; x_wconf 87' lang='lat' dir='ltr'><strong>quomodo</strong></span> <span class='ocrx_word' id='word_1_81' title='bbox 817 1133 942 1174; x_wconf 82' lang='lat' dir='ltr'><strong>ausa</strong></span> <span class='ocrx_word' id='word_1_82' title='bbox 975 1120 1263 1187; x_wconf 82' lang='lat' dir='ltr'><strong>estmulier</strong></span> <span class='ocrx_word' id='word_1_83' title='bbox 1290 1121 1422 1202; x_wconf 85' lang='lat' dir='ltr'><strong>legis</strong></span> <span class='ocrx_word' id='word_1_84' title='bbox 1450 1122 1628 1192; x_wconf 84' lang='lat' dir='ltr'><strong>ignara</strong></span> <span class='ocrx_word' id='word_1_85' title='bbox 1648 1164 1662 1186; x_wconf 90' lang='lat'><strong>,</strong></span> <span class='ocrx_word' id='word_1_86' title='bbox 1689 1133 1794 1176; x_wconf 91' lang='lat' dir='ltr'><strong>tam</strong></span> <span class='ocrx_word' id='word_1_87' title='bbox 1820 1122 2017 1192; x_wconf 88' lang='lat' dir='ltr'><strong>iniqua,</strong></span> 
     </span>
    </p>
   </div>
   <div class='ocr_carea' id='block_1_13' title="bbox 439 1207 2010 1282">
    <p class='ocr_par' dir='ltr' id='par_1_13' title="bbox 439 1207 2010 1282">
     <span class='ocr_line' id='line_1_13' title="bbox 439 1207 2010 1282; baseline 0.004 -21"><span class='ocrx_word' id='word_1_88' title='bbox 439 1207 521 1263; x_wconf 82' lang='lat' dir='ltr'><strong>sic</strong></span> <span class='ocrx_word' id='word_1_89' title='bbox 558 1207 785 1279; x_wconf 87' lang='lat' dir='ltr'><strong>abrupte</strong></span> <span class='ocrx_word' id='word_1_90' title='bbox 827 1211 1085 1270; x_wconf 77' lang='lat' dir='ltr'><strong>accedere</strong></span> <span class='ocrx_word' id='word_1_91' title='bbox 1116 1212 1180 1266; x_wconf 91' lang='lat' dir='ltr'><strong>ad</strong></span> <span class='ocrx_word' id='word_1_92' title='bbox 1233 1212 1433 1267; x_wconf 82' lang='lat' dir='ltr'><strong>fontem</strong></span> <span class='ocrx_word' id='word_1_93' title='bbox 1464 1212 1690 1267; x_wconf 86' lang='lat' dir='ltr'><strong>salutis?</strong></span> <span class='ocrx_word' id='word_1_94' title='bbox 1722 1229 1826 1268; x_wconf 93' lang='lat' dir='ltr'><strong>non</strong></span> <span class='ocrx_word' id='word_1_95' title='bbox 1859 1213 2010 1282; x_wconf 84' lang='lat' dir='ltr'><strong>petiit</strong></span> 
     </span>
    </p>
   </div>
   <div class='ocr_carea' id='block_1_14' title="bbox 439 1300 2018 1375">
    <p class='ocr_par' dir='ltr' id='par_1_14' title="bbox 439 1300 2018 1375">
     <span class='ocr_line' id='line_1_14' title="bbox 439 1300 2018 1375; baseline 0.006 -21"><span class='ocrx_word' id='word_1_96' title='bbox 439 1300 729 1368; x_wconf 75' lang='lat' dir='ltr'><strong>Jacohum,</strong></span> <span class='ocrx_word' id='word_1_97' title='bbox 785 1317 890 1357; x_wconf 90' lang='lat' dir='ltr'><strong>non</strong></span> <span class='ocrx_word' id='word_1_98' title='bbox 940 1305 1147 1375; x_wconf 80' lang='lat' dir='ltr'><strong>rogavit</strong></span> <span class='ocrx_word' id='word_1_99' title='bbox 1189 1306 1482 1375; x_wconf 84' lang='lat' dir='ltr'><strong>Joannem,</strong></span> <span class='ocrx_word' id='word_1_100' title='bbox 1533 1323 1640 1362; x_wconf 93' lang='lat' dir='ltr'><strong>non</strong></span> <span class='ocrx_word' id='word_1_101' title='bbox 1684 1310 1914 1369; x_wconf 88' lang='lat' dir='ltr'><strong>accessit</strong></span> <span class='ocrx_word' id='word_1_102' title='bbox 1954 1311 2018 1367; x_wconf 90' lang='lat' dir='ltr'><strong>ad</strong></span> 
     </span>
    </p>
   </div>
   <div class='ocr_carea' id='block_1_15' title="bbox 442 1390 2023 1468">
    <p class='ocr_par' dir='ltr' id='par_1_15' title="bbox 442 1390 2023 1468">
     <span class='ocr_line' id='line_1_15' title="bbox 442 1390 2023 1468; baseline 0.005 -22"><span class='ocrx_word' id='word_1_103' title='bbox 442 1390 698 1457; x_wconf 80' lang='lat' dir='ltr'><strong>Petrum;</strong></span> <span class='ocrx_word' id='word_1_104' title='bbox 730 1394 826 1448; x_wconf 91' lang='lat' dir='ltr'><strong>sed</strong></span> <span class='ocrx_word' id='word_1_105' title='bbox 870 1394 969 1449; x_wconf 92' lang='lat' dir='ltr'><strong>hoc</strong></span> <span class='ocrx_word' id='word_1_106' title='bbox 1000 1396 1387 1468; x_wconf 82' lang='lat' dir='ltr'><strong>intermitteps,</strong></span> <span class='ocrx_word' id='word_1_107' title='bbox 1422 1403 1544 1467; x_wconf 89' lang='lat' dir='ltr'><strong>quid</strong></span> <span class='ocrx_word' id='word_1_108' title='bbox 1598 1403 1760 1463; x_wconf 78' lang='lat' dir='ltr'><strong>dil&#39;il?</strong></span> <span class='ocrx_word' id='word_1_109' title='bbox 1789 1399 1903 1457; x_wconf 83' lang='lat' dir='ltr'><strong>Non</strong></span> <span class='ocrx_word' id='word_1_110' title='bbox 1940 1411 2023 1457; x_wconf 91' lang='lat' dir='ltr'><strong>est</strong></span> 
     </span>
    </p>
   </div>
   <div class='ocr_carea' id='block_1_16' title="bbox 440 1480 2021 1569">
    <p class='ocr_par' dir='ltr' id='par_1_16' title="bbox 440 1480 2021 1569">
     <span class='ocr_line' id='line_1_16' title="bbox 440 1480 2021 1569; baseline 0.013 -35"><span class='ocrx_word' id='word_1_111' title='bbox 440 1480 573 1535; x_wconf 87' lang='lat' dir='ltr'><strong>mihi</strong></span> <span class='ocrx_word' id='word_1_112' title='bbox 596 1484 931 1547; x_wconf 86' lang='lat' dir='ltr'><strong>necessarius</strong></span> <span class='ocrx_word' id='word_1_113' title='bbox 958 1484 1261 1556; x_wconf 81' lang='lat' dir='ltr'><strong>ﬁdejussor;</strong></span> <span class='ocrx_word' id='word_1_114' title='bbox 1287 1492 1508 1562; x_wconf 84' lang='lat' dir='ltr'><strong>suscipit</strong></span> <span class='ocrx_word' id='word_1_115' title='bbox 1530 1493 1581 1548; x_wconf 92' lang='lat' dir='ltr'><strong>in</strong></span> <span class='ocrx_word' id='word_1_116' title='bbox 1605 1510 1665 1551; x_wconf 92' lang='lat' dir='ltr'><strong>se</strong></span> <span class='ocrx_word' id='word_1_117' title='bbox 1688 1498 2021 1569; x_wconf 84' lang='lat' dir='ltr'><strong>poenitentiae</strong></span> 
     </span>
    </p>
   </div>
   <div class='ocr_carea' id='block_1_17' title="bbox 442 1571 2019 1651">
    <p class='ocr_par' dir='ltr' id='par_1_17' title="bbox 442 1571 2019 1651">
     <span class='ocr_line' id='line_1_17' title="bbox 442 1571 2019 1651; baseline 0.014 -28"><span class='ocrx_word' id='word_1_118' title='bbox 442 1571 831 1639; x_wconf 82' lang='lat' dir='ltr'><strong>patrocinium,</strong></span> <span class='ocrx_word' id='word_1_119' title='bbox 882 1582 937 1628; x_wconf 91' lang='lat' dir='ltr'><strong>et</strong></span> <span class='ocrx_word' id='word_1_120' title='bbox 989 1576 1102 1630; x_wconf 91' lang='lat' dir='ltr'><strong>sola</strong></span> <span class='ocrx_word' id='word_1_121' title='bbox 1140 1580 1347 1651; x_wconf 68' lang='lat' dir='ltr'><strong>currit,</strong></span> <span class='ocrx_word' id='word_1_122' title='bbox 1378 1590 1523 1638; x_wconf 80' lang='lat' dir='ltr'><strong>tenet</strong></span> <span class='ocrx_word' id='word_1_123' title='bbox 1548 1598 1667 1639; x_wconf 90' lang='lat' dir='ltr'><strong>eum</strong></span> <span class='ocrx_word' id='word_1_124' title='bbox 1714 1586 1765 1641; x_wconf 90' lang='lat' dir='ltr'><strong>in</strong></span> <span class='ocrx_word' id='word_1_125' title='bbox 1792 1602 1921 1651; x_wconf 80' lang='lat' dir='ltr'><strong>voce</strong></span> <span class='ocrx_word' id='word_1_126' title='bbox 1955 1604 2019 1645; x_wconf 90' lang='lat' dir='ltr'><strong>ac</strong></span> 
     </span>
    </p>
   </div>
   <div class='ocr_carea' id='block_1_18' title="bbox 439 1660 2022 1739">
    <p class='ocr_par' dir='ltr' id='par_1_18' title="bbox 439 1660 2022 1739">
     <span class='ocr_line' id='line_1_18' title="bbox 439 1660 2022 1739; baseline 0.013 -27"><span class='ocrx_word' id='word_1_127' title='bbox 439 1660 606 1729; x_wconf 81' lang='lat' dir='ltr'><strong>dicit:</strong></span> <span class='ocrx_word' id='word_1_128' title='bbox 649 1661 888 1719; x_wconf 84' lang='lat' dir='ltr'><strong>Miserere</strong></span> <span class='ocrx_word' id='word_1_129' title='bbox 927 1666 1054 1733; x_wconf 86' lang='lat' dir='ltr'><strong>mei,</strong></span> <span class='ocrx_word' id='word_1_130' title='bbox 1103 1664 1357 1737; x_wconf 86' lang='lat' dir='ltr'><strong>Domine,</strong></span> <span class='ocrx_word' id='word_1_131' title='bbox 1391 1671 1468 1739; x_wconf 81' lang='lat' dir='ltr'><strong>ﬁli</strong></span> <span class='ocrx_word' id='word_1_132' title='bbox 1512 1670 1702 1729; x_wconf 81' lang='lat' dir='ltr'><strong>David.</strong></span> <span class='ocrx_word' id='word_1_133' title='bbox 1756 1676 1880 1733; x_wconf 88' lang='lat' dir='ltr'><strong>Ideo</strong></span> <span class='ocrx_word' id='word_1_134' title='bbox 1925 1681 2022 1736; x_wconf 53' lang='lat' dir='ltr'><strong>dce</strong></span> 
     </span>
    </p>
   </div>
   <div class='ocr_carea' id='block_1_19' title="bbox 2127 478 3703 565">
    <p class='ocr_par' dir='ltr' id='par_1_19' title="bbox 2127 478 3703 565">
     <span class='ocr_line' id='line_1_19' title="bbox 2127 478 3703 565; baseline 0.008 -32"><span class='ocrx_word' id='word_1_135' title='bbox 2127 492 2270 533; x_wconf 91' lang='lat' dir='ltr'><strong>cum.</strong></span> <span class='ocrx_word' id='word_1_136' title='bbox 2304 478 2418 534; x_wconf 85' lang='lat' dir='ltr'><strong>Non</strong></span> <span class='ocrx_word' id='word_1_137' title='bbox 2468 481 2679 536; x_wconf 85' lang='lat' dir='ltr'><strong>sufficio</strong></span> <span class='ocrx_word' id='word_1_138' title='bbox 2721 497 2992 550; x_wconf 83' lang='lat' dir='ltr'><strong>expunere</strong></span> <span class='ocrx_word' id='word_1_139' title='bbox 3022 487 3290 559; x_wconf 89' lang='lat' dir='ltr'><strong>dolorem,</strong></span> <span class='ocrx_word' id='word_1_140' title='bbox 3323 509 3478 565; x_wconf 87' lang='lat' dir='ltr'><strong>quem</strong></span> <span class='ocrx_word' id='word_1_141' title='bbox 3508 492 3703 548; x_wconf 87' lang='lat' dir='ltr'><strong>mulier</strong></span> 
     </span>
    </p>
   </div>
   <div class='ocr_carea' id='block_1_20' title="bbox 2129 567 3700 653">
    <p class='ocr_par' dir='ltr' id='par_1_20' title="bbox 2129 567 3700 653">
     <span class='ocr_line' id='line_1_20' title="bbox 2129 567 3700 653; baseline 0.01 -31"><span class='ocrx_word' id='word_1_142' title='bbox 2129 567 2229 622; x_wconf 90' lang='lat' dir='ltr'><strong>ista</strong></span> <span class='ocrx_word' id='word_1_143' title='bbox 2275 569 2552 625; x_wconf 74' lang='lat' dir='ltr'><strong>susﬁnuit.</strong></span> <span class='ocrx_word' id='word_1_144' title='bbox 2602 571 2845 628; x_wconf 73' lang='lat' dir='ltr'><strong>Miserere</strong></span> <span class='ocrx_word' id='word_1_145' title='bbox 2894 578 3028 642; x_wconf 89' lang='lat' dir='ltr'><strong>mei,</strong></span> <span class='ocrx_word' id='word_1_146' title='bbox 3084 578 3335 648; x_wconf 87' lang='lat' dir='ltr'><strong>Domine,</strong></span> <span class='ocrx_word' id='word_1_147' title='bbox 3394 588 3470 653; x_wconf 75' lang='lat' dir='ltr'><strong>ﬁli</strong></span> <span class='ocrx_word' id='word_1_148' title='bbox 3512 585 3700 643; x_wconf 83' lang='lat' dir='ltr'><strong>David.</strong></span> 
     </span>
    </p>
   </div>
   <div class='ocr_carea' id='block_1_21' title="bbox 2126 661 3704 736">
    <p class='ocr_par' dir='ltr' id='par_1_21' title="bbox 2126 661 3704 736">
     <span class='ocr_line' id='line_1_21' title="bbox 2126 661 3704 736; baseline 0.015 -22"><span class='ocrx_word' id='word_1_149' title='bbox 2126 661 2169 714; x_wconf 94' lang='grc' dir='ltr'>Ο</span> <span class='ocrx_word' id='word_1_150' title='bbox 2196 662 2481 729; x_wconf 85' lang='lat' dir='ltr'><strong>prudentia</strong></span> <span class='ocrx_word' id='word_1_151' title='bbox 2514 662 2653 719; x_wconf 83' lang='lat' dir='ltr'><strong>fentit</strong></span> <span class='ocrx_word' id='word_1_152' title='bbox 2678 667 2759 720; x_wconf 67' lang='lat' dir='ltr'><strong>re!</strong></span> <span class='ocrx_word' id='word_1_153' title='bbox 2792 682 2898 723; x_wconf 92' lang='lat' dir='ltr'><strong>non</strong></span> <span class='ocrx_word' id='word_1_154' title='bbox 2932 670 3097 725; x_wconf 89' lang='lat' dir='ltr'><strong>utitur</strong></span> <span class='ocrx_word' id='word_1_155' title='bbox 3124 672 3424 732; x_wconf 87' lang='lat' dir='ltr'><strong>hominibus</strong></span> <span class='ocrx_word' id='word_1_156' title='bbox 3456 679 3704 736; x_wconf 79' lang='lat' dir='ltr'><strong>seducm—</strong></span> 
     </span>
    </p>
   </div>
   <div class='ocr_carea' id='block_1_22' title="bbox 2127 750 3704 836">
    <p class='ocr_par' dir='ltr' id='par_1_22' title="bbox 2127 750 3704 836">
     <span class='ocr_line' id='line_1_22' title="bbox 2127 750 3704 836; baseline 0.014 -32"><span class='ocrx_word' id='word_1_157' title='bbox 2127 750 2306 816; x_wconf 88' lang='lat' dir='ltr'><strong>ribus,</strong></span> <span class='ocrx_word' id='word_1_158' title='bbox 2357 769 2461 808; x_wconf 92' lang='lat' dir='ltr'><strong>non</strong></span> <span class='ocrx_word' id='word_1_159' title='bbox 2492 764 2675 810; x_wconf 85' lang='lat' dir='ltr'><strong>secuta</strong></span> <span class='ocrx_word' id='word_1_160' title='bbox 2707 768 2788 812; x_wconf 89' lang='lat' dir='ltr'><strong>cst</strong></span> <span class='ocrx_word' id='word_1_161' title='bbox 2834 770 2982 814; x_wconf 88' lang='lat' dir='ltr'><strong>vates</strong></span> <span class='ocrx_word' id='word_1_162' title='bbox 3034 762 3278 832; x_wconf 88' lang='lat' dir='ltr'><strong>fallaces,</strong></span> <span class='ocrx_word' id='word_1_163' title='bbox 3314 781 3417 820; x_wconf 90' lang='lat' dir='ltr'><strong>non</strong></span> <span class='ocrx_word' id='word_1_164' title='bbox 3457 772 3704 836; x_wconf 74' lang='lat' dir='ltr'><strong>qnmsivit</strong></span> 
     </span>
    </p>
   </div>
   <div class='ocr_carea' id='block_1_23' title="bbox 2128 840 3699 926">
    <p class='ocr_par' dir='ltr' id='par_1_23' title="bbox 2128 840 3699 926">
     <span class='ocr_line' id='line_1_23' title="bbox 2128 840 3699 926; baseline 0.014 -32"><span class='ocrx_word' id='word_1_165' title='bbox 2128 840 2315 897; x_wconf 89' lang='lat' dir='ltr'><strong>inanes</strong></span> <span class='ocrx_word' id='word_1_166' title='bbox 2368 844 2661 914; x_wconf 89' lang='lat' dir='ltr'><strong>ligaturas,</strong></span> <span class='ocrx_word' id='word_1_167' title='bbox 2711 859 2805 902; x_wconf 91' lang='lat' dir='ltr'><strong>aut</strong></span> <span class='ocrx_word' id='word_1_168' title='bbox 2846 850 2912 906; x_wconf 89' lang='lat' dir='ltr'><strong>ad</strong></span> <span class='ocrx_word' id='word_1_169' title='bbox 2964 851 3096 905; x_wconf 87' lang='lat' dir='ltr'><strong>falsa</strong></span> <span class='ocrx_word' id='word_1_170' title='bbox 3147 856 3382 925; x_wconf 85' lang='lat' dir='ltr'><strong>confugit</strong></span> <span class='ocrx_word' id='word_1_171' title='bbox 3411 861 3699 926; x_wconf 66' lang='lat' dir='ltr'><strong>praesidia:</strong></span> 
     </span>
    </p>
   </div>
   <div class='ocr_carea' id='block_1_24' title="bbox 2127 934 3702 1013">
    <p class='ocr_par' dir='ltr' id='par_1_24' title="bbox 2127 934 3702 1013">
     <span class='ocr_line' id='line_1_24' title="bbox 2127 934 3702 1013; baseline 0.012 -25"><span class='ocrx_word' id='word_1_172' title='bbox 2127 934 2225 998; x_wconf 87' lang='lat' dir='ltr'><strong>sed</strong></span> <span class='ocrx_word' id='word_1_173' title='bbox 2249 949 2462 991; x_wconf 91' lang='lat' dir='ltr'><strong>omnem</strong></span> <span class='ocrx_word' id='word_1_174' title='bbox 2494 937 2807 1007; x_wconf 85' lang='lat' dir='ltr'><strong>relinquens</strong></span> <span class='ocrx_word' id='word_1_175' title='bbox 2833 942 3029 996; x_wconf 90' lang='lat' dir='ltr'><strong>diaboli</strong></span> <span class='ocrx_word' id='word_1_176' title='bbox 3060 944 3260 999; x_wconf 90' lang='lat' dir='ltr'><strong>cultum</strong></span> <span class='ocrx_word' id='word_1_177' title='bbox 3283 988 3298 1013; x_wconf 97' lang='lat'><strong>,</strong></span> <span class='ocrx_word' id='word_1_178' title='bbox 3328 949 3471 1001; x_wconf 86' lang='lat' dir='ltr'><strong>venit</strong></span> <span class='ocrx_word' id='word_1_179' title='bbox 3501 950 3566 1003; x_wconf 88' lang='lat' dir='ltr'><strong>ad</strong></span> <span class='ocrx_word' id='word_1_180' title='bbox 3601 951 3702 1006; x_wconf 63' lang='lat' dir='ltr'><strong>Do.</strong></span> 
     </span>
    </p>
   </div>
   <div class='ocr_carea' id='block_1_25' title="bbox 2126 1025 3701 1106">
    <p class='ocr_par' dir='ltr' id='par_1_25' title="bbox 2126 1025 3701 1106">
     <span class='ocr_line' id='line_1_25' title="bbox 2126 1025 3701 1106; baseline 0.011 -26"><span class='ocrx_word' id='word_1_181' title='bbox 2126 1025 2334 1082; x_wconf 89' lang='lat' dir='ltr'><strong>miuum</strong></span> <span class='ocrx_word' id='word_1_182' title='bbox 2362 1028 2545 1084; x_wconf 86' lang='lat' dir='ltr'><strong>Jesum</strong></span> <span class='ocrx_word' id='word_1_183' title='bbox 2577 1032 2815 1087; x_wconf 92' lang='lat' dir='ltr'><strong>omnium</strong></span> <span class='ocrx_word' id='word_1_184' title='bbox 2844 1036 3162 1092; x_wconf 88' lang='lat' dir='ltr'><strong>salvatorem</strong></span> <span class='ocrx_word' id='word_1_185' title='bbox 3184 1076 3200 1103; x_wconf 95' lang='lat'><strong>,</strong></span> <span class='ocrx_word' id='word_1_186' title='bbox 3233 1049 3287 1092; x_wconf 91' lang='lat' dir='ltr'><strong>et</strong></span> <span class='ocrx_word' id='word_1_187' title='bbox 3328 1038 3493 1096; x_wconf 86' lang='lat' dir='ltr'><strong>dicit:</strong></span> <span class='ocrx_word' id='word_1_188' title='bbox 3543 1042 3701 1106; x_wconf 77' lang='lat' dir='ltr'><strong>Mise-</strong></span> 
     </span>
    </p>
   </div>
   <div class='ocr_carea' id='block_1_26' title="bbox 2125 1118 3087 1186">
    <p class='ocr_par' dir='ltr' id='par_1_26' title="bbox 2125 1118 3087 1186">
     <span class='ocr_line' id='line_1_26' title="bbox 2125 1118 3087 1186; baseline 0.008 -19"><span class='ocrx_word' id='word_1_189' title='bbox 2125 1132 2237 1170; x_wconf 78' lang='lat' dir='ltr'><strong>rere</strong></span> <span class='ocrx_word' id='word_1_190' title='bbox 2265 1118 2393 1181; x_wconf 87' lang='lat' dir='ltr'><strong>mei,</strong></span> <span class='ocrx_word' id='word_1_191' title='bbox 2421 1118 2530 1186; x_wconf 78' lang='lat' dir='ltr'><strong>ﬁlia</strong></span> <span class='ocrx_word' id='word_1_192' title='bbox 2556 1135 2669 1185; x_wconf 82' lang='lat' dir='ltr'><strong>mea</strong></span> <span class='ocrx_word' id='word_1_193' title='bbox 2697 1122 2830 1176; x_wconf 89' lang='lat' dir='ltr'><strong>male</strong></span> <span class='ocrx_word' id='word_1_194' title='bbox 2860 1133 3087 1176; x_wconf 58' lang='lat' dir='ltr'><strong>vexatur.</strong></span> 
     </span>
    </p>
   </div>
   <div class='ocr_carea' id='block_1_27' title="bbox 2201 1210 3697 1292">
    <p class='ocr_par' dir='ltr' id='par_1_27' title="bbox 2201 1210 3697 1292">
     <span class='ocr_line' id='line_1_27' title="bbox 2201 1210 3697 1292; baseline 0.009 -26"><span class='ocrx_word' id='word_1_195' title='bbox 2201 1210 2387 1266; x_wconf 68' lang='lat' dir='ltr'><strong>Vidisti</strong></span> <span class='ocrx_word' id='word_1_196' title='bbox 2412 1227 2629 1269; x_wconf 90' lang='lat' dir='ltr'><strong>sensum</strong></span> <span class='ocrx_word' id='word_1_197' title='bbox 2657 1215 2895 1272; x_wconf 88' lang='lat' dir='ltr'><strong>mulieris</strong></span> <span class='ocrx_word' id='word_1_198' title='bbox 2919 1217 3194 1286; x_wconf 85' lang='lat' dir='ltr'><strong>probantis</strong></span> <span class='ocrx_word' id='word_1_199' title='bbox 3216 1219 3530 1289; x_wconf 86' lang='lat' dir='ltr'><strong>sapientiam</strong></span> <span class='ocrx_word' id='word_1_200' title='bbox 3549 1221 3697 1292; x_wconf 87' lang='lat' dir='ltr'><strong>ejus:</strong></span> 
     </span>
    </p>
   </div>
   <div class='ocr_carea' id='block_1_28' title="bbox 2125 1303 3697 1379">
    <p class='ocr_par' dir='ltr' id='par_1_28' title="bbox 2125 1303 3697 1379">
     <span class='ocr_line' id='line_1_28' title="bbox 2125 1303 3697 1379; baseline 0.008 -24"><span class='ocrx_word' id='word_1_201' title='bbox 2125 1303 2216 1356; x_wconf 88' lang='lat' dir='ltr'><strong>sed</strong></span> <span class='ocrx_word' id='word_1_202' title='bbox 2242 1303 2360 1359; x_wconf 88' lang='lat' dir='ltr'><strong>vide</strong></span> <span class='ocrx_word' id='word_1_203' title='bbox 2391 1303 2534 1359; x_wconf 89' lang='lat' dir='ltr'><strong>aliud</strong></span> <span class='ocrx_word' id='word_1_204' title='bbox 2562 1319 2754 1363; x_wconf 91' lang='lat' dir='ltr'><strong>novum</strong></span> <span class='ocrx_word' id='word_1_205' title='bbox 2780 1315 2830 1359; x_wconf 88' lang='lat' dir='ltr'><strong>et</strong></span> <span class='ocrx_word' id='word_1_206' title='bbox 2854 1308 3195 1374; x_wconf 89' lang='lat' dir='ltr'><strong>inexpertum</strong></span> <span class='ocrx_word' id='word_1_207' title='bbox 3225 1311 3518 1379; x_wconf 78' lang='lat' dir='ltr'><strong>negotium.</strong></span> <span class='ocrx_word' id='word_1_208' title='bbox 3554 1313 3697 1367; x_wconf 86' lang='lat' dir='ltr'><strong>Petit</strong></span> 
     </span>
    </p>
   </div>
   <div class='ocr_carea' id='block_1_29' title="bbox 2128 1393 3699 1467">
    <p class='ocr_par' dir='ltr' id='par_1_29' title="bbox 2128 1393 3699 1467">
     <span class='ocr_line' id='line_1_29' title="bbox 2128 1393 3699 1467; baseline 0.005 -19"><span class='ocrx_word' id='word_1_209' title='bbox 2128 1402 2185 1448; x_wconf 87' lang='lat' dir='ltr'><strong>et</strong></span> <span class='ocrx_word' id='word_1_210' title='bbox 2216 1393 2496 1459; x_wconf 83' lang='lat' dir='ltr'><strong>obsecrat,</strong></span> <span class='ocrx_word' id='word_1_211' title='bbox 2545 1407 2600 1450; x_wconf 89' lang='lat' dir='ltr'><strong>et</strong></span> <span class='ocrx_word' id='word_1_212' title='bbox 2642 1394 2932 1451; x_wconf 89' lang='lat' dir='ltr'><strong>lamentum</strong></span> <span class='ocrx_word' id='word_1_213' title='bbox 2964 1412 3120 1454; x_wconf 87' lang='lat' dir='ltr'><strong>suum</strong></span> <span class='ocrx_word' id='word_1_214' title='bbox 3155 1400 3397 1467; x_wconf 75' lang='lat' dir='ltr'><strong>producit</strong></span> <span class='ocrx_word' id='word_1_215' title='bbox 3423 1399 3476 1455; x_wconf 94' lang='lat' dir='ltr'><strong>in</strong></span> <span class='ocrx_word' id='word_1_216' title='bbox 3498 1402 3699 1456; x_wconf 59' lang='lat' dir='ltr'><strong>clamo.</strong></span> 
     </span>
    </p>
   </div>
   <div class='ocr_carea' id='block_1_30' title="bbox 2124 1488 3697 1560">
    <p class='ocr_par' dir='ltr' id='par_1_30' title="bbox 2124 1488 3697 1560">
     <span class='ocr_line' id='line_1_30' title="bbox 2124 1488 3697 1560; baseline 0.008 -23"><span class='ocrx_word' id='word_1_217' title='bbox 2124 1499 2235 1538; x_wconf 92' lang='lat' dir='ltr'><strong>rem</strong></span> <span class='ocrx_word' id='word_1_218' title='bbox 2265 1501 2277 1537; x_wconf 93' lang='lat'>:</span> <span class='ocrx_word' id='word_1_219' title='bbox 2310 1494 2364 1539; x_wconf 91' lang='lat' dir='ltr'><strong>et</strong></span> <span class='ocrx_word' id='word_1_220' title='bbox 2390 1494 2598 1540; x_wconf 86' lang='lat' dir='ltr'><strong>amator</strong></span> <span class='ocrx_word' id='word_1_221' title='bbox 2626 1488 2864 1541; x_wconf 90' lang='lat' dir='ltr'><strong>omnium</strong></span> <span class='ocrx_word' id='word_1_222' title='bbox 2898 1488 3037 1543; x_wconf 88' lang='lat' dir='ltr'><strong>Deus</strong></span> <span class='ocrx_word' id='word_1_223' title='bbox 3068 1503 3172 1543; x_wconf 91' lang='lat' dir='ltr'><strong>non</strong></span> <span class='ocrx_word' id='word_1_224' title='bbox 3204 1490 3253 1544; x_wconf 91' lang='lat' dir='ltr'><strong>ei</strong></span> <span class='ocrx_word' id='word_1_225' title='bbox 3279 1491 3554 1560; x_wconf 80' lang='lat' dir='ltr'><strong>respondit</strong></span> <span class='ocrx_word' id='word_1_226' title='bbox 3574 1508 3697 1551; x_wconf 86' lang='lat' dir='ltr'><strong>ver-</strong></span> 
     </span>
    </p>
   </div>
   <div class='ocr_carea' id='block_1_31' title="bbox 2126 1574 3698 1647">
    <p class='ocr_par' dir='ltr' id='par_1_31' title="bbox 2126 1574 3698 1647">
     <span class='ocr_line' id='line_1_31' title="bbox 2126 1574 3698 1647; baseline 0.008 -20"><span class='ocrx_word' id='word_1_227' title='bbox 2126 1574 2274 1628; x_wconf 86' lang='lat' dir='ltr'><strong>bum.</strong></span> <span class='ocrx_word' id='word_1_228' title='bbox 2306 1574 2473 1630; x_wconf 88' lang='lat' dir='ltr'><strong>Tacet</strong></span> <span class='ocrx_word' id='word_1_229' title='bbox 2494 1574 2614 1630; x_wconf 84' lang='lat' dir='ltr'><strong>fons</strong></span> <span class='ocrx_word' id='word_1_230' title='bbox 2636 1576 2788 1645; x_wconf 69' lang='lat' dir='ltr'><strong>vitae,</strong></span> <span class='ocrx_word' id='word_1_231' title='bbox 2822 1587 2879 1636; x_wconf 90' lang='lat' dir='ltr'><strong>et</strong></span> <span class='ocrx_word' id='word_1_232' title='bbox 2916 1579 3036 1647; x_wconf 90' lang='lat' dir='ltr'><strong>pius</strong></span> <span class='ocrx_word' id='word_1_233' title='bbox 3061 1580 3301 1634; x_wconf 89' lang='lat' dir='ltr'><strong>medicus</strong></span> <span class='ocrx_word' id='word_1_234' title='bbox 3330 1581 3555 1637; x_wconf 85' lang='lat' dir='ltr'><strong>contulit</strong></span> <span class='ocrx_word' id='word_1_235' title='bbox 3584 1599 3698 1640; x_wconf 83' lang='lat' dir='ltr'><strong>me-</strong></span> 
     </span>
    </p>
   </div>
   <div class='ocr_carea' id='block_1_32' title="bbox 2124 1664 3697 1739">
    <p class='ocr_par' dir='ltr' id='par_1_32' title="bbox 2124 1664 3697 1739">
     <span class='ocr_line' id='line_1_32' title="bbox 2124 1664 3697 1739; baseline 0.006 -20"><span class='ocrx_word' id='word_1_236' title='bbox 2124 1664 2390 1732; x_wconf 89' lang='lat' dir='ltr'><strong>dicinam,</strong></span> <span class='ocrx_word' id='word_1_237' title='bbox 2423 1674 2477 1723; x_wconf 91' lang='lat' dir='ltr'><strong>et</strong></span> <span class='ocrx_word' id='word_1_238' title='bbox 2504 1665 2732 1737; x_wconf 80' lang='lat' dir='ltr'><strong>abnegat</strong></span> <span class='ocrx_word' id='word_1_239' title='bbox 2760 1682 2966 1724; x_wconf 89' lang='lat' dir='ltr'><strong>curam.</strong></span> <span class='ocrx_word' id='word_1_240' title='bbox 2997 1670 3134 1735; x_wconf 85' lang='lat' dir='ltr'><strong>Quid</strong></span> <span class='ocrx_word' id='word_1_241' title='bbox 3164 1681 3246 1725; x_wconf 91' lang='lat' dir='ltr'><strong>est</strong></span> <span class='ocrx_word' id='word_1_242' title='bbox 3274 1670 3404 1739; x_wconf 92' lang='lat' dir='ltr'><strong>hoc,</strong></span> <span class='ocrx_word' id='word_1_243' title='bbox 3437 1671 3697 1728; x_wconf 92' lang='lat' dir='ltr'><strong>Domine?</strong></span> 
     </span>
    </p>
   </div>
   <div class='ocr_carea' id='block_1_33' title="bbox 440 1749 2017 1841">
    <p class='ocr_par' dir='ltr' id='par_1_33' title="bbox 440 1749 2017 1841">
     <span class='ocr_line' id='line_1_33' title="bbox 440 1749 2017 1841; baseline 0.015 -37"><span class='ocrx_word' id='word_1_244' title='bbox 440 1749 737 1816; x_wconf 86' lang='lat' dir='ltr'><strong>scendisti,</strong></span> <span class='ocrx_word' id='word_1_245' title='bbox 788 1753 908 1808; x_wconf 92' lang='lat' dir='ltr'><strong>ideo</strong></span> <span class='ocrx_word' id='word_1_246' title='bbox 951 1764 1166 1811; x_wconf 75' lang='lat' dir='ltr'><strong>carnem</strong></span> <span class='ocrx_word' id='word_1_247' title='bbox 1207 1762 1512 1830; x_wconf 89' lang='lat' dir='ltr'><strong>suscepisti,</strong></span> <span class='ocrx_word' id='word_1_248' title='bbox 1541 1774 1596 1818; x_wconf 93' lang='lat' dir='ltr'><strong>ut</strong></span> <span class='ocrx_word' id='word_1_249' title='bbox 1624 1775 1680 1821; x_wconf 88' lang='lat' dir='ltr'><strong>et</strong></span> <span class='ocrx_word' id='word_1_250' title='bbox 1712 1782 1812 1838; x_wconf 87' lang='lat' dir='ltr'><strong>ego</strong></span> <span class='ocrx_word' id='word_1_251' title='bbox 1834 1770 2017 1841; x_wconf 89' lang='lat' dir='ltr'><strong>loquar</strong></span> 
     </span>
    </p>
   </div>
   <div class='ocr_carea' id='block_1_34' title="bbox 2122 1749 3696 1841">
    <p class='ocr_par' dir='ltr' id='par_1_34' title="bbox 2127 1758 3696 1834">
     <span class='ocr_line' id='line_1_34' title="bbox 2127 1758 3696 1834; baseline 0.003 -23"><span class='ocrx_word' id='word_1_252' title='bbox 2127 1758 2340 1827; x_wconf 89' lang='lat' dir='ltr'><strong>nescio,</strong></span> <span class='ocrx_word' id='word_1_253' title='bbox 2373 1758 2417 1813; x_wconf 91' lang='lat' dir='ltr'><strong>si</strong></span> <span class='ocrx_word' id='word_1_254' title='bbox 2462 1773 2566 1813; x_wconf 93' lang='lat' dir='ltr'><strong>non</strong></span> <span class='ocrx_word' id='word_1_255' title='bbox 2597 1759 2826 1828; x_wconf 86' lang='lat' dir='ltr'><strong>suscipis</strong></span> <span class='ocrx_word' id='word_1_256' title='bbox 2872 1760 3168 1829; x_wconf 86' lang='lat' dir='ltr'><strong>pulsantem</strong></span> <span class='ocrx_word' id='word_1_257' title='bbox 3199 1762 3509 1834; x_wconf 60' lang='lat' dir='ltr'><strong>mulierem}</strong></span> <span class='ocrx_word' id='word_1_258' title='bbox 3542 1764 3586 1818; x_wconf 93' lang='grc' dir='ltr'><strong>Ο</strong></span> <span class='ocrx_word' id='word_1_259' title='bbox 3610 1778 3696 1818; x_wconf 86' lang='lat' dir='ltr'><strong>sa-</strong></span> 
     </span>
    </p>
   </div>
   <div class='ocr_carea' id='block_1_35' title="bbox 440 1842 2017 1933">
    <p class='ocr_par' dir='ltr' id='par_1_35' title="bbox 440 1842 2017 1933">
     <span class='ocr_line' id='line_1_35' title="bbox 440 1842 2017 1933; baseline 0.017 -38"><span class='ocrx_word' id='word_1_260' title='bbox 440 1842 506 1896; x_wconf 90' lang='lat' dir='ltr'><strong>ad</strong></span> <span class='ocrx_word' id='word_1_261' title='bbox 536 1852 619 1910; x_wconf 85' lang='lat' dir='ltr'><strong>te,</strong></span> <span class='ocrx_word' id='word_1_262' title='bbox 650 1854 705 1901; x_wconf 86' lang='lat' dir='ltr'><strong>et</strong></span> <span class='ocrx_word' id='word_1_263' title='bbox 734 1860 854 1901; x_wconf 92' lang='lat' dir='ltr'><strong>cum</strong></span> <span class='ocrx_word' id='word_1_264' title='bbox 886 1845 1075 1903; x_wconf 87' lang='lat' dir='ltr'><strong>ﬁducia</strong></span> <span class='ocrx_word' id='word_1_265' title='bbox 1117 1859 1314 1919; x_wconf 87' lang='lat' dir='ltr'><strong>petam.</strong></span> <span class='ocrx_word' id='word_1_266' title='bbox 1348 1855 1615 1913; x_wconf 86' lang='lat' dir='ltr'><strong>Cherubin</strong></span> <span class='ocrx_word' id='word_1_267' title='bbox 1650 1872 1868 1929; x_wconf 84' lang='lat' dir='ltr'><strong>aspectu</strong></span> <span class='ocrx_word' id='word_1_268' title='bbox 1898 1866 2017 1933; x_wconf 87' lang='lat' dir='ltr'><strong>ejus</strong></span> 
     </span>
    </p>
   </div>
   <div class='ocr_carea' id='block_1_36' title="bbox 443 1938 2016 2011">
    <p class='ocr_par' dir='ltr' id='par_1_36' title="bbox 443 1938 2016 2011">
     <span class='ocr_line' id='line_1_36' title="bbox 443 1938 2016 2011; baseline 0.015 -23"><span class='ocrx_word' id='word_1_269' title='bbox 443 1947 679 2007; x_wconf 84' lang='lat' dir='ltr'><strong>tremunt</strong></span> <span class='ocrx_word' id='word_1_270' title='bbox 701 1938 752 2007; x_wconf 86' lang='lat' dir='ltr'><strong>in</strong></span> <span class='ocrx_word' id='word_1_271' title='bbox 790 1939 927 1997; x_wconf 66' lang='lat' dir='ltr'><strong>caelo</strong></span> <span class='ocrx_word' id='word_1_272' title='bbox 950 1978 966 2006; x_wconf 93' lang='lat'><strong>,</strong></span> <span class='ocrx_word' id='word_1_273' title='bbox 1015 1951 1069 1997; x_wconf 91' lang='lat' dir='ltr'><strong>et</strong></span> <span class='ocrx_word' id='word_1_274' title='bbox 1117 1941 1172 1995; x_wconf 92' lang='lat' dir='ltr'><strong>in</strong></span> <span class='ocrx_word' id='word_1_275' title='bbox 1215 1952 1355 1998; x_wconf 86' lang='lat' dir='ltr'><strong>terra</strong></span> <span class='ocrx_word' id='word_1_276' title='bbox 1389 1948 1582 2003; x_wconf 85' lang='lat' dir='ltr'><strong>mulier</strong></span> <span class='ocrx_word' id='word_1_277' title='bbox 1610 1965 1714 2005; x_wconf 92' lang='lat' dir='ltr'><strong>non</strong></span> <span class='ocrx_word' id='word_1_278' title='bbox 1747 1951 2016 2011; x_wconf 88' lang='lat' dir='ltr'><strong>formidat.</strong></span> 
     </span>
    </p>
   </div>
   <div class='ocr_carea' id='block_1_37' title="bbox 449 2028 2015 2113">
    <p class='ocr_par' dir='ltr' id='par_1_37' title="bbox 449 2028 2015 2113">
     <span class='ocr_line' id='line_1_37' title="bbox 449 2028 2015 2113; baseline 0.015 -35"><span class='ocrx_word' id='word_1_279' title='bbox 449 2028 632 2097; x_wconf 80' lang='lat' dir='ltr'><strong>.-\ngcli</strong></span> <span class='ocrx_word' id='word_1_280' title='bbox 664 2038 907 2093; x_wconf 85' lang='lat' dir='ltr'><strong>metuunt</strong></span> <span class='ocrx_word' id='word_1_281' title='bbox 938 2032 989 2103; x_wconf 87' lang='lat' dir='ltr'><strong>in</strong></span> <span class='ocrx_word' id='word_1_282' title='bbox 1017 2035 1275 2105; x_wconf 83' lang='lat' dir='ltr'><strong>excelsis,</strong></span> <span class='ocrx_word' id='word_1_283' title='bbox 1310 2048 1365 2092; x_wconf 92' lang='lat' dir='ltr'><strong>et</strong></span> <span class='ocrx_word' id='word_1_284' title='bbox 1407 2040 1600 2097; x_wconf 91' lang='lat' dir='ltr'><strong>mulier</strong></span> <span class='ocrx_word' id='word_1_285' title='bbox 1624 2058 1728 2097; x_wconf 93' lang='lat' dir='ltr'><strong>non</strong></span> <span class='ocrx_word' id='word_1_286' title='bbox 1758 2056 2015 2113; x_wconf 86' lang='lat' dir='ltr'><strong>veretur;</strong></span> 
     </span>
    </p>
   </div>
   <div class='ocr_carea' id='block_1_38' title="bbox 440 2119 2013 2205">
    <p class='ocr_par' dir='ltr' id='par_1_38' title="bbox 440 2119 2013 2205">
     <span class='ocr_line' id='line_1_38' title="bbox 440 2119 2013 2205; baseline 0.013 -32"><span class='ocrx_word' id='word_1_287' title='bbox 440 2119 607 2175; x_wconf 84' lang='lat' dir='ltr'><strong>instat</strong></span> <span class='ocrx_word' id='word_1_288' title='bbox 652 2121 959 2193; x_wconf 90' lang='lat' dir='ltr'><strong>importune</strong></span> <span class='ocrx_word' id='word_1_289' title='bbox 982 2166 998 2190; x_wconf 92' lang='lat'><strong>,</strong></span> <span class='ocrx_word' id='word_1_290' title='bbox 1050 2134 1106 2180; x_wconf 90' lang='lat' dir='ltr'><strong>et</strong></span> <span class='ocrx_word' id='word_1_291' title='bbox 1135 2142 1266 2184; x_wconf 82' lang='lat' dir='ltr'><strong>voce</strong></span> <span class='ocrx_word' id='word_1_292' title='bbox 1310 2145 1409 2189; x_wconf 28' lang='lat' dir='ltr'><strong>sua.</strong></span> <span class='ocrx_word' id='word_1_293' title='bbox 1442 2147 1761 2205; x_wconf 79' lang='lat' dir='ltr'><strong>exaggerat,</strong></span> <span class='ocrx_word' id='word_1_294' title='bbox 1791 2139 2013 2196; x_wconf 88' lang='lat' dir='ltr'><strong>dicens:</strong></span> 
     </span>
    </p>
   </div>
   <div class='ocr_carea' id='block_1_39' title="bbox 447 2207 2019 2301">
    <p class='ocr_par' dir='ltr' id='par_1_39' title="bbox 447 2207 2019 2301">
     <span class='ocr_line' id='line_1_39' title="bbox 447 2207 2019 2301; baseline 0.017 -40"><span class='ocrx_word' id='word_1_295' title='bbox 447 2207 690 2278; x_wconf 76' lang='lat' dir='ltr'><strong>Miserere</strong></span> <span class='ocrx_word' id='word_1_296' title='bbox 730 2215 867 2276; x_wconf 87' lang='lat' dir='ltr'><strong>mei,</strong></span> <span class='ocrx_word' id='word_1_297' title='bbox 919 2214 1135 2270; x_wconf 86' lang='lat' dir='ltr'><strong>Domine</strong></span> <span class='ocrx_word' id='word_1_298' title='bbox 1159 2259 1174 2283; x_wconf 94' lang='lat'><strong>,</strong></span> <span class='ocrx_word' id='word_1_299' title='bbox 1206 2219 1283 2287; x_wconf 81' lang='lat' dir='ltr'><strong>[ili</strong></span> <span class='ocrx_word' id='word_1_300' title='bbox 1325 2220 1512 2278; x_wconf 82' lang='lat' dir='ltr'><strong>David.</strong></span> <span class='ocrx_word' id='word_1_301' title='bbox 1542 2225 1659 2293; x_wconf 88' lang='lat' dir='ltr'><strong>Non</strong></span> <span class='ocrx_word' id='word_1_302' title='bbox 1687 2228 1856 2285; x_wconf 86' lang='lat' dir='ltr'><strong>habeo</strong></span> <span class='ocrx_word' id='word_1_303' title='bbox 1884 2244 2019 2301; x_wconf 84' lang='lat' dir='ltr'><strong>Opus</strong></span> 
     </span>
    </p>
   </div>
   <div class='ocr_carea' id='block_1_40' title="bbox 439 2302 2019 2388">
    <p class='ocr_par' dir='ltr' id='par_1_40' title="bbox 439 2302 2019 2388">
     <span class='ocr_line' id='line_1_40' title="bbox 439 2302 2019 2388; baseline 0.016 -36"><span class='ocrx_word' id='word_1_304' title='bbox 439 2302 720 2366; x_wconf 81' lang='lat' dir='ltr'><strong>aponsoris</strong></span> <span class='ocrx_word' id='word_1_305' title='bbox 752 2319 763 2353; x_wconf 91' lang='lat'><strong>:</strong></span> <span class='ocrx_word' id='word_1_306' title='bbox 811 2317 904 2371; x_wconf 89' lang='lat' dir='ltr'><strong>per</strong></span> <span class='ocrx_word' id='word_1_307' title='bbox 937 2320 1021 2373; x_wconf 90' lang='lat' dir='ltr'><strong>me</strong></span> <span class='ocrx_word' id='word_1_308' title='bbox 1060 2309 1291 2376; x_wconf 88' lang='lat' dir='ltr'><strong>accedo,</strong></span> <span class='ocrx_word' id='word_1_309' title='bbox 1324 2327 1423 2382; x_wconf 87' lang='lat' dir='ltr'><strong>per</strong></span> <span class='ocrx_word' id='word_1_310' title='bbox 1450 2330 1537 2371; x_wconf 91' lang='lat' dir='ltr'><strong>me</strong></span> <span class='ocrx_word' id='word_1_311' title='bbox 1565 2317 1818 2386; x_wconf 90' lang='lat' dir='ltr'><strong>obsecro,</strong></span> <span class='ocrx_word' id='word_1_312' title='bbox 1859 2324 2019 2388; x_wconf 85' lang='lat' dir='ltr'><strong>mise-</strong></span> 
     </span>
    </p>
   </div>
   <div class='ocr_carea' id='block_1_41' title="bbox 445 2387 2016 2481">
    <p class='ocr_par' dir='ltr' id='par_1_41' title="bbox 445 2387 2016 2481">
     <span class='ocr_line' id='line_1_41' title="bbox 445 2387 2016 2481; baseline 0.017 -40"><span class='ocrx_word' id='word_1_313' title='bbox 445 2403 566 2445; x_wconf 88' lang='lat' dir='ltr'><strong>rere</strong></span> <span class='ocrx_word' id='word_1_314' title='bbox 592 2392 717 2462; x_wconf 80' lang='lat' dir='ltr'><strong>mei.</strong></span> <span class='ocrx_word' id='word_1_315' title='bbox 741 2390 879 2476; x_wconf 76' lang='lat' dir='ltr'><strong>Quid</strong></span> <span class='ocrx_word' id='word_1_316' title='bbox 910 2395 1003 2450; x_wconf 90' lang='lat' dir='ltr'><strong>tibi</strong></span> <span class='ocrx_word' id='word_1_317' title='bbox 1030 2411 1168 2467; x_wconf 90' lang='lat' dir='ltr'><strong>opus</strong></span> <span class='ocrx_word' id='word_1_318' title='bbox 1194 2402 1313 2455; x_wconf 86' lang='lat' dir='ltr'><strong>est?</strong></span> <span class='ocrx_word' id='word_1_319' title='bbox 1336 2387 1765 2477; x_wconf 74' lang='lat' dir='ltr'><strong>miscricordiam</strong></span> <span class='ocrx_word' id='word_1_320' title='bbox 1813 2428 2016 2481; x_wconf 75' lang='lat' dir='ltr'><strong>Qttzero.</strong></span> 
     </span>
    </p>
   </div>
   <div class='ocr_carea' id='block_1_42' title="bbox 442 2480 2020 2567">
    <p class='ocr_par' dir='ltr' id='par_1_42' title="bbox 442 2480 2020 2567">
     <span class='ocr_line' id='line_1_42' title="bbox 442 2480 2020 2567; baseline 0.016 -34"><span class='ocrx_word' id='word_1_321' title='bbox 442 2480 578 2567; x_wconf 79' lang='lat' dir='ltr'><strong>Quid</strong></span> <span class='ocrx_word' id='word_1_322' title='bbox 603 2484 838 2551; x_wconf 85' lang='lat' dir='ltr'><strong>pateris?</strong></span> <span class='ocrx_word' id='word_1_323' title='bbox 859 2485 1098 2542; x_wconf 89' lang='lat' dir='ltr'><strong>dolorem</strong></span> <span class='ocrx_word' id='word_1_324' title='bbox 1127 2504 1285 2560; x_wconf 90' lang='lat' dir='ltr'><strong>quem</strong></span> <span class='ocrx_word' id='word_1_325' title='bbox 1309 2508 1413 2548; x_wconf 90' lang='lat' dir='ltr'><strong>non</strong></span> <span class='ocrx_word' id='word_1_326' title='bbox 1434 2496 1654 2553; x_wconf 88' lang='lat' dir='ltr'><strong>sutl&#39;ero.</strong></span> <span class='ocrx_word' id='word_1_327' title='bbox 1672 2499 1805 2567; x_wconf 88' lang='lat' dir='ltr'><strong>Quid</strong></span> <span class='ocrx_word' id='word_1_328' title='bbox 1823 2480 2020 2563; x_wconf 74' lang='lat' dir='ltr'><strong>habes?</strong></span> 
     </span>
    </p>
   </div>
   <div class='ocr_carea' id='block_1_43' title="bbox 441 2572 2019 2652">
    <p class='ocr_par' dir='ltr' id='par_1_43' title="bbox 441 2572 2019 2652">
     <span class='ocr_line' id='line_1_43' title="bbox 441 2572 2019 2652; baseline 0.018 -28"><span class='ocrx_word' id='word_1_329' title='bbox 441 2572 548 2627; x_wconf 88' lang='lat' dir='ltr'><strong>tilia</strong></span> <span class='ocrx_word' id='word_1_330' title='bbox 578 2588 696 2631; x_wconf 87' lang='lat' dir='ltr'><strong>mea</strong></span> <span class='ocrx_word' id='word_1_331' title='bbox 724 2577 933 2645; x_wconf 87' lang='lat' dir='ltr'><strong>captiva</strong></span> <span class='ocrx_word' id='word_1_332' title='bbox 978 2588 1210 2637; x_wconf 90' lang='lat' dir='ltr'><strong>tenetur.</strong></span> <span class='ocrx_word' id='word_1_333' title='bbox 1237 2583 1377 2652; x_wconf 86' lang='lat' dir='ltr'><strong>Quid</strong></span> <span class='ocrx_word' id='word_1_334' title='bbox 1406 2586 1484 2642; x_wconf 90' lang='lat' dir='ltr'><strong>illi</strong></span> <span class='ocrx_word' id='word_1_335' title='bbox 1524 2590 1650 2645; x_wconf 87' lang='lat' dir='ltr'><strong>est?</strong></span> <span class='ocrx_word' id='word_1_336' title='bbox 1687 2593 1824 2649; x_wconf 88' lang='lat' dir='ltr'><strong>male</strong></span> <span class='ocrx_word' id='word_1_337' title='bbox 1847 2607 1877 2647; x_wconf 91' lang='lat' dir='ltr'><strong>a</strong></span> <span class='ocrx_word' id='word_1_338' title='bbox 1909 2594 2019 2651; x_wconf 76' lang='lat' dir='ltr'><strong>da:-</strong></span> 
     </span>
    </p>
   </div>
   <div class='ocr_carea' id='block_1_44' title="bbox 444 2666 2017 2755">
    <p class='ocr_par' dir='ltr' id='par_1_44' title="bbox 444 2666 2017 2755">
     <span class='ocr_line' id='line_1_44' title="bbox 444 2666 2017 2755; baseline 0.017 -39"><span class='ocrx_word' id='word_1_339' title='bbox 444 2666 627 2721; x_wconf 83' lang='lat' dir='ltr'><strong>uionio</strong></span> <span class='ocrx_word' id='word_1_340' title='bbox 650 2680 894 2733; x_wconf 80' lang='lat' dir='ltr'><strong>vexatur.</strong></span> <span class='ocrx_word' id='word_1_341' title='bbox 925 2671 992 2725; x_wconf 85' lang='lat' dir='ltr'><strong>Et</strong></span> <span class='ocrx_word' id='word_1_342' title='bbox 1027 2673 1155 2742; x_wconf 91' lang='lat' dir='ltr'><strong>quid</strong></span> <span class='ocrx_word' id='word_1_343' title='bbox 1187 2677 1365 2732; x_wconf 86' lang='lat' dir='ltr'><strong>nunc?</strong></span> <span class='ocrx_word' id='word_1_344' title='bbox 1412 2680 1672 2737; x_wconf 88' lang='lat' dir='ltr'><strong>miserere</strong></span> <span class='ocrx_word' id='word_1_345' title='bbox 1721 2686 1860 2755; x_wconf 91' lang='lat' dir='ltr'><strong>mei,</strong></span> <span class='ocrx_word' id='word_1_346' title='bbox 1911 2686 2017 2742; x_wconf 88' lang='lat' dir='ltr'><strong>Do-</strong></span> 
     </span>
    </p>
   </div>
   <div class='ocr_carea' id='block_1_45' title="bbox 438 2754 2020 2844">
    <p class='ocr_par' dir='ltr' id='par_1_45' title="bbox 438 2754 2020 2844">
     <span class='ocr_line' id='line_1_45' title="bbox 438 2754 2020 2844; baseline 0.016 -38"><span class='ocrx_word' id='word_1_347' title='bbox 438 2754 605 2813; x_wconf 86' lang='lat' dir='ltr'><strong>mine.</strong></span> <span class='ocrx_word' id='word_1_348' title='bbox 654 2756 853 2827; x_wconf 82' lang='lat' dir='ltr'><strong>Pignus</strong></span> <span class='ocrx_word' id='word_1_349' title='bbox 903 2774 1081 2816; x_wconf 87' lang='lat' dir='ltr'><strong>meum</strong></span> <span class='ocrx_word' id='word_1_350' title='bbox 1130 2768 1490 2835; x_wconf 89' lang='lat' dir='ltr'><strong>consumitur,</strong></span> <span class='ocrx_word' id='word_1_351' title='bbox 1544 2778 1599 2825; x_wconf 92' lang='lat' dir='ltr'><strong>et</strong></span> <span class='ocrx_word' id='word_1_352' title='bbox 1628 2786 1752 2842; x_wconf 90' lang='lat' dir='ltr'><strong>pars</strong></span> <span class='ocrx_word' id='word_1_353' title='bbox 1775 2754 2020 2844; x_wconf 85' lang='lat' dir='ltr'><strong>corporis</strong></span> 
     </span>
    </p>
   </div>
   <div class='ocr_carea' id='block_1_46' title="bbox 439 2848 2018 2931">
    <p class='ocr_par' dir='ltr' id='par_1_46' title="bbox 439 2848 2018 2931">
     <span class='ocr_line' id='line_1_46' title="bbox 439 2848 2018 2931; baseline 0.016 -34"><span class='ocrx_word' id='word_1_354' title='bbox 439 2848 687 2903; x_wconf 81' lang='lat' dir='ltr'><strong>violatur.</strong></span> <span class='ocrx_word' id='word_1_355' title='bbox 720 2850 947 2918; x_wconf 89' lang='lat' dir='ltr'><strong>Opinio,</strong></span> <span class='ocrx_word' id='word_1_356' title='bbox 982 2853 1230 2923; x_wconf 88' lang='lat' dir='ltr'><strong>inquam,</strong></span> <span class='ocrx_word' id='word_1_357' title='bbox 1283 2858 1416 2913; x_wconf 88' lang='lat' dir='ltr'><strong>exiit</strong></span> <span class='ocrx_word' id='word_1_358' title='bbox 1452 2859 1519 2916; x_wconf 92' lang='lat' dir='ltr'><strong>de</strong></span> <span class='ocrx_word' id='word_1_359' title='bbox 1558 2862 1667 2917; x_wconf 84' lang='lat' dir='ltr'><strong>lilia</strong></span> <span class='ocrx_word' id='word_1_360' title='bbox 1712 2879 1860 2931; x_wconf 89' lang='lat' dir='ltr'><strong>mea;</strong></span> <span class='ocrx_word' id='word_1_361' title='bbox 1909 2868 2018 2931; x_wconf 91' lang='lat' dir='ltr'><strong>noli</strong></span> 
     </span>
    </p>
   </div>
   <div class='ocr_carea' id='block_1_47' title="bbox 440 2938 2018 3028">
    <p class='ocr_par' dir='ltr' id='par_1_47' title="bbox 440 2938 2018 3028">
     <span class='ocr_line' id='line_1_47' title="bbox 440 2938 2018 3028; baseline 0.015 -37"><span class='ocrx_word' id='word_1_362' title='bbox 440 2951 535 3007; x_wconf 10' lang='lat' dir='ltr'><strong>me,</strong></span> <span class='ocrx_word' id='word_1_363' title='bbox 557 2938 736 2996; x_wconf 86' lang='lat' dir='ltr'><strong>videre</strong></span> <span class='ocrx_word' id='word_1_364' title='bbox 766 2943 1119 3010; x_wconf 88' lang='lat' dir='ltr'><strong>peccatricem</strong></span> <span class='ocrx_word' id='word_1_365' title='bbox 1146 2956 1199 3001; x_wconf 90' lang='lat' dir='ltr'><strong>et</strong></span> <span class='ocrx_word' id='word_1_366' title='bbox 1228 2948 1481 3015; x_wconf 86' lang='lat' dir='ltr'><strong>miseram</strong></span> <span class='ocrx_word' id='word_1_367' title='bbox 1508 2968 1523 3007; x_wconf 90' lang='lat'><strong>:</strong></span> <span class='ocrx_word' id='word_1_368' title='bbox 1556 2961 1611 3008; x_wconf 91' lang='lat' dir='ltr'><strong>tu</strong></span> <span class='ocrx_word' id='word_1_369' title='bbox 1651 2969 1712 3010; x_wconf 88' lang='lat' dir='ltr'><strong>es</strong></span> <span class='ocrx_word' id='word_1_370' title='bbox 1752 2955 1893 3025; x_wconf 85' lang='lat' dir='ltr'><strong>Deus</strong></span> <span class='ocrx_word' id='word_1_371' title='bbox 1929 2960 2018 3028; x_wconf 84' lang='lat' dir='ltr'><strong>qui</strong></span> 
     </span>
    </p>
   </div>
   <div class='ocr_carea' id='block_1_48' title="bbox 441 3032 2016 3118">
    <p class='ocr_par' dir='ltr' id='par_1_48' title="bbox 441 3032 2016 3118">
     <span class='ocr_line' id='line_1_48' title="bbox 441 3032 2016 3118; baseline 0.015 -35"><span class='ocrx_word' id='word_1_372' title='bbox 441 3037 648 3107; x_wconf 80' lang='lat' dir='ltr'><strong>secreta</strong></span> <span class='ocrx_word' id='word_1_373' title='bbox 697 3032 1029 3103; x_wconf 83' lang='lat' dir='ltr'><strong>consideras.</strong></span> <span class='ocrx_word' id='word_1_374' title='bbox 1075 3035 1218 3105; x_wconf 66' lang='lat' dir='ltr'><strong>Filia</strong></span> <span class='ocrx_word' id='word_1_375' title='bbox 1258 3056 1369 3095; x_wconf 88' lang='lat' dir='ltr'><strong>mea</strong></span> <span class='ocrx_word' id='word_1_376' title='bbox 1420 3044 1555 3098; x_wconf 90' lang='lat' dir='ltr'><strong>male</strong></span> <span class='ocrx_word' id='word_1_377' title='bbox 1603 3056 1831 3103; x_wconf 77' lang='lat' dir='ltr'><strong>vexatur.</strong></span> <span class='ocrx_word' id='word_1_378' title='bbox 1880 3032 2016 3118; x_wconf 87' lang='lat' dir='ltr'><strong>Quid</strong></span> 
     </span>
    </p>
   </div>
   <div class='ocr_carea' id='block_1_49' title="bbox 2126 1847 3696 1922">
    <p class='ocr_par' dir='ltr' id='par_1_49' title="bbox 2126 1847 3696 1922">
     <span class='ocr_line' id='line_1_49' title="bbox 2126 1847 3696 1922; baseline 0.006 -21"><span class='ocrx_word' id='word_1_379' title='bbox 2126 1847 2329 1917; x_wconf 83' lang='lat' dir='ltr'><strong>pientia</strong></span> <span class='ocrx_word' id='word_1_380' title='bbox 2371 1848 2600 1904; x_wconf 86' lang='lat' dir='ltr'><strong>medici!</strong></span> <span class='ocrx_word' id='word_1_381' title='bbox 2651 1848 2939 1916; x_wconf 88' lang='lat' dir='ltr'><strong>Dominus,</strong></span> <span class='ocrx_word' id='word_1_382' title='bbox 2972 1850 3180 1920; x_wconf 89' lang='lat' dir='ltr'><strong>inquit,</strong></span> <span class='ocrx_word' id='word_1_383' title='bbox 3230 1868 3331 1907; x_wconf 89' lang='lat' dir='ltr'><strong>non</strong></span> <span class='ocrx_word' id='word_1_384' title='bbox 3364 1854 3622 1922; x_wconf 73' lang='lat' dir='ltr'><strong>respondit</strong></span> <span class='ocrx_word' id='word_1_385' title='bbox 3650 1856 3696 1911; x_wconf 81' lang='lat' dir='ltr'><strong>ei</strong></span> 
     </span>
    </p>
   </div>
   <div class='ocr_carea' id='block_1_50' title="bbox 2125 1940 3697 2021">
    <p class='ocr_par' dir='ltr' id='par_1_50' title="bbox 2125 1940 3697 2021">
     <span class='ocr_line' id='line_1_50' title="bbox 2125 1940 3697 2021; baseline 0.007 -29"><span class='ocrx_word' id='word_1_386' title='bbox 2125 1940 2353 1993; x_wconf 78' lang='lat' dir='ltr'><strong>verbum.</strong></span> <span class='ocrx_word' id='word_1_387' title='bbox 2385 1940 2741 2010; x_wconf 88' lang='lat' dir='ltr'><strong>Quapropter,</strong></span> <span class='ocrx_word' id='word_1_388' title='bbox 2780 1941 2880 1996; x_wconf 90' lang='lat' dir='ltr'><strong>nisi</strong></span> <span class='ocrx_word' id='word_1_389' title='bbox 2910 1950 2965 1995; x_wconf 93' lang='lat' dir='ltr'><strong>ut</strong></span> <span class='ocrx_word' id='word_1_390' title='bbox 2990 1942 3263 2013; x_wconf 78' lang='lat' dir='ltr'><strong>detegeret</strong></span> <span class='ocrx_word' id='word_1_391' title='bbox 3292 1944 3551 2014; x_wconf 81' lang='lat' dir='ltr'><strong>sapientia</strong></span> <span class='ocrx_word' id='word_1_392' title='bbox 3579 1947 3697 2021; x_wconf 86' lang='lat' dir='ltr'><strong>ejus</strong></span> 
     </span>
    </p>
   </div>
   <div class='ocr_carea' id='block_1_51' title="bbox 2124 2029 3693 2109">
    <p class='ocr_par' dir='ltr' id='par_1_51' title="bbox 2124 2029 3693 2109">
     <span class='ocr_line' id='line_1_51' title="bbox 2124 2029 3693 2109; baseline 0.005 -27"><span class='ocrx_word' id='word_1_393' title='bbox 2124 2029 2415 2085; x_wconf 78' lang='lat' dir='ltr'><strong>virtutem?</strong></span> <span class='ocrx_word' id='word_1_394' title='bbox 2444 2030 2730 2100; x_wconf 87' lang='lat' dir='ltr'><strong>Propterea</strong></span> <span class='ocrx_word' id='word_1_395' title='bbox 2761 2032 2945 2095; x_wconf 75' lang='lat' dir='ltr'><strong>dicunt</strong></span> <span class='ocrx_word' id='word_1_396' title='bbox 2976 2032 3220 2102; x_wconf 73' lang='lat' dir='ltr'><strong>discipuli</strong></span> <span class='ocrx_word' id='word_1_397' title='bbox 3246 2052 3260 2087; x_wconf 89' lang='lat'><strong>:</strong></span> <span class='ocrx_word' id='word_1_398' title='bbox 3290 2033 3498 2097; x_wconf 81' lang='lat' dir='ltr'><strong>Dimitte</strong></span> <span class='ocrx_word' id='word_1_399' title='bbox 3526 2038 3693 2109; x_wconf 66' lang='lat' dir='ltr'><strong>illam,</strong></span> 
     </span>
    </p>
   </div>
   <div class='ocr_carea' id='block_1_52' title="bbox 2122 2121 3695 2191">
    <p class='ocr_par' dir='ltr' id='par_1_52' title="bbox 2122 2121 3695 2191">
     <span class='ocr_line' id='line_1_52' title="bbox 2122 2121 3695 2191; baseline 0.005 -18"><span class='ocrx_word' id='word_1_400' title='bbox 2122 2124 2242 2191; x_wconf 89' lang='lat' dir='ltr'><strong>quia</strong></span> <span class='ocrx_word' id='word_1_401' title='bbox 2271 2121 2455 2175; x_wconf 89' lang='lat' dir='ltr'><strong>clamat</strong></span> <span class='ocrx_word' id='word_1_402' title='bbox 2482 2132 2596 2191; x_wconf 79' lang='lat' dir='ltr'><strong>post</strong></span> <span class='ocrx_word' id='word_1_403' title='bbox 2634 2138 2747 2177; x_wconf 85' lang='lat' dir='ltr'><strong>nos.</strong></span> <span class='ocrx_word' id='word_1_404' title='bbox 2780 2123 2887 2178; x_wconf 88' lang='lat' dir='ltr'><strong>Sed</strong></span> <span class='ocrx_word' id='word_1_405' title='bbox 2918 2123 3179 2179; x_wconf 86' lang='lat' dir='ltr'><strong>humanus</strong></span> <span class='ocrx_word' id='word_1_406' title='bbox 3222 2126 3359 2181; x_wconf 89' lang='lat' dir='ltr'><strong>Deus</strong></span> <span class='ocrx_word' id='word_1_407' title='bbox 3388 2128 3548 2180; x_wconf 87' lang='lat' dir='ltr'><strong>vitam</strong></span> <span class='ocrx_word' id='word_1_408' title='bbox 3579 2144 3695 2187; x_wconf 80' lang='lat' dir='ltr'><strong>mtt-</strong></span> 
     </span>
    </p>
   </div>
   <div class='ocr_carea' id='block_1_53' title="bbox 2123 2212 3697 2284">
    <p class='ocr_par' dir='ltr' id='par_1_53' title="bbox 2123 2212 3697 2284">
     <span class='ocr_line' id='line_1_53' title="bbox 2123 2212 3697 2284; baseline 0.004 -17"><span class='ocrx_word' id='word_1_409' title='bbox 2123 2213 2268 2268; x_wconf 89' lang='lat' dir='ltr'><strong>Iieris</strong></span> <span class='ocrx_word' id='word_1_410' title='bbox 2300 2212 2657 2283; x_wconf 87' lang='lat' dir='ltr'><strong>virtutemque</strong></span> <span class='ocrx_word' id='word_1_411' title='bbox 2707 2214 2975 2281; x_wconf 83' lang='lat' dir='ltr'><strong>pulsabat.</strong></span> <span class='ocrx_word' id='word_1_412' title='bbox 3013 2215 3079 2269; x_wconf 90' lang='lat' dir='ltr'><strong>Et</strong></span> <span class='ocrx_word' id='word_1_413' title='bbox 3127 2216 3251 2284; x_wconf 92' lang='lat' dir='ltr'><strong>quid</strong></span> <span class='ocrx_word' id='word_1_414' title='bbox 3294 2218 3404 2271; x_wconf 91' lang='lat' dir='ltr'><strong>ait?</strong></span> <span class='ocrx_word' id='word_1_415' title='bbox 3432 2217 3554 2273; x_wconf 82' lang='lat' dir='ltr'><strong>Non</strong></span> <span class='ocrx_word' id='word_1_416' title='bbox 3583 2237 3697 2275; x_wconf 86' lang='lat' dir='ltr'><strong>sum</strong></span> 
     </span>
    </p>
   </div>
   <div class='ocr_carea' id='block_1_54' title="bbox 2121 2304 3694 2377">
    <p class='ocr_par' dir='ltr' id='par_1_54' title="bbox 2121 2304 3694 2377">
     <span class='ocr_line' id='line_1_54' title="bbox 2121 2304 3694 2377; baseline 0.006 -24"><span class='ocrx_word' id='word_1_417' title='bbox 2121 2304 2343 2369; x_wconf 87' lang='lat' dir='ltr'><strong>missus,</strong></span> <span class='ocrx_word' id='word_1_418' title='bbox 2402 2305 2499 2357; x_wconf 65' lang='lat' dir='ltr'><strong>nisi</strong></span> <span class='ocrx_word' id='word_1_419' title='bbox 2550 2306 2618 2357; x_wconf 90' lang='lat' dir='ltr'><strong>ad</strong></span> <span class='ocrx_word' id='word_1_420' title='bbox 2665 2320 2777 2357; x_wconf 84' lang='lat' dir='ltr'><strong>oves</strong></span> <span class='ocrx_word' id='word_1_421' title='bbox 2832 2321 2950 2377; x_wconf 74' lang='lat' dir='ltr'><strong>qua!</strong></span> <span class='ocrx_word' id='word_1_422' title='bbox 2991 2306 3241 2374; x_wconf 83' lang='lat' dir='ltr'><strong>perierant</strong></span> <span class='ocrx_word' id='word_1_423' title='bbox 3292 2307 3474 2361; x_wconf 85' lang='lat' dir='ltr'><strong>domus</strong></span> <span class='ocrx_word' id='word_1_424' title='bbox 3504 2307 3694 2364; x_wconf 82' lang='lat' dir='ltr'><strong>Israel.</strong></span> 
     </span>
    </p>
   </div>
   <div class='ocr_carea' id='block_1_55' title="bbox 2122 2392 3697 2468">
    <p class='ocr_par' dir='ltr' id='par_1_55' title="bbox 2122 2392 3697 2468">
     <span class='ocr_line' id='line_1_55' title="bbox 2122 2392 3697 2468; baseline 0.005 -22"><span class='ocrx_word' id='word_1_425' title='bbox 2122 2392 2266 2446; x_wconf 84' lang='lat' dir='ltr'><strong>Nihil</strong></span> <span class='ocrx_word' id='word_1_426' title='bbox 2299 2393 2621 2462; x_wconf 89' lang='lat' dir='ltr'><strong>proﬁciunt,</strong></span> <span class='ocrx_word' id='word_1_427' title='bbox 2672 2409 2770 2450; x_wconf 88' lang='lat' dir='ltr'><strong>nec</strong></span> <span class='ocrx_word' id='word_1_428' title='bbox 2809 2394 2911 2464; x_wconf 91' lang='lat' dir='ltr'><strong>ipsi</strong></span> <span class='ocrx_word' id='word_1_429' title='bbox 2938 2396 3166 2465; x_wconf 89' lang='lat' dir='ltr'><strong>apostoli</strong></span> <span class='ocrx_word' id='word_1_430' title='bbox 3195 2408 3564 2468; x_wconf 77' lang='lat' dir='ltr'><strong>suggerentes.</strong></span> <span class='ocrx_word' id='word_1_431' title='bbox 3595 2401 3697 2455; x_wconf 89' lang='lat' dir='ltr'><strong>Ve-</strong></span> 
     </span>
    </p>
   </div>
   <div class='ocr_carea' id='block_1_56' title="bbox 2123 2483 3690 2556">
    <p class='ocr_par' dir='ltr' id='par_1_56' title="bbox 2123 2483 3690 2556">
     <span class='ocr_line' id='line_1_56' title="bbox 2123 2483 3690 2556; baseline 0.007 -20"><span class='ocrx_word' id='word_1_432' title='bbox 2123 2496 2210 2549; x_wconf 87' lang='lat' dir='ltr'><strong>rus</strong></span> <span class='ocrx_word' id='word_1_433' title='bbox 2235 2483 2474 2540; x_wconf 55' lang='lat' dir='ltr'><strong>medicus</strong></span> <span class='ocrx_word' id='word_1_434' title='bbox 2504 2484 2684 2540; x_wconf 84' lang='lat' dir='ltr'><strong>diﬁ‘ert</strong></span> <span class='ocrx_word' id='word_1_435' title='bbox 2712 2487 2881 2555; x_wconf 88' lang='lat' dir='ltr'><strong>magis</strong></span> <span class='ocrx_word' id='word_1_436' title='bbox 2906 2502 3089 2541; x_wconf 93' lang='lat' dir='ltr'><strong>curam</strong></span> <span class='ocrx_word' id='word_1_437' title='bbox 3108 2528 3122 2552; x_wconf 98' lang='lat'><strong>,</strong></span> <span class='ocrx_word' id='word_1_438' title='bbox 3157 2489 3432 2543; x_wconf 78' lang='lat' dir='ltr'><strong>exulcerat</strong></span> <span class='ocrx_word' id='word_1_439' title='bbox 3462 2490 3656 2547; x_wconf 84' lang='lat' dir='ltr'><strong>vulnus</strong></span> <span class='ocrx_word' id='word_1_440' title='bbox 3675 2534 3690 2556; x_wconf 92' lang='lat'><strong>,</strong></span> 
     </span>
    </p>
   </div>
   <div class='ocr_carea' id='block_1_57' title="bbox 2120 2576 3694 2650">
    <p class='ocr_par' dir='ltr' id='par_1_57' title="bbox 2120 2576 3694 2650">
     <span class='ocr_line' id='line_1_57' title="bbox 2120 2576 3694 2650; baseline 0.004 -23"><span class='ocrx_word' id='word_1_441' title='bbox 2120 2579 2174 2627; x_wconf 90' lang='lat' dir='ltr'><strong>et</strong></span> <span class='ocrx_word' id='word_1_442' title='bbox 2205 2582 2521 2643; x_wconf 88' lang='lat' dir='ltr'><strong>potestatem</strong></span> <span class='ocrx_word' id='word_1_443' title='bbox 2551 2589 2705 2628; x_wconf 86' lang='lat' dir='ltr'><strong>suam</strong></span> <span class='ocrx_word' id='word_1_444' title='bbox 2735 2586 2850 2629; x_wconf 88' lang='lat' dir='ltr'><strong>arte</strong></span> <span class='ocrx_word' id='word_1_445' title='bbox 2880 2576 3108 2650; x_wconf 87' lang='lat' dir='ltr'><strong>quadam</strong></span> <span class='ocrx_word' id='word_1_446' title='bbox 3137 2587 3380 2643; x_wconf 85' lang='lat' dir='ltr'><strong>excusat,</strong></span> <span class='ocrx_word' id='word_1_447' title='bbox 3407 2581 3694 2635; x_wconf 87' lang='lat' dir='ltr'><strong>utlatentia</strong></span> 
     </span>
    </p>
   </div>
   <div class='ocr_carea' id='block_1_58' title="bbox 2123 2652 3696 2743">
    <p class='ocr_par' dir='ltr' id='par_1_58' title="bbox 2123 2652 3696 2743">
     <span class='ocr_line' id='line_1_58' title="bbox 2123 2652 3696 2743; baseline 0.004 -26"><span class='ocrx_word' id='word_1_448' title='bbox 2123 2664 2385 2735; x_wconf 89' lang='lat' dir='ltr'><strong>panderet</strong></span> <span class='ocrx_word' id='word_1_449' title='bbox 2409 2652 2766 2722; x_wconf 81' lang='lat' dir='ltr'><strong>sacramenta.</strong></span> <span class='ocrx_word' id='word_1_450' title='bbox 2795 2667 2915 2721; x_wconf 84' lang='lat' dir='ltr'><strong>Non</strong></span> <span class='ocrx_word' id='word_1_451' title='bbox 2934 2685 3047 2723; x_wconf 87' lang='lat' dir='ltr'><strong>sum</strong></span> <span class='ocrx_word' id='word_1_452' title='bbox 3070 2713 3084 2737; x_wconf 95' lang='lat'><strong>,</strong></span> <span class='ocrx_word' id='word_1_453' title='bbox 3117 2669 3316 2743; x_wconf 85' lang='lat' dir='ltr'><strong>inquit,</strong></span> <span class='ocrx_word' id='word_1_454' title='bbox 3345 2670 3565 2738; x_wconf 86' lang='lat' dir='ltr'><strong>missus,</strong></span> <span class='ocrx_word' id='word_1_455' title='bbox 3597 2674 3696 2737; x_wconf 75' lang='lat' dir='ltr'><strong>nisi</strong></span> 
     </span>
    </p>
   </div>
   <div class='ocr_carea' id='block_1_59' title="bbox 2120 2757 3167 2827">
    <p class='ocr_par' dir='ltr' id='par_1_59' title="bbox 2120 2757 3167 2827">
     <span class='ocr_line' id='line_1_59' title="bbox 2120 2757 3167 2827; baseline 0.002 -18"><span class='ocrx_word' id='word_1_456' title='bbox 2120 2757 2188 2821; x_wconf 84' lang='lat' dir='ltr'><strong>ad</strong></span> <span class='ocrx_word' id='word_1_457' title='bbox 2216 2771 2330 2810; x_wconf 78' lang='lat' dir='ltr'><strong>oves</strong></span> <span class='ocrx_word' id='word_1_458' title='bbox 2355 2773 2469 2825; x_wconf 70' lang='lat' dir='ltr'><strong>ante</strong></span> <span class='ocrx_word' id='word_1_459' title='bbox 2492 2758 2747 2825; x_wconf 86' lang='lat' dir='ltr'><strong>perierant</strong></span> <span class='ocrx_word' id='word_1_460' title='bbox 2775 2761 2955 2813; x_wconf 86' lang='lat' dir='ltr'><strong>domus</strong></span> <span class='ocrx_word' id='word_1_461' title='bbox 2978 2757 3167 2827; x_wconf 75' lang='lat' dir='ltr'><strong>Israel.</strong></span> 
     </span>
    </p>
   </div>
   <div class='ocr_carea' id='block_1_60' title="bbox 2192 2848 3695 2919">
    <p class='ocr_par' dir='ltr' id='par_1_60' title="bbox 2192 2848 3695 2919">
     <span class='ocr_line' id='line_1_60' title="bbox 2192 2848 3695 2919; baseline 0.005 -17"><span class='ocrx_word' id='word_1_462' title='bbox 2192 2848 2333 2909; x_wconf 82' lang='lat' dir='ltr'><strong>Hinc</strong></span> <span class='ocrx_word' id='word_1_463' title='bbox 2361 2849 2502 2905; x_wconf 89' lang='lat' dir='ltr'><strong>hunc</strong></span> <span class='ocrx_word' id='word_1_464' title='bbox 2525 2850 2869 2917; x_wconf 85' lang='lat' dir='ltr'><strong>considerate</strong></span> <span class='ocrx_word' id='word_1_465' title='bbox 2919 2866 3265 2919; x_wconf 89' lang='lat' dir='ltr'><strong>sermonem,</strong></span> <span class='ocrx_word' id='word_1_466' title='bbox 3311 2862 3368 2909; x_wconf 90' lang='lat' dir='ltr'><strong>et</strong></span> <span class='ocrx_word' id='word_1_467' title='bbox 3411 2852 3479 2908; x_wconf 85' lang='lat' dir='ltr'><strong>ad</strong></span> <span class='ocrx_word' id='word_1_468' title='bbox 3531 2853 3695 2917; x_wconf 83' lang='lat' dir='ltr'><strong>verba</strong></span> 
     </span>
    </p>
   </div>
   <div class='ocr_carea' id='block_1_61' title="bbox 2121 2938 3698 3012">
    <p class='ocr_par' dir='ltr' id='par_1_61' title="bbox 2121 2938 3698 3012">
     <span class='ocr_line' id='line_1_61' title="bbox 2121 2938 3698 3012; baseline 0.001 -15"><span class='ocrx_word' id='word_1_469' title='bbox 2121 2952 2244 3008; x_wconf 76' lang='lat' dir='ltr'><strong>mea</strong></span> <span class='ocrx_word' id='word_1_470' title='bbox 2270 2938 2482 3010; x_wconf 73' lang='lat' dir='ltr'><strong>dirigite</strong></span> <span class='ocrx_word' id='word_1_471' title='bbox 2528 2940 2856 3006; x_wconf 86' lang='lat' dir='ltr'><strong>intellectum</strong></span> <span class='ocrx_word' id='word_1_472' title='bbox 2876 2981 2892 3007; x_wconf 92' lang='lat'><strong>,</strong></span> <span class='ocrx_word' id='word_1_473' title='bbox 2935 2942 3187 3010; x_wconf 89' lang='lat' dir='ltr'><strong>quoniam</strong></span> <span class='ocrx_word' id='word_1_474' title='bbox 3220 2942 3539 3012; x_wconf 85' lang='lat' dir='ltr'><strong>profundam</strong></span> <span class='ocrx_word' id='word_1_475' title='bbox 3568 2945 3698 2999; x_wconf 87' lang='lat' dir='ltr'><strong>volo</strong></span> 
     </span>
    </p>
   </div>
   <div class='ocr_carea' id='block_1_62' title="bbox 2119 3029 3695 3100">
    <p class='ocr_par' dir='ltr' id='par_1_62' title="bbox 2119 3029 3695 3100">
     <span class='ocr_line' id='line_1_62' title="bbox 2119 3029 3695 3100; baseline 0.003 -16"><span class='ocrx_word' id='word_1_476' title='bbox 2119 3029 2575 3099; x_wconf 78' lang='lat' dir='ltr'><strong>comparationem</strong></span> <span class='ocrx_word' id='word_1_477' title='bbox 2603 3032 2902 3087; x_wconf 89' lang='lat' dir='ltr'><strong>exsolvere.</strong></span> <span class='ocrx_word' id='word_1_478' title='bbox 2947 3031 3069 3086; x_wconf 85' lang='lat' dir='ltr'><strong>Non</strong></span> <span class='ocrx_word' id='word_1_479' title='bbox 3108 3036 3459 3100; x_wconf 83' lang='lat' dir='ltr'><strong>summissus,</strong></span> <span class='ocrx_word' id='word_1_480' title='bbox 3493 3035 3589 3089; x_wconf 87' lang='lat' dir='ltr'><strong>nisi</strong></span> <span class='ocrx_word' id='word_1_481' title='bbox 3626 3037 3695 3088; x_wconf 86' lang='lat' dir='ltr'><strong>ad</strong></span> 
     </span>
    </p>
   </div>
   <div class='ocr_carea' id='block_1_63' title="bbox 440 3104 3695 3200">
    <p class='ocr_par' dir='ltr' id='par_1_63' title="bbox 440 3104 3695 3200">
     <span class='ocr_line' id='line_1_63' title="bbox 440 3104 3695 3200; baseline 0.006 -37"><span class='ocrx_word' id='word_1_482' title='bbox 440 3104 758 3181; x_wconf 51' lang='grc' dir='ltr'><strong>ςεεεεάεηετ.</strong></span> <span class='ocrx_word' id='word_1_483' title='bbox 806 3134 862 3179; x_wconf 78' lang='grc' dir='ltr'><strong>ιιι</strong></span> <span class='ocrx_word' id='word_1_484' title='bbox 893 3104 1150 3193; x_wconf 61' lang='lat' dir='ltr'><strong>uberem,-</strong></span> <span class='ocrx_word' id='word_1_485' title='bbox 1176 3128 1243 3185; x_wconf 69' lang='grc' dir='ltr'>άε</span> <span class='ocrx_word' id='word_1_486' title='bbox 1274 3131 1445 3200; x_wconf 49' lang='lat' dir='ltr'><strong>plaga.</strong></span> <span class='ocrx_word' id='word_1_487' title='bbox 1481 3132 1799 3197; x_wconf 66' lang='grc' dir='ltr'><strong>Μίεεηδηίε</strong></span> <span class='ocrx_word' id='word_1_488' title='bbox 1844 3104 2017 3200; x_wconf 46' lang='lat' dir='ltr'><strong>“rem;</strong></span> <span class='ocrx_word' id='word_1_489' title='bbox 2044 3118 2091 3183; x_wconf 88' lang='lat' dir='ltr'>C</span> <span class='ocrx_word' id='word_1_490' title='bbox 2120 3134 2234 3174; x_wconf 81' lang='lat' dir='ltr'><strong>oves</strong></span> <span class='ocrx_word' id='word_1_491' title='bbox 2259 3122 2483 3192; x_wconf 86' lang='lat' dir='ltr'><strong>perditas</strong></span> <span class='ocrx_word' id='word_1_492' title='bbox 2531 3122 2715 3179; x_wconf 85' lang='lat' dir='ltr'><strong>Israel.</strong></span> <span class='ocrx_word' id='word_1_493' title='bbox 2745 3123 2880 3197; x_wconf 87' lang='lat' dir='ltr'><strong>Quid</strong></span> <span class='ocrx_word' id='word_1_494' title='bbox 2910 3134 2993 3180; x_wconf 90' lang='lat' dir='ltr'><strong>est</strong></span> <span class='ocrx_word' id='word_1_495' title='bbox 3025 3124 3125 3180; x_wconf 84' lang='lat' dir='ltr'><strong>hoc</strong></span> <span class='ocrx_word' id='word_1_496' title='bbox 3161 3125 3424 3180; x_wconf 87' lang='lat' dir='ltr'><strong>verbum?</strong></span> <span class='ocrx_word' id='word_1_497' title='bbox 3452 3142 3570 3197; x_wconf 67' lang='lat' dir='ltr'><strong>quae</strong></span> <span class='ocrx_word' id='word_1_498' title='bbox 3610 3139 3695 3182; x_wconf 90' lang='lat' dir='ltr'><strong>est</strong></span> 
     </span>
    </p>
   </div>
   <div class='ocr_carea' id='block_1_64' title="bbox 440 3214 2016 3299">
    <p class='ocr_par' dir='ltr' id='par_1_64' title="bbox 440 3214 2016 3299">
     <span class='ocr_line' id='line_1_64' title="bbox 440 3214 2016 3299; baseline 0.015 -34"><span class='ocrx_word' id='word_1_499' title='bbox 440 3214 775 3299; x_wconf 80' lang='lat' dir='ltr'><strong>consumpsit</strong></span> <span class='ocrx_word' id='word_1_500' title='bbox 800 3226 1007 3279; x_wconf 87' lang='lat' dir='ltr'><strong>uterum</strong></span> <span class='ocrx_word' id='word_1_501' title='bbox 1034 3235 1208 3283; x_wconf 80' lang='lat' dir='ltr'><strong>meum</strong></span> <span class='ocrx_word' id='word_1_502' title='bbox 1228 3262 1244 3287; x_wconf 96' lang='lat'><strong>,</strong></span> <span class='ocrx_word' id='word_1_503' title='bbox 1271 3230 1327 3289; x_wconf 84' lang='lat' dir='ltr'><strong>et</strong></span> <span class='ocrx_word' id='word_1_504' title='bbox 1354 3224 1584 3281; x_wconf 90' lang='lat' dir='ltr'><strong>animam</strong></span> <span class='ocrx_word' id='word_1_505' title='bbox 1612 3242 1783 3293; x_wconf 84' lang='lat' dir='ltr'><strong>meam</strong></span> <span class='ocrx_word' id='word_1_506' title='bbox 1807 3241 2016 3299; x_wconf 87' lang='lat' dir='ltr'><strong>pertur-</strong></span> 
     </span>
    </p>
   </div>
   <div class='ocr_carea' id='block_1_65' title="bbox 442 3294 2016 3390">
    <p class='ocr_par' dir='ltr' id='par_1_65' title="bbox 442 3294 2016 3390">
     <span class='ocr_line' id='line_1_65' title="bbox 442 3294 2016 3390; baseline 0.013 -32"><span class='ocrx_word' id='word_1_507' title='bbox 442 3305 534 3359; x_wconf 85' lang='lat' dir='ltr'><strong>bat</strong></span> <span class='ocrx_word' id='word_1_508' title='bbox 562 3294 705 3363; x_wconf 69' lang='lat' dir='ltr'><strong>saeva</strong></span> <span class='ocrx_word' id='word_1_509' title='bbox 735 3316 1045 3390; x_wconf 85' lang='lat' dir='ltr'><strong>tempestas.</strong></span> <span class='ocrx_word' id='word_1_510' title='bbox 1070 3312 1207 3390; x_wconf 76' lang='lat' dir='ltr'><strong>Quid</strong></span> <span class='ocrx_word' id='word_1_511' title='bbox 1239 3312 1429 3368; x_wconf 80' lang='lat' dir='ltr'><strong>faciam</strong></span> <span class='ocrx_word' id='word_1_512' title='bbox 1457 3316 1658 3372; x_wconf 89' lang='lat' dir='ltr'><strong>nescio.</strong></span> <span class='ocrx_word' id='word_1_513' title='bbox 1692 3294 1896 3376; x_wconf 74' lang='lat' dir='ltr'><strong>Patitur</strong></span> <span class='ocrx_word' id='word_1_514' title='bbox 1917 3323 2016 3377; x_wconf 83' lang='lat' dir='ltr'><strong>mi-</strong></span> 
     </span>
    </p>
   </div>
   <div class='ocr_carea' id='block_1_66' title="bbox 439 3401 2013 3483">
    <p class='ocr_par' dir='ltr' id='par_1_66' title="bbox 439 3401 2013 3483">
     <span class='ocr_line' id='line_1_66' title="bbox 439 3401 2013 3483; baseline 0.017 -35"><span class='ocrx_word' id='word_1_515' title='bbox 439 3410 592 3466; x_wconf 78' lang='lat' dir='ltr'><strong>sera,</strong></span> <span class='ocrx_word' id='word_1_516' title='bbox 618 3412 716 3453; x_wconf 72' lang='lat' dir='ltr'><strong>nec</strong></span> <span class='ocrx_word' id='word_1_517' title='bbox 744 3401 905 3454; x_wconf 88' lang='lat' dir='ltr'><strong>sentit</strong></span> <span class='ocrx_word' id='word_1_518' title='bbox 934 3410 1198 3458; x_wconf 90' lang='lat' dir='ltr'><strong>tormenta</strong></span> <span class='ocrx_word' id='word_1_519' title='bbox 1227 3423 1239 3458; x_wconf 88' lang='lat'><strong>:</strong></span> <span class='ocrx_word' id='word_1_520' title='bbox 1275 3421 1374 3468; x_wconf 87' lang='lat' dir='ltr'><strong>nec</strong></span> <span class='ocrx_word' id='word_1_521' title='bbox 1400 3418 1628 3476; x_wconf 79' lang='lat' dir='ltr'><strong>mortem</strong></span> <span class='ocrx_word' id='word_1_522' title='bbox 1662 3414 1763 3468; x_wconf 90' lang='lat' dir='ltr'><strong>scit</strong></span> <span class='ocrx_word' id='word_1_523' title='bbox 1789 3416 1978 3473; x_wconf 91' lang='lat' dir='ltr'><strong>timere</strong></span> <span class='ocrx_word' id='word_1_524' title='bbox 1997 3459 2013 3483; x_wconf 96' lang='lat'><strong>,</strong></span> 
     </span>
    </p>
   </div>
   <div class='ocr_carea' id='block_1_67' title="bbox 442 3486 2016 3573">
    <p class='ocr_par' dir='ltr' id='par_1_67' title="bbox 442 3486 2016 3573">
     <span class='ocr_line' id='line_1_67' title="bbox 442 3486 2016 3573; baseline 0.017 -36"><span class='ocrx_word' id='word_1_525' title='bbox 442 3500 542 3540; x_wconf 90' lang='lat' dir='ltr'><strong>nec</strong></span> <span class='ocrx_word' id='word_1_526' title='bbox 571 3490 732 3542; x_wconf 89' lang='lat' dir='ltr'><strong>vitam</strong></span> <span class='ocrx_word' id='word_1_527' title='bbox 774 3503 1027 3559; x_wconf 6' lang='lat' dir='ltr'><strong>gsperare.</strong></span> <span class='ocrx_word' id='word_1_528' title='bbox 1077 3493 1326 3559; x_wconf 75' lang='lat' dir='ltr'><strong>Miserere</strong></span> <span class='ocrx_word' id='word_1_529' title='bbox 1354 3500 1470 3553; x_wconf 89' lang='lat' dir='ltr'><strong>mei.</strong></span> <span class='ocrx_word' id='word_1_530' title='bbox 1496 3500 1644 3557; x_wconf 67' lang='lat' dir='ltr'><strong>iacet</strong></span> <span class='ocrx_word' id='word_1_531' title='bbox 1674 3504 1891 3573; x_wconf 87' lang='lat' dir='ltr'><strong>confusa</strong></span> <span class='ocrx_word' id='word_1_532' title='bbox 1917 3550 1931 3572; x_wconf 93' lang='lat'><strong>,</strong></span> <span class='ocrx_word' id='word_1_533' title='bbox 1963 3486 2016 3564; x_wconf 84' lang='lat' dir='ltr'><strong>et</strong></span> 
     </span>
    </p>
   </div>
   <div class='ocr_carea' id='block_1_68' title="bbox 440 3586 2016 3668">
    <p class='ocr_par' dir='ltr' id='par_1_68' title="bbox 440 3586 2016 3668">
     <span class='ocr_line' id='line_1_68' title="bbox 440 3586 2016 3668; baseline 0.018 -37"><span class='ocrx_word' id='word_1_534' title='bbox 440 3595 655 3635; x_wconf 81' lang='lat' dir='ltr'><strong>causam</strong></span> <span class='ocrx_word' id='word_1_535' title='bbox 700 3586 955 3647; x_wconf 85' lang='lat' dir='ltr'><strong>tormenti</strong></span> <span class='ocrx_word' id='word_1_536' title='bbox 988 3586 1218 3659; x_wconf 84' lang='lat' dir='ltr'><strong>ignorat.</strong></span> <span class='ocrx_word' id='word_1_537' title='bbox 1252 3592 1335 3647; x_wconf 76' lang='lat' dir='ltr'><strong>Me</strong></span> <span class='ocrx_word' id='word_1_538' title='bbox 1378 3594 1560 3662; x_wconf 74' lang='lat' dir='ltr'><strong>aSpice</strong></span> <span class='ocrx_word' id='word_1_539' title='bbox 1582 3636 1598 3660; x_wconf 96' lang='lat'><strong>,</strong></span> <span class='ocrx_word' id='word_1_540' title='bbox 1633 3596 1857 3663; x_wconf 85' lang='lat' dir='ltr'><strong>Domine</strong></span> <span class='ocrx_word' id='word_1_541' title='bbox 1880 3642 1895 3668; x_wconf 96' lang='lat'><strong>,</strong></span> <span class='ocrx_word' id='word_1_542' title='bbox 1931 3619 2016 3659; x_wconf 90' lang='lat' dir='ltr'><strong>me</strong></span> 
     </span>
    </p>
   </div>
   <div class='ocr_carea' id='block_1_69' title="bbox 439 3671 2018 3760">
    <p class='ocr_par' dir='ltr' id='par_1_69' title="bbox 439 3671 2018 3760">
     <span class='ocr_line' id='line_1_69' title="bbox 439 3671 2018 3760; baseline 0.015 -33"><span class='ocrx_word' id='word_1_543' title='bbox 439 3671 632 3739; x_wconf 65' lang='lat' dir='ltr'><strong>exaudi</strong></span> <span class='ocrx_word' id='word_1_544' title='bbox 660 3715 675 3739; x_wconf 94' lang='lat'><strong>,</strong></span> <span class='ocrx_word' id='word_1_545' title='bbox 729 3672 852 3739; x_wconf 90' lang='lat' dir='ltr'><strong>vide</strong></span> <span class='ocrx_word' id='word_1_546' title='bbox 901 3676 1090 3745; x_wconf 85' lang='lat' dir='ltr'><strong>diurna</strong></span> <span class='ocrx_word' id='word_1_547' title='bbox 1132 3681 1353 3737; x_wconf 85' lang='lat' dir='ltr'><strong>vulnera</strong></span> <span class='ocrx_word' id='word_1_548' title='bbox 1401 3699 1541 3742; x_wconf 87' lang='lat' dir='ltr'><strong>mea.</strong></span> <span class='ocrx_word' id='word_1_549' title='bbox 1574 3687 1666 3743; x_wconf 83' lang='lat' dir='ltr'><strong>illa</strong></span> <span class='ocrx_word' id='word_1_550' title='bbox 1698 3691 1916 3760; x_wconf 89' lang='lat' dir='ltr'><strong>patitur,</strong></span> <span class='ocrx_word' id='word_1_551' title='bbox 1963 3705 2018 3750; x_wconf 91' lang='lat' dir='ltr'><strong>et</strong></span> 
     </span>
    </p>
   </div>
   <div class='ocr_carea' id='block_1_70' title="bbox 440 3763 2014 3847">
    <p class='ocr_par' dir='ltr' id='par_1_70' title="bbox 440 3763 2014 3847">
     <span class='ocr_line' id='line_1_70' title="bbox 440 3763 2014 3847; baseline 0.015 -31"><span class='ocrx_word' id='word_1_552' title='bbox 440 3778 545 3847; x_wconf 65' lang='lat' dir='ltr'><strong>ego.</strong></span> <span class='ocrx_word' id='word_1_553' title='bbox 570 3763 803 3829; x_wconf 86' lang='lat' dir='ltr'><strong>deﬁcio:</strong></span> <span class='ocrx_word' id='word_1_554' title='bbox 837 3768 1016 3836; x_wconf 84' lang='lat' dir='ltr'><strong>passio</strong></span> <span class='ocrx_word' id='word_1_555' title='bbox 1061 3770 1182 3839; x_wconf 87' lang='lat' dir='ltr'><strong>ejus</strong></span> <span class='ocrx_word' id='word_1_556' title='bbox 1236 3787 1491 3842; x_wconf 87' lang='lat' dir='ltr'><strong>pavorem</strong></span> <span class='ocrx_word' id='word_1_557' title='bbox 1541 3777 1730 3833; x_wconf 89' lang='lat' dir='ltr'><strong>incutit</strong></span> <span class='ocrx_word' id='word_1_558' title='bbox 1774 3783 2014 3847; x_wconf 90' lang='lat' dir='ltr'><strong>cunctis,</strong></span> 
     </span>
    </p>
   </div>
   <div class='ocr_carea' id='block_1_71' title="bbox 439 3842 2019 3936">
    <p class='ocr_par' dir='ltr' id='par_1_71' title="bbox 439 3842 2019 3936">
     <span class='ocr_line' id='line_1_71' title="bbox 439 3842 2019 3936; baseline 0.014 -31"><span class='ocrx_word' id='word_1_559' title='bbox 439 3842 580 3907; x_wconf 67' lang='lat' dir='ltr'><strong>facta</strong></span> <span class='ocrx_word' id='word_1_560' title='bbox 607 3868 725 3909; x_wconf 89' lang='lat' dir='ltr'><strong>sum</strong></span> <span class='ocrx_word' id='word_1_561' title='bbox 755 3857 1007 3917; x_wconf 81' lang='lat' dir='ltr'><strong>omnibus</strong></span> <span class='ocrx_word' id='word_1_562' title='bbox 1052 3862 1417 3929; x_wconf 90' lang='lat' dir='ltr'><strong>spectaculum</strong></span> <span class='ocrx_word' id='word_1_563' title='bbox 1444 3880 1460 3921; x_wconf 92' lang='lat'><strong>:</strong></span> <span class='ocrx_word' id='word_1_564' title='bbox 1489 3866 1617 3936; x_wconf 88' lang='lat' dir='ltr'><strong>quid</strong></span> <span class='ocrx_word' id='word_1_565' title='bbox 1662 3866 1851 3923; x_wconf 90' lang='lat' dir='ltr'><strong>faciam</strong></span> <span class='ocrx_word' id='word_1_566' title='bbox 1879 3911 1894 3936; x_wconf 97' lang='lat'><strong>,</strong></span> <span class='ocrx_word' id='word_1_567' title='bbox 1925 3842 2019 3927; x_wconf 80' lang='lat' dir='ltr'><strong>aut</strong></span> 
     </span>
    </p>
   </div>
   <div class='ocr_carea' id='block_1_72' title="bbox 439 3942 2012 4030">
    <p class='ocr_par' dir='ltr' id='par_1_72' title="bbox 439 3942 2012 4030">
     <span class='ocr_line' id='line_1_72' title="bbox 439 3942 2012 4030; baseline 0.014 -36"><span class='ocrx_word' id='word_1_568' title='bbox 439 3956 547 4008; x_wconf 86' lang='lat' dir='ltr'><strong>quo</strong></span> <span class='ocrx_word' id='word_1_569' title='bbox 573 3942 809 4011; x_wconf 86' lang='lat' dir='ltr'><strong>vadam?</strong></span> <span class='ocrx_word' id='word_1_570' title='bbox 838 3961 946 4001; x_wconf 92' lang='lat' dir='ltr'><strong>non</strong></span> <span class='ocrx_word' id='word_1_571' title='bbox 980 3961 1195 4019; x_wconf 80' lang='lat' dir='ltr'><strong>possum</strong></span> <span class='ocrx_word' id='word_1_572' title='bbox 1228 3951 1298 4023; x_wconf 83' lang='lat' dir='ltr'><strong>ab</strong></span> <span class='ocrx_word' id='word_1_573' title='bbox 1349 3952 1440 4025; x_wconf 80' lang='lat' dir='ltr'><strong>illa</strong></span> <span class='ocrx_word' id='word_1_574' title='bbox 1491 3970 1759 4027; x_wconf 88' lang='lat' dir='ltr'><strong>quoquam</strong></span> <span class='ocrx_word' id='word_1_575' title='bbox 1790 3960 2012 4030; x_wconf 87' lang='lat' dir='ltr'><strong>divelli,</strong></span> 
     </span>
    </p>
   </div>
   <div class='ocr_carea' id='block_1_73' title="bbox 441 4034 2014 4121">
    <p class='ocr_par' dir='ltr' id='par_1_73' title="bbox 441 4034 2014 4121">
     <span class='ocr_line' id='line_1_73' title="bbox 441 4034 2014 4121; baseline 0.017 -39"><span class='ocrx_word' id='word_1_576' title='bbox 441 4045 548 4101; x_wconf 75' lang='lat' dir='ltr'><strong>non</strong></span> <span class='ocrx_word' id='word_1_577' title='bbox 584 4041 761 4105; x_wconf 88' lang='lat' dir='ltr'><strong>potest</strong></span> <span class='ocrx_word' id='word_1_578' title='bbox 788 4034 904 4103; x_wconf 82' lang='lat' dir='ltr'><strong>sola</strong></span> <span class='ocrx_word' id='word_1_579' title='bbox 934 4035 1253 4108; x_wconf 88' lang='lat' dir='ltr'><strong>derelinqui.</strong></span> <span class='ocrx_word' id='word_1_580' title='bbox 1285 4041 1400 4108; x_wconf 84' lang='lat' dir='ltr'><strong>Non</strong></span> <span class='ocrx_word' id='word_1_581' title='bbox 1428 4046 1571 4100; x_wconf 92' lang='lat' dir='ltr'><strong>enim</strong></span> <span class='ocrx_word' id='word_1_582' title='bbox 1600 4046 1800 4111; x_wconf 81' lang='lat' dir='ltr'><strong>deforis</strong></span> <span class='ocrx_word' id='word_1_583' title='bbox 1829 4052 2014 4121; x_wconf 89' lang='lat' dir='ltr'><strong>venit,</strong></span> 
     </span>
    </p>
   </div>
   <div class='ocr_carea' id='block_1_74' title="bbox 440 4125 2017 4215">
    <p class='ocr_par' dir='ltr' id='par_1_74' title="bbox 440 4125 2017 4215">
     <span class='ocr_line' id='line_1_74' title="bbox 440 4125 2017 4215; baseline 0.013 -36"><span class='ocrx_word' id='word_1_584' title='bbox 440 4125 536 4180; x_wconf 78' lang='lat' dir='ltr'><strong>sed</strong></span> <span class='ocrx_word' id='word_1_585' title='bbox 567 4126 712 4182; x_wconf 82' lang='lat' dir='ltr'><strong>intus</strong></span> <span class='ocrx_word' id='word_1_586' title='bbox 740 4136 825 4183; x_wconf 87' lang='lat' dir='ltr'><strong>est</strong></span> <span class='ocrx_word' id='word_1_587' title='bbox 851 4143 1211 4209; x_wconf 68' lang='lat' dir='ltr'><strong>expugnator,</strong></span> <span class='ocrx_word' id='word_1_588' title='bbox 1238 4135 1289 4189; x_wconf 87' lang='lat' dir='ltr'><strong>lu</strong></span> <span class='ocrx_word' id='word_1_589' title='bbox 1317 4149 1378 4192; x_wconf 90' lang='lat' dir='ltr'><strong>se</strong></span> <span class='ocrx_word' id='word_1_590' title='bbox 1407 4137 1566 4195; x_wconf 87' lang='lat' dir='ltr'><strong>habet</strong></span> <span class='ocrx_word' id='word_1_591' title='bbox 1594 4139 1802 4205; x_wconf 85' lang='lat' dir='ltr'><strong>hostem</strong></span> <span class='ocrx_word' id='word_1_592' title='bbox 1832 4153 1885 4198; x_wconf 89' lang='lat' dir='ltr'><strong>et</strong></span> <span class='ocrx_word' id='word_1_593' title='bbox 1905 4145 2017 4215; x_wconf 82' lang='lat' dir='ltr'><strong>gla-</strong></span> 
     </span>
    </p>
   </div>
   <div class='ocr_carea' id='block_1_75' title="bbox 389 4205 2014 4301">
    <p class='ocr_par' dir='ltr' id='par_1_75' title="bbox 389 4205 2014 4301">
     <span class='ocr_line' id='line_1_75' title="bbox 389 4205 2014 4301; baseline 0.013 -32"><span class='ocrx_word' id='word_1_594' title='bbox 389 4205 411 4226; x_wconf 83' lang='grc'><strong>⁸</strong></span> <span class='ocrx_word' id='word_1_595' title='bbox 440 4219 618 4285; x_wconf 85' lang='lat' dir='ltr'><strong>dium;</strong></span> <span class='ocrx_word' id='word_1_596' title='bbox 649 4219 799 4275; x_wconf 80' lang='lat' dir='ltr'><strong>navis</strong></span> <span class='ocrx_word' id='word_1_597' title='bbox 817 4229 902 4275; x_wconf 83' lang='lat' dir='ltr'><strong>est</strong></span> <span class='ocrx_word' id='word_1_598' title='bbox 924 4205 1044 4293; x_wconf 68' lang='lat' dir='ltr'><strong>quae</strong></span> <span class='ocrx_word' id='word_1_599' title='bbox 1070 4223 1137 4279; x_wconf 91' lang='lat' dir='ltr'><strong>de</strong></span> <span class='ocrx_word' id='word_1_600' title='bbox 1156 4239 1216 4280; x_wconf 90' lang='lat' dir='ltr'><strong>se</strong></span> <span class='ocrx_word' id='word_1_601' title='bbox 1236 4228 1467 4283; x_wconf 91' lang='lat' dir='ltr'><strong>concitat</strong></span> <span class='ocrx_word' id='word_1_602' title='bbox 1490 4237 1883 4301; x_wconf 86' lang='lat' dir='ltr'><strong>tempestatem,</strong></span> <span class='ocrx_word' id='word_1_603' title='bbox 1906 4205 2014 4291; x_wconf 69' lang='lat' dir='ltr'><strong>non</strong></span> 
     </span>
    </p>
   </div>
   <div class='ocr_carea' id='block_1_76' title="bbox 444 4300 2014 4396">
    <p class='ocr_par' dir='ltr' id='par_1_76' title="bbox 444 4300 2014 4396">
     <span class='ocr_line' id='line_1_76' title="bbox 444 4300 2014 4396; baseline 0.012 -33"><span class='ocrx_word' id='word_1_604' title='bbox 444 4310 665 4379; x_wconf 78' lang='lat' dir='ltr'><strong>invenio</strong></span> <span class='ocrx_word' id='word_1_605' title='bbox 684 4324 879 4369; x_wconf 88' lang='lat' dir='ltr'><strong>nomen</strong></span> <span class='ocrx_word' id='word_1_606' title='bbox 895 4300 1159 4395; x_wconf 77' lang='lat' dir='ltr'><strong>passionis</strong></span> <span class='ocrx_word' id='word_1_607' title='bbox 1181 4316 1319 4395; x_wconf 88' lang='lat' dir='ltr'><strong>ejus.</strong></span> <span class='ocrx_word' id='word_1_608' title='bbox 1336 4317 1580 4375; x_wconf 81' lang='lat' dir='ltr'><strong>Miserere</strong></span> <span class='ocrx_word' id='word_1_609' title='bbox 1601 4300 1731 4388; x_wconf 85' lang='lat' dir='ltr'><strong>mei‘,</strong></span> <span class='ocrx_word' id='word_1_610' title='bbox 1761 4300 1981 4381; x_wconf 86' lang='lat' dir='ltr'><strong>Domine</strong></span> <span class='ocrx_word' id='word_1_611' title='bbox 1998 4371 2014 4396; x_wconf 97' lang='lat'><strong>,</strong></span> 
     </span>
    </p>
   </div>
   <div class='ocr_carea' id='block_1_77' title="bbox 2116 3208 3693 3299">
    <p class='ocr_par' dir='ltr' id='par_1_77' title="bbox 2116 3208 3693 3299">
     <span class='ocr_line' id='line_1_77' title="bbox 2116 3208 3693 3299; baseline 0.001 -29"><span class='ocrx_word' id='word_1_612' title='bbox 2116 3215 2218 3272; x_wconf 75' lang='lat' dir='ltr'><strong>iata</strong></span> <span class='ocrx_word' id='word_1_613' title='bbox 2248 3208 2527 3276; x_wconf 79' lang='lat' dir='ltr'><strong>excusatio</strong></span> <span class='ocrx_word' id='word_1_614' title='bbox 2555 3221 2679 3273; x_wconf 87' lang='lat' dir='ltr'><strong>tua?</strong></span> <span class='ocrx_word' id='word_1_615' title='bbox 2706 3229 2760 3274; x_wconf 86' lang='lat' dir='ltr'><strong>et</strong></span> <span class='ocrx_word' id='word_1_616' title='bbox 2787 3220 2953 3275; x_wconf 89' lang='lat' dir='ltr'><strong>multa</strong></span> <span class='ocrx_word' id='word_1_617' title='bbox 2978 3220 3029 3274; x_wconf 94' lang='lat' dir='ltr'><strong>in</strong></span> <span class='ocrx_word' id='word_1_618' title='bbox 3058 3230 3107 3288; x_wconf 85' lang='lat' dir='ltr'><strong>te</strong></span> <span class='ocrx_word' id='word_1_619' title='bbox 3130 3223 3385 3292; x_wconf 88' lang='lat' dir='ltr'><strong>mysteria</strong></span> <span class='ocrx_word' id='word_1_620' title='bbox 3411 3224 3655 3277; x_wconf 86' lang='lat' dir='ltr'><strong>revelasti</strong></span> <span class='ocrx_word' id='word_1_621' title='bbox 3674 3264 3693 3299; x_wconf 33' lang='grc' dir='ltr'><strong>,Ι</strong></span> 
     </span>
    </p>
   </div>
   <div class='ocr_carea' id='block_1_78' title="bbox 2116 3309 3691 3381">
    <p class='ocr_par' dir='ltr' id='par_1_78' title="bbox 2116 3309 3691 3381">
     <span class='ocr_line' id='line_1_78' title="bbox 2116 3309 3691 3381; baseline 0.002 -18"><span class='ocrx_word' id='word_1_622' title='bbox 2116 3316 2175 3363; x_wconf 87' lang='lat' dir='ltr'><strong>ut</strong></span> <span class='ocrx_word' id='word_1_623' title='bbox 2191 3323 2353 3363; x_wconf 90' lang='lat' dir='ltr'><strong>unum</strong></span> <span class='ocrx_word' id='word_1_624' title='bbox 2379 3309 2747 3365; x_wconf 86' lang='lat' dir='ltr'><strong>tantummodo</strong></span> <span class='ocrx_word' id='word_1_625' title='bbox 2769 3312 3019 3381; x_wconf 88' lang='lat' dir='ltr'><strong>angulum</strong></span> <span class='ocrx_word' id='word_1_626' title='bbox 3050 3312 3310 3366; x_wconf 82' lang='lat' dir='ltr'><strong>liberares</strong></span> <span class='ocrx_word' id='word_1_627' title='bbox 3326 3354 3340 3377; x_wconf 95' lang='lat'><strong>,</strong></span> <span class='ocrx_word' id='word_1_628' title='bbox 3360 3322 3415 3368; x_wconf 86' lang='lat' dir='ltr'><strong>et</strong></span> <span class='ocrx_word' id='word_1_629' title='bbox 3431 3314 3691 3381; x_wconf 79' lang='lat' dir='ltr'><strong>integrum</strong></span> 
     </span>
    </p>
   </div>
   <div class='ocr_carea' id='block_1_79' title="bbox 2116 3397 3697 3469">
    <p class='ocr_par' dir='ltr' id='par_1_79' title="bbox 2116 3397 3697 3469">
     <span class='ocr_line' id='line_1_79' title="bbox 2116 3397 3697 3469; baseline 0.005 -18"><span class='ocrx_word' id='word_1_630' title='bbox 2116 3397 2449 3466; x_wconf 84' lang='lat' dir='ltr'><strong>relinqueres</strong></span> <span class='ocrx_word' id='word_1_631' title='bbox 2504 3399 2723 3455; x_wconf 82' lang='lat' dir='ltr'><strong>orbem?</strong></span> <span class='ocrx_word' id='word_1_632' title='bbox 2771 3399 2995 3453; x_wconf 85' lang='lat' dir='ltr'><strong>Pontum</strong></span> <span class='ocrx_word' id='word_1_633' title='bbox 3024 3440 3039 3466; x_wconf 95' lang='lat'><strong>,</strong></span> <span class='ocrx_word' id='word_1_634' title='bbox 3079 3400 3375 3469; x_wconf 81' lang='lat' dir='ltr'><strong>et,Asiam,</strong></span> <span class='ocrx_word' id='word_1_635' title='bbox 3422 3411 3476 3455; x_wconf 89' lang='lat' dir='ltr'><strong>et</strong></span> <span class='ocrx_word' id='word_1_636' title='bbox 3529 3400 3697 3469; x_wconf 58' lang='grc' dir='ltr'><strong>Αἰμ-</strong></span> 
     </span>
    </p>
   </div>
   <div class='ocr_carea' id='block_1_80' title="bbox 2116 3487 3693 3567">
    <p class='ocr_par' dir='ltr' id='par_1_80' title="bbox 2116 3487 3693 3567">
     <span class='ocr_line' id='line_1_80' title="bbox 2116 3487 3693 3567; baseline 0.004 -27"><span class='ocrx_word' id='word_1_637' title='bbox 2116 3495 2285 3567; x_wconf 85' lang='lat' dir='ltr'><strong>ptum,</strong></span> <span class='ocrx_word' id='word_1_638' title='bbox 2312 3487 2552 3551; x_wconf 88' lang='lat' dir='ltr'><strong>Ciliciam</strong></span> <span class='ocrx_word' id='word_1_639' title='bbox 2583 3498 2636 3543; x_wconf 90' lang='lat' dir='ltr'><strong>et</strong></span> <span class='ocrx_word' id='word_1_640' title='bbox 2660 3488 3072 3558; x_wconf 89' lang='lat' dir='ltr'><strong>Cappadociam,</strong></span> <span class='ocrx_word' id='word_1_641' title='bbox 3105 3499 3158 3544; x_wconf 89' lang='lat' dir='ltr'><strong>et</strong></span> <span class='ocrx_word' id='word_1_642' title='bbox 3190 3489 3419 3559; x_wconf 82' lang='lat' dir='ltr'><strong>reliquas</strong></span> <span class='ocrx_word' id='word_1_643' title='bbox 3446 3491 3693 3553; x_wconf 81' lang='lat' dir='ltr'><strong>nationes</strong></span> 
     </span>
    </p>
   </div>
   <div class='ocr_carea' id='block_1_81' title="bbox 2118 3578 3692 3649">
    <p class='ocr_par' dir='ltr' id='par_1_81' title="bbox 2118 3578 3692 3649">
     <span class='ocr_line' id='line_1_81' title="bbox 2118 3578 3692 3649; baseline 0.006 -18"><span class='ocrx_word' id='word_1_644' title='bbox 2118 3578 2483 3648; x_wconf 87' lang='lat' dir='ltr'><strong>relinqueres,</strong></span> <span class='ocrx_word' id='word_1_645' title='bbox 2519 3591 2573 3637; x_wconf 93' lang='lat' dir='ltr'><strong>et</strong></span> <span class='ocrx_word' id='word_1_646' title='bbox 2601 3581 2669 3649; x_wconf 85' lang='lat' dir='ltr'><strong>de</strong></span> <span class='ocrx_word' id='word_1_647' title='bbox 2714 3583 2877 3637; x_wconf 81' lang='lat' dir='ltr'><strong>Israel</strong></span> <span class='ocrx_word' id='word_1_648' title='bbox 2909 3584 3275 3645; x_wconf 85' lang='lat' dir='ltr'><strong>tantummodo</strong></span> <span class='ocrx_word' id='word_1_649' title='bbox 3326 3586 3579 3641; x_wconf 85' lang='lat' dir='ltr'><strong>curares?</strong></span> <span class='ocrx_word' id='word_1_650' title='bbox 3608 3602 3692 3640; x_wconf 66' lang='lat' dir='ltr'><strong>reo</strong></span> 
     </span>
    </p>
   </div>
   <div class='ocr_carea' id='block_1_82' title="bbox 2116 3668 3692 3745">
    <p class='ocr_par' dir='ltr' id='par_1_82' title="bbox 2116 3668 3692 3745">
     <span class='ocr_line' id='line_1_82' title="bbox 2116 3668 3692 3745; baseline 0.007 -24"><span class='ocrx_word' id='word_1_651' title='bbox 2116 3668 2325 3739; x_wconf 87' lang='lat' dir='ltr'><strong>linques</strong></span> <span class='ocrx_word' id='word_1_652' title='bbox 2378 3681 2573 3728; x_wconf 81' lang='lat' dir='ltr'><strong>terram</strong></span> <span class='ocrx_word' id='word_1_653' title='bbox 2628 3676 2933 3742; x_wconf 83' lang='lat' dir='ltr'><strong>desertam,</strong></span> <span class='ocrx_word' id='word_1_654' title='bbox 2976 3675 3219 3731; x_wconf 89' lang='lat' dir='ltr'><strong>nationes</strong></span> <span class='ocrx_word' id='word_1_655' title='bbox 3264 3676 3587 3745; x_wconf 84' lang='lat' dir='ltr'><strong>despectas,</strong></span> <span class='ocrx_word' id='word_1_656' title='bbox 3635 3688 3692 3732; x_wconf 91' lang='lat' dir='ltr'><strong>ct</strong></span> 
     </span>
    </p>
   </div>
   <div class='ocr_carea' id='block_1_83' title="bbox 2116 3761 3696 3837">
    <p class='ocr_par' dir='ltr' id='par_1_83' title="bbox 2116 3761 3696 3837">
     <span class='ocr_line' id='line_1_83' title="bbox 2116 3761 3696 3837; baseline 0.006 -22"><span class='ocrx_word' id='word_1_657' title='bbox 2116 3762 2248 3816; x_wconf 72' lang='lat' dir='ltr'><strong>solis</strong></span> <span class='ocrx_word' id='word_1_658' title='bbox 2275 3761 2473 3817; x_wconf 71' lang='lat' dir='ltr'><strong>inda-is</strong></span> <span class='ocrx_word' id='word_1_659' title='bbox 2502 3763 2670 3819; x_wconf 84' lang='lat' dir='ltr'><strong>factus</strong></span> <span class='ocrx_word' id='word_1_660' title='bbox 2698 3779 2758 3820; x_wconf 91' lang='lat' dir='ltr'><strong>es</strong></span> <span class='ocrx_word' id='word_1_661' title='bbox 2806 3765 3097 3819; x_wconf 79' lang='lat' dir='ltr'><strong>liberator?</strong></span> <span class='ocrx_word' id='word_1_662' title='bbox 3139 3766 3253 3823; x_wconf 72' lang='lat' dir='ltr'><strong>Non</strong></span> <span class='ocrx_word' id='word_1_663' title='bbox 3300 3768 3447 3823; x_wconf 81' lang='lat' dir='ltr'><strong>vides</strong></span> <span class='ocrx_word' id='word_1_664' title='bbox 3472 3770 3696 3837; x_wconf 77' lang='lat' dir='ltr'><strong>injurias</strong></span> 
     </span>
    </p>
   </div>
   <div class='ocr_carea' id='block_1_84' title="bbox 2118 3851 3693 3923">
    <p class='ocr_par' dir='ltr' id='par_1_84' title="bbox 2118 3851 3693 3923">
     <span class='ocr_line' id='line_1_84' title="bbox 2118 3851 3693 3923; baseline 0.006 -16"><span class='ocrx_word' id='word_1_665' title='bbox 2118 3851 2291 3909; x_wconf 87' lang='lat' dir='ltr'><strong>Patris</strong></span> <span class='ocrx_word' id='word_1_666' title='bbox 2319 3854 2393 3908; x_wconf 90' lang='lat' dir='ltr'><strong>tui</strong></span> <span class='ocrx_word' id='word_1_667' title='bbox 2427 3854 2478 3910; x_wconf 93' lang='lat' dir='ltr'><strong>in</strong></span> <span class='ocrx_word' id='word_1_668' title='bbox 2512 3856 2659 3911; x_wconf 78' lang='lat' dir='ltr'><strong>falsis</strong></span> <span class='ocrx_word' id='word_1_669' title='bbox 2688 3857 3016 3923; x_wconf 88' lang='lat' dir='ltr'><strong>simulacris,</strong></span> <span class='ocrx_word' id='word_1_670' title='bbox 3045 3866 3103 3913; x_wconf 90' lang='lat' dir='ltr'><strong>et</strong></span> <span class='ocrx_word' id='word_1_671' title='bbox 3127 3858 3179 3913; x_wconf 93' lang='lat' dir='ltr'><strong>in</strong></span> <span class='ocrx_word' id='word_1_672' title='bbox 3211 3860 3513 3917; x_wconf 68' lang='lat' dir='ltr'><strong>daemonum</strong></span> <span class='ocrx_word' id='word_1_673' title='bbox 3538 3863 3693 3917; x_wconf 79' lang='lat' dir='ltr'><strong>ca-ri-</strong></span> 
     </span>
    </p>
   </div>
   <div class='ocr_carea' id='block_1_85' title="bbox 2120 3945 3692 4023">
    <p class='ocr_par' dir='ltr' id='par_1_85' title="bbox 2120 3945 3692 4023">
     <span class='ocr_line' id='line_1_85' title="bbox 2120 3945 3692 4023; baseline 0.006 -25"><span class='ocrx_word' id='word_1_674' title='bbox 2120 3945 2315 4001; x_wconf 91' lang='lat' dir='ltr'><strong>moniis</strong></span> <span class='ocrx_word' id='word_1_675' title='bbox 2337 3946 2621 4001; x_wconf 88' lang='lat' dir='ltr'><strong>exerceri?</strong></span> <span class='ocrx_word' id='word_1_676' title='bbox 2649 3950 2841 4004; x_wconf 88' lang='lat' dir='ltr'><strong>Annon</strong></span> <span class='ocrx_word' id='word_1_677' title='bbox 2872 3949 2986 4004; x_wconf 65' lang='lat' dir='ltr'><strong>haec</strong></span> <span class='ocrx_word' id='word_1_678' title='bbox 3012 3950 3173 4005; x_wconf 90' lang='lat' dir='ltr'><strong>etiam</strong></span> <span class='ocrx_word' id='word_1_679' title='bbox 3206 3953 3482 4022; x_wconf 69' lang='lat' dir='ltr'><strong>propheta:</strong></span> <span class='ocrx_word' id='word_1_680' title='bbox 3509 3956 3692 4023; x_wconf 86' lang='lat' dir='ltr'><strong>vulga-</strong></span> 
     </span>
    </p>
   </div>
   <div class='ocr_carea' id='block_1_86' title="bbox 2120 4037 3691 4108">
    <p class='ocr_par' dir='ltr' id='par_1_86' title="bbox 2120 4037 3691 4108">
     <span class='ocr_line' id='line_1_86' title="bbox 2120 4037 3691 4108; baseline 0.006 -17"><span class='ocrx_word' id='word_1_681' title='bbox 2120 4037 2352 4092; x_wconf 79' lang='lat' dir='ltr'><strong>veruntl</strong></span> <span class='ocrx_word' id='word_1_682' title='bbox 2382 4038 2519 4105; x_wconf 88' lang='lat' dir='ltr'><strong>Quid</strong></span> <span class='ocrx_word' id='word_1_683' title='bbox 2548 4039 2676 4095; x_wconf 88' lang='lat' dir='ltr'><strong>dicit</strong></span> <span class='ocrx_word' id='word_1_684' title='bbox 2707 4040 2884 4095; x_wconf 87' lang='lat' dir='ltr'><strong>afﬁnis</strong></span> <span class='ocrx_word' id='word_1_685' title='bbox 2913 4048 3035 4097; x_wconf 81' lang='lat' dir='ltr'><strong>tuus</strong></span> <span class='ocrx_word' id='word_1_686' title='bbox 3058 4042 3267 4099; x_wconf 77' lang='lat' dir='ltr'><strong>David?</strong></span> <span class='ocrx_word' id='word_1_687' title='bbox 3294 4041 3511 4098; x_wconf 84' lang='lat' dir='ltr'><strong>Postnla</strong></span> <span class='ocrx_word' id='word_1_688' title='bbox 3533 4061 3563 4097; x_wconf 91' lang='lat' dir='ltr'><strong>a</strong></span> <span class='ocrx_word' id='word_1_689' title='bbox 3586 4062 3691 4108; x_wconf 89' lang='lat' dir='ltr'><strong>me,</strong></span> 
     </span>
    </p>
   </div>
   <div class='ocr_carea' id='block_1_87' title="bbox 2119 4132 3697 4205">
    <p class='ocr_par' dir='ltr' id='par_1_87' title="bbox 2119 4132 3697 4205">
     <span class='ocr_line' id='line_1_87' title="bbox 2119 4132 3697 4205; baseline 0.003 -18"><span class='ocrx_word' id='word_1_690' title='bbox 2119 4141 2167 4187; x_wconf 84' lang='lat' dir='ltr'><strong>et</strong></span> <span class='ocrx_word' id='word_1_691' title='bbox 2193 4132 2323 4186; x_wconf 85' lang='lat' dir='ltr'><strong>dabo</strong></span> <span class='ocrx_word' id='word_1_692' title='bbox 2354 4133 2442 4186; x_wconf 88' lang='lat' dir='ltr'><strong>tibi</strong></span> <span class='ocrx_word' id='word_1_693' title='bbox 2467 4141 2638 4205; x_wconf 83' lang='lat' dir='ltr'><strong>gentes</strong></span> <span class='ocrx_word' id='word_1_694' title='bbox 2672 4134 3015 4189; x_wconf 76' lang='lat' dir='ltr'><strong>ﬁwreditatcm</strong></span> <span class='ocrx_word' id='word_1_695' title='bbox 3042 4145 3179 4189; x_wconf 85' lang='lat' dir='ltr'><strong>tuam</strong></span> <span class='ocrx_word' id='word_1_696' title='bbox 3204 4177 3218 4199; x_wconf 96' lang='lat'><strong>,</strong></span> <span class='ocrx_word' id='word_1_697' title='bbox 3249 4146 3297 4191; x_wconf 81' lang='lat' dir='ltr'><strong>et</strong></span> <span class='ocrx_word' id='word_1_698' title='bbox 3333 4138 3697 4205; x_wconf 81' lang='lat' dir='ltr'><strong>possessionem</strong></span> 
     </span>
    </p>
   </div>
   <div class='ocr_carea' id='block_1_88' title="bbox 2118 4222 3695 4297">
    <p class='ocr_par' dir='ltr' id='par_1_88' title="bbox 2118 4222 3695 4297">
     <span class='ocr_line' id='line_1_88' title="bbox 2118 4222 3695 4297; baseline 0.004 -22"><span class='ocrx_word' id='word_1_699' title='bbox 2118 4230 2259 4289; x_wconf 87' lang='lat' dir='ltr'><strong>tuam</strong></span> <span class='ocrx_word' id='word_1_700' title='bbox 2305 4224 2543 4277; x_wconf 85' lang='lat' dir='ltr'><strong>terminos</strong></span> <span class='ocrx_word' id='word_1_701' title='bbox 2592 4232 2741 4278; x_wconf 76' lang='lat' dir='ltr'><strong>terra:</strong></span> <span class='ocrx_word' id='word_1_702' title='bbox 2792 4222 3134 4293; x_wconf 82' lang='lat' dir='ltr'><strong>(Psal.n,8).</strong></span> <span class='ocrx_word' id='word_1_703' title='bbox 3152 4224 3290 4292; x_wconf 88' lang='lat' dir='ltr'><strong>Quid</strong></span> <span class='ocrx_word' id='word_1_704' title='bbox 3341 4225 3565 4293; x_wconf 84' lang='lat' dir='ltr'><strong>Esaias,</strong></span> <span class='ocrx_word' id='word_1_705' title='bbox 3606 4229 3695 4297; x_wconf 92' lang='lat' dir='ltr'><strong>qni</strong></span> 
     </span>
    </p>
   </div>
   <div class='ocr_carea' id='block_1_89' title="bbox 2119 4312 3699 4387">
    <p class='ocr_par' dir='ltr' id='par_1_89' title="bbox 2119 4312 3699 4387">
     <span class='ocr_line' id='line_1_89' title="bbox 2119 4312 3699 4387; baseline 0.002 -20"><span class='ocrx_word' id='word_1_706' title='bbox 2119 4312 2376 4381; x_wconf 88' lang='lat' dir='ltr'><strong>seraphin</strong></span> <span class='ocrx_word' id='word_1_707' title='bbox 2420 4313 2593 4369; x_wconf 88' lang='lat' dir='ltr'><strong>oculis</strong></span> <span class='ocrx_word' id='word_1_708' title='bbox 2624 4314 2735 4369; x_wconf 91' lang='lat' dir='ltr'><strong>suis</strong></span> <span class='ocrx_word' id='word_1_709' title='bbox 2773 4315 3052 4384; x_wconf 79' lang='lat' dir='ltr'><strong>respexit?</strong></span> <span class='ocrx_word' id='word_1_710' title='bbox 3081 4313 3337 4385; x_wconf 77' lang='lat' dir='ltr'><strong>Exsurget</strong></span> <span class='ocrx_word' id='word_1_711' title='bbox 3363 4317 3505 4387; x_wconf 84' lang='lat' dir='ltr'><strong>virga</strong></span> <span class='ocrx_word' id='word_1_712' title='bbox 3529 4317 3592 4370; x_wconf 84' lang='lat' dir='ltr'><strong>de</strong></span> <span class='ocrx_word' id='word_1_713' title='bbox 3615 4333 3699 4370; x_wconf 70' lang='lat' dir='ltr'><strong>ra-</strong></span> 
     </span>
    </p>
   </div>
   <div class='ocr_carea' id='block_1_90' title="bbox 440 4388 3698 4486">
    <p class='ocr_par' dir='ltr' id='par_1_90' title="bbox 440 4388 3698 4486">
     <span class='ocr_line' id='line_1_90' title="bbox 440 4388 3698 4486; baseline 0.002 -33"><span class='ocrx_word' id='word_1_714' title='bbox 440 4399 521 4467; x_wconf 68' lang='lat' dir='ltr'><strong>ﬁli</strong></span> <span class='ocrx_word' id='word_1_715' title='bbox 553 4398 742 4463; x_wconf 68' lang='lat' dir='ltr'><strong>Dauid.</strong></span> <span class='ocrx_word' id='word_1_716' title='bbox 772 4388 985 4458; x_wconf 84' lang='lat' dir='ltr'><strong>Utinam</strong></span> <span class='ocrx_word' id='word_1_717' title='bbox 1015 4394 1265 4476; x_wconf 74' lang='lat' dir='ltr'><strong>defuncta</strong></span> <span class='ocrx_word' id='word_1_718' title='bbox 1305 4409 1495 4465; x_wconf 83' lang='lat' dir='ltr'><strong>fuisset</strong></span> <span class='ocrx_word' id='word_1_719' title='bbox 1522 4411 1626 4477; x_wconf 79' lang='lat' dir='ltr'><strong>filia</strong></span> <span class='ocrx_word' id='word_1_720' title='bbox 1667 4427 1784 4470; x_wconf 83' lang='lat' dir='ltr'><strong>mea</strong></span> <span class='ocrx_word' id='word_1_721' title='bbox 1811 4455 1826 4482; x_wconf 80' lang='grc'><em>,</em></span> <span class='ocrx_word' id='word_1_722' title='bbox 1856 4388 2015 4486; x_wconf 64' lang='grc' dir='ltr'><strong>ψιθιῆ</strong></span> <span class='ocrx_word' id='word_1_723' title='bbox 2046 4481 2088 4486; x_wconf 86' lang='lat'>_</span> <span class='ocrx_word' id='word_1_724' title='bbox 2121 4405 2235 4459; x_wconf 88' lang='lat' dir='ltr'><strong>dice</strong></span> <span class='ocrx_word' id='word_1_725' title='bbox 2257 4403 2403 4470; x_wconf 73' lang='lat' dir='ltr'><strong>Iesse</strong></span> <span class='ocrx_word' id='word_1_726' title='bbox 2426 4445 2443 4471; x_wconf 95' lang='lat'><strong>,</strong></span> <span class='ocrx_word' id='word_1_727' title='bbox 2474 4408 2563 4475; x_wconf 79' lang='lat' dir='ltr'><strong>qui</strong></span> <span class='ocrx_word' id='word_1_728' title='bbox 2588 4405 2885 4461; x_wconf 80' lang='lat' dir='ltr'><strong>dominatur</strong></span> <span class='ocrx_word' id='word_1_729' title='bbox 2936 4405 3171 4459; x_wconf 85' lang='lat' dir='ltr'><strong>omnibus</strong></span> <span class='ocrx_word' id='word_1_730' title='bbox 3196 4448 3212 4475; x_wconf 95' lang='lat'><strong>,</strong></span> <span class='ocrx_word' id='word_1_731' title='bbox 3245 4416 3290 4459; x_wconf 93' lang='lat' dir='ltr'><strong>et</strong></span> <span class='ocrx_word' id='word_1_732' title='bbox 3336 4407 3388 4459; x_wconf 89' lang='lat' dir='ltr'><strong>in</strong></span> <span class='ocrx_word' id='word_1_733' title='bbox 3432 4423 3546 4460; x_wconf 84' lang='lat' dir='ltr'><strong>eum</strong></span> <span class='ocrx_word' id='word_1_734' title='bbox 3572 4409 3698 4473; x_wconf 89' lang='lat' dir='ltr'><strong>ﬁnes</strong></span> 
     </span>
    </p>
   </div>
   <div class='ocr_carea' id='block_1_91' title="bbox 441 4481 2017 4574">
    <p class='ocr_par' dir='ltr' id='par_1_91' title="bbox 441 4481 2017 4574">
     <span class='ocr_line' id='line_1_91' title="bbox 441 4481 2017 4574; baseline 0.013 -31"><span class='ocrx_word' id='word_1_735' title='bbox 441 4490 522 4547; x_wconf 85' lang='lat' dir='ltr'><strong>sic</strong></span> <span class='ocrx_word' id='word_1_736' title='bbox 547 4490 781 4549; x_wconf 86' lang='lat' dir='ltr'><strong>viveret!</strong></span> <span class='ocrx_word' id='word_1_737' title='bbox 808 4493 868 4549; x_wconf 89' lang='lat' dir='ltr'><strong>Si</strong></span> <span class='ocrx_word' id='word_1_738' title='bbox 887 4495 1030 4550; x_wconf 91' lang='lat' dir='ltr'><strong>enim</strong></span> <span class='ocrx_word' id='word_1_739' title='bbox 1053 4509 1262 4566; x_wconf 85' lang='lat' dir='ltr'><strong>mortua</strong></span> <span class='ocrx_word' id='word_1_740' title='bbox 1284 4498 1473 4557; x_wconf 89' lang='lat' dir='ltr'><strong>fuisset</strong></span> <span class='ocrx_word' id='word_1_741' title='bbox 1493 4513 1547 4571; x_wconf 85' lang='lat' dir='ltr'><strong>et</strong></span> <span class='ocrx_word' id='word_1_742' title='bbox 1567 4506 1799 4574; x_wconf 89' lang='lat' dir='ltr'><strong>sepulta,</strong></span> <span class='ocrx_word' id='word_1_743' title='bbox 1813 4481 2017 4566; x_wconf 80' lang='lat' dir='ltr'><strong>exacto</strong></span> 
     </span>
    </p>
   </div>
   <div class='ocr_carea' id='block_1_92' title="bbox 2122 4481 3698 4574">
    <p class='ocr_par' dir='ltr' id='par_1_92' title="bbox 2124 4494 3698 4565">
     <span class='ocr_line' id='line_1_92' title="bbox 2124 4494 3698 4565; baseline 0.003 -19"><span class='ocrx_word' id='word_1_744' title='bbox 2124 4502 2273 4548; x_wconf 80' lang='lat' dir='ltr'><strong>terra:</strong></span> <span class='ocrx_word' id='word_1_745' title='bbox 2288 4496 2559 4564; x_wconf 84' lang='lat' dir='ltr'><strong>sperabunt</strong></span> <span class='ocrx_word' id='word_1_746' title='bbox 2574 4495 3003 4563; x_wconf 78' lang='lat' dir='ltr'><strong>(Bsa.xt,l).Quid</strong></span> <span class='ocrx_word' id='word_1_747' title='bbox 3019 4494 3185 4551; x_wconf 81' lang='lat' dir='ltr'><strong>Jacob</strong></span> <span class='ocrx_word' id='word_1_748' title='bbox 3211 4497 3511 4565; x_wconf 87' lang='lat' dir='ltr'><strong>patriarcha</strong></span> <span class='ocrx_word' id='word_1_749' title='bbox 3536 4497 3698 4551; x_wconf 84' lang='lat' dir='ltr'><strong>dicit?</strong></span> 
     </span>
    </p>
   </div>
   <div class='ocr_carea' id='block_1_93' title="bbox 437 4590 2014 4676">
    <p class='ocr_par' dir='ltr' id='par_1_93' title="bbox 437 4590 2014 4676">
     <span class='ocr_line' id='line_1_93' title="bbox 437 4590 2014 4676; baseline 0.01 -33"><span class='ocrx_word' id='word_1_750' title='bbox 437 4590 546 4676; x_wconf 71' lang='lat' dir='ltr'><strong>jam</strong></span> <span class='ocrx_word' id='word_1_751' title='bbox 576 4598 817 4661; x_wconf 85' lang='lat' dir='ltr'><strong>tempore</strong></span> <span class='ocrx_word' id='word_1_752' title='bbox 857 4592 1023 4649; x_wconf 90' lang='lat' dir='ltr'><strong>oblita</strong></span> <span class='ocrx_word' id='word_1_753' title='bbox 1053 4594 1270 4651; x_wconf 88' lang='lat' dir='ltr'><strong>luissem</strong></span> <span class='ocrx_word' id='word_1_754' title='bbox 1297 4636 1315 4672; x_wconf 83' lang='lat'><strong>,</strong></span> <span class='ocrx_word' id='word_1_755' title='bbox 1343 4612 1443 4653; x_wconf 88' lang='lat' dir='ltr'><strong>nec</strong></span> <span class='ocrx_word' id='word_1_756' title='bbox 1481 4600 1848 4657; x_wconf 87' lang='lat' dir='ltr'><strong>meminissem</strong></span> <span class='ocrx_word' id='word_1_757' title='bbox 1890 4604 2014 4661; x_wconf 88' lang='lat' dir='ltr'><strong>vul-</strong></span> 
     </span>
    </p>
   </div>
   <div class='ocr_carea' id='block_1_94' title="bbox 440 4679 2018 4764">
    <p class='ocr_par' dir='ltr' id='par_1_94' title="bbox 440 4679 2018 4764">
     <span class='ocr_line' id='line_1_94' title="bbox 440 4679 2018 4764; baseline 0.012 -31"><span class='ocrx_word' id='word_1_758' title='bbox 440 4679 587 4735; x_wconf 89' lang='lat' dir='ltr'><strong>neris</strong></span> <span class='ocrx_word' id='word_1_759' title='bbox 634 4690 726 4737; x_wconf 90' lang='lat' dir='ltr'><strong>aut</strong></span> <span class='ocrx_word' id='word_1_760' title='bbox 776 4682 1001 4752; x_wconf 84' lang='lat' dir='ltr'><strong>doloris.</strong></span> <span class='ocrx_word' id='word_1_761' title='bbox 1046 4685 1197 4742; x_wconf 83' lang='lat' dir='ltr'><strong>Nunc</strong></span> <span class='ocrx_word' id='word_1_762' title='bbox 1244 4701 1378 4749; x_wconf 85' lang='lat' dir='ltr'><strong>vero</strong></span> <span class='ocrx_word' id='word_1_763' title='bbox 1420 4690 1650 4749; x_wconf 88' lang='lat' dir='ltr'><strong>cadaver</strong></span> <span class='ocrx_word' id='word_1_764' title='bbox 1700 4706 1916 4764; x_wconf 89' lang='lat' dir='ltr'><strong>semper</strong></span> <span class='ocrx_word' id='word_1_765' title='bbox 1963 4696 2018 4751; x_wconf 94' lang='lat' dir='ltr'><strong>in</strong></span> 
     </span>
    </p>
   </div>
   <div class='ocr_carea' id='block_1_95' title="bbox 441 4776 2019 4857">
    <p class='ocr_par' dir='ltr' id='par_1_95' title="bbox 441 4776 2019 4857">
     <span class='ocr_line' id='line_1_95' title="bbox 441 4776 2019 4857; baseline 0.01 -30"><span class='ocrx_word' id='word_1_766' title='bbox 441 4776 602 4830; x_wconf 82' lang='lat' dir='ltr'><strong>dumo</strong></span> <span class='ocrx_word' id='word_1_767' title='bbox 620 4787 739 4833; x_wconf 86' lang='lat' dir='ltr'><strong>est:</strong></span> <span class='ocrx_word' id='word_1_768' title='bbox 768 4792 929 4849; x_wconf 81' lang='lat' dir='ltr'><strong>causa</strong></span> <span class='ocrx_word' id='word_1_769' title='bbox 955 4794 1072 4835; x_wconf 86' lang='lat' dir='ltr'><strong>mea</strong></span> <span class='ocrx_word' id='word_1_770' title='bbox 1089 4822 1104 4845; x_wconf 95' lang='lat'><strong>,</strong></span> <span class='ocrx_word' id='word_1_771' title='bbox 1135 4781 1439 4850; x_wconf 88' lang='lat' dir='ltr'><strong>sepulcrum</strong></span> <span class='ocrx_word' id='word_1_772' title='bbox 1466 4784 1619 4853; x_wconf 83' lang='lat' dir='ltr'><strong>ejus;</strong></span> <span class='ocrx_word' id='word_1_773' title='bbox 1645 4796 1868 4857; x_wconf 88' lang='lat' dir='ltr'><strong>augetur</strong></span> <span class='ocrx_word' id='word_1_774' title='bbox 1886 4802 2019 4857; x_wconf 88' lang='lat' dir='ltr'><strong>quo-</strong></span> 
     </span>
    </p>
   </div>
   <div class='ocr_carea' id='block_1_96' title="bbox 441 4864 2019 4945">
    <p class='ocr_par' dir='ltr' id='par_1_96' title="bbox 441 4864 2019 4945">
     <span class='ocr_line' id='line_1_96' title="bbox 441 4864 2019 4945; baseline 0.008 -25"><span class='ocrx_word' id='word_1_775' title='bbox 441 4864 573 4921; x_wconf 88' lang='lat' dir='ltr'><strong>tidie</strong></span> <span class='ocrx_word' id='word_1_776' title='bbox 594 4866 784 4923; x_wconf 84' lang='lat' dir='ltr'><strong>vulnus</strong></span> <span class='ocrx_word' id='word_1_777' title='bbox 800 4884 980 4943; x_wconf 76' lang='lat' dir='ltr'><strong>meum</strong></span> <span class='ocrx_word' id='word_1_778' title='bbox 996 4911 1012 4937; x_wconf 93' lang='lat'><strong>,</strong></span> <span class='ocrx_word' id='word_1_779' title='bbox 1036 4879 1091 4926; x_wconf 90' lang='lat' dir='ltr'><strong>et</strong></span> <span class='ocrx_word' id='word_1_780' title='bbox 1110 4870 1304 4926; x_wconf 88' lang='lat' dir='ltr'><strong>crescit</strong></span> <span class='ocrx_word' id='word_1_781' title='bbox 1324 4873 1690 4942; x_wconf 81' lang='lat' dir='ltr'><strong>opprobrium.</strong></span> <span class='ocrx_word' id='word_1_782' title='bbox 1716 4875 2019 4945; x_wconf 82' lang='lat' dir='ltr'><strong>Quomodo?</strong></span> 
     </span>
    </p>
   </div>
   <div class='ocr_carea' id='block_1_97' title="bbox 439 4952 2020 5041">
    <p class='ocr_par' dir='ltr' id='par_1_97' title="bbox 439 4952 2020 5041">
     <span class='ocr_line' id='line_1_97' title="bbox 439 4952 2020 5041; baseline 0.013 -34"><span class='ocrx_word' id='word_1_783' title='bbox 439 4955 598 5012; x_wconf 87' lang='lat' dir='ltr'><strong>video</strong></span> <span class='ocrx_word' id='word_1_784' title='bbox 619 4957 789 5013; x_wconf 89' lang='lat' dir='ltr'><strong>oculis</strong></span> <span class='ocrx_word' id='word_1_785' title='bbox 817 4960 950 5015; x_wconf 83' lang='lat' dir='ltr'><strong>meis</strong></span> <span class='ocrx_word' id='word_1_786' title='bbox 974 4977 988 5027; x_wconf 93' lang='lat'><strong>;</strong></span> <span class='ocrx_word' id='word_1_787' title='bbox 1015 4959 1238 5026; x_wconf 84' lang='lat' dir='ltr'><strong>istorum</strong></span> <span class='ocrx_word' id='word_1_788' title='bbox 1264 4973 1483 5032; x_wconf 83' lang='lat' dir='ltr'><strong>aspectu</strong></span> <span class='ocrx_word' id='word_1_789' title='bbox 1505 5004 1519 5029; x_wconf 95' lang='lat'><strong>,</strong></span> <span class='ocrx_word' id='word_1_790' title='bbox 1548 4952 1782 5041; x_wconf 76' lang='lat' dir='ltr'><strong>torqueri</strong></span> <span class='ocrx_word' id='word_1_791' title='bbox 1808 4982 2020 5034; x_wconf 81' lang='lat' dir='ltr'><strong>manus,</strong></span> 
     </span>
    </p>
   </div>
   <div class='ocr_carea' id='block_1_98' title="bbox 438 5048 2019 5127">
    <p class='ocr_par' dir='ltr' id='par_1_98' title="bbox 438 5048 2019 5127">
     <span class='ocr_line' id='line_1_98' title="bbox 438 5048 2019 5127; baseline 0.006 -24"><span class='ocrx_word' id='word_1_792' title='bbox 438 5048 666 5104; x_wconf 88' lang='lat' dir='ltr'><strong>crinium</strong></span> <span class='ocrx_word' id='word_1_793' title='bbox 694 5049 856 5117; x_wconf 77' lang='lat' dir='ltr'><strong>vittas</strong></span> <span class='ocrx_word' id='word_1_794' title='bbox 896 5053 1101 5118; x_wconf 77' lang='lat' dir='ltr'><strong>exsolvi</strong></span> <span class='ocrx_word' id='word_1_795' title='bbox 1129 5068 1193 5119; x_wconf 83' lang='lat' dir='ltr'><strong>ac</strong></span> <span class='ocrx_word' id='word_1_796' title='bbox 1240 5055 1455 5127; x_wconf 88' lang='lat' dir='ltr'><strong>spargi,</strong></span> <span class='ocrx_word' id='word_1_797' title='bbox 1482 5070 1699 5124; x_wconf 86' lang='lat' dir='ltr'><strong>spumas</strong></span> <span class='ocrx_word' id='word_1_798' title='bbox 1725 5072 1790 5113; x_wconf 88' lang='lat' dir='ltr'><strong>ex</strong></span> <span class='ocrx_word' id='word_1_799' title='bbox 1808 5072 1902 5114; x_wconf 91' lang='lat' dir='ltr'><strong>ore</strong></span> <span class='ocrx_word' id='word_1_800' title='bbox 1918 5059 2019 5113; x_wconf 79' lang='lat' dir='ltr'><strong>dif-</strong></span> 
     </span>
    </p>
   </div>
   <div class='ocr_carea' id='block_1_99' title="bbox 441 5139 2016 5225">
    <p class='ocr_par' dir='ltr' id='par_1_99' title="bbox 441 5139 2016 5225">
     <span class='ocr_line' id='line_1_99' title="bbox 441 5139 2016 5225; baseline 0.007 -31"><span class='ocrx_word' id='word_1_801' title='bbox 441 5139 629 5208; x_wconf 83' lang='lat' dir='ltr'><strong>fundi,</strong></span> <span class='ocrx_word' id='word_1_802' title='bbox 654 5140 787 5197; x_wconf 89' lang='lat' dir='ltr'><strong>dare</strong></span> <span class='ocrx_word' id='word_1_803' title='bbox 814 5145 1072 5225; x_wconf 84' lang='lat' dir='ltr'><strong>mugitum</strong></span> <span class='ocrx_word' id='word_1_804' title='bbox 1096 5144 1423 5217; x_wconf 86' lang='lat' dir='ltr'><strong>horrendum</strong></span> <span class='ocrx_word' id='word_1_805' title='bbox 1446 5189 1461 5215; x_wconf 97' lang='lat'><strong>,</strong></span> <span class='ocrx_word' id='word_1_806' title='bbox 1490 5148 1682 5210; x_wconf 73' lang='lat' dir='ltr'><strong>stevire</strong></span> <span class='ocrx_word' id='word_1_807' title='bbox 1710 5148 1853 5203; x_wconf 90' lang='lat' dir='ltr'><strong>intus</strong></span> <span class='ocrx_word' id='word_1_808' title='bbox 1881 5149 2016 5205; x_wconf 83' lang='lat' dir='ltr'><strong>invi-</strong></span> 
     </span>
    </p>
   </div>
   <div class='ocr_carea' id='block_1_100' title="bbox 437 5237 2016 5315">
    <p class='ocr_par' dir='ltr' id='par_1_100' title="bbox 437 5237 2016 5315">
     <span class='ocr_line' id='line_1_100' title="bbox 437 5237 2016 5315; baseline 0.005 -24"><span class='ocrx_word' id='word_1_809' title='bbox 437 5237 649 5294; x_wconf 84' lang='lat' dir='ltr'><strong>sihilem</strong></span> <span class='ocrx_word' id='word_1_810' title='bbox 696 5237 1005 5309; x_wconf 86' lang='lat' dir='ltr'><strong>inimicum,</strong></span> <span class='ocrx_word' id='word_1_811' title='bbox 1035 5240 1382 5311; x_wconf 78' lang='lat' dir='ltr'><strong>improvisum</strong></span> <span class='ocrx_word' id='word_1_812' title='bbox 1433 5243 1641 5299; x_wconf 89' lang='lat' dir='ltr'><strong>hostem</strong></span> <span class='ocrx_word' id='word_1_813' title='bbox 1687 5251 1742 5298; x_wconf 90' lang='lat' dir='ltr'><strong>et</strong></span> <span class='ocrx_word' id='word_1_814' title='bbox 1787 5258 2016 5315; x_wconf 79' lang='lat' dir='ltr'><strong>pugnam</strong></span> 
     </span>
    </p>
   </div>
   <div class='ocr_carea' id='block_1_101' title="bbox 441 5325 2014 5405">
    <p class='ocr_par' dir='ltr' id='par_1_101' title="bbox 441 5325 2014 5405">
     <span class='ocr_line' id='line_1_101' title="bbox 441 5325 2014 5405; baseline 0.004 -26"><span class='ocrx_word' id='word_1_815' title='bbox 441 5325 802 5384; x_wconf 87' lang='lat' dir='ltr'><strong>manifestam.</strong></span> <span class='ocrx_word' id='word_1_816' title='bbox 850 5327 1106 5397; x_wconf 81' lang='lat' dir='ltr'><strong>Miserere</strong></span> <span class='ocrx_word' id='word_1_817' title='bbox 1152 5331 1299 5405; x_wconf 86' lang='lat' dir='ltr'><strong>mei,</strong></span> <span class='ocrx_word' id='word_1_818' title='bbox 1342 5330 1594 5396; x_wconf 91' lang='lat' dir='ltr'><strong>Domine,</strong></span> <span class='ocrx_word' id='word_1_819' title='bbox 1626 5331 1877 5400; x_wconf 90' lang='lat' dir='ltr'><strong>quoniam</strong></span> <span class='ocrx_word' id='word_1_820' title='bbox 1910 5330 2014 5386; x_wconf 91' lang='lat' dir='ltr'><strong>ﬁlia</strong></span> 
     </span>
    </p>
   </div>
   <div class='ocr_carea' id='block_1_102' title="bbox 440 5416 2014 5484">
    <p class='ocr_par' dir='ltr' id='par_1_102' title="bbox 440 5416 2014 5484">
     <span class='ocr_line' id='line_1_102' title="bbox 440 5416 2014 5484; baseline 0.004 -15"><span class='ocrx_word' id='word_1_821' title='bbox 440 5430 562 5470; x_wconf 86' lang='lat' dir='ltr'><strong>mea</strong></span> <span class='ocrx_word' id='word_1_822' title='bbox 589 5426 740 5484; x_wconf 91' lang='lat' dir='ltr'><strong>erat,</strong></span> <span class='ocrx_word' id='word_1_823' title='bbox 773 5425 827 5473; x_wconf 89' lang='lat' dir='ltr'><strong>et</strong></span> <span class='ocrx_word' id='word_1_824' title='bbox 858 5416 997 5473; x_wconf 89' lang='lat' dir='ltr'><strong>facta</strong></span> <span class='ocrx_word' id='word_1_825' title='bbox 1023 5427 1107 5473; x_wconf 91' lang='lat' dir='ltr'><strong>est</strong></span> <span class='ocrx_word' id='word_1_826' title='bbox 1131 5419 1393 5479; x_wconf 66' lang='lat' dir='ltr'><strong>daemonis</strong></span> <span class='ocrx_word' id='word_1_827' title='bbox 1418 5434 1562 5475; x_wconf 88' lang='lat' dir='ltr'><strong>esca.</strong></span> <span class='ocrx_word' id='word_1_828' title='bbox 1596 5421 1710 5476; x_wconf 80' lang='lat' dir='ltr'><strong>Non</strong></span> <span class='ocrx_word' id='word_1_829' title='bbox 1739 5423 1911 5476; x_wconf 85' lang='lat' dir='ltr'><strong>audeo</strong></span> <span class='ocrx_word' id='word_1_830' title='bbox 1937 5421 2014 5476; x_wconf 92' lang='lat' dir='ltr'><strong>illi</strong></span> 
     </span>
    </p>
   </div>
   <div class='ocr_carea' id='block_1_103' title="bbox 441 5506 2017 5583">
    <p class='ocr_par' dir='ltr' id='par_1_103' title="bbox 441 5506 2017 5583">
     <span class='ocr_line' id='line_1_103' title="bbox 441 5506 2017 5583; baseline 0.004 -24"><span class='ocrx_word' id='word_1_831' title='bbox 441 5506 787 5583; x_wconf 82' lang='lat' dir='ltr'><strong>proximare,</strong></span> <span class='ocrx_word' id='word_1_832' title='bbox 842 5522 949 5563; x_wconf 92' lang='lat' dir='ltr'><strong>non</strong></span> <span class='ocrx_word' id='word_1_833' title='bbox 999 5523 1215 5577; x_wconf 88' lang='lat' dir='ltr'><strong>possum</strong></span> <span class='ocrx_word' id='word_1_834' title='bbox 1266 5508 1609 5579; x_wconf 83' lang='lat' dir='ltr'><strong>contingere,</strong></span> <span class='ocrx_word' id='word_1_835' title='bbox 1645 5510 1891 5579; x_wconf 90' lang='lat' dir='ltr'><strong>prohibet</strong></span> <span class='ocrx_word' id='word_1_836' title='bbox 1931 5523 2017 5565; x_wconf 85' lang='lat' dir='ltr'><strong>me</strong></span> 
     </span>
    </p>
   </div>
   <div class='ocr_carea' id='block_1_104' title="bbox 440 5596 2016 5667">
    <p class='ocr_par' dir='ltr' id='par_1_104' title="bbox 440 5596 2016 5667">
     <span class='ocr_line' id='line_1_104' title="bbox 440 5596 2016 5667; baseline 0.003 -21"><span class='ocrx_word' id='word_1_837' title='bbox 440 5608 628 5665; x_wconf 76' lang='lat' dir='ltr'><strong>pavor,</strong></span> <span class='ocrx_word' id='word_1_838' title='bbox 664 5596 880 5666; x_wconf 84' lang='lat' dir='ltr'><strong>expellit</strong></span> <span class='ocrx_word' id='word_1_839' title='bbox 931 5597 1040 5667; x_wconf 90' lang='lat' dir='ltr'><strong>ipsa</strong></span> <span class='ocrx_word' id='word_1_840' title='bbox 1077 5599 1253 5666; x_wconf 87' lang='lat' dir='ltr'><strong>passio</strong></span> <span class='ocrx_word' id='word_1_841' title='bbox 1303 5599 1442 5654; x_wconf 83' lang='lat' dir='ltr'><strong>dira.</strong></span> <span class='ocrx_word' id='word_1_842' title='bbox 1471 5597 1713 5654; x_wconf 86' lang='lat' dir='ltr'><strong>Miserere</strong></span> <span class='ocrx_word' id='word_1_843' title='bbox 1742 5601 1836 5653; x_wconf 87' lang='lat' dir='ltr'><strong>mci</strong></span> <span class='ocrx_word' id='word_1_844' title='bbox 1860 5640 1875 5665; x_wconf 95' lang='lat'><strong>,</strong></span> <span class='ocrx_word' id='word_1_845' title='bbox 1911 5598 2016 5651; x_wconf 84' lang='lat' dir='ltr'><strong>Do-</strong></span> 
     </span>
    </p>
   </div>
   <div class='ocr_carea' id='block_1_105' title="bbox 442 5666 2016 5773">
    <p class='ocr_par' dir='ltr' id='par_1_105' title="bbox 442 5666 2016 5773">
     <span class='ocr_line' id='line_1_105' title="bbox 442 5666 2016 5773; baseline 0 -31"><span class='ocrx_word' id='word_1_846' title='bbox 442 5666 607 5757; x_wconf 55' lang='lat' dir='ltr'><strong>mine,</strong></span> <span class='ocrx_word' id='word_1_847' title='bbox 643 5688 721 5773; x_wconf 66' lang='lat' dir='ltr'><strong>[ili</strong></span> <span class='ocrx_word' id='word_1_848' title='bbox 752 5687 1065 5773; x_wconf 76' lang='lat' dir='ltr'><strong>Darid.Qui</strong></span> <span class='ocrx_word' id='word_1_849' title='bbox 1095 5705 1161 5745; x_wconf 88' lang='lat' dir='ltr'><strong>ex</strong></span> <span class='ocrx_word' id='word_1_850' title='bbox 1189 5690 1339 5749; x_wconf 75' lang='lat' dir='ltr'><strong>vobis</strong></span> <span class='ocrx_word' id='word_1_851' title='bbox 1369 5699 1548 5773; x_wconf 82' lang='lat' dir='ltr'><strong>patres</strong></span> <span class='ocrx_word' id='word_1_852' title='bbox 1579 5690 1827 5760; x_wconf 83' lang='lat' dir='ltr'><strong>fuerunt,</strong></span> <span class='ocrx_word' id='word_1_853' title='bbox 1864 5690 2016 5760; x_wconf 81' lang='lat' dir='ltr'><strong>adju-</strong></span> 
     </span>
    </p>
   </div>
   <div class='ocr_carea' id='block_1_106' title="bbox 2123 4584 3699 4657">
    <p class='ocr_par' dir='ltr' id='par_1_106' title="bbox 2123 4584 3699 4657">
     <span class='ocr_line' id='line_1_106' title="bbox 2123 4584 3699 4657; baseline -0.001 -17"><span class='ocrx_word' id='word_1_854' title='bbox 2123 4584 2246 4640; x_wconf 87' lang='lat' dir='ltr'><strong>Non</strong></span> <span class='ocrx_word' id='word_1_855' title='bbox 2283 4585 2480 4657; x_wconf 70' lang='lat' dir='ltr'><strong>deﬁciet</strong></span> <span class='ocrx_word' id='word_1_856' title='bbox 2506 4585 2740 4657; x_wconf 86' lang='lat' dir='ltr'><strong>princeps</strong></span> <span class='ocrx_word' id='word_1_857' title='bbox 2766 4602 2831 4641; x_wconf 80' lang='lat' dir='ltr'><strong>ea:</strong></span> <span class='ocrx_word' id='word_1_858' title='bbox 2854 4585 2999 4639; x_wconf 78' lang='lat' dir='ltr'><strong>Iuda</strong></span> <span class='ocrx_word' id='word_1_859' title='bbox 3022 4625 3038 4652; x_wconf 93' lang='lat'><strong>,</strong></span> <span class='ocrx_word' id='word_1_860' title='bbox 3069 4602 3161 4640; x_wconf 79' lang='lat' dir='ltr'><strong>nec</strong></span> <span class='ocrx_word' id='word_1_861' title='bbox 3189 4590 3251 4640; x_wconf 91' lang='lat' dir='ltr'><strong>de</strong></span> <span class='ocrx_word' id='word_1_862' title='bbox 3280 4588 3563 4643; x_wconf 84' lang='lat' dir='ltr'><strong>senior.&#39;bus</strong></span> <span class='ocrx_word' id='word_1_863' title='bbox 3586 4592 3699 4653; x_wconf 72' lang='lat' dir='ltr'><strong>eius</strong></span> 
     </span>
    </p>
   </div>
   <div class='ocr_carea' id='block_1_107' title="bbox 2123 4678 3699 4749">
    <p class='ocr_par' dir='ltr' id='par_1_107' title="bbox 2123 4678 3699 4749">
     <span class='ocr_line' id='line_1_107' title="bbox 2123 4678 3699 4749; baseline 0.001 -18"><span class='ocrx_word' id='word_1_864' title='bbox 2123 4678 2438 4749; x_wconf 84' lang='lat' dir='ltr'><strong>dominator,</strong></span> <span class='ocrx_word' id='word_1_865' title='bbox 2467 4678 2629 4731; x_wconf 86' lang='lat' dir='ltr'><strong>donec</strong></span> <span class='ocrx_word' id='word_1_866' title='bbox 2656 4678 2852 4744; x_wconf 81' lang='lat' dir='ltr'><strong>veniat,</strong></span> <span class='ocrx_word' id='word_1_867' title='bbox 2884 4679 2968 4732; x_wconf 87' lang='lat' dir='ltr'><strong>cui</strong></span> <span class='ocrx_word' id='word_1_868' title='bbox 3006 4679 3316 4735; x_wconf 73' lang='lat' dir='ltr'><strong>destinatum</strong></span> <span class='ocrx_word' id='word_1_869' title='bbox 3360 4688 3475 4744; x_wconf 86' lang='lat' dir='ltr'><strong>est;</strong></span> <span class='ocrx_word' id='word_1_870' title='bbox 3528 4689 3579 4739; x_wconf 82' lang='lat' dir='ltr'><strong>et</strong></span> <span class='ocrx_word' id='word_1_871' title='bbox 3616 4679 3699 4732; x_wconf 76' lang='lat' dir='ltr'><strong>hic</strong></span> 
     </span>
    </p>
   </div>
   <div class='ocr_carea' id='block_1_108' title="bbox 2121 4768 3698 4847">
    <p class='ocr_par' dir='ltr' id='par_1_108' title="bbox 2121 4768 3698 4847">
     <span class='ocr_line' id='line_1_108' title="bbox 2121 4768 3698 4847; baseline 0.001 -22"><span class='ocrx_word' id='word_1_872' title='bbox 2121 4778 2198 4827; x_wconf 85' lang='lat' dir='ltr'><strong>est</strong></span> <span class='ocrx_word' id='word_1_873' title='bbox 2245 4772 2553 4839; x_wconf 74' lang='lat' dir='ltr'><strong>exspectatio</strong></span> <span class='ocrx_word' id='word_1_874' title='bbox 2601 4769 2827 4840; x_wconf 80' lang='lat' dir='ltr'><strong>gentium</strong></span> <span class='ocrx_word' id='word_1_875' title='bbox 2864 4768 3019 4841; x_wconf 87' lang='lat' dir='ltr'><strong>(Gen.</strong></span> <span class='ocrx_word' id='word_1_876' title='bbox 3050 4786 3194 4837; x_wconf 82' lang='lat' dir='ltr'><strong>thx,</strong></span> <span class='ocrx_word' id='word_1_877' title='bbox 3228 4770 3339 4841; x_wconf 68' lang='lat'><strong>10).</strong></span> <span class='ocrx_word' id='word_1_878' title='bbox 3371 4770 3506 4847; x_wconf 77' lang='lat' dir='ltr'><strong>Quid</strong></span> <span class='ocrx_word' id='word_1_879' title='bbox 3535 4771 3698 4826; x_wconf 70' lang='lat' dir='ltr'><strong>etiam</strong></span> 
     </span>
    </p>
   </div>
   <div class='ocr_carea' id='block_1_109' title="bbox 2123 4861 3701 4938">
    <p class='ocr_par' dir='ltr' id='par_1_109' title="bbox 2123 4861 3701 4938">
     <span class='ocr_line' id='line_1_109' title="bbox 2123 4861 3701 4938; baseline 0.002 -22"><span class='ocrx_word' id='word_1_880' title='bbox 2123 4861 2409 4917; x_wconf 83' lang='lat' dir='ltr'><strong>Zacharias</strong></span> <span class='ocrx_word' id='word_1_881' title='bbox 2432 4862 2729 4932; x_wconf 87' lang='lat' dir='ltr'><strong>propheta?</strong></span> <span class='ocrx_word' id='word_1_882' title='bbox 2760 4861 2984 4932; x_wconf 87' lang='lat' dir='ltr'><strong>Pr0pter</strong></span> <span class='ocrx_word' id='word_1_883' title='bbox 3006 4880 3093 4919; x_wconf 85' lang='lat' dir='ltr'><strong>vos</strong></span> <span class='ocrx_word' id='word_1_884' title='bbox 3114 4904 3129 4930; x_wconf 97' lang='lat'><strong>,</strong></span> <span class='ocrx_word' id='word_1_885' title='bbox 3153 4865 3323 4933; x_wconf 86' lang='lat' dir='ltr'><strong>inquit</strong></span> <span class='ocrx_word' id='word_1_886' title='bbox 3343 4904 3364 4938; x_wconf 48' lang='grc' dir='ltr'><strong>λ</strong></span> <span class='ocrx_word' id='word_1_887' title='bbox 3389 4866 3701 4920; x_wconf 82' lang='lat' dir='ltr'><strong>claudentur</strong></span> 
     </span>
    </p>
   </div>
   <div class='ocr_carea' id='block_1_110' title="bbox 2126 4956 3701 5027">
    <p class='ocr_par' dir='ltr' id='par_1_110' title="bbox 2126 4956 3701 5027">
     <span class='ocr_line' id='line_1_110' title="bbox 2126 4956 3701 5027; baseline 0.004 -20"><span class='ocrx_word' id='word_1_888' title='bbox 2126 4963 2286 5025; x_wconf 68' lang='lat' dir='ltr'><strong>parte</strong></span> <span class='ocrx_word' id='word_1_889' title='bbox 2310 4970 2491 5021; x_wconf 65' lang='lat' dir='ltr'><strong>terea,</strong></span> <span class='ocrx_word' id='word_1_890' title='bbox 2524 4956 2766 5023; x_wconf 88' lang='lat' dir='ltr'><strong>quoniam</strong></span> <span class='ocrx_word' id='word_1_891' title='bbox 2789 4956 2853 5010; x_wconf 86' lang='lat' dir='ltr'><strong>ab</strong></span> <span class='ocrx_word' id='word_1_892' title='bbox 2882 4964 2996 5011; x_wconf 85' lang='lat' dir='ltr'><strong>ortu</strong></span> <span class='ocrx_word' id='word_1_893' title='bbox 3024 4958 3145 5011; x_wconf 89' lang='lat' dir='ltr'><strong>solis</strong></span> <span class='ocrx_word' id='word_1_894' title='bbox 3175 4973 3332 5027; x_wconf 85' lang='lat' dir='ltr'><strong>usque</strong></span> <span class='ocrx_word' id='word_1_895' title='bbox 3368 4958 3437 5012; x_wconf 87' lang='lat' dir='ltr'><strong>ad</strong></span> <span class='ocrx_word' id='word_1_896' title='bbox 3466 4973 3701 5013; x_wconf 80' lang='lat' dir='ltr'><strong>occasum</strong></span> 
     </span>
    </p>
   </div>
   <div class='ocr_carea' id='block_1_111' title="bbox 2126 5044 3699 5118">
    <p class='ocr_par' dir='ltr' id='par_1_111' title="bbox 2126 5044 3699 5118">
     <span class='ocr_line' id='line_1_111' title="bbox 2126 5044 3699 5118; baseline 0.005 -22"><span class='ocrx_word' id='word_1_897' title='bbox 2126 5044 2506 5116; x_wconf 81' lang='lat' dir='ltr'><strong>gloriﬁcabitur</strong></span> <span class='ocrx_word' id='word_1_898' title='bbox 2534 5062 2714 5100; x_wconf 88' lang='lat' dir='ltr'><strong>nomen</strong></span> <span class='ocrx_word' id='word_1_899' title='bbox 2748 5047 2987 5113; x_wconf 87' lang='lat' dir='ltr'><strong>Domini,</strong></span> <span class='ocrx_word' id='word_1_900' title='bbox 3017 5049 3072 5102; x_wconf 90' lang='lat' dir='ltr'><strong>in</strong></span> <span class='ocrx_word' id='word_1_901' title='bbox 3102 5050 3239 5102; x_wconf 90' lang='lat' dir='ltr'><strong>omni</strong></span> <span class='ocrx_word' id='word_1_902' title='bbox 3281 5049 3393 5103; x_wconf 91' lang='lat' dir='ltr'><strong>loco</strong></span> <span class='ocrx_word' id='word_1_903' title='bbox 3440 5049 3699 5118; x_wconf 78' lang='lat' dir='ltr'><strong>effundent</strong></span> 
     </span>
    </p>
   </div>
   <div class='ocr_carea' id='block_1_112' title="bbox 2125 5134 3698 5210">
    <p class='ocr_par' dir='ltr' id='par_1_112' title="bbox 2125 5134 3698 5210">
     <span class='ocr_line' id='line_1_112' title="bbox 2125 5134 3698 5210; baseline 0.005 -21"><span class='ocrx_word' id='word_1_904' title='bbox 2125 5134 2369 5193; x_wconf 85' lang='lat' dir='ltr'><strong>libamina</strong></span> <span class='ocrx_word' id='word_1_905' title='bbox 2396 5145 2510 5189; x_wconf 88' lang='lat' dir='ltr'><strong>ante</strong></span> <span class='ocrx_word' id='word_1_906' title='bbox 2537 5136 2705 5205; x_wconf 84' lang='lat' dir='ltr'><strong>ipsum</strong></span> <span class='ocrx_word' id='word_1_907' title='bbox 2731 5136 2913 5204; x_wconf 75' lang='lat' dir='ltr'><strong>(Zaclr.</strong></span> <span class='ocrx_word' id='word_1_908' title='bbox 2937 5138 3082 5205; x_wconf 76' lang='lat' dir='ltr'><strong>t,&quot;20,</strong></span> <span class='ocrx_word' id='word_1_909' title='bbox 3104 5138 3220 5209; x_wconf 74' lang='lat' dir='ltr'><strong>2i).</strong></span> <span class='ocrx_word' id='word_1_910' title='bbox 3237 5139 3400 5194; x_wconf 89' lang='lat' dir='ltr'><strong>David</strong></span> <span class='ocrx_word' id='word_1_911' title='bbox 3440 5140 3552 5209; x_wconf 86' lang='lat' dir='ltr'><strong>ipse</strong></span> <span class='ocrx_word' id='word_1_912' title='bbox 3573 5142 3698 5210; x_wconf 89' lang='lat' dir='ltr'><strong>quid</strong></span> 
     </span>
    </p>
   </div>
   <div class='ocr_carea' id='block_1_113' title="bbox 2123 5223 3701 5301">
    <p class='ocr_par' dir='ltr' id='par_1_113' title="bbox 2123 5223 3701 5301">
     <span class='ocr_line' id='line_1_113' title="bbox 2123 5223 3701 5301; baseline 0.006 -23"><span class='ocrx_word' id='word_1_913' title='bbox 2123 5223 2315 5279; x_wconf 90' lang='lat' dir='ltr'><strong>iterum</strong></span> <span class='ocrx_word' id='word_1_914' title='bbox 2359 5225 2519 5281; x_wconf 88' lang='lat' dir='ltr'><strong>dicit?</strong></span> <span class='ocrx_word' id='word_1_915' title='bbox 2550 5224 2739 5281; x_wconf 89' lang='lat' dir='ltr'><strong>Omnes</strong></span> <span class='ocrx_word' id='word_1_916' title='bbox 2765 5238 2936 5298; x_wconf 88' lang='lat' dir='ltr'><strong>gentes</strong></span> <span class='ocrx_word' id='word_1_917' title='bbox 2958 5268 2973 5292; x_wconf 96' lang='lat'><strong>,</strong></span> <span class='ocrx_word' id='word_1_918' title='bbox 3024 5230 3253 5300; x_wconf 83' lang='lat' dir='ltr'><strong>plaudite</strong></span> <span class='ocrx_word' id='word_1_919' title='bbox 3278 5229 3507 5285; x_wconf 73' lang='lat' dir='ltr'><strong>manibus</strong></span> <span class='ocrx_word' id='word_1_920' title='bbox 3525 5271 3543 5298; x_wconf 95' lang='lat'><strong>,</strong></span> <span class='ocrx_word' id='word_1_921' title='bbox 3573 5248 3701 5301; x_wconf 74' lang='lat' dir='ltr'><strong>quo-</strong></span> 
     </span>
    </p>
   </div>
   <div class='ocr_carea' id='block_1_114' title="bbox 2123 5314 3701 5389">
    <p class='ocr_par' dir='ltr' id='par_1_114' title="bbox 2123 5314 3701 5389">
     <span class='ocr_line' id='line_1_114' title="bbox 2123 5314 3701 5389; baseline 0.001 -20"><span class='ocrx_word' id='word_1_922' title='bbox 2123 5317 2261 5369; x_wconf 88' lang='lat' dir='ltr'><strong>niam</strong></span> <span class='ocrx_word' id='word_1_923' title='bbox 2291 5314 2429 5370; x_wconf 86' lang='lat' dir='ltr'><strong>Detts</strong></span> <span class='ocrx_word' id='word_1_924' title='bbox 2450 5316 2683 5371; x_wconf 72' lang='lat' dir='ltr'><strong>excelsus</strong></span> <span class='ocrx_word' id='word_1_925' title='bbox 2710 5318 2949 5372; x_wconf 88' lang='lat' dir='ltr'><strong>terribilis</strong></span> <span class='ocrx_word' id='word_1_926' title='bbox 2974 5328 3020 5372; x_wconf 89' lang='lat' dir='ltr'><strong>et</strong></span> <span class='ocrx_word' id='word_1_927' title='bbox 3051 5334 3143 5372; x_wconf 77' lang='lat' dir='ltr'><strong>rex</strong></span> <span class='ocrx_word' id='word_1_928' title='bbox 3169 5335 3382 5389; x_wconf 81' lang='lat' dir='ltr'><strong>magnus</strong></span> <span class='ocrx_word' id='word_1_929' title='bbox 3409 5335 3566 5388; x_wconf 82' lang='lat' dir='ltr'><strong>super</strong></span> <span class='ocrx_word' id='word_1_930' title='bbox 3593 5335 3701 5371; x_wconf 83' lang='lat' dir='ltr'><strong>om-</strong></span> 
     </span>
    </p>
   </div>
   <div class='ocr_carea' id='block_1_115' title="bbox 2126 5404 3702 5478">
    <p class='ocr_par' dir='ltr' id='par_1_115' title="bbox 2126 5404 3702 5478">
     <span class='ocr_line' id='line_1_115' title="bbox 2126 5404 3702 5478; baseline 0.004 -19"><span class='ocrx_word' id='word_1_931' title='bbox 2126 5421 2238 5459; x_wconf 90' lang='lat' dir='ltr'><strong>nem</strong></span> <span class='ocrx_word' id='word_1_932' title='bbox 2284 5415 2473 5460; x_wconf 85' lang='lat' dir='ltr'><strong>terram</strong></span> <span class='ocrx_word' id='word_1_933' title='bbox 2519 5404 2690 5474; x_wconf 80' lang='lat' dir='ltr'><strong>(Psal.</strong></span> <span class='ocrx_word' id='word_1_934' title='bbox 2725 5408 3257 5478; x_wconf 70' lang='lat' dir='ltr'><strong>xt.v1,2,5).l)enique</strong></span> <span class='ocrx_word' id='word_1_935' title='bbox 3285 5410 3499 5478; x_wconf 90' lang='lat' dir='ltr'><strong>quando</strong></span> <span class='ocrx_word' id='word_1_936' title='bbox 3544 5420 3702 5465; x_wconf 86' lang='lat' dir='ltr'><strong>natus</strong></span> 
     </span>
    </p>
   </div>
   <div class='ocr_carea' id='block_1_116' title="bbox 2125 5498 3702 5570">
    <p class='ocr_par' dir='ltr' id='par_1_116' title="bbox 2125 5498 3702 5570">
     <span class='ocr_line' id='line_1_116' title="bbox 2125 5498 3702 5570; baseline 0.001 -17"><span class='ocrx_word' id='word_1_937' title='bbox 2125 5513 2185 5554; x_wconf 88' lang='lat' dir='ltr'><strong>es</strong></span> <span class='ocrx_word' id='word_1_938' title='bbox 2229 5498 2280 5553; x_wconf 93' lang='lat' dir='ltr'><strong>in</strong></span> <span class='ocrx_word' id='word_1_939' title='bbox 2336 5514 2529 5565; x_wconf 87' lang='lat' dir='ltr'><strong>carne,</strong></span> <span class='ocrx_word' id='word_1_940' title='bbox 2589 5514 2724 5569; x_wconf 92' lang='lat' dir='ltr'><strong>quos</strong></span> <span class='ocrx_word' id='word_1_941' title='bbox 2782 5502 3029 5554; x_wconf 83' lang='lat' dir='ltr'><strong>vocasti?</strong></span> <span class='ocrx_word' id='word_1_942' title='bbox 3078 5516 3254 5556; x_wconf 84' lang='lat' dir='ltr'><strong>nonne</strong></span> <span class='ocrx_word' id='word_1_943' title='bbox 3293 5500 3509 5570; x_wconf 78' lang='lat' dir='ltr'><strong>Magos?</strong></span> <span class='ocrx_word' id='word_1_944' title='bbox 3557 5500 3702 5556; x_wconf 83' lang='lat' dir='ltr'><strong>Nun-</strong></span> 
     </span>
    </p>
   </div>
   <div class='ocr_carea' id='block_1_117' title="bbox 2126 5589 3699 5661">
    <p class='ocr_par' dir='ltr' id='par_1_117' title="bbox 2126 5589 3699 5661">
     <span class='ocr_line' id='line_1_117' title="bbox 2126 5589 3699 5661; baseline 0.003 -19"><span class='ocrx_word' id='word_1_945' title='bbox 2126 5589 2251 5657; x_wconf 88' lang='lat' dir='ltr'><strong>quid</strong></span> <span class='ocrx_word' id='word_1_946' title='bbox 2280 5590 2568 5659; x_wconf 80' lang='lat' dir='ltr'><strong>prophetas</strong></span> <span class='ocrx_word' id='word_1_947' title='bbox 2616 5591 2806 5646; x_wconf 85' lang='lat' dir='ltr'><strong>venisti</strong></span> <span class='ocrx_word' id='word_1_948' title='bbox 2855 5606 3045 5646; x_wconf 87' lang='lat' dir='ltr'><strong>vocare</strong></span> <span class='ocrx_word' id='word_1_949' title='bbox 3072 5632 3087 5657; x_wconf 95' lang='lat'><strong>,</strong></span> <span class='ocrx_word' id='word_1_950' title='bbox 3120 5593 3209 5661; x_wconf 89' lang='lat' dir='ltr'><strong>qui</strong></span> <span class='ocrx_word' id='word_1_951' title='bbox 3261 5591 3431 5661; x_wconf 89' lang='lat' dir='ltr'><strong>ipsam</strong></span> <span class='ocrx_word' id='word_1_952' title='bbox 3475 5592 3699 5647; x_wconf 79' lang='lat' dir='ltr'><strong>salutent</strong></span> 
     </span>
    </p>
   </div>
   <div class='ocr_carea' id='block_1_118' title="bbox 2127 5684 3699 5761">
    <p class='ocr_par' dir='ltr' id='par_1_118' title="bbox 2127 5684 3699 5761">
     <span class='ocr_line' id='line_1_118' title="bbox 2127 5684 3699 5761; baseline 0 -22"><span class='ocrx_word' id='word_1_953' title='bbox 2127 5684 2371 5757; x_wconf 69' lang='lat' dir='ltr'><strong>gentibus</strong></span> <span class='ocrx_word' id='word_1_954' title='bbox 2399 5687 2738 5742; x_wconf 82' lang='lat' dir='ltr'><strong>ccc&#39;ncrunt?</strong></span> <span class='ocrx_word' id='word_1_955' title='bbox 2780 5686 3062 5757; x_wconf 81' lang='lat' dir='ltr'><strong>Apostolus</strong></span> <span class='ocrx_word' id='word_1_956' title='bbox 3089 5687 3245 5756; x_wconf 77' lang='lat' dir='ltr'><strong>etiam</strong></span> <span class='ocrx_word' id='word_1_957' title='bbox 3280 5701 3400 5743; x_wconf 86' lang='lat' dir='ltr'><strong>cum</strong></span> <span class='ocrx_word' id='word_1_958' title='bbox 3434 5688 3699 5761; x_wconf 65' lang='lat' dir='ltr'><strong>mitteres,</strong></span> 
     </span>
    </p>
   </div>
  </div>
