4032 6184
370 358 464 414 121

1680 359 1954 415 IIOMILIA
1995 360 2327 418 SECUNDA.

3525 374 3623 427 121

364 476 489 544 quid
516 476 595 530 eis
625 477 849 530 dixisti?
881 475 1063 530 Docete
1090 492 1261 529 omnes
1283 486 1475 546 gentes,
1519 475 1832 546 baptizantes
1853 492 1936 528 eos
1966 477 2011 533 Α
2049 476 2189 539 dice,
2215 491 2348 545 quos
2398 476 2468 530 ita
2505 478 2820 534 exhortatur
2863 479 3053 534 Paulus
3084 498 3096 533 ε
3132 478 3308 536 Filioli
3340 486 3455 547 mei,
3500 502 3624 554 quos

364 568 651 620 mirantium
704 565 878 621 Patris
904 576 951 619 et
983 564 1110 620 Filii
1155 577 1200 620 et
1241 566 1471 635 Spiritus
1518 568 1680 620 sancti
1727 566 1939 637 (Matth.

362 673 551 724 xxviii,
582 659 695 728 t9).
727 658 790 712 Et
820 673 961 711 nunc
982 658 1196 727 quando
1218 659 1411 712 misera
1436 657 1548 713 haec
1577 659 1768 713 mulier
1812 659 1943 713 acri-

360 748 464 803 bus
490 749 764 804 doloribus
785 758 838 804 et
858 749 1086 803 stimulis
1108 758 1371 803 t-oarctata
1395 758 1548 818 rogat
1568 758 1617 804 te
1634 749 1943 804 etobsecrat

361 857 463 910 pro
492 841 596 895 tilia
624 856 743 905 sua,
791 851 851 895 ut
901 855 1019 894 eam
1067 856 1097 894 a
1147 840 1353 895 funesta
1384 841 1629 910 passione
1675 840 1938 903 absolvas,

362 933 526 987 modo
552 932 724 987 dicis:
754 931 876 985 Non
905 932 1252 996 summissus,
1297 931 1400 984 nisi
1442 932 1510 983 ad
1563 948 1674 985 oves
1718 932 1942 999 perditas

358 1029 548 1101 glomus
576 1024 760 1079 Israel.
783 1024 939 1079 Venit
960 1024 1024 1077 ad
1050 1033 1099 1078 te
1142 1024 1405 1089 centurio,
1431 1038 1626 1092 rogans
1653 1037 1752 1091 pro
1776 1038 1941 1091 puero

360 1132 484 1179 suo,
509 1127 563 1170 et
587 1116 771 1170 dixisti
800 1132 815 1170 :
841 1114 954 1185 Ego
982 1116 1183 1169 veniens
1209 1115 1396 1169 curabo
1414 1131 1552 1177 eum,
1580 1113 1839 1170 Pendenti
1863 1114 1940 1168 la-

370 1209 505 1261 ;oni
539 1205 841 1275 paradisum
889 1205 1176 1272 reparasti,
1229 1204 1523 1275 paralytico
1570 1205 1940 1273 imperastidi-

362 1308 492 1353 rens
519 1318 535 1353 :
569 1297 758 1365 Surge,
787 1296 908 1350 tolle
934 1296 1114 1349 lecmm
1134 1305 1275 1348 tuum
1297 1304 1343 1347 et
1367 1294 1590 1348 ambula.
1614 1296 1845 1350 Lazarus
1871 1293 1939 1349 de

378 1401 712 1445 nonumento
744 1399 796 1444 te
838 1403 1037 1442 vocans
1061 1388 1326 1443 redivivus
1353 1388 1607 1454 surrexit,
1641 1387 1784 1441 varia
1807 1402 1939 1456 quo-

354 1498 465 1550 que
494 1482 807 1549 languorum
842 1493 1039 1547 genera
1062 1479 1226 1532 verbo
1252 1478 1488 1542 sanasti,
1512 1479 1748 1534 latrones
1800 1479 1935 1534 libe-

357 1571 861 1637 rasti,meretiices
906 1570 1197 1640 virginibus
1246 1570 1544 1638 prtetulisti,
1582 1570 1751 1625 solam
1798 1570 1937 1625 hanc

357 1664 612 1717 miseram
667 1660 1033 1716 Cbauanazam
1083 1660 1333 1729 respuisti
1358 1660 1757 1729 deprecantem.
1798 1660 1936 1727 Quid

356 1755 565 1809 esthoc
595 1753 815 1808 verbum
845 1751 1090 1806 miraculi
1135 1750 1463 1805 inauditum?
1517 1750 1668 1805 Nunc
1706 1750 1937 1806 intendi-

357 1859 431 1911 te,
466 1856 523 1899 ut
575 1845 780 1910 sciatis,
839 1846 998 1914 quale
1028 1844 1403 1911 compendium
1440 1842 1624 1912 incipit
1674 1844 1932 1900 revelare.
1966 1841 2014 1900 B

357 1936 583 2007 Quando
638 1937 893 1991 liberatus
929 1935 1089 1990 Israel
1145 1949 1175 1989 a
1209 1933 1379 2005 plagis
1400 1933 1792 2003 Egyptiorum,
1826 1944 1879 1990 et
1904 1951 1933 1988 a

358 2029 642 2085 Pharaone
671 2036 945 2082 extractus
992 2026 1202 2081 transiit
1247 2025 1474 2094 populus
1495 2039 1590 2094 per
1641 2025 1932 2091 desertum,

358 2118 614 2188 praecepit
645 2118 694 2171 ei
745 2116 1000 2171 Dominus
1049 2116 1101 2169 in
1157 2114 1274 2184 lege
1324 2125 1380 2169 ut
1430 2130 1535 2169 non
1575 2116 1933 2170 communica-

342 2194 476 2269 .rent
500 2208 816 2273 Chananazis
847 2222 945 2264 nec
971 2207 1324 2261 convenirent
1347 2220 1467 2261 cum
1511 2206 1588 2262 eis
1618 2248 1634 2274 ,
1682 2208 1931 2277 quoniam

356 2304 474 2359 sine
501 2303 619 2371 lege
647 2309 822 2367 erant,
846 2299 984 2355 idola
1035 2300 1307 2354 immunda
1354 2299 1616 2356 colentes.
1673 2301 1935 2369 Praecepit

355 2408 485 2463 ergo
511 2392 654 2447 Deus
678 2390 728 2445 in
753 2390 872 2458 lege
912 2389 1112 2445 Judaeis
1154 2399 1213 2444 ut
1257 2404 1362 2444 non
1408 2400 1774 2445 mercarentur
1810 2405 1931 2447 cum

353 2486 456 2552 cis,
489 2500 591 2540 nec
609 2483 873 2539 connubia
899 2483 951 2538 in
974 2484 1180 2537 semine
1206 2496 1392 2537 eorum
1421 2482 1727 2545 miscerent,
1753 2498 1816 2536 ne
1837 2498 1931 2552 per

354 2578 471 2632 haec
495 2590 526 2629 a
553 2575 665 2629 suis
691 2573 935 2643 legitimis
980 2574 1334 2643 privarentur,
1382 2581 1438 2628 et
1493 2572 1728 2643 profanis
1757 2572 1931 2627 idolo-

351 2683 473 2724 rum
518 2666 753 2720 cultibus
796 2666 1169 2736 iungerentur.
1231 2666 1449 2737 Aspice,
1497 2675 1553 2721 et
1624 2667 1929 2736 considera,

349 2768 405 2813 et
429 2758 651 2812 intende
671 2772 789 2826 qua:
811 2756 958 2822 dico,
988 2757 1111 2830 quia
1142 2756 1322 2812 adhuc
1369 2757 1423 2811 in
1465 2766 1673 2811 textura
1697 2766 1776 2812 est
1801 2758 1927 2812 tela.

352 2848 546 2905 Mulier
573 2847 676 2907 ista
702 2845 1004 2907 Cbananma
1034 2857 1149 2902 erat
1184 2847 1254 2903 de
1273 2858 1431 2918 gente
1459 2846 1752 2918 immunda,
1806 2850 1928 2918 qui-

351 2943 454 2996 bus
481 2955 592 2995 non
623 2938 819 2994 licebat
838 2938 1239 2995 communicare
1265 2955 1386 2995 cum
1420 2940 1517 2993 eis.
1568 2939 1705 3006 Quid
1760 2939 1930 3009 ergo?

347 3032 456 3087 sub
482 3031 600 3100 lege
630 3039 847 3086 venerat
879 3031 1168 3097 Dominus,
1222 3038 1281 3084 ut
1316 3030 1635 3100 adimpleret
1659 3072 1673 3097 ,
1721 3040 1777 3085 et
1822 3045 1926 3085 non

346 3125 585 3180 solveret
609 3124 798 3194 Icgem.
830 3121 995 3192 Igitur
1009 3123 1055 3177 si
1085 3122 1151 3176 ad
1180 3131 1507 3176 momentum
1539 3123 1774 3176 audisset
1813 3138 1928 3176 mu-

2049 567 2229 620 iterum
2252 571 2503 639 partttrio,
2533 572 2689 624 donec
2716 571 2946 625 Christus
2973 573 3222 643 formetur
3249 575 3298 627 in
3321 575 3479 631 vobis.
3519 578 3616 630 Ἀρ·

2047 667 2197 711 cusat
2223 674 2349 727 ergo
2374 659 2611 726 :ludteos,
2637 675 2757 715 cum
2782 661 2910 716 dicit
2942 679 2956 716 :
2985 663 3103 717 Non
3138 664 3253 717 licet
3309 666 3487 719 tollere
3531 683 3618 735 pa-

2049 764 2162 802 rtem
2191 750 2434 815 ﬁliorum,
2467 760 2514 804 et
2544 753 2738 804 mittere
2765 753 2995 806 canibus.

2117 839 2219 894 Sed
2244 839 2369 907 quid
2400 842 2677 909 respondit
2717 843 2945 898 mulier?
3001 842 3196 908 Etiam,
3248 846 3482 912 Domine,
3532 864 3619 917 po-

2045 931 2460 996 tes,sivolueris.
2512 932 2556 986 Ο
2603 935 2795 987 mulier
2839 934 3100 989 violenta!
3160 937 3415 992 Dominus
3445 938 3616 993 dicit:

2049 1021 2167 1076 Non
2197 1024 2344 1087 licet;
2389 1035 2441 1078 et
2485 1025 2571 1080 illa
2615 1025 2783 1080 dicit:
2844 1025 3037 1092 Etiam,
3090 1027 3320 1100 Domine,
3367 1040 3527 1101 potes,
3577 1034 3619 1086 si

2047 1119 2287 1173 colueris.
2317 1119 2492 1174 Oblita
2523 1129 2606 1174 est
2627 1121 2983 1185 verecundim,
3007 1133 3061 1176 ct
3091 1124 3392 1180 intermisso
3418 1126 3619 1193 pudore

2044 1224 2267 1269 conatur
2294 1216 2509 1270 vincere
2538 1216 2845 1271 Dominum.
2875 1216 3127 1272 Dominus
3155 1219 3277 1273 dicit
3310 1236 3323 1271 :
3362 1218 3481 1273 Non
3502 1218 3618 1273 licet

2044 1308 2222 1361 tollere
2247 1325 2429 1377 partem
2459 1309 2705 1377 ﬁliorum,
2737 1320 2785 1366 et
2826 1311 3019 1364 mittere
3063 1312 3303 1375 canibus;
3347 1321 3400 1367 et
3424 1311 3510 1365 illa
3534 1326 3618 1366 re-

2040 1401 2781 1470 spondit:Etiam,Domine,
2831 1418 2947 1457 sum
3008 1402 3148 1472 quod
3204 1403 3359 1456 dicis.
3416 1398 3614 1457 Canem

2041 1508 2126 1547 me
2156 1486 2333 1558 voeas,
2379 1493 2530 1563 canis
2557 1507 2674 1547 sum
2704 1511 2717 1547 :
2742 1508 2975 1562 agnosco
3001 1507 3196 1547 nomen
3229 1507 3405 1547 meum
3443 1509 3455 1545 :
3487 1505 3616 1545 con-

2041 1586 2216 1640 fundis
2244 1600 2330 1641 me
2355 1594 2439 1652 tu;
2481 1585 2576 1641 sed
2633 1600 2731 1656 ego
2755 1600 2859 1640 non
2889 1586 3082 1640 recedo
3113 1600 3141 1639 a
3170 1593 3241 1639 te.
3270 1584 3433 1639 Canis
3470 1599 3613 1650 sum,

2040 1689 2233 1746 sequar
2253 1685 2325 1744 te,
2349 1677 2499 1746 quasi
2537 1677 2720 1737 canis;
2781 1677 2989 1747 porrigo.
3041 1676 3169 1730 mihi
3222 1675 3441 1744 aliquid.
3498 1673 3613 1728 Non

2040 1782 2219 1837 quer
2250 1784 2437 1838 panem
2471 1769 2697 1822 ﬁliorum
2733 1785 2746 1821 :
2778 1768 2845 1821 da
2870 1766 3002 1822 milii
3028 1768 3109 1821 vel
3136 1768 3320 1831 micas,
3362 1766 3613 1837 quoniam

2040 1868 2095 1915 et
2122 1860 2283 1915 catuli
2314 1859 2634 1921 manducant
2665 1859 2732 1914 de
2756 1861 2908 1914 micis
2932 1875 3049 1930 qua:
3070 1860 3263 1915 cadunt
3310 1860 3377 1914 de
3428 1874 3609 1913 mensa

2038 1953 2376 2007 dominorum
2406 1966 2643 2007 suorum.
2668 1952 2712 2007 Ο
2741 1963 3011 2007 certamen
3044 1954 3280 2022 pictatis!
3315 1967 3348 2006 ο
3379 1951 3612 2019 pruden-

2038 2044 2106 2098 tia
2125 2043 2365 2098 t‘emiuze!
2399 2041 2597 2099 Canem
2618 2054 2711 2098 me
2734 2043 2887 2111 dicis,
2908 2043 3159 2098 Domine:
3185 2058 3300 2096 sum
3323 2056 3441 2111 ego.
3474 2043 3613 2111 Ergo

2036 2134 2175 2187 nutri
2196 2149 2281 2187 me
2310 2134 2455 2189 velut
2477 2149 2662 2189 canem
2691 2152 2705 2187 :
2738 2150 2843 2187 non
2870 2148 3082 2203 possum
3120 2134 3422 2202 relinquere
3465 2146 3611 2185 men-

2035 2240 2150 2280 sam
2173 2226 2373 2280 domini
2397 2225 2520 2281 mei.
2547 2226 2745 2280 Canem
2762 2241 2846 2279 me
2871 2225 3107 2294 appellas
3137 2242 3153 2279 :
3184 2226 3392 2294 porrige
3422 2225 3607 2277 micas.

2036 2315 2229 2371 Dixisti
2286 2329 2499 2370 causam
2558 2330 2752 2380 meam,
2802 2315 3057 2369 distulisti
3112 2315 3395 2381 petitiones
3440 2327 3608 2375 meas,

2036 2405 2773 2463 manifestasticonditioncm
2822 2420 2995 2461 meam
3030 2422 3042 2457 :
3074 2404 3264 2473 adjnva
3304 2418 3391 2457 me
3444 2416 3606 2468 nunc,

2034 2499 2283 2570 quoniam
2311 2508 2365 2553 et
2384 2498 2544 2551 catuli
2560 2498 2712 2551 edunt
2740 2498 2803 2550 de
2817 2498 2961 2550 micis
2988 2513 3106 2567 qua:
3132 2497 3322 2549 cadunt
3344 2495 3407 2550 de
3437 2511 3609 2548 mensa

2033 2592 2356 2646 dominorum
2382 2606 2611 2646 suorum.
2643 2588 2687 2643 Ο
2710 2588 2927 2643 mulier!
2981 2587 3231 2657 accepisti
3274 2586 3463 2641 subito‘
3498 2586 3609 2639 lau‘

2033 2682 2187 2748 dem,
2222 2690 2275 2738 et
2330 2684 2542 2737 inventa
2588 2697 2648 2737 es
2695 2681 2880 2736 electis
2923 2681 3165 2735 electior.
3221 2680 3424 2734 Idcirco
3468 2688 3609 2733 tacet

2038 2773 2315 2840 Dominus,
2352 2773 2472 2828 ideo
2499 2772 2707 2827 distulit
2731 2779 2785 2826 et
2811 2771 3089 2841 protraxit,
3116 2780 3169 2825 ut
3199 2780 3431 2825 mentem
3465 2776 3609 2823 tuam

2034 2863 2409 2933 perpenderet,
2432 2873 2487 2918 et
2539 2863 2710 2917 vivam
2741 2863 2808 2918 de
2836 2871 2887 2917 te
2939 2860 3258 2931 produceret
3304 2875 3511 2915 vocem.
3551 2861 3608 2915 Si

2034 2954 2200 3020 enim,
2228 2954 2409 3008 statim
2439 2962 2493 3007 ut
2515 2954 2723 3024 coepisti
2775 2961 2955 3023 petere
2980 2994 2996 3020 ,
3054 2951 3355 3022 accepisses
3376 2993 3391 3016 ,
3441 2965 3608 3006 reces«

2031 3047 2218 3113 sisses,
2242 3054 2296 3101 et
2317 3061 2475 3101 nemo
2506 3046 2662 3101 tidem
2698 3056 2840 3100 tuam
2872 3045 3172 3113 probasset,
3197 3044 3373 3098 nullus
3414 3044 3610 3098 mentis

2033 3146 2139 3191 tua:
2166 3137 2507 3205 cognovisset
2532 3152 2807 3191 arcanum.
2838 3135 2973 3188 Num
3005 3146 3181 3189 autem
3204 3135 3325 3204 quia
3360 3132 3606 3203 inn-lligis

347 3220 561 3283 lierem,
593 3216 837 3271 dicerent
879 3214 1241 3270 Judaiizldeo
1292 3221 1344 3267 te
1399 3228 1503 3268 non
1549 3213 1796 3268 audimus
1829 3228 1926 3269 nec

2036 3227 2126 3287 Dei
2158 3228 2428 3293 virtutem,
2456 3236 2512 3283 et
2540 3229 2618 3282 sic
2670 3236 2722 3281 te
2774 3224 3052 3295 cognoscis
3099 3233 3154 3278 ut
3202 3224 3396 3277 dicas:
3437 3220 3608 3275 Etiam

342 3308 644 3379 sequimur,
672 3305 925 3375 quoniam
958 3307 1121 3362 solvis
1147 3306 1339 3375 legem.
1395 3305 1638 3374 Praecipit
1665 3306 1809 3360 enim
1841 3305 1924 3361 lex

343 3402 615 3459 abstinere
643 3414 674 3455 a
700 3399 1041 3454 Chanaumis.
1071 3398 1295 3467 Propter
1326 3398 1427 3453 hoc
1456 3407 1594 3453 tacet
1626 3398 1881 3452 Dominus
1905 3415 1920 3453 :

343 3503 565 3563 propter
594 3493 695 3548 hoc
727 3509 833 3557 non
858 3492 1133 3561 respondit
1178 3491 1411 3546 mulieri.
1473 3490 1604 3546 Vide
1655 3491 1924 3560 quomodo

340 3597 523 3644 servat
552 3588 749 3658 legem,
777 3597 835 3641 ut
855 3586 1071 3642 Juda'os
1098 3584 1472 3650 confunderet,
1504 3585 1689 3639 dicens
1717 3602 1732 3640 :
1766 3585 1922 3651 Quis-

340 3697 460 3734 nam
480 3688 699 3732 vestrum
730 3694 807 3731 me
844 3678 1015 3745 arguit
1032 3676 1095 3731 de
1122 3676 1364 3745 peccato?
1408 3675 1545 3729 Ecce
1597 3690 1701 3730 non
1753 3676 1921 3745 respi-

338 3775 423 3828 cio
447 3770 513 3824 ad
538 3770 817 3827 mulierem
847 3769 1199 3823 Chananteam
1226 3784 1239 3833 ;
1267 3782 1393 3822 ecce
1418 3768 1612 3823 clamat
1655 3768 1770 3822 sine
1794 3783 1923 3822 cau-

336 3882 425 3929 sa;
502 3879 631 3919 ecce
700 3864 967 3927 obsecrat,
1018 3870 1072 3916 et
1103 3877 1207 3917 non
1254 3862 1539 3917 exauditur
1582 3880 1597 3917 :
1644 3878 1769 3917 ecce
1790 3878 1921 3933 quo-

338 3956 511 4011 modo
560 3964 716 4009 teneo
743 3954 875 4023 legis
902 3952 1150 4019 formam,
1182 3967 1250 4007 ne
1278 3953 1468 4007 dicatis
1503 3953 1753 4022 quoniam
1786 3968 1920 4022 prae-

337 4047 494 4101 ttzrivi
526 4047 722 4116 legero.
752 4044 875 4101 Ideo
901 4060 1007 4100 non
1034 4043 1305 4099 credimus
1333 4043 1385 4097 in
1417 4052 1489 4098 te.
1533 4042 1647 4097 Non
1679 4058 1743 4098 ex
1801 4058 1915 4107 me,

334 4138 435 4191 sed
459 4152 524 4192 ex
550 4136 702 4189 vobis
724 4144 807 4190 est
856 4148 1029 4189 error.
1079 4134 1446 4188 Obmutescite
1480 4133 1656 4202 itaque
1703 4140 1915 4201 propter

334 4230 733 4285 observantiam
765 4228 900 4299 legis
931 4246 944 4283 :
970 4241 1095 4284 ecce
1119 4227 1361 4281 nationes
1416 4225 1503 4279 ad‘
1532 4239 1617 4280 me
1674 4225 1914 4289 veniunt,

334 4338 464 4377 ecce
494 4322 716 4392 [opulus
732 4336 890 4391 quem
920 4334 1025 4374 non
1057 4318 1201 4383 novi,
1253 4318 1382 4373 milii
1423 4318 1627 4371 servire
1656 4316 1869 4371 festinat
1898 4331 1912 4371 :

333 4415 501 4469 nolite
549 4413 945 4484 argumentosis
982 4412 1353 4477 occasionibus
1402 4410 1501 4465 uti.
1558 4409 1698 4464 Ecce
1735 4424 1763 4463 a
1808 4424 1911 4461 non

333 4504 778 4574 cognoscentibus
799 4518 886 4558 me
899 4502 1142 4571 cognitus
1163 4516 1306 4566 sum,
1328 4510 1383 4554 et
1420 4514 1449 4553 a
1479 4499 1708 4570 cognitis
1757 4500 1909 4568 igno-

2029 3322 2192 3375 catuli
2214 3322 2366 3375 edunt
2389 3322 2451 3374 de
2475 3322 2617 3375 micis
2636 3337 2748 3390 qua:
2774 3321 2964 3373 cadunt
2994 3319 3057 3371 de
3081 3334 3254 3371 mensa
3283 3316 3605 3369 dominorum

2027 3429 2267 3478 suorum;
2299 3412 2455 3465 laudo
2484 3422 2532 3466 te
2553 3428 2652 3483 ego
2672 3420 2725 3465 ct
2743 3411 2863 3467 dico
2898 3426 2912 3463 :
2940 3410 2983 3464 0
3006 3409 3211 3475 mulier,
3236 3424 3421 3478 magna
3444 3418 3515 3462 est
3544 3408 3606 3475 ﬁs

2028 3505 2121 3558 das
2159 3514 2265 3569 tua,
2296 3506 2385 3571 ﬁat
2412 3505 2500 3557 tibi
2524 3505 2657 3561 sicut
2682 3503 2774 3556 ris.

2096 3596 2469 3653 Audianthtec
2497 3597 2695 3651 inertes
2735 3604 2789 3650 et
2812 3594 3045 3664 improbi
3074 3593 3163 3664 qui
3211 3593 3389 3649 dicunt
3425 3610 3437 3644 :
3468 3592 3603 3647 Ora-

2026 3691 2224 3757 vimus,
2267 3700 2321 3745 et
2372 3704 2477 3743 non
2527 3689 2949 3757 impetravimus.
3013 3687 3149 3754 Quid
3193 3686 3451 3753 loqueris,
3502 3686 3602 3740 bo-

2026 3781 2150 3836 mo?
2183 3780 2442 3835 in~tanter
2466 3794 2581 3845 ora,
2611 3780 2914 3847 importune
2939 3777 3182 3841 obsecra,
3200 3776 3462 3845 siquidem
3486 3777 3601 3844 pul-

2024 3871 2163 3929 santi
2201 3874 2493 3940 aperietur.
2533 3869 2635 3925 Sed
2665 3869 2840 3923 dicis:
2886 3868 3208 3936 Deprecatns
3256 3883 3374 3921 sum
3405 3868 3598 3933 semel,

2002 3962 2238 4027 iterum,
2272 3972 2326 4016 et
2355 3970 2458 4027 ter,
2491 3969 2545 4015 et
2565 3969 2772 4028 quater,
2806 3968 2859 4013 et
2909 3960 3127 4027 septies,
3187 3967 3241 4012 et
3293 3958 3493 4020 decies,
3544 3966 3603 4011 et

2028 4053 2204 4119 vicit-s,
2233 4062 2286 4107 et
2330 4068 2435 4105 non
2463 4052 2731 4107 exaudivit
2783 4051 2944 4105 Deus.
2988 4052 3032 4104 υ
3061 4050 3219 4117 stulta
3264 4050 3601 4103 inventioiet

2021 4142 2148 4217 quid
2175 4158 2335 4209 nunc,
2369 4144 2488 4210 quia
2521 4157 2616 4197 nos
2654 4157 2715 4195 es
2734 4142 3036 4206 exauditus,
3058 4140 3169 4209 jam
3200 4143 3409 4195 recedis
3433 4155 3461 4194 a
3493 4138 3600 4195 Do-
3642 4210 3655 4219 κ

2021 4235 2187 4301 mino,
2211 4242 2266 4288 et
2285 4234 2504 4291 desistis
2526 4250 2553 4288 a
2580 4236 2779 4303 prece?
2809 4244 2895 4287 aut
2928 4249 3032 4287 non
3061 4233 3207 4287 vides
3250 4243 3600 4302 perseieran—

2021 4326 2146 4383 tiam
2173 4325 2411 4381 mulieris
2467 4324 2802 4393 Cliananaete,
2829 4325 3100 4395 quomodo
3130 4326 3297 4395 magis
3355 4326 3593 4392 aporiata

2019 4418 2237 4486 insistit,
2271 4428 2322 4473 et
2347 4418 2557 4487 repulsa
2602 4418 2957 4487 importunius
3013 4418 3291 4483 obsecrat;
3334 4432 3431 4470 nec
3474 4426 3599 4469 ante

2017 4509 2249 4563 cessavit
2277 4524 2432 4578 quam
2484 4508 2623 4579 quod
2676 4508 2922 4578 qumsivit
2975 4507 3209 4565 invenit?
3255 4509 3387 4561 Sunt
3442 4506 3595 4559 inulti

332 4573 680 4658 ratuszecce
727 4593 1044 4664 alienigenas
1093 4591 1485 4659 obsecundant,
1531 4600 1584 4646 et
1635 4591 1910 4645 domestici

2028 4573 2334 4670 quidemqui
2364 4573 2561 4654 intrant
2588 4601 2639 4654 in
2670 4573 2975 4661 ecclesiam,
3007 4605 3062 4650 et
3089 4605 3331 4663 strepunt
3368 4595 3419 4647 in
3476 4607 3597 4646 ora-

333 4692 583 4748 sacviunt.
610 4688 743 4745 "(BC
766 4697 848 4742 est
869 4687 1048 4756 itaque
1080 4686 1249 4752 prima
1279 4699 1459 4751 causa,
1519 4684 1660 4755 quod
1706 4682 1909 4741 distulit

335 4780 594 4834 Dominus
622 4777 948 4847 iespondere
979 4776 1209 4832 mulieri.

405 4871 614 4935 Interea
644 4867 951 4937 persistitin
996 4868 1230 4922 clamore
1271 4866 1482 4934 mulier,
1520 4868 1702 4922 dicens
1743 4885 1757 4920 :
1807 4870 1910 4921 Att-

336 4966 452 5032 iiwa
472 4960 835 5026 me,Doutine.
887 4960 952 5018 Et
998 4962 1112 5029 ipse
1161 4971 1364 5019 tantum
1404 4962 1675 5029 respondit
1720 4978 1732 5013 :
1787 4960 1910 5015 Non

332 5055 445 5109 beet
496 5053 676 5107 tollere
720 5067 903 5122 partem
951 5052 1198 5120 ﬁliorum,
1254 5059 1300 5105 et
1337 5053 1534 5107 mittere
1582 5052 1814 5107 canibus.
1864 5053 1908 5106 υ

333 5142 614 5213 prudentia
670 5141 899 5197 medici!
948 5142 1128 5197 multis
1169 5140 1575 5196 difﬁcultatibus
1631 5141 1911 5210 suspendit

334 5236 633 5301 mulierem,
694 5245 754 5290 ut
777 5235 975 5305 duplici
1023 5243 1295 5305 postremo
1344 5235 1548 5290 honore
1589 5236 1905 5302 cumularet,

330 5327 544 5383 dicens:
581 5326 703 5381 Non
728 5328 843 5381 licet
883 5326 1060 5381 tollere
1114 5342 1300 5397 panem
1338 5326 1588 5393 ﬁliorum,
1628 5336 1676 5380 et
1713 5326 1909 5379 mittere

328 5417 560 5471 canibus.
603 5416 706 5485 Qui
733 5425 859 5470 sunt
880 5415 1012 5469 lilii?
1033 5429 1168 5485 quos
1197 5415 1369 5469 vides.
1420 5413 1764 5469 Conlundens
1813 5430 1907 5469 eos

330 5508 433 5563 hoc
452 5509 599 5572 dicit,
628 5508 747 5577 quia
777 5505 986 5561 fuerunt
1016 5505 1129 5572 ﬁlii,
1165 5513 1219 5559 et
1242 5503 1362 5559 facti
1422 5512 1548 5558 sunt
1595 5517 1775 5567 canes,
1840 5503 1907 5557 tle

325 5600 517 5670 quibus
551 5598 741 5652 Paulus
768 5598 897 5651 dicit
930 5595 1133 5649 :Videte
1155 5611 1328 5661 canes,
1352 5596 1512 5649 videte
1536 5595 1695 5649 malos
1726 5610 1903 5663 apera-

327 5694 452 5752 τέω,
480 5690 636 5743 ridete
657 5689 865 5755 interire
889 5703 1017 5739 ores.
1069 5684 1178 5739 Nos
1205 5694 1379 5738 autent
1427 5685 1514 5753 qui
1571 5684 1714 5738 velut
1746 5700 1902 5737 canes

327 5794 563 5847 cturnus,
595 5780 656 5833 tle
684 5778 930 5847 gentibus
962 5776 1083 5832 facti
1106 5791 1290 5841 sumus
1324 5775 1413 5829 lilii
1461 5776 1512 5830 in
1578 5790 1760 5830 corum
1820 5790 1899 5828 N-

2020 4696 2183 4759 tionc,
2245 4693 2465 4747 confuse
2518 4704 2677 4761 atque
2724 4679 3077 4757 intemperat'a
3118 4701 3247 4740 voce
3285 4686 3597 4752 dispergunt

2018 4784 2177 4838 verba
2204 4782 2627 4852 sua,etcgressi
2689 4780 2833 4836 foras
2883 4778 3032 4835 obliti
3088 4787 3214 4831 sunt
3269 4776 3468 4830 omnia.
3533 4773 3595 4830 lli

2015 4876 2245 4944 suntqui
2281 4875 2437 4928 labiis
2461 4874 2722 4939 binniunt,
2754 4882 2808 4928 et
2835 4871 2999 4925 corde
3027 4885 3130 4924 non
3175 4869 3500 4937 concipiunt.
3537 4868 3595 4922 St

2019 4978 2071 5021 tu
2104 4969 2216 5036 ipse
2237 4968 2372 5021 dicta
2400 4976 2486 5019 tua
2507 4976 2560 5019 et
2582 4966 2767 5031 preces
2791 4965 3027 5033 ignoras,
3052 4961 3323 5031 quomodo
3355 4970 3405 5015 te
3432 4974 3597 5014 exau-

2011 5057 2091 5112 dit
2119 5058 2299 5113 Deus?
2336 5057 2475 5111 Dicis
2501 5075 2513 5108 :
2547 5056 2796 5109 Inclinavi
2826 5070 2996 5124 genua
3028 5069 3167 5121 ntea,
3213 5064 3267 5107 et
3295 5054 3462 5107 oravi.
3493 5050 3596 5106 Ge-

2012 5166 2111 5203 nua
2144 5160 2229 5204 tua
2254 5149 2521 5203 inclinasti
2546 5148 2595 5201 in
2623 5155 2948 5203 terramzet
2970 5158 3121 5200 mens
3172 5153 3257 5199 tua
3316 5143 3446 5197 loris
3500 5157 3595 5210 per

2011 5242 2220 5296 diversa
2254 5239 2524 5294 di:currit.
2554 5238 2758 5307 Corpus
2787 5237 3001 5307 quidem
3052 5235 3218 5293 intus.
3269 5233 3363 5289 sed
3394 5234 3595 5301 cogita-

2014 5332 2089 5387 tio
2117 5332 2281 5397 foris;
2316 5332 2487 5401 lingua
2548 5341 2632 5383 tua
2684 5330 2935 5398 pecunias
2986 5335 3230 5381 numerat
3277 5335 3333 5382 et
3379 5339 3591 5379 usuras.

1994 5426 2266 5481 .Diabolus
2298 5424 2469 5479 malus
2527 5430 2582 5477 et
2627 5421 2835 5476 invidus
2893 5421 3160 5485 inimicus,
3211 5418 3425 5489 quando
3473 5432 3596 5470 ora-

2012 5530 2150 5582 mus,
2177 5525 2302 5570 tunc
2357 5513 2523 5584 magis
2588 5512 2847 5567 incumbit
2900 5521 2953 5567 et
3001 5511 3280 5579 obstrepit.
3334 5508 3447 5562 Non
3498 5524 3597 5563 nos

2010 5611 2180 5680 pulsat
2212 5624 2330 5663 czun
2364 5609 2535 5662 securi
2564 5607 2807 5677 jaceuius
2863 5609 2916 5659 in
2960 5604 3209 5660 lectulis:
3258 5607 3500 5659 venimus
3527 5606 3592 5660 ad

2008 5702 2403 5767 oratione-mpm
2431 5699 2519 5751 ille
2543 5713 2637 5751 nos
2680 5696 3058 5765 Cogitationuin
3104 5693 3336 5748 stimulis
3391 5695 3588 5752 turbat.

2081 5791 2244 5861 llnju.~
2278 5791 2530 5846 tersutius
2556 5790 2844 5861 cogitantes
2871 5790 3189 5844 revertimur
3214 5788 3279 5844 ad
3306 5790 3589 5853 mulierem,
