4032 6184
447 298 553 372 tas

442 431 819 495 Chanameam,
845 443 962 497 qua:
978 426 1055 483 sic
1074 427 1324 481 obsecrat
1371 444 1384 480 :

441 523 598 589 mine,
625 519 705 589 fili
742 517 931 587 David,
953 518 1065 587 ﬁlia
1094 533 1207 571 mea
1238 516 1373 571 male
1414 532 1446 569 a
1490 516 1745 571 daemonio
1792 526 2021 571 vexatur.

444 613 542 668 Dic
566 621 622 669 et
640 598 727 681 tu,
754 609 1032 674 Miserere,
1059 608 1303 677 Domine,
1333 608 1456 679 quia
1479 610 1656 663 anima
1686 624 1800 664 mea
1843 610 2023 679 pulsa-

445 708 532 757 tur
560 716 591 755 a
620 701 905 756 dmmonio.
925 700 1143 769 Magnus
1162 699 1371 753 daemon
1390 707 1473 753 est
1504 708 1779 766 peccatum
1804 701 2020 755 animae.

442 794 574 849 Nam
616 793 824 848 daemon
853 791 1237 859 exstinguitur;
1270 800 1548 859 peccatum
1591 805 1721 845 vero
1749 799 1873 858 stat,
1921 790 2022 844 nisi

441 883 901 942 satisfactionihus
919 883 1249 937 absolvatur.
1274 882 1506 937 Grandis
1532 897 1710 937 sermo
1732 889 1835 948 est,
1867 882 2024 937 Mise-

347 978 354 989 ’
441 989 564 1029 rere
592 974 718 1043 mei,
747 973 925 1038 Deus;
953 973 1129 1027 brevis
1157 972 1391 1042 quidem,
1449 973 1541 1028 sed
1573 973 1766 1029 virtute
1810 973 2019 1043 plenus.

439 1062 573 1118 Nam
598 1064 699 1119 etsi
733 1062 863 1118 foris
892 1061 1077 1129 fueris,
1100 1062 1296 1128 clama,
1347 1071 1402 1117 et
1445 1062 1550 1129 die,
1594 1062 1848 1119 Miserere
1896 1064 2023 1131 mei,

442 1154 608 1208 Deus.
638 1151 845 1220 Clama,
880 1166 984 1207 non
1018 1166 1173 1218 voce,
1203 1151 1297 1207 sed
1329 1162 1539 1217 mente;
1568 1167 1689 1207 nam
1746 1140 1811 1209 et.
1840 1164 2024 1210 tacen-

444 1251 526 1298 tes
557 1240 775 1297 exaudit
800 1242 964 1309 Deus,
990 1256 1091 1296 nec
1120 1249 1226 1295 tam
1261 1242 1409 1298 locus
1456 1245 1729 1314 quaeritur,
1769 1256 2024 1315 quantum

446 1346 661 1388 sensus.
721 1331 1017 1389 Hieremias
1064 1332 1118 1386 in
1167 1346 1384 1389 carcere
1440 1335 1797 1400 confortatur;
1843 1337 2028 1394 Daniel

457 1422 601 1477 inter
639 1423 820 1476 leones
841 1421 1105 1485 exsultat;
1144 1430 1257 1477 tres
1286 1423 1433 1491 pueri
1491 1423 1546 1478 in
1602 1425 1815 1480 fornace
1865 1427 2031 1495 tripu-

446 1512 635 1579 diant;
670 1510 771 1566 Job
802 1510 975 1564 nudus
1019 1512 1120 1565 sub
1177 1511 1299 1587 divo
1352 1514 1669 1582 triumphat;
1722 1515 2028 1584 paradisum

448 1603 516 1659 de
545 1618 706 1658 cruce
734 1603 873 1657 latro
897 1603 1118 1658 invenit.
1150 1603 1283 1671 Quid
1310 1619 1439 1675 ergo
1471 1606 1515 1660 si
1545 1607 1706 1661 fueris
1738 1607 1788 1661 in
1820 1608 2030 1676 publico

448 1694 601 1751 foro?
627 1707 720 1748 ora
744 1695 882 1748 intra
906 1705 957 1748 te
987 1711 1001 1748 :
1038 1694 1147 1749 noli
1180 1710 1421 1763 quaerere
1456 1696 1670 1763 locum;
1721 1698 1871 1753 locus
1915 1699 2028 1767 ipse

446 1800 531 1840 es.
566 1784 664 1851 lbi,
703 1784 793 1839 ubi
822 1785 1008 1849 tueris,
1037 1799 1153 1837 ora.
1186 1784 1241 1839 Si
1267 1784 1431 1839 fueris
1464 1786 1515 1840 in
1566 1786 1774 1855 balneo,
1808 1765 1947 1853 ora,
1975 1798 2030 1844 et
2059 1765 2104 1826 Β

449 1874 523 1929 ibi
553 1875 805 1943 templum
829 1884 933 1931 est.
967 1875 1022 1929 Si
1053 1876 1266 1929 steteris
1280 1885 1401 1930 ante
1422 1876 1676 1947 judicem,
1703 1894 1828 1943 ora;
1857 1880 2031 1935 insur-

451 1966 525 2035 git
553 1965 717 2037 jtidex
747 1976 931 2021 contra
952 1976 1021 2028 te,
1056 1981 1171 2020 ora.
1203 1967 1346 2021 Mare
1376 1979 1499 2021 ante
1529 1979 1577 2022 te
1621 1977 1725 2034 est,
1748 1980 1799 2023 et
1838 1981 1954 2039 post
1981 1980 2033 2025 te

450 2055 695 2123 sequitur
716 2054 946 2119 Pharao,
978 2069 1095 2109 ora.
1128 2055 1266 2109 Nihil
1296 2056 1527 2124 loquitur
1563 2058 1794 2129 Moyses,
1844 2069 1897 2113 et
1929 2061 2032 2115 Do-

452 2145 628 2198 minus
658 2145 707 2198 ei
736 2144 871 2198 dixit
902 2162 912 2197 :
946 2144 1080 2208 Quid
1105 2144 1297 2200 clamas
1326 2147 1393 2199 ad
1419 2148 1538 2199 me?
1588 2148 1659 2201 Os
1712 2149 1828 2216 ejus
1870 2158 2030 2217 tacet,

452 2246 507 2292 et
536 2237 825 2306 prmcordia
845 2237 1096 2293 clamant.
1133 2238 1199 2292 Et
1237 2249 1292 2292 tu
1323 2255 1442 2292 cum
1464 2240 1677 2294 steteris
1723 2251 1845 2296 ante
1895 2240 2037 2311 judi-

455 2344 571 2383 cem
606 2328 889 2394 furiosam,
915 2329 1000 2384 ubi
1029 2339 1154 2384 sunt
1181 2330 1425 2385 crudeles
1456 2328 1715 2399 ministri,
1750 2348 1842 2387 ora
1898 2336 2034 2388 intra

454 2429 531 2485 te,
555 2428 611 2474 et
631 2418 867 2475 turbines
904 2419 976 2473 illi
1005 2420 1247 2489 protinus
1268 2422 1623 2477 resolventur.
1648 2422 1819 2477 iudex
1846 2434 2035 2479 contra

456 2524 509 2571 re
532 2517 636 2578 est,
665 2518 717 2563 tu
748 2519 797 2565 te
826 2509 893 2565 ad
916 2509 1196 2574 Dominum
1227 2510 1440 2578 confer;
1490 2513 1761 2583 proximat
1784 2523 1837 2568 te
1866 2517 2036 2583 poenis

454 2598 711 2669 afﬂigere,
744 2607 799 2653 tu
852 2614 945 2654 ora
1004 2601 1321 2669 intrepidus,
1382 2612 1438 2658 et
1480 2604 1752 2660 sedabitur
1804 2605 2033 2661 insania.

456 2689 702 2760 Nunquid
736 2689 895 2743 homo
912 2699 994 2745 est
1020 2690 1183 2758 Deus,
1205 2701 1261 2745 ut
1289 2692 1473 2748 labore
1500 2705 1770 2764 quaeratur
1796 2712 1889 2765 per
1921 2698 2036 2752 lora

454 2781 705 2839 diversa?
736 2782 873 2837 Deus
890 2790 975 2837 est
999 2783 1085 2851 qui
1115 2783 1271 2837 adest
1297 2784 1515 2853 ubique.
1548 2784 1606 2839 Si
1648 2786 1843 2855 quatris
1867 2787 2039 2841 homi-

458 2888 603 2938 nem,
630 2872 825 2928 dicitur
840 2873 934 2927 tibi
965 2890 978 2926 :
1004 2873 1118 2927 Non
1147 2882 1230 2928 est
1256 2876 1362 2941 hic,
1392 2885 1484 2929 aut
1507 2892 1610 2929 non
1635 2874 1708 2931 illi
1735 2886 1899 2932 vacat.
1923 2877 2037 2933 Non

457 2972 543 3018 est
568 2962 719 3017 sicin
741 2976 904 3018 causa
934 2962 1025 3018 Dei
1061 2981 1074 3017 :
1107 2964 1209 3019 hoc
1241 2973 1443 3019 tantum
1483 2976 1565 3021 est
1593 2975 1648 3021 ut
1669 2967 1834 3035 dicas,
1877 2969 2039 3025 Mise-

457 3070 581 3111 rere
609 3056 735 3121 mei,
761 3055 939 3122 Deus;
967 3064 1022 3111 et
1048 3055 1163 3126 ipse
1186 3071 1350 3127 prepe
1377 3067 1482 3125 est,
1526 3069 1583 3114 ut
1631 3069 1682 3115 te
1703 3059 1893 3117 liberet
1918 3077 1935 3118 :
1983 3069 2039 3117 et

455 3148 629 3202 adhuc
656 3146 905 3218 loquente
932 3157 984 3203 te
1012 3148 1161 3217 dicit,
1197 3149 1335 3205 Ecce
1365 3150 1577 3206 adsum.

526 3226 661 3305 Quid
693 3252 822 3309 ergo
850 3238 1188 3295 Chananma?
1239 3240 1444 3311 Utique,
1526 3243 1761 3311 Domine,
1818 3262 1937 3299 nam
1990 3255 2036 3300 ct

455 3328 616 3384 catuli
645 3329 799 3382 edunt
834 3327 897 3381 de
926 3329 1068 3383 micis
1093 3346 1207 3399 qua:
1232 3332 1423 3385 cadunt
1475 3334 1538 3386 de
1584 3350 1756 3389 inausa
1803 3336 2038 3392 domino-

456 3435 570 3472 rum
594 3435 821 3473 suorum.
850 3418 916 3473 Et
939 3420 1068 3491 quid
1100 3419 1280 3476 Deus?
1311 3422 1355 3476 0
1377 3424 1588 3493 mulier,
1619 3442 1802 3495 magna
1827 3438 1898 3482 est
1909 3428 2039 3496 ﬁdes

455 3516 568 3572 tua,
600 3509 691 3578 ﬁat
713 3510 803 3563 tibi
830 3511 957 3564 sicut
992 3511 1089 3565 vis.
1121 3511 1221 3566 Ubi
1245 3522 1370 3567 sunt
1395 3512 1783 3583 disceptatores
1837 3517 2039 3587 iniqui?

453 3599 700 3669 Nunquid
722 3599 879 3668 dixit,
906 3599 1176 3671 Exspecta
1212 3602 1428 3670 mulier,
1470 3604 1641 3659 donec
1672 3621 1783 3669 .oro
1827 3607 2037 3663 Patrem

457 3706 661 3747 meum.
686 3691 795 3748 Sed
826 3691 951 3761 quid
980 3693 1151 3747 dixit?
1175 3693 1292 3749 Fiat
1313 3695 1407 3749 tibi
1459 3698 1594 3752 sicut
1649 3698 1748 3753 vis.
1773 3699 2038 3766 Quantum

453 3782 750 3853 elegantior
772 3782 861 3841 illa
894 3783 948 3837 in
998 3783 1125 3854 ﬁde,
1178 3794 1383 3839 tantum
1437 3786 1682 3842 Christus
1720 3790 2041 3846 eminentior

454 3873 511 3937 in
541 3873 758 3943 virtute,
785 3873 877 3943 qui
925 3877 1152 3944 gratiam
1182 3891 1332 3931 suam
1374 3880 1622 3934 sensibus
1661 3880 1777 3950 ejus
1825 3882 2036 3938 infudit.

458 3964 503 4018 0
530 3964 732 4029 mulier,
766 3983 953 4039 magna
981 3976 1055 4023 est
1082 3969 1210 4037 ﬁdes
1232 3979 1338 4025 tua.
1366 3970 1643 4038 Quomodo
1675 3976 1901 4046 magna?
1930 3992 2038 4032 non

454 4054 634 4108 vidisti
668 4064 908 4109 mortuos
920 4067 1388 4127 resurgentes,non
1416 4060 1593 4117 vidisti
1619 4064 1858 4133 leprosos
1879 4082 2039 4123 mun-

452 4144 565 4199 dari
587 4160 601 4207 ;
629 4160 732 4198 non
749 4146 1043 4213 cognovisti
1068 4147 1260 4217 legem,
1278 4165 1381 4204 non
1402 4153 1593 4208 audisti
1615 4155 1900 4225 prophetas
1915 4174 1930 4223 ;
1944 4158 2039 4213 sed

451 4236 644 4291 audisti
676 4237 1016 4306 improperia,
1041 4249 1093 4295 et
1116 4232 1357 4297 meruisti
1381 4246 1676 4314 repulsam;
1708 4249 1931 4305 refutavi
1966 4262 2035 4318 te,

452 4339 505 4383 et
528 4343 631 4381 non
662 4330 929 4384 recessisti
964 4345 995 4383 a
1024 4347 1130 4386 me.
1163 4332 1206 4386 0
1234 4333 1439 4401 mulier,
1461 4354 1646 4408 magna
1665 4350 1762 4404 est,
1778 4342 1904 4409 ﬁdes
1925 4354 2037 4401 tua.

526 4420 731 4475 ltlortua
764 4432 845 4476 est
876 4423 1089 4490 mulier,
1113 4435 1167 4480 et
1187 4427 1306 4481 laus
1351 4428 1467 4499 ejus
1498 4434 1738 4500 speciosa
1780 4444 1861 4490 est
1896 4436 2037 4503 plus-

452 4529 613 4583 quam
657 4515 960 4583 margaritis
991 4518 1191 4573 iutexta
1234 4535 1453 4578 corona.
1501 4524 1830 4595 Quocunque
1886 4530 2030 4595 ieris,

451 4604 635 4659 audies
660 4603 930 4660 Christum
964 4609 1340 4675 prmdicantem
1371 4630 1385 4665 :
1422 4614 1466 4667 0
1495 4616 1698 4680 ruulier,
1749 4633 1935 4690 magna
1959 4630 2033 4674 est

451 4696 793 4763 fidestua.ln
817 4698 1113 4756 Gothorum
1169 4705 1418 4773 concilio,
1467 4708 1519 4762 in
1566 4708 1906 4767 Sidoniorum
1949 4715 2034 4769 vel

452 4786 736 4842 Persarum
784 4800 1072 4859 conventu,
1122 4794 1500 4853 clamathodie
1532 4799 1787 4855 Dominus
1804 4801 1959 4858 Jesus
1980 4816 2034 4860 et

450 4877 603 4944 dixit,
633 4878 676 4933 0
697 4882 899 4946 mulier,
924 4900 1107 4955 magna
1155 4896 1227 4941 est
1250 4887 1376 4956 ﬁdes
1400 4898 1506 4944 tua.
1536 4890 1599 4945 Et
1643 4891 1770 4961 quid
1798 4894 2036 4952 deinde?

450 4967 574 5031 Fiat
591 4973 677 5026 tibi
702 4975 832 5029 sicut
871 4977 964 5031 vis.
996 4975 1109 5031 Non
1132 4979 1267 5033 dixit
1294 4997 1305 5034 :
1338 4980 1482 5036 Sano
1512 4981 1671 5036 ﬁliam
1705 4996 1880 5052 tuam;
1907 4988 2024 5055 sed,

440 5060 573 5121 'Fiat
603 5065 694 5118 tibi
720 5069 848 5123 sicut
876 5072 948 5124 vis
977 5086 997 5125 :
1024 5070 1073 5125 id
1103 5081 1205 5138 est,
1233 5084 1285 5125 tu
1318 5073 1428 5141 ipsa
1459 5087 1589 5128 sana
1620 5073 1781 5129 filiam
1844 5088 2024 5146 tuam;

451 5155 547 5209 tibi
568 5170 686 5212 eam
719 5160 902 5228 trado;
937 5170 989 5215 tu
1035 5177 1153 5218 eam
1203 5178 1350 5227 cura,
1374 5163 1425 5218 iu
1472 5174 1561 5219 tuo
1608 5167 1836 5221 arbitrio
1886 5185 2027 5238 pono

447 5254 503 5301 et
524 5248 843 5305 medicinam
871 5269 883 5304 :
915 5251 1053 5307 vade
1091 5253 1143 5307 in
1203 5268 1355 5322 pace,
1408 5264 1464 5309 et
1527 5269 1665 5323 pone
1714 5270 1879 5325 super
1905 5273 2023 5314 eam

447 5353 637 5395 manus
668 5348 805 5409 tuas,
834 5352 886 5397 et
912 5343 1001 5396 liat
1024 5344 1119 5397 tibi
1146 5344 1285 5398 sicut
1307 5343 1409 5413 vis,
1439 5359 1558 5400 cum
1579 5355 1663 5399 tua
1694 5349 1965 5402 voluntate
1994 5365 2026 5403 a

449 5431 696 5495 passione
722 5444 996 5502 purgetur.
1046 5432 1161 5489 Non
1192 5434 1369 5505 jussit,
1443 5451 1548 5491 non
1597 5437 1874 5505 imperavit
1918 5440 2027 5493 da:-

447 5534 659 5576 monem
691 5532 747 5578 ut
772 5525 958 5592 exiret,
989 5526 1082 5582 sed
1107 5528 1197 5581 liat
1220 5527 1310 5582 tibi
1340 5530 1478 5584 sicut
1500 5530 1598 5584 vis.
1658 5530 1837 5587 Voluit
1881 5533 2024 5589 enim

448 5623 505 5669 nt
534 5616 643 5684 ipsa
677 5630 847 5677 mater
872 5634 1084 5679 sanaret
1108 5625 1270 5680 filiam
1300 5641 1473 5693 suam,
1505 5639 1560 5683 et
1609 5629 1904 5686 dmmoncm
1937 5631 2017 5687 cf-

447 5706 669 5779 fugaret.
698 5710 793 5771 Ubi
817 5725 941 5772 sunt
974 5717 1063 5788 qui
1089 5716 1290 5788 dicunt,
1320 5733 1424 5775 non
1468 5720 1680 5785 virtute,
1720 5721 1811 5775 sed
1864 5737 2021 5793 prccc

1066 316 1123 370 S.
1166 312 1532 369 LAURENTII
1574 312 2022 369 NOVARIENSlS
2066 310 2362 365 EPISCOPI
2408 309 2683 366 HOMILIA
2726 308 3061 364 SECUNDA.

1440 426 1684 481 Miserere
1733 427 1852 490 mei,
1912 423 2020 479 Do-
2053 428 2105 485 Α
2130 423 2304 476 omnia
2336 421 2669 491 impetravit?
2698 420 2752 477 Si
2777 422 2947 475 minor
2978 431 3059 476 est
3083 419 3261 484 Patre,
3312 419 3579 490 quomodo
3626 420 3703 473 di-

3604 307 3701 359 124

2132 516 2206 570 cit
2237 533 2247 567 :
2280 512 2399 567 Fiat
2426 515 2518 567 tibi
2539 514 2668 566 sicut
2693 515 2764 566 vis
2780 530 2811 599 ξ
2842 524 2887 567 et
2912 527 3093 567 sanata
3116 522 3190 565 est
3211 512 3322 580 ﬁlia
3367 513 3478 578 eius
3528 528 3590 565 ex
3616 514 3707 566 illa

2132 605 2305 659 liora?
2334 604 2588 659 Veniebat
2627 606 2768 658 enim
2806 613 2974 658 mater
3001 603 3225 670 deforis,
3275 605 3369 658 sed
3422 612 3702 673 antequam

2130 697 2358 762 veniret,
2382 706 2564 752 sanata
2591 706 2694 753 est.
2726 696 2946 751 Intravit
2970 705 3025 751 et
3042 696 3249 751 invenit
3280 697 3441 751 filiam
3473 698 3706 753 suamab

2127 788 2402 842 innnuudo
2423 788 2667 842 daemone
2683 787 2985 841 liberatam.
3008 784 3385 840 Consummata
3408 794 3489 840 est
3519 787 3708 841 volunc

2130 890 2210 935 tas
2239 880 2379 950 ejus,
2410 887 2466 936 et
2496 879 2630 934 facta
2655 889 2738 935 est
2753 880 2981 943 sanitas;
3008 887 3062 934 et
3085 893 3181 948 pro
3210 879 3289 934 eis
3318 879 3563 933 omnibus
3585 894 3707 949 gra-

2129 973 2232 1027 tias
2258 987 2478 1041 agamus
2502 972 2611 1027 Deo
2643 970 2787 1037 vivo,
2816 971 2900 1025 cui
2924 980 3007 1025 est
3047 971 3219 1026 honor
3242 980 3297 1026 et
3326 972 3491 1040 gloria
3524 972 3573 1025 in
3604 986 3708 1026 ste-

2128 1061 2246 1117 cula
2268 1062 2609 1117 saeculorum.
2640 1062 2832 1116 Amen.

2730 1149 3133 1204 ANNOTATIO.

2200 1240 2538 1295 ιΑυιιεΝτιιτε
2562 1240 2878 1309 episcopus,
2909 1240 3059 1307 cujus
3100 1239 3336 1293 libellum
3386 1255 3480 1293 seu
3533 1239 3708 1294 homi—

2130 1310 2256 1365 liam
2288 1326 2408 1363 mox
2454 1311 2608 1364 retuli
2638 1316 2702 1363 es
2728 1326 2830 1364 ms.
2881 1311 3066 1365 codice
3112 1309 3485 1373 Germanensi,
3526 1311 3570 1365 is
3622 1319 3707 1366 est

2134 1396 2292 1449 quem
2321 1380 2501 1433 laudat
2526 1380 2834 1450 Sige'nertus
2872 1380 3270 1450 Gemblacensis
3320 1380 3610 1450 monachus
3655 1383 3708 1434 in

2137 1450 2231 1506 lib.
2270 1453 2336 1504 de
2385 1449 2749 1516 Scriptoribus
2798 1449 3178 1504 ecclesiasticis
3218 1465 3333 1517 cap.
3386 1449 3505 1504 120.
3568 1449 3708 1505 Lau-

2135 1523 2332 1575 rentius
2366 1518 2647 1589 Melliﬂuus
2686 1521 2888 1587 scripsit
2914 1522 3097 1573 librum
3119 1520 3191 1572 De
3218 1520 3413 1574 duobus
3462 1522 3706 1587 tempori-

2135 1591 2322 1654 bus,id
2346 1598 2418 1644 est
2440 1588 2539 1644 uno
2568 1588 2632 1643 ab
2657 1590 2821 1643 Adam
2864 1606 3021 1659 usque
3066 1590 3134 1641 ad
3183 1588 3458 1655 Christum,
3480 1590 3639 1643 altero
3675 1604 3711 1643 α

2135 1660 2337 1716 Christo
2364 1676 2522 1725 usque
2545 1660 2613 1713 ad
2638 1661 2791 1727 ﬁnem
2821 1662 3019 1715 steculi.
3051 1659 3363 1714 Declamavit
3412 1665 3560 1713 etiam
3615 1660 3710 1713 Ito-

2134 1732 2303 1783 mitias
2326 1746 2415 1795 ore
2435 1731 2577 1792 quasi
2592 1730 2786 1782 mellito
2815 1744 2835 1784 :
2868 1731 3002 1783 unde
3020 1731 3379 1800 agnominatur
3402 1730 3451 1781 Μ
3459 1731 3704 1799 elliﬂuus.

2134 1800 2407 1857 Laurentii
2439 1800 2684 1870 liberille
2709 1799 2920 1853 duobus
2943 1799 3268 1870 temporibus
3290 1802 3428 1870 typis
3457 1802 3699 1869 vulgatus

2134 1881 2218 1924 est
2248 1871 2323 1934 {in
2368 1880 2512 1924 tomo
2556 1869 2622 1923 Vl
2668 1870 3007 1924 Bibliotheca:
3055 1869 3322 1935 Patrum,
3361 1872 3576 1937 prmlixo
3608 1870 3709 1924 hoc

2135 1941 2290 2010 ljllllu
2326 1959 2337 1992 :
2368 1940 2546 1995 Sancti
2571 1940 2832 1996 Laurentii
2853 1942 3075 2010 episcopi
3111 1940 3371 1994 Novarum
3395 1940 3606 1993 honulia
3645 1945 3709 1995 de

2136 2008 2464 2064 Pamitentia.
2495 2011 2626 2079 Quae
2656 2008 2945 2063 bomilia'in
2962 2011 3252 2079 exemplari
3275 2019 3458 2065 nostro
3492 2012 3710 2079 subjici-

2136 2088 2221 2133 tur
2247 2075 2508 2147 superiori
2525 2075 2657 2134 libro
2678 2096 2773 2134 seu
2804 2081 3035 2134 humilia:
3054 2075 3179 2143 cuin
3200 2082 3297 2135 hac
3330 2075 3704 2147 inscriptione?

2136 2150 2329 2205 INCIPIT
2385 2167 2537 2204 LIBER
2576 2165 2845 2205 SECUNDUS
2881 2165 3063 2204 SANCTI
3126 2152 3415 2205 LAURENTII
3467 2167 3532 2203 DE
3578 2166 3711 2204 D00.

2136 2235 2230 2275 Bus
2268 2236 2615 2275 ﬂammans.
2652 2218 2771 2273 Duo
2790 2231 2907 2275 sunt
2934 2230 3160 2288 tempora
3183 2223 3244 2274 ab
3297 2221 3555 2274 Allissimo
3578 2234 3711 2286 pra!-

2134 2292 2333 2357 stituta,
2383 2302 2490 2345 etc.
2524 2290 2870 2359 Nemoigitur
2906 2291 3176 2360 ambigere
3212 2292 3369 2346 debet
3423 2305 3543 2343 eum
3589 2304 3711 2344 esse

2136 2360 2483 2415 Laurentium
2512 2361 2601 2429 qui
2630 2360 2912 2426 Sigeherto
2965 2359 3372 2429 cognominatur
3400 2359 3705 2430 Melliﬂuus,

2137 2432 2336 2500 quique
2375 2433 2653 2499 utriusque
2704 2431 2821 2485 libri
2848 2445 2943 2484 seu
2992 2432 3225 2485 homiliaa
3278 2441 3362 2486 est
3408 2440 3610 2484 auctor.
3641 2432 3712 2484 At

2096 2532 2099 2533 ν
2138 2503 2255 2569 quis
2280 2502 2379 2555 iste
2410 2501 2728 2555 Laurentius
2773 2502 3093 2569 episcopus?
3144 2500 3472 2568 Margarinus
3527 2501 3710 2555 Binius

2138 2572 2438 2639 suspicatur
2459 2585 2581 2625 esse
2623 2588 2644 2623 α
2682 2571 3022 2625 Laurentium
3054 2573 3307 2640 priorem,
3330 2571 3417 2639 qui
3450 2586 3513 2625 ex
3540 2570 3712 2624 Nova-

2139 2642 2301 2695 riensi
2338 2642 2508 2696 factus
2530 2641 2601 2695 sit
2642 2640 3051 2695 Mediolanensis
3103 2643 3383 2709 episcOpus
3422 2641 3712 2709 vigesimus

2138 2723 2353 2780 quintus
2384 2712 2449 2765 ad
2478 2727 2673 2765 annum
2706 2712 2900 2765 tlhristi
2920 2711 3042 2776 507,
3062 2713 3213 2780 cujus
3239 2713 3480 2765 encomia
3529 2712 3712 2765 videa-

2141 2790 2223 2834 tur
2254 2782 2527 2836 celebrare
2553 2781 2825 2836 Ennodius
2873 2781 3167 2836 Ticiuensis
3209 2782 3492 2850 episcenos
3540 2781 3590 2835 in
3630 2780 3712 2833 di-

2140 2853 2318 2905 ctione
2362 2854 2522 2904 missa
2592 2851 2866 2906 Honoran
2908 2851 3219 2906 Novariensi
3274 2853 3325 2906 in
3380 2852 3715 2905 dedicatione

2140 2921 2375 2975 basilicae
2397 2924 2795 2989 Apostolorum.
2841 2941 2860 2975 ι
2909 2922 3059 2976 Binio
3105 2924 3259 2977 facile
3283 2924 3539 2985 assentio,
3587 2923 3711 2989 qui-

2140 2989 2362 3044 busdam
2382 2993 2640 3062 adductus
2666 2992 3011 3062 conjecturis.
3042 3008 3159 3060 qua:
3191 3001 3300 3046 tum
3331 3008 3398 3046 ex
3431 2992 3567 3044 libro
3616 3006 3711 3045 seu

2143 3073 2386 3115 sermone
2411 3061 2496 3115 hic
2520 3061 2686 3127 edito,
2719 3061 2830 3117 tum
2863 3077 2925 3115 ex
2962 3062 3186 3116 Ennodii
3215 3062 3447 3116 dictione
3468 3062 3637 3129 prima
3660 3063 3713 3115 in

2065 3138 2110 3200 ο
2141 3130 2313 3213 blatali
2348 3131 2868 3213 Laurentiiepiscopi
2899 3131 3308 3213 Mediolanensis
3339 3133 3711 3213 des-utnuntur.

2141 3201 2456 3256 Laurentius
2471 3203 2665 3271 quippe
2702 3202 2754 3255 in
2772 3216 3021 3257 sermone
3053 3204 3121 3258 de
3140 3204 3361 3257 muliere
3387 3202 3711 3267 Chananma,

2138 3286 2292 3338 quem
2324 3272 2391 3327 de
2413 3283 2568 3326 nocte
2607 3278 2657 3325 in
2688 3272 2803 3327 foro
2832 3272 3033 3337 habuit,
3062 3274 3386 3327 mentionem
3419 3271 3543 3325 facit
3575 3287 3711 3339 qun-

2138 3341 2380 3395 rmndam
2410 3340 2837 3397 adversariomm
2864 3356 3104 3410 suorum,
3138 3342 3716 3411 quornmimprobitate

2138 3426 2245 3465 non
2269 3412 2439 3465 solum
2493 3411 2947 3479 ipsevexatussit,
3002 3416 3095 3467 sed
3143 3415 3302 3466 etiam
3344 3412 3433 3465 aiii
3481 3413 3711 3480 partium

2138 3480 2308 3548 ipsius
2338 3482 2594 3536 fautores.
2632 3484 2790 3548 Atqui
2842 3483 3114 3537 Ennodius
3156 3484 3207 3536 in
3259 3482 3491 3536 dictione
3541 3482 3712 3550 prima

2138 3550 2480 3605 Laurentium
2513 3552 2692 3606 laudat
2718 3555 2786 3606 ob
2814 3553 3119 3622 patientiam
3151 3553 3432 3618 malorum,
3462 3566 3579 3621 qua:
3612 3551 3712 3619 ipsi

2138 3635 2203 3676 ex
2230 3622 2653 3676 adversariorum
2676 3621 2903 3677 factione
2932 3622 3100 3678 semel
3143 3632 3197 3678 et
3250 3623 3441 3677 iterum
3475 3621 3712 3690 contige-

2139 3700 2306 3746 runt:
2340 3694 2565 3760 primum
2594 3693 2805 3761 quidem
2837 3708 2956 3746 cum
3006 3692 3074 3746 ab
3125 3692 3364 3746 hostibus
3415 3700 3714 3760 expugnata

2140 3761 2357 3817 civitate
2386 3763 2526 3817 inter
2554 3778 2677 3817 suas
2727 3772 2779 3817 et
2819 3762 2995 3832 populi
3015 3761 3233 3831 injurias
3260 3764 3407 3817 stetit
3434 3763 3711 3826 infractus,

2142 3841 2250 3885 tum
2279 3832 2331 3885 in
2356 3832 2606 3887 exsilium
2638 3832 3153 3897 missus,acdemum
3185 3834 3302 3886 urbi
3334 3847 3443 3887 sum
3474 3832 3713 3887 redditus

2141 3912 2263 3966 est;
2290 3902 2484 3957 deinde
2531 3917 2658 3956 vero
2687 3918 2806 3957 cum
2837 3903 3059 3957 Romam
3110 3902 3160 3955 in
3206 3903 3465 3971 synodum
3504 3902 3711 3955 accitus

2141 3986 2281 4026 anno
2308 3972 2413 4026 502
2465 3986 2563 4041 pro
2594 3973 2927 4027 absolutione
2962 3973 3269 4041 Symmachi
3324 3987 3495 4041 papae,
3522 3972 3714 4025 adver-

2141 4044 2370 4095 santium
2396 4042 2660 4109 procellas
2681 4042 2955 4098 Sustinuit.
2991 4043 3344 4109 .Expugnatio
3372 4042 3464 4096 illa
3491 4051 3546 4097 et
3566 4042 3712 4096 dire-

2143 4112 2252 4180 ptio
2276 4113 2424 4183 urbis
2443 4112 2869 4181 Mediolanensis,
2884 4114 3145 4183 simulque
3162 4113 3430 4167 Laurentii
3464 4112 3711 4167 exsilium

2140 4182 2414 4251 cootigere
2456 4198 2548 4250 per
2601 4183 2923 4251 Odoacrem,
2971 4182 3071 4237 uti’
3101 4183 3414 4237 Sirmondus
3440 4183 3708 4251 Opinatur,

2141 4251 2353 4320 quando
2391 4251 2521 4305 Tufa
2549 4253 2680 4307 duce
2717 4255 2973 4307 adversus
3014 4253 3403 4308 Theodericum
3455 4251 3712 4321 Ostrogo-

2142 4323 2356 4392 thorum
2389 4337 2565 4390 regem
2589 4323 2881 4377 rebellavit.
2906 4324 3240 4379 Theoderico
3276 4324 3495 4378 victoria
3519 4325 3708 4392 potito,

2141 4389 2463 4446 Laurentius
2478 4392 2828 4447 Medi03anmn
2859 4394 3035 4461 rediit,
3067 4395 3359 4461 urbemque
3406 4409 3475 4447 ex
3520 4389 3711 4461 pristi-

2060 4497 2113 4559 Β
2143 4463 2224 4542 nis
2251 4463 2504 4544 mrumnis
2530 4465 2811 4521 recreavit.
2834 4464 2965 4519 Tum
2998 4478 3127 4518 vero
3180 4464 3507 4534 superiorem
3542 4464 3713 4518 homi-

2137 4533 2256 4584 ham
2277 4531 2345 4584 de
2363 4532 2584 4584 muliere
2627 4532 2927 4584 Chananma
2978 4533 3227 4584 habuisse
3283 4534 3412 4584 mihi
3460 4532 3706 4584 videtur-

2158 4547 2240 4584 I1!"

2244 4549 2256 4582 l
2277 4531 2345 4587 de
2363 4532 2584 4588 muliere
2627 4532 2927 4588 Chanantea
2978 4533 3227 4589 habuisse
3247 4531 3259 4534 ⁷
3283 4534 3412 4589 mihi
3460 4532 3669 4587 videtur
3691 4576 3707 4602 ,

2134 4600 2286 4668 cujus
2322 4601 2549 4656 reditum
2594 4601 2666 4656 ita
2696 4606 2931 4659 celebrat
2962 4604 3235 4659 Ennodius
3257 4605 3306 4658 in
3332 4603 3567 4658 dictione
3595 4600 3710 4671 pri?-

2139 4687 2224 4725 ma
2255 4689 2268 4727 :
2305 4672 2513 4744 Camer
2536 4673 2641 4744 alto
2672 4675 2900 4744 benignis
2948 4674 3109 4728 oculis
3156 4674 3368 4729 cmlcstis
3411 4674 3711 4727 Dominator

2135 4744 2354 4816 aspexit,
2377 4737 2845 4816 blediolanensium
2886 4745 2998 4798 urbi
3032 4745 3129 4816 plus:
3176 4757 3251 4799 est
3288 4744 3487 4816 proprii
3512 4744 3711 4798 reddita

2135 4812 2432 4865 sacerdotis.
2470 4812 2611 4867 Tunc
2638 4830 2752 4868 cum
2779 4831 2926 4868 rarus
2952 4815 3233 4879 habitator,
3259 4812 3377 4869 tunc
3416 4831 3529 4869 cum
3569 4829 3712 4868 error

2137 4883 2189 4955 in_
2213 4882 2460 4955 domibus,
2492 4896 2537 4936 ct
2571 4901 2661 4955 per
2685 4886 2859 4939 dulcia
2900 4887 3249 4939 cubiculorum
3277 4887 3457 4940 limina
3497 4887 3709 4955 confusa

2137 4953 2716 5025 discursiouunc'cum
2752 4956 2931 5025 ubique
2992 4973 3151 5025 pavor
3193 4967 3239 5010 et
3279 4959 3461 5020 luctus,
3519 4965 3563 5008 et
3613 4954 3710 5009 Dei

2136 5024 2324 5086 templa
2344 5024 2572 5091 ferarum
2611 5024 2910 5079 habitationi
2950 5025 3195 5094 deputata
3237 5028 3538 5092 sordebant;
3594 5041 3709 5078 cum

2134 5108 2362 5146 marcetis
2374 5095 2572 5147 incuria
2598 5095 3013 5163 splendidissima
3041 5097 3234 5149 dudum
3253 5098 3388 5151 atria
3413 5098 3513 5150 situ
3530 5096 3709 5149 vetusti

2134 5164 2360 5217 [tumoris
2380 5164 2680 5228 obnuberat,
2708 5167 2938 5220 laetitiam
2960 5174 3155 5221 caneris
3184 5178 3268 5221 tuo
3299 5167 3482 5221 dedisti
3520 5168 3585 5220 de
3622 5182 3706 5220 re-

2133 5233 2266 5299 ditu,
2290 5246 2345 5286 tu
2367 5250 2627 5305 regressus
2645 5235 2714 5290 ad
2738 5238 3012 5306 lacrymas,
3041 5250 3147 5293 etc.
3176 5238 3410 5292 Mellillui
3438 5237 3597 5292 etiam
3615 5250 3709 5290 no-

2135 5316 2255 5372 men
2286 5307 2674 5372 quadamtenus
2702 5308 2922 5363 inferius
2951 5308 3149 5362 indicat
3180 5309 3451 5363 Ennodius
3504 5306 3595 5361 ubi
3634 5307 3708 5360 ait

2132 5371 2475 5447 Laurentium
2507 5376 2560 5430 in
2589 5378 2796 5445 synodo
2829 5378 3065 5433 llomana
3113 5378 3426 5434 minantium
3479 5380 3708 5447 impetus

2131 5445 2596 5499 blandimentorum
2608 5448 2754 5501 melle
2770 5448 3059 5502 domuisse.
3084 5448 3252 5503 ΡΟΙΊῸ
3274 5450 3325 5503 in
3358 5445 3707 5504 homiliissuis

2131 5511 2449 5589 Laurentius
2479 5516 2532 5570 in
2562 5514 2971 5589 idpotissimum
3001 5519 3279 5583 ineumbit,
3327 5527 3383 5574 nt
3412 5519 3705 5589 peccatori-

2130 5584 2229 5661 bus
2261 5584 2507 5661 fiduciam
2525 5587 2829 5661 obtinendae
2848 5587 3018 5661 a_Dco
3046 5590 3380 5661 remissionis
3398 5584 3704 5661 ingenerat;

2131 5655 2393 5736 sicqnede
2424 5657 3009 5736 plenitentialoquitur,
3036 5660 3188 5728 quasi
3203 5676 3319 5717 eam
3336 5655 3707 5718 solis'humaui

2131 5725 2336 5780 arbitrii
2368 5726 2568 5786 viribus
2596 5725 2866 5786 ascribere
2894 5725 3153 5788 videatur.

1609 5846 2535 5879 Wu-
