4032 6184
335 152 424 205 ιιι

327 368 439 442 Περί
480 383 611 423 τινος
654 365 890 433 μσναχοῦ
932 360 1106 442 itii-ﬁre;
1135 357 1230 442 την
1253 357 1402 438 μονήν
1433 354 1515 404 καί
1563 350 1907 419 σχολάζοντος

856 434 926 491 εἰς
947 428 1120 501 γηῗνας
1140 429 1375 500 θεωρίας.

392 535 470 580 ’Βν
497 528 568 581 ἐνί
596 524 649 581 δὲ
677 530 775 578 τῶν
802 525 968 578 αὐτῶν
995 520 1364 594 μοναστηρίων,
1396 514 1460 569 ὧν
1487 515 1632 590 πέριξ
1658 515 1908 568 συνεστή-

326 641 450 675 σατο
480 618 506 672 ὀ
531 623 620 672 τοῦ
651 621 778 670 Θεοῦ
804 614 1037 688 θεράπων
1067 607 1365 671 Βενέδικτος,
1385 604 1444 664 ἧν
1465 627 1542 667 τις
1565 604 1786 675 μωαχός
1807 603 1910 656 ὑπὸ

325 712 575 790 ῥᾳθυμίας
617 709 948 779 ὀχλούμενος’
998 703 1141 764 ὅστις
1180 709 1252 773 τῷ
1279 708 1370 760 τῆς
1412 704 1717 773 προσευχῆς
1751 700 1910 770 καιρῷ

326 788 505 863 στῆναι
528 805 622 858 σύν
641 809 744 860 τοῖς
761 798 992 870 ἀδελφοῖς
1020 798 1105 850 ούκ
1133 793 1413 868 ἐκαρτέρει,
1436 790 1539 844 ἀλλ’
1562 791 1704 846 ῆνίκα
1727 788 1938 846 πάιτες.

327 897 371 949 οί
419 893 623 962 ἀδελφοί
669 896 740 952 εἰς
786 889 1101 964 γονυγλισίαν
1151 885 1365 942 ἑαυτούς
1412 885 1620 935 ἐνώπιον
1662 885 1752 932 τοῦ
1787 885 1912 932 Θεοῦ

329 987 659 1058 έστρώννυον,
694 985 870 1040 ἐκεῖνος
898 982 1143 1055 ἐξήρχετο
1176 977 1295 1041 ἔξω,
1329 980 1415 1029 καὶ
1440 983 1500 1049 τῇ
1531 974 1802 1047 ἀρνολογίᾳ
1832 974 1916 1026 καί

329 1078 552 1152 ῥᾳθυμία
591 1076 761 1130 ἑαυτὸν
798 1070 1034 1136 ἐξεδίδου.
1065 1079 1120 1120 ‘0
1145 1067 1196 1122 δὲ
1246 1069 1429 1121 τούτου
1469 1065 1634 1123 ἁϐϐἁς
1678 1062 1915 1120 πολλάκις

330 1172 480 1225 αὑτὸν
497 1172 819 1229 νουθετήσας,
852 1167 934 1218 καί
961 1161 1113 1234 μηδὲν
1140 1162 1362 1219 ἀνύσας,
1410 1159 1533 1234 πρὸς
1559 1157 1645 1210 τὸν
1669 1159 1757 1209 τοῦ
1788 1157 1916 1208 Θεοῦ

331 1262 594 1338 ἄνθρωπον
619 1265 798 1313 τοῦτον
821 1259 1100 1327 ἀπήγαγεν
1138 1235 1280 1313 ὅστίς
1304 1253 1460 1305 αὐτοῦ
1492 1254 1580 1307 τήν
1603 1247 1919 1318 ματαιότητα

332 1362 532 1427 σεμνῶς
572 1373 625 1406 τε
673 1353 756 1403 καί
794 1347 1091 1422 πρεπόντως
1141 1343 1416 1416 διήλεγξεν,
1457 1343 1540 1394 καί
1687 1339 1919 1411 νουθεσίᾳ

331 1456 513 1506 τοῦτον
545 1447 786 1518 στηρίξας
812 1442 1082 1496 ἀπέλυσεν·
1116 1437 1142 1492 ὁ
1171 1435 1222 1492 δὲ
1253 1437 1300 1489 ἐν
1322 1443 1393 1507 τῷ
1431 1433 1754 1507 μοναστηρίῳ
1791 1435 1922 1483 ύπο-

331 1540 588 1616 στρέψας,
620 1535 758 1607 μολις
783 1532 873 1587 δύο
895 1535 1085 1607 ἡμέρας
1112 1531 1160 1582 ἐν
1189 1537 1249 1601 τῇ
1271 1535 1360 1581 τοῦ
1385 1527 1650 1596 ἀνθρώπου
1678 1529 1768 1579 τοῦ
1793 1527 1919 1577 Θεοῦ

1674 131 2203 194 PROLEGOMENA.

950 271 1173 320 κεοΑΑ.
1218 259 1283 314 Δ’.
1935 257 1991 315 Δ

2629 251 2854 308 CAPUT
2896 249 2981 306 IV.

2155 341 2227 397 De
2252 342 2497 398 manaclio
2524 357 2662 414 vaga:
2687 347 2865 398 mentis
2890 345 2956 398 ad
2982 343 3194 397 salutem
3222 345 3448 399 reducto.

2087 434 2144 490 In
2176 450 2280 491 uno
2309 444 2485 490 autem
2517 452 2582 492 ex
2612 437 2691 492 eis
2720 438 3058 492 monasteriis
3096 450 3216 507 qua:
3255 439 3594 508 circumqua-

2020 540 2124 597 que
2161 535 2573 596 construxerat,
2620 528 2831 594 quidam
2886 528 3180 582 monachus
3231 540 3345 584 erat
3395 530 3484 598 qui
3527 530 3596 584 a’d

2017 618 2317 673 orationem
2349 629 2491 674 stare
2521 634 2626 673 non
2656 628 2903 689 poterat:
2936 621 3028 675 sed
3061 635 3182 674 mox
3213 629 3271 676 ut
3297 636 3356 676 se
3399 618 3595 676 fratres

2015 708 2080 764 ad
2109 710 2342 764 studium
2373 710 2632 764 orationis
2673 711 3047 777 inclinassent,
3086 712 3197 780 ipse
3223 713 3597 783 egredlebatur

2015 800 2198 867 foras,
2241 809 2294 855 et
2336 810 2513 856 mente
2557 814 2684 871 vaga
2728 807 2939 856 terrena
2979 803 3152 870 aliqua
3195 812 3249 856 et
3286 804 3595 859 transitoria

2021 892 2233 960 agebat.
2263 891 2502 962 Cumque
2531 893 2598 946 ab
2627 893 2817 947 abbate
2847 907 2945 946 suo
2975 893 3166 962 saapius
3199 893 3384 948 fuisset
3413 894 3597 947 admos

2024 984 2166 1038 nitus
2187 1023 2202 1049 ,
2238 983 2303 1038 ad
2333 985 2503 1038 virum
2536 983 2628 1038 Dei
2659 983 2918 1038 deductus
2957 993 3073 1050 est,
3114 985 3202 1054 qui
3245 986 3357 1054 ipse
3383 998 3597 1055 quoque

2015 1075 2300 1131 Stultitiam
2333 1075 2448 1143 eius
2476 1075 2822 1129 vehementer
2851 1075 3177 1144 increpavit,
3208 1085 3260 1130 et
3289 1076 3352 1130 ad
3383 1087 3600 1130 monas-

2021 1169 2217 1222 terium
2248 1181 2496 1222 reversus
2517 1209 2532 1230 ,
2563 1166 2650 1220 vix
2680 1166 2889 1220 duobus
2916 1165 3105 1220 diebus
3134 1167 3230 1220 viri
3275 1166 3369 1220 Dei
3409 1166 3594 1221 admo-

2025 1273 2058 1311 n
2085 1259 2286 1310 tionem
2328 1256 2496 1310 tenuit
2527 1272 2539 1307 :
2575 1260 2695 1309 nam
2725 1256 2814 1310 die
2846 1256 3000 1310 tertia
3036 1239 3100 1308 ad
3134 1270 3286 1310 usum
3325 1256 3594 1325 pmprium

2020 1361 2289 1412 reversus,
2324 1345 2505 1416 vagari
2536 1355 2774 1417 tempore
2801 1345 3060 1400 orationis
3087 1347 3267 1415 cmpit.
3293 1347 3443 1413 Quod
3472 1363 3590 1401 cum

2020 1450 2178 1491 servo
2219 1436 2314 1490 Dei
2358 1436 2425 1489 ab
2455 1436 2642 1490 eodem
2675 1437 2984 1490 monasterii
3026 1436 3182 1490 Patre
3213 1452 3368 1506 quem
3399 1439 3599 1492 consti-

2022 1536 2230 1592 tuerat,
2262 1527 2562 1580 nuntiatum
2605 1526 2826 1591 fuisset,
2857 1527 3029 1581 dixit:
3073 1529 3182 1597 Ego
3220 1529 3410 1590 venio,
3451 1543 3600 1583 eum-

332 1635 571 1703 νουθεσίᾳ
613 1628 877 1698 διέμεινεν,
910 1626 1018 1678 ἐπεί
1057 1624 1132 1674 τοί
1158 1641 1212 1692 γε
1262 1627 1323 1693 τῇ
1365 1621 1511 1687 τρίτῃ
1558 1618 1721 1691 ἡμέρᾳ
1766 1617 1835 1674 είς
1864 1615 1922 1667 τὸ

2036 1636 2129 1690 que
2166 1636 2262 1690 per
2303 1621 2674 1689 memetipsum
2713 1621 2961 1676 emendo.
3007 1621 3249 1690 Cumque
3279 1622 3358 1674 vir
3388 1620 3479 1677 Dei
3510 1637 3602 1676 νεά

337 1721 614 1779 δωιξολικὶν
656 1717 766 1776 ἔθος
815 1712 1171 1787 ὑποστρέψας,
1217 1710 1490 1771 πλάζεσθαι
1525 1715 1596 1776 τῷ
1635 1713 1795 1780 καιρῷ
1827 1712 1918 1764 τῆς

335 1821 648 1889 προσευχῆς
674 1810 883 1882 ἤρξατο.
900 1816 955 1858 '0
976 1803 1028 1858 δὲ
1058 1804 1236 1858 τούτου
1259 1800 1422 1858 ἀϐϐἆς
1449 1796 1747 1864 θεασάμενος
1776 1797 1923 1850 αὐτὸν

339 1883 445 1961 ὑπὸ
469 1911 558 1960 τοῦ
582 1912 672 1961 τῆς
698 1897 908 1957 ἁκηδίας
939 1895 1167 1964 daily-mo;
1195 1892 1212 1923 ¹
1242 1891 1510 1952 νικηθέντα,
1536 1883 1676 1946 αὖθις
1696 1886 1819 1963 πρὸς
1840 1885 1925 1938 τὸν

335 2005 434 2056 τοῦ
479 2001 604 2050 Θεοῦ
635 1990 891 2066 ἄνθρωπον
921 1986 1356 2060 παραγενόμενος,
1401 1979 1675 2051 διηγήσατο
1701 1980 1836 2050 αὐτῷ
1863 1977 1928 2031 τὰ

337 2095 467 2148 κατά
495 2090 581 2143 τὸν
604 2084 823 2154 ἀδελφόν·
844 2079 870 2136 ὁ
889 2079 942 2135 δὲ
967 2079 1107 2150 ἅγιος
1130 2073 1236 2132 εἷπε
1263 2076 1392 2149 πρὸς
1415 2074 1612 2127 αύτὸνη
1635 2075 1756 2142 Ἐσγώ
1781 2071 1926 2124 ἐλθὼν

334 2182 599 2239 δι’έαυτοῦ
627 2181 648 2209 ³
675 2177 970 2251 διορθοῦμαι
988 2167 1158 2226 αὐτόν.
1175 2189 1191 2220 ι
1209 2169 1456 2226 Ἐλθόντος
1472 2161 1556 2221 οὖν
1576 2166 1729 2219 αὐτοῦ
1751 2165 1820 2224 είς
1840 2169 1929 2221 τήν

339 2281 516 2351 μονήν,
549 2276 634 2327 καί
670 2279 732 2345 τῇ
763 2267 1009 2342 ὡρισμένῃ
1041 2265 1148 2339 ὥρα
1174 2263 1315 2319 ἡνίκα
1343 2258 1599 2333 ἐπληρώθη
1631 2256 1657 2310 ὁ
1685 2263 1776 2314 τῆς
1800 2254 1931 2324 ψαλ-

339 2345 533 2441 μῳδίας
560 2366 736 2435 ὕμνος,
767 2363 855 2415 καί
883 2359 1099 2441 ἑαυτούς
1129 2356 1171 2408 οἱ
1207 2353 1405 2425 ἀδελφοὶ
1429 2353 1498 2411 εἰς
1532 2353 1830 2422 προσευχήν
1856 2345 1930 2402 δε-

337 2461 540 2517 δώκασι
567 2460 686 2529 γόνυ
713 2455 984 2518 κλίναντες,
1018 2423 1143 2504 εἶδεν
1175 2445 1199 2501 ὁ
1233 2445 1397 2517 ἅγιος,
1424 2447 1513 2497 καί
1543 2441 1648 2496 ἰδού
1676 2444 1932 2498 νεανίσκος

339 2575 421 2614 τις
463 2549 649 2620 αἰθίωψ
679 2554 754 2620 τῷ
780 2543 898 2600 εἴδει
935 2544 1193 2615 κρατήσας
1217 2538 1277 2593 τὸ
1307 2536 1578 2608 πτερύγιον
1603 2537 1693 2586 τοῦ
1729 2532 1931 2601 ἱματίου

342 2653 437 2702 τοῦ
468 2642 677 2713 ἀδελφοῦ
723 2639 908 2692 ἐκείνου
938 2639 1026 2690 τοῦ
1058 2634 1108 2686 ἐν
1136 2638 1196 2704 τῇ
1224 2633 1496 2706 προσευχῇ
1525 2632 1837 2698 καρτερῆσαι
1864 2626 1935 2692 μὴ

342 2736 621 2806 δυναμένου
639 2771 654 2796 ,
687 2727 836 2784 εἷλκεν
865 2729 1013 2781 αὐτὸν
1038 2722 1136 2787 ἔξω
1159 2731 1250 2782 τῆς
1278 2720 1565 2778 ἐκκλησίας.
1590 2717 1713 2806 Τότε
1743 2714 1769 2768 ὁ
1796 2713 1937 2787 ἅγιος

339 2838 416 2884 τῶ
445 2831 733 2904 προεστῶτι
761 2828 852 2879 τῆς
879 2825 1028 2888 μονῆς
1059 2815 1264 2876 έκείνης,
1289 2814 1587 2882 Πομπηῖανῷ
1601 2805 1939 2876 τοῦνομα,καί

342 2896 536 2991 Μαύρῳ
566 2923 637 2988 τῷ
668 2913 825 2982 δούλῳ
845 2916 938 2966 τοῦ
967 2913 1092 2962 Θεοῦ
1122 2910 1381 2978 μυστικῶς
1413 2897 1567 2954 εἶπεν·
1591 2917 1608 2949 ι
1643 2900 1757 2967 Ούχ
1788 2896 1938 2965 ὁρᾶτε

2028 1714 2192 1768 nisset
2241 1712 2305 1766 ad
2356 1712 2496 1766 idem
2551 1713 2970 1776 monasterium,
3015 1722 3070 1767 et
3109 1717 3397 1766 constituta
3445 1712 3597 1778 hora,

2027 1807 2240 1876 expleta
2267 1805 2557 1875 psalmodia
2589 1820 2709 1860 sese
2735 1805 2927 1860 fratres
2954 1812 2982 1842 οι
3013 1805 3065 1858 in
3097 1805 3393 1859 orationem
3422 1804 3602 1860 dedis-

2035 1909 2189 1964 sent,
2224 1899 2430 1967 aspexit
2458 1897 2598 1967 quod
2630 1897 2876 1952 eumdem
2916 1899 3235 1952 monachum
3267 1897 3356 1968 qui
3399 1898 3450 1952 in
3481 1913 3601 1952 ora-

2033 1991 2177 2044 tione
2213 2004 2430 2044 manere
2470 2004 2574 2042 non
2616 1997 2858 2057 poterat,
2902 1989 3119 2059 quidam
3158 1989 3308 2058 niger
3348 1989 3603 2058 puerulus

2031 2094 2126 2150 per
2153 2081 2462 2135 vesdmenti
2503 2079 2765 2134 fimbriam
2796 2080 2937 2136 foras
2969 2080 3219 2136 traheret.
3253 2075 3401 2136 Tunc
3428 2081 3602 2137 eidem

2033 2169 2175 2224 Patri
2212 2171 2523 2226 monasterii
2566 2171 2887 2240 Pompeiano
2922 2171 3137 2225 nomine
3159 2212 3173 2236 ,
3207 2181 3260 2226 et
3293 2171 3473 2226 Mauro
3506 2171 3602 2228 Dei

2033 2260 2233 2316 famulo
2276 2270 2488 2318 secreto
2529 2261 2662 2316 dixit
2709 2280 2720 2314 :
2769 2261 3017 2333 Nunquid
3064 2277 3170 2317 non
3212 2265 3448 2332 aspicitis
3484 2263 3604 2334 quis

2034 2362 2118 2407 est
2145 2353 2236 2423 qui
2271 2355 2428 2408 istum
2467 2353 2788 2408 monachum
2831 2353 2972 2408 foras
3014 2353 3220 2408 trahit?
3256 2354 3353 2421 Qui
3385 2365 3606 2425 respon-

2034 2444 2223 2499 dentes
2267 2445 2553 2499 dixerunt:
2598 2444 2732 2499 Non.
2777 2445 2978 2512 Quibus
3023 2445 3097 2498 ait
3125 2463 3137 2499 :
3170 2446 3394 2500 Oremus
3427 2457 3484 2502 ut
3511 2462 3606 2502 vos

2036 2535 2198 2589 etiam
2230 2537 2454 2590 videatis
2494 2552 2650 2606 quem
2700 2537 2802 2592 iste
2831 2537 3124 2591 monachus
3149 2539 3409 2607 sequitur.
3444 2537 3605 2594 Cum-‘-

2036 2641 2141 2695 que
2185 2641 2282 2695 per
2327 2626 2546 2681 biduum
2587 2637 2729 2682 esset
2774 2636 2981 2682 oratum
3007 2668 3022 2694 ,
3068 2627 3280 2683 Maurus
3317 2630 3608 2684 monachus

2039 2718 2205 2783 vidit;
2254 2718 2612 2787 Pompeianus
2655 2731 2782 2774 vero
2820 2719 3060 2787 ejusdem
3107 2721 3418 2776 monasterii
3452 2720 3608 2776 Pater

2042 2808 2223 2862 videre
2268 2825 2373 2863 non
2415 2809 2603 2878 potuit.
2647 2810 2740 2864 Die
2771 2811 2931 2880 igitur
2957 2811 3096 2875 alia,
3128 2811 3338 2881 expleta
3369 2813 3611 2868 oratione

2036 2904 2126 2960 vir
2170 2903 2261 2959 Dei
2309 2905 2599 2960 oratorium
2653 2920 2936 2975 egressus,
2988 2914 3216 2959 stantem
3257 2905 3384 2960 foris
3428 2922 3612 2962 mona-

341 3014 424 3070 τίς
443 3012 584 3064 ἔστιν
607 3005 633 3061 ὁ
653 3006 736 3061 τὸν
755 3003 980 3074 μοναχὸν
1000 3005 1178 3054 τοῦτον
1207 2993 1306 3060 ἔξω
1325 3001 1416 3054 τῆς
1439 2992 1698 3052 ἐκκλησίας
1720 2989 1867 3044 ἕλκων
1884 3007 1895 3044 :
1912 3007 1931 3040 ι

2042 2995 2201 3051 chum
2243 2996 2474 3063 reperit,
2519 3011 2680 3066 quem
2724 3012 2819 3067 pro
2857 2996 3100 3052 ctecitate
3138 2997 3317 3051 cordis
3353 2997 3435 3051 sui
3464 2996 3611 3068 virga

344 3101 392 3153 οἱ
410 3097 466 3154 δέ
482 3095 849 3170 ἀποκριθέντες.
866 3087 1024 3146 εἷπον·
1038 3107 1055 3140 ι
1074 3089 1226 3158 οὐχὶ.
1242 3087 1422 3158 πάτερ,
1438 3100 1482 3135 ι·
1500 3084 1626 3155 πρὸς
1646 3080 1731 3142 οὓς
1756 3080 1942 3154 ὁᾶγιος

347 3186 503 3245 εἶπεν·
518 3205 538 3238 ε
558 3186 822 3255 Εύξὼμεθα
845 3179 981 3241 ὅπως
1003 3182 1085 3233 καί
1106 3183 1254 3248 ὑμεῖς
1275 3175 1519 3232 θεάσησθε
1551 3170 1602 3226 ὃν
1630 3169 1774 3231 οὗτος
1804 3171 1828 3225 ὁ
1853 3192 1943 3241 μο-

345 3283 517 3352 ναχός
540 3276 820 3333 ἀκολουθεῖ.
835 3291 852 3325 ι
869 3279 956 3333 Ὠς
977 3270 1030 3326 δέ
1057 3267 1276 3333 ηὔξαντο
1301 3268 1380 3320 ἐπὶ
1404 3264 1495 3320 δύο
1517 3264 1726 3338 ἡμέρας,
1743 3270 1943 3340 Μαῦρος

348 3373 375 3428 ὁ
404 3371 641 3442 μοναχός
667 3365 949 3427 ἐθεάσατο,
985 3359 1302 3433 Πομπηῖανὸς
1343 3355 1395 3412 δέ
1433 3357 1458 3410 ὁ
1487 3362 1575 3410 τοῦ
1606 3358 1759 3410 αὐτοῦ
1787 3376 1940 3425 μονα-

349 3466 566 3540 στηρίου
611 3465 779 3534 πατὴρ
822 3460 1072 3531 θεωρῆσαι
1116 3455 1200 3506 οὐκ
1240 3449 1484 3510 ἠδυνήθη⁶
1531 3456 1592 3524 τῇ
1634 3446 1687 3502 δὲ
1721 3449 1940 3520 έπιούσῃ

349 3539 518 3632 ἡμέρᾳ
541 3554 887 3629 πληρωθείσης
912 3557 1002 3611 τῆς
1026 3549 1188 3616 εὐχῆς
1213 3544 1237 3598 ὁ
1263 3550 1352 3613 τοῦ
1375 3549 1502 3597 Θεοῦ
1521 3539 1782 3615 ἅνθρωπος
1809 3543 1938 3607 ἐξελ-

2048 3088 2352 3158 percussit:
2383 3089 2470 3160 qui
2511 3106 2576 3143 ex
2606 3089 2698 3144 illo
2741 3090 2828 3144 die
2869 3090 2940 3145 nil
2987 3091 3345 3158 persuasionis
3389 3092 3616 3147 ulterius

2047 3196 2075 3235 a
2111 3184 2261 3251 nigro
2296 3181 2403 3250 jam
2446 3183 2666 3250 puerulo
2703 3182 2954 3251 pertulit,
2989 3182 3084 3238 sed
3120 3183 3184 3237 ad
3213 3184 3470 3238 orationis
3498 3194 3618 3238 stir-

2045 3272 2192 3326 dinm
2239 3272 2526 3327 immobilis
2561 3275 2896 3344 permansit:
2933 3273 3117 3346 sicque
3157 3276 3409 3346 antiquus
3447 3276 3618 3332 h0stis

2043 3363 2307 3418 dominari
2337 3364 2365 3402 δ
2396 3379 2502 3418 non
2531 3379 2693 3420 ausus
2733 3373 2816 3420 est
2851 3365 2903 3419 in
2946 3367 3063 3433 ejus
3097 3367 3416 3437 cogitatione
3437 3408 3452 3435 ,
3481 3381 3544 3424 ac
3572 3367 3620 3424 sl

2044 3454 2158 3523 ipse
2184 3468 2466 3524 percussus
2495 3453 2681 3511 fuisset
2708 3471 2774 3511 ex
2807 3455 3050 3511 verbere.

347 3630 529 3703 esse:
555 3651 645 3701 τοῦ
677 3643 939 3718 εὐκτηρίου
986 3638 1184 3692 ἑστῶτα
1227 3633 1326 3697 ἔξω
1371 3634 1455 3687 τὸν
1499 3634 1723 3702 μοναχὸν
1752 3630 1899 3705 εὗρε,
1929 3640 2014 3691 καί
2050 3644 2223 3694 τοῦτον
2253 3636 2335 3693 διὰ
2375 3643 2464 3698 τὴν
2501 3639 2750 3713 τύφλωσιν
2787 3655 2880 3703 τῆς
2918 3638 3127 3718 καρδίας
3155 3644 3310 3697 αὐτοῦ
3349 3651 3411 3719 τῇ
3450 3643 3624 3722 ῥάϐδῳ

353 3740 573 3812 ἴτυψενο
615 3736 756 3796 ὅστις
783 3732 874 3787 ἀπ’
904 3732 1058 3788 αὐτῆς
1083 3735 1173 3786 τῆς
1197 3726 1386 3798 ἡμέρας
1420 3722 1730 3798 ἠλευθερώθη
1777 3724 1828 3776 ἐκ
1863 3733 1954 3786 τῆς
1991 3730 2316 3800 συνεχούσης
2361 3729 2507 3784 αὐτὸν
2549 3732 2800 3808 ῥᾳθυμίας
2848 3739 2937 3787 τοῦ
2972 3731 3234 3804 δαίμονος,
3278 3736 3361 3789 καί
3383 3736 3550 3790 λοιπὸν
3570 3737 3629 3792 έν

355 3845 418 3894 τῆ
449 3838 728 3909 προσευχῇ
756 3826 1030 3901 προθύμως
1074 3822 1166 3874 σὺν
1202 3825 1309 3876 τοῖς
1346 3813 1568 3886 ἀδελφοῖς
1608 3815 1769 3888 μέχρι
1819 3817 2238 3892 συμπληρώσεως
2277 3817 2488 3891 διέμενε,
2534 3823 2712 3889 μηκέτι
2749 3828 2838 3876 τοῦ
2888 3822 3080 3899 ἐχθροῦ
3123 3824 3287 3893 ἐκείνῳ
3328 3831 3400 3897 τῷ
3433 3823 3626 3900 ἀδελφῷ

357 3904 706 4001 προσψαῦσαι
749 3919 1118 3979 τολμήσαντος,
1162 3911 1229 3969 ὡς
1275 3904 1356 3962 οἷα
1398 3907 1500 3960 ύπό
1545 3911 1635 3959 τοῦ
1686 3904 1831 3977 ἁγίου
1877 3914 1940 3980 τῇ
1977 3909 2146 3983 πληγῇ
2165 3918 2255 3969 τῆς
2280 3907 2469 3982 ῥάϐδου
2491 3912 2849 3983 μαστιγωθεὶς.

998 4034 1219 4080 neua.
1250 4023 1308 4078 δ’.

365 4137 485 4211 Περὶ
528 4136 620 4188 τοῦ
669 4125 945 4192 ἐξελθόντες
986 4122 1268 4197 χειμάρρου
1317 4117 1401 4172 διὰ
1443 4123 1750 4191 προσευχῆς
1797 4116 1952 4169 αὐτοῦ

883 4215 904 4246 ³
933 4217 987 4269 ἐκ
1016 4217 1207 4287 πέτρας
1231 4214 1422 4275 ζώσης.

438 4327 520 4372 Ἐκ
557 4323 655 4371 τῶν
682 4312 926 4385 ῥηθέντων
953 4309 1117 4362 τοίνυν
1145 4303 1491 4376 μοναστηρίων
1510 4340 1524 4364 ,
1552 4297 1714 4370 ὧνπερ
1746 4299 1796 4353 ἐν

2674 4026 2898 4082 CAPUT
2937 4027 3002 4081 Υ.

2094 4115 2169 4169 De
2193 4133 2324 4186 aqua
2347 4117 2441 4171 viri
2471 4116 2563 4171 Dei
2585 4121 2813 4173 oratione
2842 4120 2893 4172 in
2936 4118 3118 4174 montis
3147 4114 3330 4174 vertice
3357 4137 3418 4175 ex
3449 4132 3593 4195 petra

2710 4215 2978 4283 producta.

2135 4304 2208 4358 Ex
2248 4303 2332 4360 bis
2371 4319 2546 4362 autem
2603 4307 2940 4362 monasteriis
2989 4321 3106 4376 qum
3151 4307 3203 4362 in
3259 4307 3449 4364 eodem
3510 4308 3629 4363 loco

368 4419 446 4468 τῶ
491 4409 635 4462 τύπω
679 4403 1031 4458 συνεστήσατο
1062 4395 1135 4449 δὸ
1178 4398 1226 4447 ἐν
1256 4393 1416 4464 ἁγίοις
1458 4396 1626 4466 πατὴρ
1656 4387 1931 4449 Βενέδικτος

417 4469 428 4481 .
606 4463 617 4478 .
675 4499 682 4500 7
844 4493 854 4500 _
989 4487 1002 4500 '
1143 4494 1165 4500 _
1292 4493 1313 4500 _
1371 4481 1395 4498 ν
1550 4481 1568 4496 θ
1879 4491 1895 4500 _

2036 4409 2455 4478 _construxerat,
2485 4399 2584 4454 tria
2615 4415 2830 4454 sursum
2861 4399 2912 4453 in
2941 4398 3164 4469 rupibus
3205 4401 3402 4455 montis
3449 4413 3632 4467 erant,

371 4507 491 4584 τρία
536 4501 587 4563 ἐξ
630 4499 793 4552 αὐτῶν
833 4487 1073 4562 ⁹Ῐρπεροίνω
1101 4494 1199 4542 τῶν
1233 4493 1318 4540 τοῦ
1368 4481 1515 4559 ὅρους
1543 4481 1671 4541 ἦσαν
1707 4491 1955 4558 κρημνῶν,

373 4575 455 4649 καὶ
479 4589 678 4665 σφόδρα
697 4588 906 4660 ὑπῆρχε
930 4589 1035 4640 τοῖς
1057 4579 1287 4650 ἀδελφοῖς
1310 4579 1584 4649 ἐπίμοχθον
1608 4577 1628 4607 ⁸
1643 4578 1702 4631 τὸ
1723 4575 1957 4637 διηνεκῶς

375 4683 722 4761 κατέρχεσθαι
751 4681 822 4736 εἰς
850 4677 934 4730 τὸν
961 4673 1158 4734 λάκκον,
1182 4672 1265 4724 καί
1299 4674 1388 4728 τήν
1411 4676 1499 4724 τοῦ
1532 4666 1716 4728 ὕδατος
1739 4670 1952 4740 πορίζε-

378 4758 508 4834 σθαι-
530 4775 731 4849 χρείαν·
757 4772 788 4828 ἡ
814 4771 912 4843 γὰρ
941 4763 1162 4841 πάροδος
1184 4759 1266 4818 διὰ
1299 4769 1390 4815 τοῦ
1425 4758 1740 4822 ἐπικινδύνου
1769 4762 1956 4834 μέρους

376 4877 472 4927 τοῦ
499 4866 648 4942 ὅρους
667 4863 747 4929 ἦν,
776 4863 910 4916 ὥστε
942 4861 1036 4914 σύν
1063 4856 1198 4929 φόϐῳ
1219 4854 1386 4926 πολλῷ
1414 4853 1636 4908 κατιέναι
1659 4852 1839 4912 αύτούς
1872 4855 1958 4905 καί

379 4961 708 5038 ἀνέρχεσθαι.
738 4957 862 5011 Τότε
895 4951 1236 5022 συναχθέντες
1273 4947 1318 5000 οἱ
1347 4947 1394 4999 ἐν
1416 4952 1529 5004 τοῖς
1557 4945 1724 5017 τρισίν
1754 4944 1959 5004 έκείνοις

385 5035 739 5131 μοναστηρίοις
782 5051 1128 5104 κατοικοῦντες
1157 5043 1378 5115 μοναχοί
1404 5039 1530 5110 πρὸς
1557 5059 1641 5092 τυν
1668 5035 1838 5090 δοῦλον
1863 5043 1954 5091 τοῦ

456 5217 637 5286 ιιιεε.
668 5197 915 5286 διαϐόλου,
997 5277 1035 5286 _
1191 5277 1200 5286 _
1271 5273 1283 5284 ο

455 5291 475 5321 ⁸
678 5267 749 5338 δι’
770 5282 967 5337 ἑαυτόν.
997 5277 1062 5332 Ει
1085 5277 1240 5348 paulo
1271 5271 1436 5336 infra,
1465 5273 1516 5326 δν
1538 5280 1600 5342 τῇ
1629 5278 1786 5345 porgi;
1817 5267 1954 5340 quod

383 5354 892 5422 etiatithabel'ﬂcg.
1465 5421 1479 5422 η
1569 5412 1583 5422 _
1655 5411 1691 5422 η
1817 5410 1828 5421 ,

452 5410 475 5462 ³
512 5410 663 5502 Colb.
694 5429 811 5502 περὶ
838 5410 930 5477 τοῦ
949 5422 1204 5502 θαύματος
1234 5425 1324 5474 τῆς
1347 5421 1532 5486 πηγῆςι
1569 5412 1621 5466 111
1653 5411 1784 5481 Reg.
1816 5410 1953 5463 idem

386 5511 468 5558 est
491 5514 556 5552 ac
585 5501 634 5551 in
660 5497 818 5550 editis
838 5501 1224 5561 argumentum.

456 5573 477 5602 ‘
503 5570 654 5653 Cotti.
696 5567 720 5619 ὁ
759 5554 1266 5652 ἅγιοςνπατήρρήμῷν
1294 5555 1593 5616 Βενὶδικτος.
1627 5554 1689 5608 Ει
1731 5562 1910 5619 postea
1941 5570 1951 5604 :

383 5647 453 5714 τῷ
482 5648 571 5698 τοῦ
599 5647 748 5716 ὅρους
776 5647 906 5696 ήσαν
931 5647 1150 5711 κρημνῷ.

2061 4499 2114 4544 et
2143 4489 2296 4543 valde
2324 4499 2442 4545 erat
2474 4491 2726 4545 fratribus
2746 4490 3095 4556 laboriosum,
3129 4504 3343 4561 semper
3362 4491 3427 4546 ad
3458 4485 3630 4548 lacum

2058 4581 2406 4648 descendere,
2435 4591 2493 4636 ut
2513 4596 2702 4650 aquam
2731 4580 2943 4635 haurire
2972 4581 3284 4637 debuissent
3313 4588 3337 4621 ⁸
3358 4599 3371 4634 :
3396 4583 3631 4638 maxime

2059 4676 2179 4744 quia
2207 4691 2238 4732 e
2267 4677 2475 4731 devexo
2503 4674 2700 4729 montis
2730 4673 2894 4729 latere
2925 4683 3041 4728 erat
3068 4671 3228 4745 grave
3257 4672 3632 4732 descendenti-

2059 4767 2160 4822 bus
2190 4768 2242 4822 in
2297 4768 2490 4823 timore
2522 4766 2839 4837 periculum.
2886 4764 3038 4820 Tunc
3066 4765 3279 4820 coliecti
3325 4765 3518 4822 fratres
3560 4784 3629 4824 ex

2059 4860 2262 4915 eisdem
2294 4859 2466 4915 tribus
2493 4859 2863 4925 monasteriis,
2893 4858 2957 4911 ad
2983 4857 3076 4912 Dei
3117 4855 3373 4912 famulum
3406 4858 3631 4915 Benedi-

2062 4964 2206 5009 ctum
2255 4965 2548 5019 venerunt,
2592 4953 2832 5008 dicentes
2877 4969 2889 5004 :
2941 4949 3291 5029 Laboriosum
3350 4953 3502 5008 nubis
3549 4963 3632 5008 est

2064 5054 2284 5116 propter
2313 5061 2503 5117 aquam
2526 5044 2771 5116 quotidie
2796 5057 2964 5114 usque
2985 5043 3051 5098 ad
3073 5041 3246 5129 lac‘u'm
3268 5042 3621 5105 descendere.

2132 5204 2153 5236 ⁸
2185 5204 2315 5273 Reg.
2347 5206 2406 5259 τὸ
2432 5202 2666 5263 διηνεκῶς
2718 5199 2869 5256 (ἶοιδι
2899 5207 2991 5256 τοῦ
3020 5181 3276 5262 διηνεκῶς.

2133 5347 2156 5374 ⁸
2191 5335 2424 5397 Gemet.,
2449 5333 2575 5387 hora
2594 5333 2839 5386 orationis
2858 5332 3156 5402 psalmodiis
3187 5347 3293 5402 ερεε
3318 5329 3526 5400 fratres.

2135 5407 2160 5445 δ
2188 5407 2431 5471 Additur,
2465 5406 2696 5465 ulterius,
2729 5405 2780 5457 in
2829 5401 2989 5456 duub.
3032 5405 3169 5456 Aud.
3199 5401 3319 5455 Bec.
3355 5412 3406 5452 et
3436 5402 3560 5469 Lyr.

2097 5487 2155 5602 5"-
2185 5479 2292 5534 Iloc
2333 5468 2436 5542 est,
2476 5477 2755 5530 haurirent.
2807 5473 2999 5530 Confer
3056 5483 3242 5529 notam
3268 5480 3295 5509 ι
3322 5468 3491 5540 συνῆ
3525 5468 3632 5532 col.

2064 5553 2085 5604 ί
2133 5553 2183 5606 5.
