4032 6184
417 134 521 188 HS

1758 134 1813 190 S.
1855 134 2185 191 BENEDICT
2192 135 2297 193 US.
2332 190 2335 193 .

3557 142 3675 219 ιιι

407 258 540 305 Θεοῦ
584 249 854 307 Βενίδικτον
893 252 1243 327 παρεγένοντο,
1282 251 1516 328 παρακαλ
1547 257 1685 310 ῦντες
1721 251 1865 304 αὑτὸν
1907 272 1963 304 κα

2093 259 2147 303 et
2177 250 2374 305 idcirco
2405 263 2620 307 necesse
2641 257 2722 307 est
2748 265 2814 306 ex
2843 256 3028 309 eodem
3053 252 3171 309 loco
3197 256 3513 311 monasteria
3538 273 3656 312 mu-

407 342 694 412 λὲγοντεςέ
732 344 895 417 Πάτερ
922 347 1075 409 τίηαιε,
1107 342 1353 398 δύσκολον
1387 346 1505 413 ἡμῖν
1526 345 1634 398 ἐστι
1660 342 1745 397 διὰ
1775 350 1862 402 τήν
1889 350 1978 397 τοῦ

408 429 557 506 ὅρους
588 436 922 508 ἀμφίκρημνον
949 433 1187 490 διάϐασιν
1224 434 1321 493 ἕως
1360 440 1448 487 τοῦ
1479 434 1659 486 λάκκου
1708 436 1986 511 κατέρχεσ-

406 526 507 585 θαι.
537 528 622 580 καί
656 530 743 584 τήν
770 532 859 581 τοῦ
896 524 1080 586 ὕδατος
1120 527 1304 599 χρείαν
1348 527 1659 602 πορίζεσθαι’
1702 526 1995 598 ἐπάναγκες,

407 609 493 668 οὖν
532 616 642 671 ἐστι
674 624 965 687 μετοικῆσαι
996 616 1011 646 ¹
1033 618 1099 671 τά
1136 618 1571 692 μοναστήρεα,ἴνα
1611 622 1681 687 μή
1716 638 1846 678 τινες
1881 626 1980 673 τῶν

405 705 628 778 ἀδελφῶν
644 709 995 769 ὀλισθησαντες
1023 710 1176 779 βιαίῳ
1204 710 1401 782 θανάτῳ
1439 710 1804 782 περιπέσωσιν.
1827 726 1845 758 ι
1879 708 2001 773 Οὓς,

404 808 773 873 παραινετικοῖς
818 822 873 855 τε
920 805 1005 856 καί
1054 802 1449 880 παρακλητικοῖς
1487 803 1652 874 λόγοις
1700 800 1981 871 inulti-ba;

408 888 675 943 ἀπέλυσεν.
701 892 835 965 Λὺτῇ
858 889 911 945 δὲ
937 900 998 967 τῇ
1022 894 1163 946 νυκτί
1190 891 1499 966 παραλαϐὼν
1521 896 1717 946 νεανίαν
1742 895 1852 948 τινὰ
1873 893 1980 965 μεθ’

406 981 589 1036 εαυτοῦ
619 980 849 1037 Πλάκιδον
877 980 1100 1053 τοῦνομα
1118 1024 1132 1043 .
1163 980 1222 1037 οὗ
1263 986 1348 1037 καὶ
1372 984 1431 1038 τό
1459 986 1576 1058 πρὶν
1600 986 1771 1055 μνείαν
1807 986 1979 1042 ἐποιη-

404 1077 593 1145 σάμην,
628 1075 831 1133 ἀνῆλθεν
861 1076 905 1127 ἐν
926 1082 997 1145 τῷ
1025 1077 1160 1145 αὑτῷ
1184 1082 1272 1129 τοῦ
1305 1072 1455 1150 ὅρους
1482 1073 1723 1147 δυσϐάτῳ
1758 1083 1976 1149 κρημνῷ,

403 1169 488 1223 καί
508 1167 677 1221 αὑτιὩι
701 1167 746 1219 ἐν
853 1168 978 1241 πρὸς
1005 1168 1127 1221 Θεὸν
1157 1165 1329 1225 δεήσει
1349 1171 1831 1241 προσκαρτερήσας,
1857 1170 1979 1222 ἀνα-

399 1258 531 1318 στάς
556 1258 658 1311 ἀπὸ
691 1265 783 1317 τῆς
813 1265 1136 1331 προσευχῆς,
1166 1261 1247 1312 καί
1275 1268 1411 1333 τρεῖς
1435 1261 1685 1331 ἀράμενος
1712 1259 1896 1319 λίθους.
1928 1263 1980 1316 ἐν

401 1350 539 1421 αὑτῷ
591 1355 663 1420 τῷ
710 1348 852 1419 τόπῳ
900 1350 999 1402 ἀπὸ
1038 1347 1383 1420 διαστήματος
1432 1348 1596 1411 ἔθετο,
1652 1352 1732 1404 καί
1776 1351 1979 1407 πάντων

400 1443 716 1511 ἀγνοούντων
754 1442 812 1496 τὸ
849 1444 1049 1512 γεγονός
1089 1442 1260 1513 θαῦμα
1287 1443 1336 1496 ἐν
1368 1450 1443 1516 τῷ
1471 1443 1657 1499 ἑαυτοῦ
1686 1442 1976 1517 ὑπέστρεψε

398 1531 590 1603 κελλίῳ.
612 1537 687 1601 Τῇ
709 1530 763 1587 δὲ
784 1532 1022 1605 ἐπαύριον
1040 1535 1373 1609 παρεγίνοντο
1397 1535 1526 1611 πρὸς
1553 1536 1700 1592 αὑτὸν
1727 1536 1773 1590 οί
1801 1556 1976 1611 προει-

397 1624 604 1693 ρημίνοι
628 1620 826 1696 ἀδελφοὶ
866 1621 950 1678 διὰ
973 1630 1061 1682 τήν
1084 1626 1332 1702 προτέραν
1373 1633 1461 1681 τοῦ
1491 1624 1677 1688 ὕδατος
1701 1624 1920 1685 αἴτησιν·
1950 1626 1976 1682 6

398 1713 454 1769 δὲ
478 1713 619 1775 ὅσιος
635 1716 761 1789 πρὸς
784 1718 964 1777 αὑτοὺς
985 1712 1141 1772 εἶπεν·
1154 1735 1173 1768 ε
1192 1716 1457 1781 Ἀνέλθετε,
1470 1721 1635 1777 τέκνα.
1651 1721 1701 1774 ιν
1720 1722 1888 1789 ἐκείνῳ
1902 1727 1976 1792 τῷ

396 1815 600 1881 κρημνῷ
628 1809 668 1869 ³,
705 1808 752 1861 ἓν
789 1806 829 1883 ᾧ
865 1811 1103 1886 εὑρήσετε
1153 1820 1293 1883 τρεῖς
1319 1814 1487 1875 λίθους
1509 1814 1720 1889 ὕπερθεν
1759 1814 1976 1872 ἀλλήλων

395 1898 669 1967 κειμένους,
698 1901 778 1952 καί
815 1900 863 1952 ἐν
907 1901 1048 1972 αὑτῷ
1089 1908 1163 1973 τῷ
1188 1901 1332 1972 τόπῳ
1374 1903 1608 1978 ὁρὺεατε’
1634 1903 1847 1965 δυνατὸς
1878 1906 1976 1980 γάρ

2094 343 2215 397 tati.
2249 344 2391 409 Quos
2425 343 2615 398 blande
2648 346 2672 373 ³
2700 346 2987 399 consolans
3013 345 3234 415 dimisit,
3284 357 3340 401 et
3371 356 3528 402 nocte
3556 365 3653 402 ea-

2086 432 2207 486 dem
2236 447 2355 486 cum
2382 448 2544 500 parvo
2578 437 2799 501 puerulo
2834 435 3051 490 nomine
3087 425 3333 501 'Placido,
3364 437 3517 506 cujus
3546 453 3640 493 su-

2086 524 2267 593 perius
2342 524 2655 578 memoriam
2716 525 2853 590 feci,
2914 524 3151 595 ejusdem
3209 529 3407 581 montis
3463 543 3649 597 rupem

2085 612 2346 680 ascendit,
2372 613 2550 684 ibique
2571 615 2769 671 diutius
2796 617 2988 673 oravit.
3019 616 3335 671 Etoratione
3363 620 3646 686 completa,

2086 715 2195 761 tres
2221 715 2397 775 petras
2429 708 2478 761 in
2512 706 2629 763 loco
2657 707 2848 762 eodem
2876 723 2971 777 pro
2992 708 3146 777 signo
3176 709 3367 777 posuit,
3398 722 3559 779 atque
3583 713 3649 765 ad

2084 813 2237 852 suum
2269 798 2478 853 cunctis
2500 799 2606 852 illic
2626 800 2990 853 nescientibus
3012 797 3038 837 ι)
3064 801 3447 855 monasterium
3471 803 3649 858 rediit.

2084 887 2322 957 Cumque
2350 888 2438 943 die
2467 889 2570 943 alia
2600 888 2665 943 ad
2692 904 2815 944 eum
2846 905 2941 959 pro
2972 893 3291 946 necessitate
3318 908 3467 961 aqure
3516 908 3654 961 pne-

2083 981 2206 1037 dieti
2237 980 2428 1037 fratres
2458 981 2766 1049 rediissem,
2797 982 2936 1036 dixit
2962 999 2975 1035 :
3009 982 3104 1046 lte,
3134 994 3187 1035 et
3215 999 3400 1053 rupem
3430 985 3571 1038 illam
3595 986 3649 1038 in

2081 1087 2187 1143 qua
2218 1084 2324 1126 tres
2352 1087 2511 1142 super
2539 1073 2765 1127 invicem
2799 1072 2994 1143 positas
3023 1085 3202 1143 petras
3232 1074 3565 1137 inveneritis.
3598 1077 3649 1130 in

2084 1163 2294 1219 modico
2314 1175 2497 1219 cavete
2530 1181 2543 1217 :
2578 1165 2719 1219 valet
2745 1165 2887 1219 enim
2932 1168 3272 1235 omnipotens
3322 1166 3460 1221 D-.-.us
3488 1168 3647 1222 etiam

2082 1257 2134 1311 in
2163 1258 2253 1312 illo
2273 1258 2468 1312 montis
2492 1257 2771 1313 cacumine
2797 1272 2986 1327 aquam
3016 1259 3331 1328 producere,
3361 1269 3417 1312 ut
3445 1261 3597 1316 vobis
3623 1272 3644 1300 °

2080 1350 2315 1404 laborem
2357 1348 2488 1404 tanti
2520 1348 2725 1403 itineris
2765 1348 3013 1419 dignetur
3039 1349 3269 1406 auferre.
3305 1351 3405 1418 Qui
3434 1363 3650 1420 euntes,

2082 1455 2268 1509 rupem
2297 1438 2496 1494 montis
2523 1455 2682 1508 quam
2710 1439 3029 1495 Benedictus
3058 1440 3398 1511 praadtxerat,
3425 1442 3532 1511 jam
3558 1459 3649 1497 su-

2078 1531 2292 1587 dantem
2317 1532 2655 1587 invenerunt.
2683 1528 2926 1599 Cumque
2955 1531 3008 1583 in
3032 1546 3094 1585 ea
3125 1545 3425 1586 concavum
3472 1533 3647 1587 locum

2081 1622 2351 1688 fecissent,
2384 1610 2563 1677 statim
2606 1637 2744 1692 aqua
2796 1622 3029 1691 repletus
3071 1632 3177 1687 est,
3206 1639 3325 1692 quae
3357 1634 3462 1678 tam
3494 1627 3648 1679 sulli—

2080 1720 2288 1770 cienter
2307 1716 2598 1778 emanavit,
2630 1724 2685 1768 ut
2707 1728 2849 1768 nunc
2875 1728 3041 1783 usque
3066 1714 3295 1769 ubertim
3316 1715 3539 1783 deﬂuat,
3568 1727 3648 1770 at-

2083 1823 2187 1878 que
2216 1807 2283 1861 ab
2309 1808 2399 1861 illo
2427 1808 2623 1862 montis
2653 1807 2929 1861 cacumine
2954 1822 3120 1876 usque
3160 1807 3226 1862 ad
3271 1808 3521 1862 inferiora
3550 1809 3647 1863 de-

2081 1902 2299 1955 rivelur.

394 1988 532 2044 ictu
554 1988 579 2043 6
606 1987 989 2061 παποδὺναμος
1017 1992 1141 2052 Θεὸς
1161 1996 1248 2046 καί
1273 1994 1325 2047 ἐν
1352 1995 1517 2064 ἐκείνῳ
1544 2003 1617 2063 τῷ
1644 1994 1762 2066 ὕψει
1790 2002 1880 2050 τοῦ
1902 1992 2052 2069 ὅρους
2076 1991 2214 2064 ὕδωρ
2233 1993 2353 2062 ὑμῖν
2379 1989 2585 2061 δαψιλές
2606 1998 2927 2065 παρασχεῖν.
2953 1993 3035 2044 καί
3059 1996 3147 2051 τήν
3170 1993 3444 2063 ἐπίμοχθον
3464 1991 3650 2049 δυσκο-

393 2078 502 2141 λίαν
529 2089 619 2140 τῆς
646 2079 765 2136 ὁδοῦ
807 2080 985 2155 ῥᾳδίαν
1027 2085 1367 2142 ποιῆσαωοὶ
1393 2082 1446 2139 δὲ
1466 2085 1756 2144 ἀπελθόντες
1779 2088 1829 2139 ἐν
1849 2092 1921 2156 τῷ
1942 2090 2034 2140 τοῦ
2072 2079 2224 2157 ὅρους
2254 2090 2452 2157 κρημνῷ
2483 2078 2631 2156 εὖρον
2672 2081 2833 2141 οὕτως
2875 2083 3034 2142 καθὼς
3078 2080 3105 2137 6
3145 2088 3312 2160 ῐιατόρ
3340 2080 3504 2141 εἶπεν.
3536 2086 3586 2138 ἕν
3609 2083 3647 2152 ᾧ

394 2170 537 2243 τόπῳ
577 2173 611 2229 ἦ
652 2178 742 2226 τοῦ
790 2169 941 2245 ὅρους
987 2169 1203 2249 ἄνυδρος
1253 2174 1536 2250 σκληρότης
1586 2173 1803 2247 ἰκμάδας
1837 2177 1974 2236 τινάς
2015 2176 2101 2228 καί
2125 2172 2340 2252 ἱδρῶτας
2384 2169 2570 2232 ὕδατος
2617 2173 2919 2244 ἀνέπεμπεν.
2965 2176 3266 2235 Ποιήσαντες
3312 2170 3398 2230 οὖν
3450 2173 3649 2251 ὄρυγμα

394 2266 525 2335 μέγα
562 2265 800 2339 παραυτά
843 2264 1042 2323 ὑδάτων
1086 2269 1264 2331 πλῆθος
1306 2270 1594 2334 ἀνέϐλυσεν,
1626 2270 1758 2344 ἅπερ
1797 2271 1959 2345 μᾶχρι
2006 2274 2098 2326 τοῦ
2140 2276 2228 2323 νῦν
2266 2267 2485 2341 ἀφθόνως
2511 2268 2843 2338 ὑπερχεῖται,
2874 2266 2896 2297 ⁸
2928 2273 3017 2328 τὴν
3045 2276 3135 2325 τοῦ
3330 2271 3648 2345 θαυματουρ-

394 2360 503 2427 γίαν
535 2362 604 2418 είς
634 2358 691 2413 τό
730 2355 949 2420 διηνεκὲς
971 2364 1100 2415 πᾶσι
1131 2358 1437 2417 δεικνύοντα⁶
1471 2362 1502 2420 ἦ
1531 2359 1585 2417 δέ
1624 2368 1722 2418 τῶν
1759 2359 1959 2417 ὑδάτων
1995 2362 2274 2436 περισσεία
2295 2358 2396 2414 ὑπὸ
2418 2359 2476 2414 τό
2503 2353 2618 2431 ὄρος
2638 2355 3008 2435 δωκτρέχουσα
3035 2363 3277 2432 φαίνεται.

1021 2501 1231 2548 ama.
1278 2488 1354 2546 εν.

444 2610 559 2682 Περὶ
582 2606 601 2635 ⁸
624 2613 710 2662 τοῦ
741 2603 1033 2668 ἐκπεσόντος
1058 2608 1107 2661 ἐν
1128 2617 1189 2682 τῇ
1210 2609 1355 2683 λίμνῃ
1377 2606 1587 2682 σιδηροῦ
1618 2608 1895 2685 ἐργαλείου.

442 2716 651 2773 ’Δλλοτε
671 2719 820 2774 πάλιν
837 2720 962 2794 ἀνήρ
988 2704 1065 2781 τις
1093 2728 1165 2790 τῷ
1184 2723 1277 2790 μὶν
1294 2722 1423 2792 γόει
1448 2721 1645 2781 Γότθος.
1667 2719 1884 2788 πτωχὸς
1912 2715 1966 2772 δέ

376 2814 463 2879 ’τῷ
489 2809 742 2878 πνεύματι
760 2848 775 2873 ,
813 2809 862 2862 ἐν
890 2810 1172 2882 ἐπιστροφῇ
1200 2814 1472 2878 μετανοίας
1498 2810 1626 2883 πρὸς
1670 2810 1753 2864 τὸν
1792 2809 1968 2880 ἡγιασ-

2677 2484 2902 2541 CAPUT
2943 2485 3032 2542 Vl.

2106 2600 2184 2657 De
2220 2601 2357 2672 ferro
2385 2616 2449 2655 ex
2486 2599 2739 2672 profundo
2768 2614 2914 2670 aqua:
2940 2600 3009 2653 ad
3032 2597 3361 2656 manubrium
3383 2617 3603 2659 reverso.

2138 2715 2263 2774 Alio
2283 2730 2499 2788 quoque
2528 2724 2772 2785 tempore
2798 2713 3005 2770 Gothus
3044 2715 3260 2787 quidam
3289 2733 3491 2787 pauper
3527 2721 3639 2789 spi-

2070 2811 2174 2867 ritu
2213 2810 2278 2866 ad
2308 2809 2726 2866 conversionem
2757 2808 2940 2864 venit:
2982 2823 3140 2879 quem
3177 2810 3270 2865 Dei
3303 2813 3383 2865 vir
3410 2812 3639 2867 Benedi-

388 2899 535 2967 μένον
580 2897 854 2955 ωενέδικτον
895 2902 1226 2975 παρεγένετο,
1257 2897 1309 2953 ὃν
1348 2899 1374 2955 ό
1407 2897 1668 2977 ἄνθρωπος
1707 2908 1795 2956 τοῦ
1836 2907 1962 2954 Θεοῦ

2067 2914 2187 2960 ctus
2215 2901 2571 2957 libentissime
2599 2902 2853 2969 suscepit.
2886 2900 3123 2968 Quadam
3153 2916 3281 2956 vero
3310 2903 3395 2957 die
3429 2903 3479 2958 ei
3522 2904 3638 2958 dari

386 2992 661 3064 προθύμως
700 2990 996 3057 ὑπεδέξατο.
1023 2990 1103 3045 Ἐν
1121 2997 1215 3063 μιᾷ
1238 2990 1291 3048 δὲ
1317 3000 1415 3046 τῶν
1435 2995 1629 3065 ἡμερῶν
1665 2992 1913 3047 ἐκέλευσεν
1938 2990 1964 3047 6

386 3081 526 3154 ἅγιός
563 3104 659 3139 τινι
690 3092 791 3138 τῶν
818 3082 1035 3158 ἀδελφῶν
1069 3082 1245 3140 δοῦναι
1264 3088 1402 3158 αὑτῷ
1430 3083 1668 3162 σιδηροῦν
1691 3087 1960 3163 ἐργαλεῖον,

388 3174 519 3250 ὅπερ
556 3177 851 3249 επιχωρίως
890 3178 1187 3251 ὀνομάζεται
1221 3178 1544 3243 ξυλοκόπενδ,
1575 3182 1701 3254 πρ³ς
1730 3182 1786 3235 τὸ
1820 3180 1962 3234 ἐκκα-

382 3269 534 3343 θᾶραι
560 3266 819 3326 ἀκανθὼδη
852 3273 940 3324 καί
971 3269 1268 3345 φρυγανὼδη
1299 3272 1474 3334 τόπον,
1506 3269 1555 3325 εἴ
1582 3292 1693 3332 πως
1715 3269 1958 3330 δυνηθῶσι

380 3364 671 3429 γεωργῆσαι
697 3367 848 3416 κῆπον
884 3367 997 3419 τοῖς
1032 3358 1277 3432 ἀδελφοῖς·
1329 3360 1355 3416 ὁ
1390 3360 1442 3417 δὲ
1480 3362 1635 3421 τόπος
1680 3362 1879 3425 ἐκιένος,
1905 3360 1959 3418 όν

382 3445 468 3499 ἐπὶ
502 3453 575 3517 τῷ
603 3448 816 3521 καθᾶραι
846 3450 1024 3511 Γότθος
1059 3448 1283 3515 ἐδέξατο,
1313 3452 1630 3526 ὑπεράνωθεν
1658 3458 1747 3507 τοῦ
1773 3453 1954 3507 λάκκου

377 3533 457 3595 ἦν’
488 3539 625 3596 ἡνίκα
652 3537 706 3593 δέ
741 3540 770 3595 6
800 3541 977 3602 Γότθος
1004 3544 1069 3599 τά
1093 3552 1190 3598 τῶν
1221 3546 1436 3599 ἀκανθῶν
1465 3544 1618 3605 δάση.
1644 3555 1706 3620 τῇ
1730 3553 1823 3601 τοῦ
1853 3567 1952 3601 πα-

375 3634 496 3701 τρὶς
517 3630 802 3701 πειθόμενος
835 3633 1055 3707 ὑπακοῇ,
1093 3632 1300 3704 δυνάμει
1336 3636 1590 3700 ἐξέκοπτε,
1617 3638 1676 3691 τὸ
1713 3633 1952 3710 σιδηροῦν

372 3718 623 3792 ἐργαλεῖον
644 3722 696 3775 ἔκ
717 3730 805 3778 τοῦ
831 3724 1213 3794 συμϐεϐηκότος
1242 3727 1292 3779 ἐν
1315 3726 1526 3795 τοιοὺτῳ
1550 3726 1697 3797 βάθει
1718 3733 1809 3781 τοῦ
1829 3727 1950 3780 λάκ-

374 3832 465 3864 κου
510 3817 787 3879 πέπτωκεν,
816 3817 861 3869 ἐν
954 3818 1042 3870 οὑκ
1064 3814 1120 3876 ἦν
1148 3816 1427 3893 προσδοκία
1464 3827 1554 3879 τῆς
1579 3820 1826 3894 εὑρέσεως
1855 3821 1949 3873 αὑ-

371 3908 484 3955 τοῦ.
527 3913 581 3956 ⁸0
612 3902 663 3957 δέ
694 3906 993 3979 προρῥηθεὶς
1022 3907 1194 3968 Γότθος
1221 3912 1351 3985 πρὸς
1377 3918 1574 3986 Μαῦρον
1601 3913 1686 3966 τόν
1725 3933 1947 3984 μοναχ·ν

370 3989 609 4066 ἔδραμεν,
640 3996 721 4048 καί
754 3996 813 4050 τό
842 3997 1039 4063 συμϐὰν
1065 3992 1347 4071 ever/ma
1376 4003 1530 4072 αὑτῷ,
1572 4007 1657 4056 καί
1691 4004 1820 4079 ὑπὲρ
1850 4010 1944 4059 τοῦ

368 4085 657 4157 σφάλματος
709 4090 972 4158 μετάνοιαν
1015 4092 1258 4162 ἐξῃτεῖτο.
1290 4104 1344 4147 ‘0
1386 4093 1437 4148 δέ
1475 4098 1700 4167 μοναχός
1748 4103 1944 4173 Μαῦρος

369 4175 656 4239 σπουδαίως
688 4177 709 4208 ⁶
727 4182 782 4233 τό
802 4184 1001 4254 γεγονὸς
1028 4183 1278 4255 ἀνήγγειλε
1306 4194 1378 4259 τῷ
1402 4187 1647 4263 ἀνθρώπῳ
1667 4194 1758 4243 τοῦ
1788 4196 1940 4243 Θεοῦ.

366 4279 423 4321 ⁸0
447 4266 499 4323 δέ
522 4271 905 4346 θαυματουργός
935 4268 1082 4334 οὗτος
1106 4276 1228 4349 ἀνὴρ
1260 4284 1424 4330 ταῦτα
1448 4279 1693 4342 ἀκούσας,
1711 4275 1848 4337 ἦλθεν
1868 4284 1938 4341 εἰς

364 4367 451 4420 τόν
475 4365 628 4421 τόπον
658 4367 707 4418 εν
796 4362 852 4424 ἦν
888 4371 1047 4422 πεσὸν
1076 4371 1131 4424 τὸ
1157 4368 1399 4444 σιδήριον,
1424 4376 1507 4425 καί
1530 4369 1659 4447 ἄρας
1688 4374 1743 4429 τό
1763 4376 1943 4444 μανοὺ-

367 4454 509 4530 Εριον
536 4454 556 4485 ⁷
586 4453 642 4511 ἔκ
668 4460 764 4510 τῶν
788 4463 877 4511 τοῦ
900 4460 1075 4514 Γότθου
1103 4465 1409 4537 χειρῶν,καί
1434 4459 1618 4518 τούτου
1647 4465 1704 4519 τὸ
1726 4464 1871 4540 μέρος
1897 4466 1947 4518 ἐν

361 4544 403 4618 ᾧ
430 4543 487 4607 ἦν
522 4548 864 4619 καθηλωμένον
893 4552 950 4603 τό
988 4552 1244 4628 ἐργαλεῖον
1280 4554 1331 4607 ἐν
1371 4561 1443 4627 τῷ
1474 4554 1638 4627 λάκκῳ
1673 4556 1934 4625 χαλάσας,

363 4634 540 4700 εὑθὲως
574 4640 630 4695 ἐκ
672 4647 763 4698 τοῦ
794 4640 950 4716 βυθοῦ
985 4651 1075 4697 τοῦ
1106 4642 1292 4706 ὕδατος
1320 4648 1378 4701 τό
1422 4647 1673 4721 ἐργαλεῖον
1720 4649 1935 4713 ἀνελθὸν,

356 4733 576 4791 εἰσῆλθεν
601 4736 650 4788 ἐν
674 4742 746 4805 τῷ
773 4735 955 4792 ἑαυτοῦ
984 4734 1320 4811 τόπῳ-Ὅπερ
1337 4738 1673 4793 ἀκανθοκόπον
1698 4742 1943 4817 ἐργαλεῖον

2066 2995 2445 3051 lerramentum
2485 2994 2664 3064 jussit,
2712 2995 2854 3065 quod
2885 2993 2951 3048 ad
2983 2994 3130 3049 falcis
3174 2997 3575 3053 similitudinem
3606 2997 3631 3035 ιι

2066 3089 2369 3144 lalcastrum
2420 3096 2663 3154 vocatur,
2716 3096 2771 3140 ut
2801 3086 2867 3140 de
2897 3086 3016 3141 loco
3045 3088 3273 3157 quodam
3308 3104 3498 3159 vepres
3542 3091 3636 3144 ab-

2063 3179 2354 3245 scinderet,
2390 3186 2654 3249 quatenus
2688 3176 2798 3232 illic
2827 3178 3011 3249 hortus
3033 3162 3147 3232 fieri
3196 3178 3434 3235 deberet.
3461 3181 3634 3239 Locus

2061 3279 2238 3323 autem
2272 3268 2385 3337 ipse
2410 3282 2569 3338 quem
2603 3277 2628 3304 θ
2661 3266 3022 3322 mundandum
3066 3266 3272 3324 Gothus
3296 3284 3627 3342 susceperat.

2057 3374 2222 3428 super
2269 3360 2437 3429 ipsam
2492 3359 2590 3414 laci
2642 3358 2835 3429 ripam~
2862 3358 3095 3427 jacebat.
3132 3358 3372 3432 Cumque
3422 3362 3633 3419 Gothus

2059 3453 2201 3507 idem
2225 3451 2543 3506 densitatem
2574 3452 2817 3518 veprium
2849 3453 3015 3507 totius
3041 3452 3253 3508 virtutis
3286 3455 3474 3509 annisu
3506 3472 3628 3510 suc-

2055 3544 2277 3611 cideret,
2303 3544 2503 3598 ferrum
2526 3543 2593 3597 de
2616 3544 2895 3598 manubrio
2926 3544 3210 3613 prosiliens
3241 3544 3292 3599 in
3344 3546 3511 3601 lacum
3539 3563 3631 3603 ce-

2054 3639 2208 3701 cidit,
2238 3639 2324 3693 ubi
2352 3637 2562 3692 scilicet
2592 3646 2733 3691 tanta
2761 3644 2879 3691 erat
2906 3650 3166 3705 aquarum
3191 3638 3540 3708 profunditas,
3570 3651 3627 3695 ut

2052 3747 2179 3802 spes
2209 3730 2516 3801 requirendi
2548 3729 2858 3784 ferramenti
2900 3729 3044 3784 nulla
3083 3729 3192 3798 jam
3227 3741 3389 3787 esset.
3444 3734 3626 3800 Itaque

2053 3824 2197 3880 l‘erro
2226 3824 2451 3893 perdito,
2499 3819 2881 3876 tremebundus
2910 3820 2976 3875 ad
3009 3821 3250 3877 Maurum
3302 3825 3620 3879 monachum

2049 3915 2283 3970 cucurrit
2310 3912 2516 3969 Gothus
2544 3932 2557 3966 :
2587 3912 2838 3967 damnum
2875 3908 2895 3949 ί
2926 3911 3067 3981 quod
3099 3912 3295 3968 fecerat
3331 3915 3615 3979 nuntiavit,

2047 3990 2103 4062 et
2124 4018 2301 4061 reatus
2328 4006 2407 4061 sui
2437 4004 2543 4075 egit
2571 4002 2956 4073 pmnitentiam.‘
2983 4002 3133 4069 Quod
3158 4004 3371 4059 Maurus
3399 4022 3614 4076 quoque

2048 4098 2335 4153 monacltu-
2362 4111 2481 4150 mox
2523 4093 2809 4149 Benedicto
2841 4092 3037 4147 famuln
3087 4094 3176 4148 Dei
3210 4097 3414 4149 curavit
3462 4098 3601 4151 indi-

2046 4204 2189 4243 care.
2228 4186 2319 4241 Vir
2345 4186 2504 4255 igitur
2543 4184 2752 4238 Domini
2787 4183 3103 4239 Bent-dictus
3140 4184 3253 4241 haec
3278 4186 3501 4241 audiens
3527 4205 3619 4241 ar-

2045 4277 2205 4332 cessit
2234 4275 2299 4329 ad
2323 4275 2537 4330 lacums
2571 4292 2584 4325 :
2621 4273 2825 4327 tulitde
2858 4288 3018 4326 manu
3048 4273 3205 4327 Gorhi
3253 4278 3612 4337 manubrium,

2046 4380 2100 4423 et
2128 4367 2271 4421 misit
2292 4367 2343 4420 in
2374 4366 2544 4419 lacum
2572 4381 2584 4417 :
2609 4372 2664 4419 et
2684 4379 2803 4418 mox
2833 4362 3030 4417 ferrum
3058 4363 3401 4433 deprolundo
3432 4367 3612 4431 rediit,

2044 4472 2205 4531 atque
2244 4461 2296 4515 in
2328 4458 2665 4513 manubrium
2714 4457 2948 4512 intravit.
2980 4458 3078 4525 Qui
3109 4461 3288 4513 Statim
3320 4458 3614 4515 ferrarnen-

2044 4563 2154 4608 tum
2202 4552 2377 4608 Gotho
2427 4549 2680 4615 reddidit,
2730 4550 2913 4605 dicens
2953 4566 2965 4602 :
3005 4549 3141 4606 Ecce
3185 4551 3390 4615 labora,
3423 4561 3479 4607 et
3502 4553 3613 4608 noli

2042 4645 2369 4702 c-uttristari.

355 4824 613 4884 ἀπέδωκεν
636 4826 661 4880 6
691 4826 832 4899 ἅγιος
860 4836 933 4899 τῷ
953 4828 1135 4903 Γότθῳ,
1162 4831 1342 4884 εἰπών’
1380 4848 1398 4881 ε
1427 4828 1547 4885 ’1δοὺ
1569 4831 1625 4885 τό
1652 4831 1928 4906 ἐργαλεῖον,
1943 4830 2209 4905 δεξάμενος
2237 4838 2407 4895 τοῦτο,
2430 4832 2667 4907 ἐργάζου,
2691 4834 2774 4887 καί
2800 4828 2956 4902 μηδὲν
2983 4829 3207 4901 λυπηθῇς

431 5055 447 5124 ἕ
473 5051 605 5124 Reg.
635 5056 937 5124 μετοικίσαι.
968 5096 973 5105 .

429 5123 450 5201 ξ
636 5123 710 5197 τῷ
728 5127 871 5196 τόπῳ
897 5132 987 5181 τοῦ
1013 5132 1255 5201 κρημνοῦ.

428 5192 451 5272 ξ
479 5192 600 5272 ᾗίεξ.
628 5192 1025 5272 ὑλνίνερεκχεῑτοιε.Δ
1044 5192 1054 5201 ’
1092 5246 1097 5247 ,

424 5264 451 5339 ξ
472 5267 624 5339 Coll).
650 5264 767 5339 Περὶ
792 5264 883 5339 τοῦ
907 5266 1200 5339 Γότθουκαὶ
1230 5274 1321 5322 τοῦ
1351 5268 1660 5331 intimation.

427 5336 449 5367 ⁸
478 5336 606 5407 lleg.
632 5334 938 5407 ξυλοκόπιον.
971 5337 1123 5394 Coll).
1156 5340 1420 5402 ξυλοκόπηι
1439 5375 1453 5390 .

424 5407 448 5437 ⁸
471 5406 639 5471 Idem,
671 5406 983 5467 σπουδαίως.

428 5478 441 5506 ⁷
474 5476 701 5548 Uterque
724 5493 825 5531 Ius.
856 5480 1181 5553 μανοὺγριεν.

421 5616 450 5645 ι
478 5607 686 5665 Cemet.
736 5620 785 5664 et
814 5609 1053 5681 plerique
1098 5611 1284 5666 Narin.
1328 5625 1446 5664 cum
1496 5608 1705 5677 Gertu.,
1733 5608 1912 5664 blande

2040 5056 2349 5107 consolatus.
2378 5052 2502 5118 Alii,
2536 5053 2719 5108 blande
2747 5054 3052 5115 consalutat.

2112 5129 2135 5160 ιι
2171 5125 2224 5175 Ιιι
2257 5126 2517 5193 plerisque
2544 5127 2776 5190 excusis,
2808 5126 2911 5178 illis
2939 5124 3287 5177 nescientibus.

2112 5205 2135 5264 ς
2167 5194 2397 5264 CerneL,
2431 5206 2474 5246 με
2501 5196 2636 5248 vobis
2662 5200 2813 5250 (ab...
2867 5196 3137 5264 dignanter
3165 5193 3385 5263 auferre.

2106 5262 2131 5301 ἀ
2165 5263 2393 5328 Gemct.,
2423 5266 2557 5334 quod
2594 5282 2624 5316 a
2646 5267 2791 5334 falcis
2821 5262 3176 5319 similitudine.
3237 5262 3244 5263 ί
3379 5276 3385 5283 ‘

2110 5345 2133 5372 ε
2163 5336 2438 5390 Secundus
2487 5335 2689 5389 Theod.
2751 5336 2984 5393 νεὼ-(ει.
3034 5345 3087 5389 et
3138 5336 3300 5405 plur.,
3346 5348 3488 5402 quem
3518 5334 3588 5387 ad

2030 5408 2221 5459 munda
2228 5408 2403 5459 udum.

2106 5476 2123 5513 τ
2161 5478 2211 5529 ld
2240 5475 2596 5543 pt'atscriltitur
2624 5474 2839 5547 Regula:
2868 5478 2925 5533 S.
2964 5474 3021 5529 Ρ.
3051 5475 3178 5530 Ben.
3205 5489 3249 5530 ο.
3283 5474 3371 5529 66.

2098 5558 2122 5594 κ
2153 5547 2332 5610 Guss.,
2363 5548 2430 5600 ad
2458 5549 2644 5600 locum.
