3960 6178
423 368 520 428 151

1776 371 1834 429 S.
1875 371 2319 432 BENEDICTUS.

3565 385 3663 440 liii

420 485 562 545 οὖτα
612 484 738 564 ὅπερ
782 487 1042 561 σεϐόμενοι
1099 485 1367 561 ἀγαπῆσαι
1433 485 1634 560 ὤφελον.
1707 486 1784 551 ἐξ
1831 485 1990 562 οὗπερ

2100 478 2359 558 aspiciunt
2387 487 2695 559 despectum
2725 493 2933 560 mortis,
2971 494 3200 552 humiles
3229 506 3414 554 contra
3443 511 3671 556 mortem

421 583 708 655 μυστηρίου
734 582 900 652 γέγονε
928 586 1101 642 τοῦτο,
1129 580 1210 634 ἵνα
1237 581 1282 634 οἱ
1310 580 1400 650 μὲν
1429 579 1732 654 ὑπερήφανοι
1770 581 1992 635 θεάσων-

418 692 502 724 ται
527 676 615 729 τήν
634 678 720 726 τοῦ
747 673 957 733 θανάτου
989 669 1323 734 ἐξουδένωσιν,
1351 672 1395 725 οξ
1420 671 1801 744 ταπεινόφρονες
1826 669 1877 726 δὲ
1902 678 1993 730 τήν

418 757 566 823 δόξαν
595 769 686 820 τῆς
709 764 836 815 κατὰ
866 769 956 816 τοῦ
981 763 1196 815 θανάτου
1221 764 1475 826 ἐξουσίας.

491 861 653 904 ΠΕΤΡ.
684 857 910 905 Δυσωπῶ
930 846 1014 906 οὖν
1029 873 1108 911 σε,
1132 853 1378 924 σεϐάσμιε
1400 852 1641 915 δέσποτα,
1660 855 1788 924 μετά
1807 862 1969 911 ταῦτα

416 941 470 993 ἄν
492 944 652 1002 ποίοις
673 944 849 1003 τόποις
875 943 900 998 6
929 944 1069 1016 ἅγιος
1090 948 1273 1008 ἐκεῖνος
1297 948 1422 1021 ἀνὴρ
1447 951 1729 1020 μετῴκησε,
1749 953 1832 1003 καί
1856 952 1992 1009 τίνας

418 1034 467 1086 ἐν
498 1039 663 1096 αὑτοῖς
696 1035 931 1108 δυνάμεις
974 1037 1294 1112 διεπράξατο,
1320 1043 1561 1118 γνώρισον
1590 1045 1727 1112 ἡμῖν.

487 1135 736 1183 I‘PHI‘OP.
777 1137 831 1181 ‘0
864 1129 1146 1192 ὁσιώτατος
1187 1128 1331 1192 οὗτος
1373 1133 1495 1208 ἀνήρ
1530 1134 1577 1185 ἐν
1606 1133 1794 1208 ίτὲροις
1822 1153 1990 1204 μετοι-

415 1221 581 1277 κήσας
617 1217 790 1278 τόποις
819 1217 1008 1278 οἴκησιν
1049 1226 1137 1290 μὲν
1174 1222 1408 1287 ἤλλαξεν,
1438 1224 1620 1299 ἐχθρὸν
1646 1223 1700 1277 δὲ
1727 1226 1864 1294 οὐχί.
1895 1236 1993 1279 Με-

416 1310 599 1381 γάλους
621 1315 717 1386 γάρ
747 1314 1014 1384 μετέπειτα
1046 1319 1125 1370 καί
1148 1317 1464 1392 βαρυτέρους
1502 1317 1749 1388 πολέμους
1773 1318 1872 1372 ὑπὸ
1899 1323 1990 1372 τοῦ

415 1411 510 1465 τῆς
537 1408 710 1466 κακίας
746 1407 950 1483 εὑρετοῦ
985 1409 1269 1477 ὑπέμεινεν.
1293 1406 1446 1463 Ὀσον
1474 1407 1528 1464 δι
1572 1411 1664 1470 τὰς
1689 1416 1788 1464 τῶν
1814 1429 1991 1483 πυρα-

416 1504 560 1564 trp-72v
608 1495 813 1568 νιφάδας
851 1498 877 1552 6
919 1497 1215 1569 ἀδάμαστος
1255 1500 1271 1530 ¹
1316 1498 1465 1561 οὗτος
1508 1502 1630 1576 ἀνήρ
1674 1501 1778 1556 καθ’
1804 1501 1990 1556 ἑαυτοῦ

416 1588 774 1658 ἔπινοουμίνας
827 1590 994 1665 ἑώρα,
1043 1598 1288 1646 τοσοῦτον
1328 1589 1570 1647 ἔσπευδεν
1612 1594 1990 1664 ἀνταγωνιστήν

415 1681 663 1737 ἀήττητον
693 1681 868 1736 ἑαυτὸν
908 1683 1126 1755 ὀφθῆναι,
1163 1688 1298 1739 κατά
1334 1692 1432 1739 τών
1467 1687 1648 1740 ἐκείνου
1681 1689 1992 1758 μηχανημά-

416 1792 513 1823 των
545 1778 618 1840 τῷ
658 1779 745 1826 τοῦ
789 1777 1036 1837 ζωοποιοῦ
1082 1782 1303 1846 σταυροῦ
1341 1776 1501 1851 θυρεῷ
1542 1778 1986 1848 καθοπλιζόμενος.

2097 579 2400 649 acciperent
2429 589 2454 617 ι
2479 581 2701 651 gloriam
2732 587 3026 654 potestatis.

2168 849 2309 903 Petr.
2341 849 2533 915 Quaeso
2560 859 2613 905 te
2644 860 2762 920 post
2794 851 2927 913 lucc.
2954 853 3018 907 ad
3050 869 3168 923 qua:
3199 854 3311 909 loca
3345 855 3424 910 vir
3451 867 3668 912 sanctus

2093 943 2418 1012 migraverit,
2454 945 2535 999 vel
2567 946 2609 998 si
2639 944 2844 1012 aliquas
2880 947 2930 1000 in
2959 948 3036 1001 cis
3065 948 3290 1003 virtutes
3330 953 3664 1019 postmodum

2092 1035 2403 1100 ostenderit,
2437 1036 2730 1093 innotesce.

2163 1126 2378 1199 Gregor.
2411 1128 2640 1186 Sanctus
2670 1131 2749 1185 vir
2774 1129 2838 1184 ad
2865 1130 2963 1184 alia
3005 1130 3308 1200 demigrans
3343 1131 3370 1170 δ
3417 1134 3528 1187 loca
3560 1147 3666 1186 non

2094 1222 2302 1277 hostem
2331 1223 2574 1276 mutavit.
2601 1221 2731 1276 Nam
2759 1233 2905 1276 tanto
2933 1232 3049 1291 post
3070 1225 3310 1291 graviora
3341 1223 3519 1292 prmlia
3549 1239 3669 1294 per-

2093 1312 2232 1375 tulit,
2263 1320 2517 1382 quantum
2563 1322 2748 1366 contra
2779 1327 2836 1366 se
2883 1322 3070 1382 aperte
3115 1323 3437 1383 pugnantem
3491 1313 3664 1383 ipsum

2093 1401 2310 1455 malitia:
2342 1401 2648 1470 magistrum
2681 1401 2902 1455 invenit.
2934 1399 3178 1455 Castrum
3215 1412 3237 1440 ε
3271 1417 3498 1472 namque
3526 1403 3667 1473 quod

2092 1492 2371 1548 Cassinum
2399 1492 2614 1557 dicitur,
2645 1493 2699 1546 in
2727 1492 2925 1546 excelsi
2957 1493 3154 1547 montis
3193 1492 3359 1548 latere
3379 1494 3539 1548 situm
3560 1505 3666 1559 est,

2093 1586 2180 1657 qui
2226 1584 2470 1640 videlicet
2507 1599 2660 1639 mons
2696 1583 2935 1638 distenso
2962 1583 3080 1638 sinu
3111 1583 3214 1638 hoc
3246 1583 3384 1639 idem
3425 1593 3663 1638 castrum

2095 1675 2318 1745 recepit,
2360 1674 2453 1729 sed
2485 1689 2581 1743 per
2610 1675 2707 1728 tria
2735 1673 2894 1728 millia
2942 1675 2992 1728 iu
3043 1676 3204 1728 altum
3251 1689 3310 1729 se
3359 1675 3666 1746 subrigens,

2096 1769 2242 1822 velut
2279 1768 2341 1820 ad
2397 1783 2518 1822 aera
2563 1781 2816 1822 cacumen
2867 1767 3070 1821 tendit:
3105 1767 3191 1821 ubi
3243 1768 3665 1824 vetustissimum

417 1863 651 1932 Κάστρον
675 1866 842 1918 τοίνυν
878 1862 1002 1939 ὅπερ
1034 1871 1250 1921 Κάσινον
1275 1867 1490 1936 λέγεται,
1519 1869 1566 1922 ἐν
1597 1876 1668 1939 τῷ
1694 1868 1870 1940 ὑψηλῷ
1897 1875 1986 1924 τοῦ

2100 1861 2270 1916 l'anum
2301 1861 2420 1927 fuit,
2450 1863 2500 1916 in
2525 1877 2630 1932 quo
2660 1878 2724 1917 ex
2755 1863 3090 1932 antiquarunm
3136 1877 3284 1917 more
3319 1863 3596 1931 gentzlium
3636 1879 3668 1920 ιι

415 1949 569 2026 ὅρους
597 1955 792 2028 πλαγίῳ
818 1955 1082 2020 διάκειται,
1112 1955 1237 2030 ὅπερ
1268 1954 1383 2033 ὄρος
1405 1967 1466 2033 τῇ
1500 1960 1686 2013 ἑαυτοῦ
1714 1963 1912 2016 ἐκτάσει
1934 1963 1991 2016 τό

415 2045 670 2118 εἰρημένον
709 2046 1058 2116 ἕγκολπίζεται
1102 2050 1347 2122 κάστρον,
1374 2051 1456 2102 καί
1493 2050 1589 2108 ἕως
1626 2057 1778 2124 τριῶν
1817 2051 1990 2122 μιλίων

415 2137 447 2193 ἡ
487 2143 580 2192 τοῦ
631 2134 781 2214 ὅρους
830 2141 1084 2214 ἀκρώρεια
1132 2141 1461 2216 ὑπέρκειται,
1508 2143 1638 2196 ὥστε
1694 2147 1838 2217 παρά
1883 2152 1990 2203 τοῖς

415 2231 685 2297 ἀγνοοῦσιν
713 2232 781 2290 ὡς
807 2233 1001 2302 ἀστέρα
1030 2235 1296 2303 φανεσθαι.
1324 2233 1402 2286 Ἐν
1499 2233 1828 2289 παλαιότατον
1858 2235 1990 2308 ἱερὸν

414 2321 659 2379 ἔλληνικὸν
689 2324 792 2378 ὑπὸ
832 2333 930 2379 τῶν
966 2327 1202 2399 ἀρχαίων
1242 2325 1620 2400 ᾠκοδομημένον
1654 2329 1910 2402 ὑπῆρχεν
1942 2330 1989 2382 ἐν

415 2413 582 2485 τούτῳ
608 2414 711 2468 ὑπὸ
740 2423 836 2470 τῶν
865 2423 956 2471 τοῦ
995 2417 1119 2471 λαοῦ
1163 2418 1516 2493 ἁπλουστέρων
1544 2419 1839 2474 όἋπὸλλων
1886 2422 1993 2475 ἐσέ-

416 2507 534 2563 ϐετο
557 2509 598 2560 ⁸.
630 2508 799 2579 Κὺκλῳ
839 2508 892 2564 δὲ
929 2516 1015 2564 τοῦ
1043 2513 1368 2585 μιαρωτάτου
1410 2514 1595 2566 ἐκείνου
1637 2519 1755 2566 ναοῦ
1808 2514 1990 2574 πλῆθος

415 2602 599 2670 βωμῶν
621 2603 917 2672 ἐτύγχανε.·
942 2606 1030 2656 Καί
1061 2603 1156 2662 ἕως
1184 2604 1297 2658 τότε
1341 2611 1439 2658 τῶν
1466 2605 1695 2659 ἀπίστων
1734 2607 1990 2678 άνήρχετο

414 2692 576 2744 ἐκεῖσε
615 2693 799 2754 πλῆθος
838 2694 985 2754 πολὺ,
1014 2697 1216 2755 θυσίαις
1243 2715 1296 2749 τε
1324 2697 1405 2748 καί
1434 2693 1700 2761 σπονδαῖς,
1732 2700 1818 2749 καὶ
1853 2699 1989 2750 κνίσ-

415 2804 532 2844 σαις
560 2791 632 2854 τῷ
663 2786 838 2840 αὐτόθι
882 2791 974 2840 τοῦ
1015 2786 1315 2845 ’Λπόλλωνος
1356 2786 1607 2856 ἀγάλματι
1633 2785 1987 2860 λατρεύοντες⁶

414 2873 441 2928 6
466 2873 519 2928 δὲ
543 2877 630 2929 τᾶν
663 2883 771 2928 νοῦν
803 2878 1201 2949 πεφωτισμένος,
1232 2880 1314 2930 καί
1341 2886 1430 2937 τῆς
1475 2878 1736 2937 εὐσεϐείας
1769 2878 1990 2941 ζηλωτὴς

414 2965 699 3029 Βενέδικτος
736 2970 820 3023 ἐπί
847 2971 932 3024 τὸν
959 2969 1112 3024 τόπον
1142 2969 1557 3045 παραγινόμενος,
1585 2973 1664 3024 καί
1704 2963 2018 3044 θαρσαλεὶῳ³

377 3113 382 3116 ,
417 3067 491 3130 τῷ
577 3063 849 3134 φρονήματι
891 3061 1142 3124 εἰσελθών,
1187 3062 1243 3116 τὸ
1287 3059 1491 3134 ἄγαλμα
1544 3069 1635 3119 τοῦ
1683 3063 1990 3124 Ἀπόλλωνος

415 3149 716 3226 συνέτριψε.
743 3155 864 3212 τοὺς
897 3153 1103 3223 βωμοὺς
1133 3154 1464 3228 κατέστρεψε.
1496 3159 1577 3209 καί
1610 3157 1674 3211 τά
1714 3154 1844 3215 ἄλση
1887 3158 1988 3211 ἐνέ-

2092 1955 2258 2008 stulto
2300 1955 2622 2010 rusticorum
2651 1955 2846 2024 populo
2874 1955 3066 2024 Apollo
3091 1956 3387 2012 colebatur.
3419 1955 3668 2014 Circum-

2091 2062 2302 2118 quaque
2330 2047 2492 2102 etiam
2525 2048 2576 2101 in
2607 2047 2751 2100 cultu
2793 2047 3096 2102 diemonum
3131 2047 3236 2102 luci
3268 2059 3666 2116 succreverant,

2092 2143 2144 2196 in
2194 2141 2383 2210 quibus
2424 2140 2598 2196 adhuc
2640 2139 2828 2194 eodem
2860 2149 3099 2206 tempore
3143 2139 3436 2196 infidelium
3480 2141 3669 2197 insana

2092 2232 2374 2287 multitudo
2401 2231 2678 2286 sacriliciis
2708 2231 2981 2300 sacrilegis
3009 2231 3309 2288 insudahat.
3334 2232 3463 2288 Illuc
3487 2233 3668 2303 itaque

2092 2328 2172 2380 vir
2205 2325 2293 2380 hei
2329 2323 2667 2390 perveniens,
2692 2323 2942 2378 contrivit
2966 2323 3185 2390 idolum,
3210 2324 3472 2379 subvertit
3494 2339 3667 2391 aram,

2090 2413 2413 2471 succendit‘l
2442 2416 2610 2477 lucos,
2645 2425 2800 2484 atque
2842 2415 2905 2493 in.
2944 2413 3061 2483 ipso
3109 2415 3308 2484 templo
3357 2415 3614 2485 Apollinis
3641 2426 3666 2456 ⁸

2092 2509 2363 2563 oraculum
2395 2507 2536 2562 beati
2566 2507 2798 2569 Martini,
2827 2506 2916 2560 ubi
2942 2521 3070 2560 vero
3097 2521 3188 2560 ara
3233 2506 3470 2574 ejusdem
3502 2509 3668 2575 Apol-

2092 2599 2238 2663 linis,
2269 2597 2365 2652 luit
2411 2599 2686 2652 oraculum
2737 2596 2904 2652 sancti
2957 2595 3175 2650 Joannis
3211 2593 3230 2633 ί
3256 2597 3576 2663 construxit,
3611 2607 3668 2653 et

2090 2699 2514 2749 commorantem
2546 2692 2960 2758 circumquaque
2989 2687 3378 2744 multitudinem
3411 2688 3669 2758 praedica-

2094 2785 2238 2838 tione
2266 2782 2515 2836 continua
2543 2780 2609 2833 ad
2643 2780 2798 2835 tidem
2822 2779 3045 2834 vocabat
3074 2789 3120 2833 κ.
3151 2779 3254 2834 Sed
3276 2779 3390 2834 lucc
3415 2779 3668 2851 antiquus

2093 2875 2262 2931 hostis
2287 2873 2446 2928 tacite
2489 2888 2594 2928 non
2622 2872 2820 2938 ferens,
2868 2887 2974 2926 non
3005 2872 3210 2926 occulte
3259 2872 3340 2927 vel
3387 2887 3482 2942 per
3523 2887 3671 2927 som-

2093 2969 2260 3034 nium,
2294 2966 2387 3022 sed
2415 2977 2597 3036 aperta
2631 2965 2834 3020 visione
2863 2965 3098 3032 ejusdem
3140 2964 3311 3019 Patris
3353 2964 3522 3019 oculis
3545 2979 3669 3022 sese

2093 3057 2386 3127 ingerebat,
2420 3065 2474 3110 et
2503 3055 2708 3124 magnis
2733 3053 3058 3108 clamoribus
3083 3055 3189 3108 vim
3213 3069 3271 3108 se
3299 3055 3502 3124 perpeti
3539 3069 3671 3110 cono

2092 3149 2431 3220 querebatur,
2458 3149 2529 3201 ita
2553 3156 2609 3200 ut
2638 3160 2795 3200 voces
2825 3146 2966 3200 illius
2993 3147 3152 3200 etiam
3181 3145 3368 3199 fratres
3398 3144 3665 3214 audirent,

413 3262 604 3317 πρησε,
630 3246 710 3296 καί
735 3246 784 3302 ἐν
809 3245 948 3317 αὑτῷ
990 3253 1062 3315 τῷ
1097 3252 1200 3316 ναῷ
1244 3252 1337 3302 τοῦ
1381 3248 1682 3308 ’Λπόλλωνος
1732 3250 1990 3323 εὑκτήριον

2100 3240 2340 3312 quamvis
2370 3240 2650 3308 imaginem
2681 3238 2900 3293 minime
2931 3247 3234 3292 corruerent.
3285 3236 3355 3292 Ut
3378 3238 3521 3292 enim
3554 3237 3669 3292 dis-

415 3339 714 3408 ἠγιασμένον
758 3345 847 3393 τοῦ
897 3339 1041 3411 ἁγίου
1081 3343 1339 3413 Μαρτίνου
1386 3345 1675 3397 πεποίηκεν.
1711 3339 1861 3396 Ἔνθα
1890 3339 1994 3396 δὲό

414 3429 583 3498 βωμὸς
605 3435 696 3483 τοῦ
717 3431 1015 3491 ’Λπόλλωνος
1034 3431 1231 3505 ἵδρυτο,
1246 3433 1526 3503 σεϐάσμιον
1549 3436 1802 3495 εὑκτήριον
1819 3436 1838 3462 ⁵
1857 3437 1996 3506 ἡγια-

412 3525 593 3590 σμένον
623 3529 716 3577 τοῦ
760 3523 987 3578 Ἰωάννου
1035 3529 1408 3582 συνεστήσατο.
1453 3529 1699 3580 Ἐντεῦθεν
1733 3526 1909 3583 λοιπὸν
1934 3526 1993 3580 τὸ

414 3617 572 3668 ἐκεῖσε
599 3623 864 3670 κατοικοῦν
908 3622 1000 3672 τοῦ
1025 3617 1148 3670 λαοῦ
1188 3617 1371 3676 πλῆθος
1405 3623 1470 3689 τῇ
1507 3618 1661 3671 αὑτοῦ
1693 3615 1994 3692 διδασκαλία

413 3707 747 3779 ὁδηγούμενον
787 3710 916 3784 πρὸς
965 3709 1084 3764 Θεὸν
1127 3711 1484 3786 ἐπεστρέφετο.
1529 3708 1668 3763 Ἀλλά
1713 3717 1877 3765 ταῦτα
1925 3715 1993 3781 μὴ

413 3801 676 3871 ὑποφέρων
706 3799 729 3853 6
760 3801 951 3859 σκολιὸς
1000 3807 1098 3854 τῶν
1133 3809 1328 3856 πιστῶν
1376 3802 1582 3875 ἐχθρὸς,
1607 3803 1774 3857 οὑκέτι
1821 3801 1993 3856 λοιπὸν

412 3893 629 3962 ἀφανῶς,
665 3891 696 3950 ἢ
736 3891 1071 3956 δι’ἕνυπνίων,
1111 3895 1232 3949 ἀλλά
1266 3903 1485 3969 φανερῶς
1527 3896 1709 3949 ἐάντε-ν
1755 3903 1864 3955 τοῖς
1901 3904 1992 3950 τοῦ

412 3986 608 4058 πατρὸς
667 3986 931 4055 ἰφθαλμοῖς
981 3985 1328 4051 ἐπεδείκνυτο,
1373 3991 1459 4040 καί
1505 3989 1770 4058 μεγίσταις
1811 3994 1993 4058 φωναῖς

413 4077 558 4140 ἐϐόα,
587 4077 701 4149 βίαν
735 4079 883 4132 αὑτὸν
930 4079 1030 4132 ὑπό
1070 4085 1158 4133 τοῦ
1198 4078 1342 4150 ἁγίου
1387 4079 1829 4148 ὑπομεμενηκέναι,
1858 4080 1991 4132 ὥστε

416 4172 649 4230 καὶτοὺς
695 4168 934 4242 ἀδελφοὺς
967 4179 1064 4225 τῶν
1094 4179 1262 4245 φωνῶν
1303 4173 1457 4225 αὑτοῦ
1499 4173 1712 4238 ἀκούειν,
1741 4173 1891 4224 εἶκαὶ
1927 4173 1992 4226 τά

415 4262 645 4330 μάλιστα
686 4270 796 4323 τοῖς
835 4272 1144 4331 σωματικοῖς
1189 4265 1452 4337 ὀφθαλμοῖς
1491 4270 1670 4319 τοῦτον
1705 4265 1790 4317 οὑκ
1846 4267 1989 4318 ἐθεώ-

415 4374 559 4429 ρουν.
576 4355 703 4424 Πρὸς
726 4352 814 4413 οῦς
841 4353 867 4408 6
891 4363 981 4414 τῆς
1005 4355 1229 4416 ἀληθείας
1252 4352 1553 4415 διδάσκαλος
1578 4353 1993 4427 ἕλεγείῐιιστεὺ-

415 4466 566 4505 σατε,
582 4447 745 4512 τέκνα,
767 4443 843 4500 ὅτι
867 4455 974 4507 τοῖς
998 4449 1256 4507 αἰσθητοῖς
1283 4469 1381 4518 μου
1409 4449 1676 4521 ὀφθαλμοῖς
1699 4449 1781 4503 τὸν
1807 4447 1996 4523 ἐχθρὸν

415 4538 437 4570 ³
465 4540 674 4614 φοϐερόν
710 4563 850 4604 τινα,
881 4544 965 4595 καί
995 4541 1376 4612 σπινθηρακώδη
1405 4550 1518 4602 ταῖς
1546 4545 1843 4616 φαντασίαις
1873 4563 1988 4612 ’φαι-

2095 3334 2285 3405 cipulis
2309 3333 2423 3388 suis
2468 3330 2789 3386 venerabilis
2825 3330 2983 3384 Pater
3026 3327 3257 3395 dicebat,
3300 3329 3672 3399 corporalibus

2095 3428 2211 3497 ejus
2241 3427 2409 3480 oculis
2439 3424 2576 3478 idem
2617 3422 2870 3491 antiquus
2915 3422 3082 3476 hostis
3113 3422 3414 3477 teterrimus
3452 3431 3508 3478 et
3546 3436 3672 3476 suo-

2094 3533 2286 3574 census
2337 3516 2642 3586 apparebat,
2675 3514 2763 3582 qui
2813 3515 2862 3567 in
2891 3529 3012 3568 eum
3063 3527 3157 3568 ore
3196 3513 3471 3584 oculisque
3509 3512 3671 3566 llam-

2097 3609 2366 3664 mantibus
2393 3607 2582 3661 saevire
2631 3604 2926 3660 videbatur.
2967 3602 3083 3658 .lam
3128 3616 3257 3658 vero
3295 3618 3413 3672 qua:
3465 3602 3672 3657 diceret

2096 3699 2382 3754 audiebant
2412 3711 2598 3751 omnes
2632 3713 2645 3750 :
2681 3697 2826 3764 prius
2855 3694 2996 3748 enim
3027 3693 3166 3749 hunc
3207 3695 3433 3748 vocabat
3459 3708 3524 3748 ex
3573 3707 3672 3748 no-

2097 3794 2258 3847 mine.
2292 3791 2388 3846 Cui
2419 3804 2540 3843 cum
2570 3790 2650 3844 vir
2679 3789 2771 3843 Dei
2805 3787 3023 3842 minime
3052 3786 3423 3857 responderet,
3451 3786 3518 3840 ad
3549 3787 3668 3856 ejus

2099 3900 2220 3938 tnox
2266 3881 2619 3936 contumelias
2664 3879 2996 3948 erumpebat.
3047 3879 3179 3936 Nam
3227 3895 3348 3934 cum
3392 3879 3668 3945 clamaret,

2096 3976 2308 4030 dicens:
2331 3974 2634 4034 Benedicte.
2662 3971 2965 4036 llenedicte,
2991 3980 3045 4024 et
3071 3986 3191 4026 eum
3215 3972 3312 4026 sibi
3336 3971 3481 4025 nulfo
3509 3970 3672 4026 modo

2099 4070 2423 4140 respondere
2455 4067 2808 4135 conspiceret,
2841 4067 3080 4136 protinus
3106 4067 3423 4137 adjnngebat
3460 4085 3472 4119 :
3502 4066 3671 4124 Male-

2096 4163 2264 4226 dicte,
2297 4177 2400 4215 non
2437 4159 2744 4222 Benedit-te.
2774 4159 2899 4230 quid
2933 4174 3138 4214 mecum
3174 4160 3380 4215 habes?
3420 4164 3543 4232 quid
3583 4180 3671 4220 me

2096 4253 2470 4326 persequeris?
2501 4252 2607 4307 Sed
2646 4253 2753 4320 jam
2797 4269 2936 4307 nth
2962 4251 3246 4320 spectanda
3279 4249 3305 4288 ὶι
3337 4265 3458 4308 sunt
3482 4265 3672 4313 contra

2099 4351 2188 4405 Dei
2219 4349 2469 4403 [amulum
2502 4346 2706 4416 antiqui
2740 4345 2908 4399 hostis
2949 4360 3083 4398 nova
3112 4346 3428 4410 certamina,
3454 4349 3536 4401 cui
3575 4365 3673 4418 pu.

2094 4455 2249 4512 gnam
2272 4439 2488 4509 quidem
2516 4435 2698 4490 volens
2723 4434 2923 4499 intulit,
2949 4435 3042 4490 sed
3083 4435 3396 4491 occasiones
3434 4437 3673 4494 victori-.8

2095 4530 2410 4586 ministravit
2439 4527 2654 4581 invitus.

413 4631 610 4699 νόμενον
649 4631 768 4708 ὁρῶ,
802 4631 944 4692 ὅστις
974 4631 1056 4686 διά
1095 4654 1148 4688 τε
1178 4639 1266 4688 τοῦ
1299 4633 1555 4704 στόματος
1584 4637 1663 4688 καί
1694 4642 1789 4688 τῶν
1814 4633 1989 4705 ὀφθαλο
2016 4609 2068 4668 D

411 4731 518 4795 μῶν
539 4725 721 4794 φλόγας
745 4724 908 4797 πυρὸς
934 4725 1195 4794 ἐκπέμπει.
1212 4742 1229 4774 ι
1255 4723 1317 4780 Εἴ
1342 4747 1390 4779 τι
1429 4720 1514 4778 οὖν
1533 4723 1558 4780 6
1575 4722 1732 4786 δόλιος
1767 4721 2045 4795 ἐφθέγγετο,
2085 4718 2260 4776 ἤκουον
2284 4716 2492 4772 πάντες.
2525 4711 2766 4785 Πρότερον
2788 4713 2878 4782 μὲν
2901 4711 2997 4786 γὰρ
3024 4713 3072 4774 ἔξ
3096 4709 3339 4783 ὀνόματος
3361 4713 3517 4767 ἐκάλει
3543 4713 3564 4743 ⁸
3589 4712 3672 4767 τὸν

413 4815 574 4889 ἅγιον.
607 4815 770 4870 Ἠνίκα
807 4815 860 4871 δὲ
903 4815 1150 4887 μηδαμῶς
1191 4819 1327 4888 αὑτῷ
1369 4818 1758 4892 ἀποκρινόμενον
1805 4819 1888 4870 τὸν
1931 4817 2021 4867 τοῦ
2073 4814 2205 4866 Θεοῦ
2249 4803 2506 4880 ἄνθρωπον
2539 4803 2802 4862 ἐθεάσατο,
2834 4803 3012 4860 εὐθέως
3035 4810 3153 4862 ταῖς·
3179 4805 3308 4858 κατὰ
3336 4804 3484 4856 αὐτοῦ
3507 4802 3673 4859 λοιδοο

2090 4942 2167 4996 ris
2195 4940 2355 4994 Italici
2390 4955 2441 5008 p.
2485 4937 2587 4992 120
2617 4946 2670 4991 et
2697 4952 2842 5007 seq.,
2873 4948 2925 4991 et
2975 4937 3134 4992 Diarii
3178 4939 3292 4993 Ital.
3327 4954 3450 5010 pag.
3481 4940 3578 4996 Sil
3615 4953 3672 4998 et

2088 5028 2201 5067 88f].

2150 5029 2393 5134 (ENorm.
2442 5088 2496 5132 et
2545 5078 2770 5141 Val-CL,
2813 5080 3043 5132 succidit.
3089 5079 3181 5132 Cui
3233 5079 3442 5134 lectioni
3490 5082 3670 5138 [avere

2091 5154 2299 5206 videtur
2329 5153 2546 5203 verbum
2576 5149 2670 5203 Gr.
2702 5151 2957 5224 ἐνέπρισε,
2992 5150 3092 5203 nisi
3121 5150 3258 5204 forte
3289 5152 3565 5220 legendum
3598 5156 3670 5208 sit

2091 5227 2378 5271 ὶυέπηησεν.
2405 5221 2680 5271 succendit.

2099 5227 2378 5277 ξνέποησεν.
2405 5221 2680 5274 succendit.

2088 5237 2378 5301 ἐνέπρησεν,
2405 5237 2680 5274 ειιεεεηαιι.

2165 5307 2186 5330 υ
2223 5294 2484 5347 ldolorum
2540 5290 2730 5356 templa
2778 5307 2881 5345 non
2931 5291 3089 5364 dirui,
3123 5293 3214 5347 sed
3243 5293 3460 5348 lustrata
3493 5294 3667 5364 prius.

2084 5365 2148 5418 ad
2175 5365 2266 5420 Dei
2313 5364 2512 5417 cultum
2537 5364 2838 5434 consecrari
2872 5362 3115 5429 probavit
3143 5365 3202 5418 S.
3250 5362 3503 5434 GregorJ
3531 5365 3666 5422 Vide

2084 5435 2176 5490 lib.
2207 5435 2334 5487 olim
2369 5449 2441 5492 Ix.
2469 5449 2556 5498 ep.
2591 5433 2676 5493 71,
2708 5449 2846 5486 nunc
2875 5435 2909 5486 Ι.
2941 5449 3010 5488 xt.
3045 5451 3132 5498 ep.
3171 5435 3258 5488 '76.

2159 5505 2351 5558 lldem
2400 5514 2483 5558 est
2527 5518 2591 5557 ac
2627 5506 2939 5557 matorium.
3000 5502 3293 5574 Utrumque
3341 5506 3426 5562 hic
3468 5507 3663 5562 dicitur

2084 5574 2265 5650 Grmcf!
2296 5579 2572 5650 εὐκτηριον.

2154 5657 2178 5694 ε
2211 5647 2319 5700 Hoc
2341 5644 2586 5710 exemplo
2615 5644 2778 5698 utitur
2803 5644 2857 5698 S.
2893 5644 3083 5696 Thom.
3115 5647 3375 5713 opusculo
3403 5645 3487 5712 l9,
3518 5663 3568 5700 e.
3604 5649 3660 5711 ι.

2080 5728 2132 5771 ut
2163 5719 2348 5788 pruhet
2375 5715 2794 5788 religiosisiviris
2816 5716 2978 5769 licere
2999 5718 3307 5772 concimnari
3337 5733 3390 5773 et
3434 5723 3652 5775 verbum

2074 5789 2165 5844 Dei
2201 5788 2410 5853 populis
2431 5787 2766 5840 annuntiarc.

2146 5858 2169 5897 δ
2204 5862 2382 5916 Germ.
2414 5869 2465 5912 et.
2489 5858 2625 5929 plur.
2656 5856 2834 5913 Norm.
2867 5859 3205 5927 cnpccmuda

484 4950 498 4979 ¹
539 4947 662 5018 MSS.
696 4949 721 5004 6
751 4947 946 5018 ἀδάμας
972 4947 1145 5011 οὗτος.

478 5021 499 5050 ²
539 5017 671 5086 Reg.
702 5021 923 5085 ἐτιμᾶτο.

479 5091 500 5171 ξ
539 5089 664 5171 MSS.
691 5091 810 5171 cod.
833 5092 1151 5171 Δθοιρσαλοιίῳ.
1184 5093 1224 5147 Γ
1226 5105 1340 5171 orte
1367 5096 1647 5171 θαρσαλέῳ.

479 5161 499 5190 ⁸
535 5160 665 5254 Ξίςῆ
697 5160 956 5254 εὑκτήριον
976 5171 1064 5216 τοῦ
1095 5166 1241 5235 ἁγίου
1271 5160 1511 5220 Ἰωάννὶυ.

479 5233 500 5254 Ι
583 5245 608 5254 Α
763 5241 783 5250 -
880 5253 884 5254 ,
917 5235 942 5254 Λ
960 5253 965 5254 ,
986 5241 1009 5250 ο
1278 5242 1287 5254 I
1335 5241 1346 5254 ε

479 5233 500 5262 ⁸
535 5230 689 5303 (ξοη).
721 5241 817 5287 τῶν
844 5230 1178 5303 ἓχθρῶντινκ
1207 5242 1290 5292 καί
1317 5241 1386 5300 ὡς
1413 5240 1585 5295 σπινθ.

536 5265 689 5286 “vui.
721 5265 817 5287 'tw‘l
844 5265 941 5303 CLV
977 5265 1178 5293 ωντινκ
1207 5265 1290 5292 και
1317 5265 1370 5300 ωε

476 5303 498 5336 ⁸
537 5301 772 5374 Uterque
798 5323 898 5360 ms.
931 5265 1024 5361 δι’.
1055 5312 1136 5361 τον
1164 5305 1370 5364 δίκαιον.

474 5513 498 5540 ⁸
530 5504 708 5570 Becc.,
742 5505 1055 5569 acpicerent;
1087 5503 1402 5570 suifragatnr
1434 5503 1526 5558 Gr.
1560 5506 1776 5567 interpt.

472 5573 500 5610 ιδ
533 5576 604 5627 Ita
636 5575 903 5628 secundus
928 5573 1333 5630 CarnntJIerm.
1374 5579 1492 5644 Lyr.
1529 5575 1580 5627 In
1614 5576 1823 5628 caneris
1866 5576 1979 5628 fere

399 5647 591 5701 eodem
623 5661 781 5701 sensu
812 5656 868 5701 et
907 5656 1117 5700 servata
1168 5646 1352 5699 eadem
1399 5645 1864 5714 interpunCtione:
1910 5647 1977 5699 ad

399 5718 506 5768 alia
536 5715 844 5784 demiqram,
869 5717 1032 5770 locum
1056 5734 1155 5770 non
1189 5719 1379 5770 hostem
1410 5726 1536 5772 mut.
1592 5716 1648 5770 In
1683 5715 1862 5783 BeCt°.,
1907 5718 1976 5771 ad

400 5787 505 5839 alia
530 5786 816 5856 demigrans
839 5788 970 5847 loca,
1001 5789 1167 5840 laeum
1197 5804 1294 5839 non
1317 5789 1507 5840 hostem
1531 5797 1654 5840 mut.

475 5864 499 5895 ο
531 5856 655 5912 Eius
677 5857 1086 5926 descriptionem
1114 5857 1564 5914 accuratissimum
1599 5857 1782 5925 babes,
1812 5858 1964 5916 itine-
