3960 6178
425 147 528 204 168
1775 143 1830 199 S.
1877 142 1997 198 BEV

2115 138 2314 198 lCTUS.
3577 131 3674 187 εει

416 265 846 336 “tamen”
891 261 1089 324 οἴκους,
1121 262 1377 320 ἐκκλησίας
1423 259 1762 335 ἐρημωθείσας
1791 256 1874 313 διὰ
1918 266 2017 312 τῶν
2063 255 2419 329 ἐπιγεγονὸτων
2462 263 2682 326 σεισμῶν
2734 261 3109 325 κατανοοῦμεν,
3182 255 3265 306 καὶ
3308 253 3373 306 τά
3420 253 3681 320 κτίσματα

420 357 579 417 αὐτῆς
623 359 984 412 παλαιωθέντα·
1051 356 1150 411 ὑπὸ
1184 356 1282 428 γὰρ
1325 361 1422 407 τῶν
1480 354 1903 422 συμπτωμάτων,
1950 354 2034 406 καὶ
2083 359 2185 407 τῶν
2223 357 2460 420 συνεχῶν
2501 356 2724 418 σεισμῶν
2771 351 2801 406 ri
2849 355 2948 401 τῶν
2993 343 3402 416 οἶκοδομημάτων
3458 344 3685 396 ποικιλία

414 449 804 522 Μτερὁυπὼθη.
843 449 1039 506 Ταύτης
1086 455 1177 504 τῆς
1210 443 1477 500 θεοσδότου
1524 450 1615 498 τοῦ
1664 443 1805 498 ὁσίου
1845 440 2029 513 ἀνδρὸς
2066 445 2372 517 προφητείας
2417 445 2508 498 τήν
2553 441 2784 511 ἐξήγησιν
2814 439 3080 497 ἐποιήσατο
3122 435 3252 510 πρὸς
3293 453 3355 502 με
3397 438 3685 507 Ὁνωράτος

420 535 448 591 6
488 545 578 592 τοῦ
623 539 766 608 ἁγίου
810 541 1065 608 φοιτητής“
1111 534 1250 608 ἔλεγε
1297 533 1351 589 δὲ
1396 541 1561 589 ταῦτα
1609 533 1634 587 6
1677 535 1827 595 αὐτὸς
1867 534 2240 593 εὐλαϐέστατος
2294 537 2576 606 Ὀνωρᾶτος
2617 531 2677 584 οὐ
2733 531 2877 606 παρὰ
2909 535 3002 586 τοῦ
3043 528 3189 599 ἁγίου
3236 525 3517 589 ἀκηκοέναι,
3550 522 3685 580 άλλᾶ

415 635 564 707 παρά
591 629 809 702 ἀδελφῶν
837 629 1166 686 ἀληθευὸντων
1189 630 1458 688 πιστωθεὶς
1485 630 1758 703 ἐμαρτύρει
1785 634 1974 682 ταῦτα.

1040 757 1247 802 ΚΕΦΑᾹ.
1293 746 1387 811 Ῑς·’.

2529 761 2535 774 κ
2694 733 2917 791 CAPUT
2956 732 3095 788 XVI.

420 845 539 919 Περὶ
576 848 664 898 τοῦ
710 839 1077 911 δαιμονιοῦντος
1102 841 1117 871 ¹
1149 840 1402 914 κληρικοῦ,
1446 840 1531 892 καί
1569 835 1654 892 διὰ
1689 844 1998 908 προσευχῆς

993 932 1148 986 αὐτοῦ
1179 931 1422 989 ἰαθέντος.

490 1031 565 1077 Ἐν
594 1024 732 1092 αὐτῷ
773 1024 936 1077 τοίνυν
963 1029 1034 1092 τῷ
1065 1027 1222 1098 καιρῷ
1263 1019 1486 1093 κλήρικὸς
1527 1040 1598 1078 τις
1634 1019 1687 1072 εἶκ
1715 1027 1805 1079 τῆς
1832 1019 2007 1073 ’Δκυῖ-

420 1123 514 1170 νῶν
563 1116 824 1174 ἐκκλησίας
863 1115 1145 1185 ἐτύγχανεν
1182 1113 1282 1166 ὑπὸ
1310 1110 1546 1182 δαίμονος
1579 1112 1864 1185 ἀκαθάρτου
1896 1112 1999 1165 ἔνο⁴

424 1208 721 1279 χλούμενος’
755 1206 778 1260 ὁ
807 1204 859 1260 δὲ
898 1208 1083 1260 τούτου
1125 1203 1403 1263 ὁσιώτατος
1433 1204 1705 1262 ἐπίσκοπος
1737 1204 1998 1258 Κωνστάν-

422 1319 524 1358 τιος
553 1299 601 1351 ἐν
641 1297 895 1368 διαφόροις
922 1305 1021 1350 τῶν
1049 1296 1203 1366 ἁγίων
1228 1300 1571 1370 κοιμητηρίοις
1600 1295 1835 1356 πολλάκις
1876 1301 1998 1350 τοῦ·

419 1413 508 1446 τον
559 1393 870 1456 ἀπέστειλεν,
904 1389 1040 1450 ὅπως
1085 1388 1275 1462 δυνηθῇ
1328 1390 1513 1448 ἰάσεως
1555 1398 1738 1458 τυχεῖν
1765 1406 1779 1420 ⁶
1823 1388 1925 1443 ἀλλ’
1956 1389 2001 1443 οἱ

423 1484 560 1556 ἅγιοι
595 1490 682 1538 τοῦ
721 1489 849 1536 Θεοῦ
892 1485 1146 1556 μάρτυρες
1194 1489 1284 1540 τῆς
1331 1481 1516 1541 ἰάσεως
1545 1482 1601 1537 τὸ
1640 1479 1800 1552 δῶρον
1835 1484 2000 1552 τούτῳ

421 1584 720 1651 παρασχεῖν
758 1577 862 1645 οὐχ
906 1574 1110 1637 εἵλοντο,
1151 1571 1393 1637 ἐπιδεῖξαι
1421 1579 1552 1628 πᾶσι
1591 1573 1883 1634 θελήσαντες
1911 1580 2000 1633 τήν

421 1670 474 1723 iv
524 1678 596 1741 τῷ
633 1671 862 1743 μακαρίῳ
909 1665 1180 1738 Βενεδίκτῳ
1215 1667 1620 1730 ἐπιπολάζουσαν
1667 1669 1800 1721 θείαν
1845 1670 2002 1740 χάριν

421 1769 519 1815 τῶν
547 1764 788 1830 ἰαμάτων.
819 1759 1100 1831 ’.ἀπηνέχθη
1138 1762 1302 1815 τοίνυν
1341 1759 1366 1814 ὁ
1396 1761 1617 1814 ἀσθενῶν
1641 1761 1770 1835 πρὸς
1799 1762 1884 1815 τὸν
1912 1768 2000 1816 τοῦ

423 1858 549 1906 Θεοῦ
579 1851 753 1905 δοῦλον
781 1849 1060 1906 Βενίδικτον
1082 1891 1096 1916 ,
1132 1849 1280 1912 ὅστις
1310 1858 1383 1921 τῷ
1419 1853 1576 1926 κυρίῳ
1604 1856 1765 1907 Ἰησοῦ
1792 1859 2002 1924 Χριστῷ

422 1943 518 2001 τὰς
547 1940 744 2002 δεήσεις
763 1944 1107 2017 προσενέγκας
1131 1981 1146 2005 ,
1176 1944 1235 1997 τὸ
1264 1943 1545 2018 ἀκάθαρτον
1573 1949 1772 2012 πνεῦμα
1800 1943 1889 1997 ἀπ’
1906 1945 2002 1998 αὐ-

417 2039 512 2087 τοῦ
535 2034 820 2097 ἀπελάσας,
853 2036 968 2105 ὑγιῆ
993 2041 1173 2089 τοῦτον
1201 2041 1263 2107 τῇ
1294 2040 1384 2088 τοῦ
1407 2041 1537 2089 Θεοῦ
1570 2036 1752 2110 χάριτι
1772 2037 2000 2089 ἀποκατ-

2281 829 2359 885 De
2384 830 2566 885 clerico
2599 845 2631 882 a
2666 827 2916 882 dtemonio
2945 825 3012 877 ad
3042 835 3236 892 tempus
3269 819 3502 874 liberato.

2175 922 2373 978 Eodem
2403 936 2614 990 quoque
2643 929 2881 987 tempore
2911 917 3124 986 quidam
3159 912 3480 982 Aquinensis
3515 919 3541 947 ι
3574 907 3681 963 Ec-

2101 1015 2278 1070 clesia:
2313 1016 2541 1070 clericus
2570 1010 2838 1066 dtcmonio
2874 1009 3186 1070 vexabatur,
3213 1005 3303 1075 qui
3329 1019 3359 1058 a
3390 999 3681 1058 venerabili

2102 1106 2216 1160 viro
2263 1104 2577 1160 Constantio
2627 1101 2654 1140 δ
2703 1101 2941 1171 ejusdem
2992 1099 3246 1153 Ecclesiae
3297 1094 3532 1149 antistite
3585 1104 3682 1158 per

2100 1199 2265 1254 multa
2295 1197 2468 1252 fuerat
2489 1207 2780 1267 martyrum
2815 1204 2836 1232 ο
2870 1193 2983 1246 loca
3013 1190 3375 1248 transmissus,
3416 1193 3475 1239 ιιι
3500 1180 3681 1238 sanari

2102 1294 2383 1363 potuisset.
2415 1291 2520 1347 Sed
2551 1291 2720 1346 sancti
2766 1289 2859 1344 Dei
2890 1300 3153 1358 martyres
3183 1284 3467 1339 noluerunt
3497 1279 3548 1334 ei
3593 1292 3682 1330 sa-

2103 1385 2282 1440 nitatis
2311 1386 2508 1439 denum
2536 1383 2802 1446 tribuere,
2836 1392 2892 1434 ut
2921 1388 3112 1449 quanta
3139 1384 3282 1432 esset
3310 1375 3362 1428 in
3386 1370 3678 1427 Benedicto

2101 1478 2268 1547 gratia
2298 1476 2748 1531 demonstrarent.
2781 1473 2978 1526 Ductus
3007 1471 3184 1538 itaque
3223 1474 3305 1522 est
3333 1464 3398 1519 ad
3428 1459 3675 1527 omnipo-

2104 1574 2263 1629 tentis
2299 1575 2389 1627 Dei
2421 1572 2675 1625 fainulum
2707 1569 3055 1624 Benedictum
3111 1582 3126 1619 :
3177 1563 3265 1632 qui
3311 1561 3436 1616 Jesu
3466 1554 3679 1611 Christo

2104 1666 2328 1720 Domino
2380 1678 2568 1733 preces
2618 1661 2871 1724 fundens,
2918 1657 3192 1726 antiquum
3250 1655 3455 1704 hostem
3485 1649 3552 1702 de
3582 1649 3679 1699 ob-

2103 1772 2251 1812 sesso
2281 1757 2494 1810 homine
2526 1753 2764 1824 protinus
2793 1749 3014 1818 expulit.
3042 1745 3139 1800 Cui
3171 1751 3358 1798 sanato
3390 1738 3674 1809 praecepit,

2101 1850 2286 1904 dicens
2318 1865 2331 1901 :
2367 1849 2510 1902 Vade
2531 1888 2546 1910 ,
2578 1854 2630 1900 et
2663 1843 2884 1914 posthac
2911 1854 3128 1896 carnem
3161 1851 3264 1890 non
3296 1831 3578 1895 comedas;
3623 1838 3680 1882 et

2102 1942 2168 1996 ad
2213 1955 2421 1995 sacrum
2469 1939 2712 1992 ordinem
2756 1947 3024 2004 nunquam
3056 1927 3315 1985 accedere
3347 1936 3672 1993 prresumas;

2103 2046 2417 2104 quacunque
2443 2038 2618 2084 autem
2644 2028 2731 2082 die
2754 2041 2962 2082 sacrum
2993 2022 3234 2078 ordinem
3258 2028 3520 2072 temerare
3544 2027 3678 2081 pra.-

421 2126 655 2185 ἐστησεν.
684 2127 835 2180 εἰπὼν
863 2127 1052 2201 αὐτῷ’(
1075 2121 1308 2192 ’Δπελθῃ
1336 2123 1444 2180 ἰδοὺ
1468 2127 1613 2197 ὑγιής
1631 2129 1858 2199 γέγονας,
1883 2130 1997 2190 κρέα

2115 2123 2401 2194 sumpseris
2430 2118 2456 2158 ά
2487 2121 2664 2174 statim
2689 2118 2794 2188 juri
2824 2115 3019 2172 diaboli
3051 2115 3240 2168 iterum
3266 2104 3676 2201 inaneipaheris.

417 2222 490 2288 μή
519 2215 700 2290 φάγῃς,
734 2215 860 2290 μηδέ
890 2218 1118 2293 ίερατικῷ
1141 2218 1318 2289 βαθμῷ
1347 2219 1545 2291 ἱπιϐῇς⁶
1575 2220 1680 2273 οἷαν
1707 2218 1750 2274 δ’
1781 2215 1839 2274 ἂν
1875 2222 1997 2291 ήμέ-

414 2327 512 2382 ραν
539 2307 560 2337 ⁸
592 2308 832 2386 ἱερατικὸν
872 2309 1070 2378 ἀξίωμα
1099 2308 1171 2379 ἐφ’
1209 2307 1389 2362 ἑαυτὸν
1425 2306 1664 2372 δέξασθαι
1704 2310 1993 2379 τολμήσεις,

417 2399 593 2457 εὐθέως
633 2398 734 2452 ὑπὸ
783 2403 871 2457 τήν
912 2400 1141 2462 ἐξουσίαν
1177 2405 1266 2452 τοῦ
1309 2399 1592 2473 ἀκαθάρτ.υ
1622 2397 1857 2470 δαίμονος
1885 2403 2000 2457 ἀνε-

416 2490 664 2560 λεημὸνως
689 2491 1027 2564 ῦποϐληθόσῃ.
1053 2489 1390 2545 »Ἐπανελθὼν
1405 2489 1459 2546 δὲ
1479 2493 1551 2552 εἰς
1576 2494 1642 2547 τά
1660 2489 1802 2547 ἴδιαὸ
1821 2495 1996 2561 ἰαθεὶς,

417 2584 685 2638 ἄπελάθετο
712 2593 802 2645 τῆς
828 2587 968 2659 παρά
1008 2591 1095 2638 τοῦ
1143 2585 1286 2658 ἁγίου
1334 2583 1560 2645 δοθείσης
1606 2587 1744 2658 αὐτῷ
1775 2587 1994 2652 ἐντολῆς,

418 2675 504 2727 καί
531 2675 660 2744 μετὰ
706 2675 827 2728 ἐτῶν
866 2675 1059 2728 πολλῶν
1099 2674 1333 2752 περίοδον
1358 2715 1372 2740 ,
1404 2677 1555 2733 ήνίκα
1595 2677 1839 2731 ἕθεάσατο
1878 2679 1999 2738 τοὺς

417 2763 813 2837 προτερεῦοντας
863 2765 911 2818 ἕν
959 2772 1031 2836 τῷ
1061 2765 1294 2838 ἱερατικῷ
1338 2766 1598 2838 καταλόγῳ
1627 2767 1680 2820 ἔκ
1719 2765 1864 2822 τοῦδε
1907 2774 1998 2822 τοῦ

417 2854 532 2925 βίου
562 2856 944 2926 μεταστάντας,
976 2859 1061 2908 καὶ
1095 2858 1215 2918 τοὺς
1252 2856 1434 2912 ἑαυτοῦ
1464 2858 1746 2918 ἐλάσσονας
1784 2856 1835 2912 ἕν
1864 2859 2000 2935 ίερα·

416 2952 541 3017 τικῷ
559 2943 919 3018 προϐαίνοντας
939 2946 1184 3016 τάγματι,
1206 2946 1372 3010 λήθην,
1397 2949 1465 3007 ὡς
1487 2945 1698 3025 εἴρηται,
1721 2949 2000 3020 ὑπομείνας

2110 2215 2365 2271 Discessit
2391 2213 2552 2281 igitur
2577 2211 2804 2266 clericus
2829 2222 2990 2263 sanus
3009 2250 3025 2275 ,
3057 2214 3111 2260 et
3154 2203 3291 2258 sicut
3321 2211 3525 2255 terrere
3545 2195 3682 2248 solet

2110 2307 2343 2363 animum
2379 2320 2533 2375 paena
2561 2316 2766 2366 recens,
2798 2315 2860 2356 ea
2903 2314 3021 2368 qua:
3065 2297 3146 2350 vir
3188 2293 3280 2350 Dei
3321 2294 3679 2362 praeceperat.

2108 2401 2319 2458 interim
2346 2398 2651 2455 custodivit.
2679 2397 2812 2452 Cum
2842 2409 2969 2450 vero
2999 2401 3120 2464 post
3146 2403 3316 2445 annos
3337 2385 3532 2441 multos
3556 2397 3680 2436 οηι-

2109 2510 2204 2550 nes
2233 2495 2436 2564 priores
2458 2491 2603 2546 illius
2626 2489 2694 2546 de
2715 2491 2813 2542 hac
2841 2487 2959 2541 luce
2985 2486 3337 2554 migrassent,
3363 2488 3418 2535 et
3441 2479 3680 2532 minores

2106 2600 2234 2641 suos
2263 2585 2481 2639 sibimet
2509 2580 2797 2653 superponi
2827 2578 2880 2633 in
2910 2579 3076 2632 sacris
3099 2573 3378 2629 ordinibus
3406 2579 3680 2630 cemeret,

2109 2678 2270 2731 verba
2317 2675 2416 2730 viri
2446 2674 2541 2729 Dei
2571 2674 2717 2740 quasi
2747 2687 2815 2726 ex
2846 2670 3002 2738 longo
3034 2678 3276 2736 tempore
3303 2663 3499 2718 oblitus
3531 2670 3682 2730 post-

2109 2769 2316 2838 posuit,
2365 2775 2524 2836 atque
2571 2764 2636 2818 ad
2677 2777 2888 2818 sacrum
2935 2760 3178 2815 ordinem
3209 2762 3436 2810 accessit
3479 2764 3682 2822 :qnem

2110 2873 2233 2914 mox
2280 2857 2324 2912 is
2369 2858 2459 2926 qui
2507 2855 2796 2924 reliquerat
2835 2851 3079 2906 diabolus
3119 2851 3308 2910 tenuit,
3333 2859 3562 2914 eumque
3593 2858 3683 2896 ve-

2111 2965 2241 3005 xare
2271 2961 2546 3018 quousque
2567 2946 2795 3000 animam
2827 2943 2946 3013 ejus
2975 2949 3278 3003 excuteret,
3307 2953 3411 2992 non
3429 2937 3681 2992 cessavit.

416 3044 518 3092 τῶν
546 3039 690 3114 παρά
731 3045 822 3093 τοῦ
865 3037 1010 3111 ἁγίου
1049 3040 1178 3114 πρὸς
1216 3040 1365 3095 αὐτὸν
1408 3031 1678 3112 γενομένων
1706 3042 2007 3108 νουθεσιῶν,
2032 3045 2268 3118 ίερατικῷ
2295 3041 2448 3099 ὶπίϐη
2488 3041 2729 3113 τάγματι·
2758 3038 3000 3114 παραυτά
3023 3034 3075 3091 δὲ
3097 3037 3168 3096 είς
3210 3035 3356 3089 αὐτὸν
3395 3031 3420 3087 ὁ
3465 3029 3681 3104 δαίμων,

419 3131 606 3210 ὥσπερί
634 3132 878 3204 ἀνήμερος
905 3134 995 3207 θήρ
1024 3133 1356 3195 ιίσοικισθεὶς.
1391 3133 1609 3195 ἀνηλεῶς
1638 3141 1816 3190 τοῦτον
1838 3133 2176 3210 διεσπάραττε
2207 3139 2372 3213 μέχρι
2393 3137 2630 3189 θανάτου.

487 3230 662 3280 ΠΕΤΡ.
691 3221 748 3278 ⁸0
776 3225 1108 3301 προορατικός
1138 3231 1227 3280 τοῦ
1250 3232 1377 3280 Θεοῦ
1424 3221 1573 3286 οὗτος
1613 3223 1905 3302 ἄνθρωπος,
1937 3230 1997 3292 ὡς

2182 3228 2327 3283 Petr.
2369 3228 2472 3283 Iste
2499 3227 2581 3280 vir
2610 3225 2703 3280 Dei
2747 3223 3072 3287 Divinitatis,
3102 3231 3157 3275 ut
3184 3221 3361 3286 video,
3402 3221 3564 3276 etiam
3592 3235 3682 3276 se-

418 3319 545 3395 ὁρῶ,
568 3320 991 3393 ἀποκεκρυμμένα
1019 3323 1277 3394 μυστήρια
1301 3318 1576 3392 διέγνωκεν,
1592 3318 1733 3380 ὅστις
1761 3323 1860 3376 ὑπὸ
1881 3329 2004 3376 Θεοῦ

418 3411 717 3482 φωτισθεὶς,
762 3414 960 3465 τουτονὶ
999 3412 1086 3466 τὸν
1115 3409 1462 3486 κληρικὸνδιά
1498 3418 1649 3467 τοῦτο
1677 3421 1748 3484 τῷ
1787 3411 2001 3484 διαϐόλῳ

418 3503 760 3579 παραδοθέντα
789 3514 970 3562 συνῆκε
988 3548 1003 3570 ,
1034 3505 1161 3579 πρὸς
1186 3503 1206 3533 ³
1236 3506 1289 3557 τὸ
1327 3510 1397 3574 μή
1438 3499 1580 3560 αὖθις
1608 3505 1856 3576 τολμῆσαι
1883 3511 2000 3560 τοῦ·

417 3622 502 3658 τον
528 3603 750 3675 ἱερατικῇ
780 3601 1162 3675 ἐγχειρισθῆναι
1186 3601 1320 3674 ἀξίᾳ.

415 3753 418 3755 _
488 3704 650 3748 I‘t‘ttl‘.
683 3694 773 3746 Διά
799 3698 848 3748 τί
876 3694 1076 3764 ἀγνοεῖν
1109 3689 1236 3762 εἶχε
1259 3694 1324 3747 τά
1349 3700 1440 3752 τῆς
1478 3692 1708 3752 θεότητος
1737 3696 1999 3767 μυστήρια
2035 3733 2038 3736 -

417 3783 445 3839 6
473 3792 566 3839 τοῦ
603 3793 822 3860 Χριστοῦ
854 3786 918 3838 τὰ
957 3786 1330 3860 προστάγματα
1369 3784 1655 3856 φυλάττων;
1697 3785 1860 3846 καθὼς
1915 3787 2004 3857 γέ-

417 3891 664 3949 γραπται·
679 3891 696 3923 ε
717 3873 772 3927 ’0
788 3875 1227 3948 προσκολλὼμενος
1240 3883 1314 3947 τῷ
1334 3878 1492 3950 κυρίῳ
1513 3873 1562 3928 ἓν
1581 3874 1785 3945 πνεῦμά
1806 3878 1966 3931 ἔστιν.
1979 3892 2000 3926 s

490 3976 655 4020 Ill-:TP.
689 3966 743 4018 Ei
770 3963 819 4018 ἓν
845 3969 1030 4036 γίνεται
1060 3963 1080 3994 ⁸
1109 3967 1203 4020 σὺν
1231 3973 1302 4034 τῷ
1332 3968 1489 4040 κυρίῳ
1517 3970 1718 4035 πνεῦμα
1746 3964 1773 4020 6
1800 3972 1872 4037 τῷ
1900 3972 2007 4035 Θεῷ

417 4056 898 4132 προσκολλὼμενος,
938 4058 989 4110 τί
1013 4057 1150 4110 ἔστιν
1183 4052 1305 4132 ὅπερ
1342 4057 1491 4112 πάλιν
1515 4055 1542 4111 6
1567 4058 1720 4116 αὐτὸς
1749 4057 2008 4127 πάνσοφος

419 4149 574 4220 κήρυξ
603 4144 812 4223 εἴρηκεν,
829 4151 1014 4216 φήσας
1035 4166 1053 4195 ι
1080 4149 1168 4206 Τίς
1189 4145 1319 4218 ἔγνω
1338 4154 1454 4201 νοῦν
1476 4150 1687 4221 κυρίους
1718 4146 1749 4206 ri
1775 4149 1853 4207 τίς
1872 4149 2008 4218 σύμ-

422 4239 597 4307 ϐουλος
622 4243 777 4293 αὐτοῦ
803 4237 1021 4312 έγένιτος
1047 4258 1063 4288 s
1081 4239 1189 4293 λίαν
1210 4239 1509 4311 άσύμφωνὸν
1533 4261 1618 4309 μοι
1644 4236 1770 4294 εἶναι
1792 4238 1944 4305 δοκεῖ,
1961 4243 2006 4294 εἰ

419 4331 583 4391 ὁνοῦς
613 4335 710 4386 σῦν
746 4339 820 4404 τῷ
863 4334 1014 4408 κυρίῳ
1049 4330 1098 4384 ἓν
1138 4337 1338 4403 πνεῦμα
1369 4332 1629 4403 γενόμενος
1664 4333 1729 4387 τὰ
1763 4332 2004 4403 μέλλοντα

419 4444 676 4496 αγνοησει.

487 4528 724 4573 I‘PHFOP.
753 4517 812 4570 Oi
851 4515 984 4588 ἅγιοι
1013 4514 1220 4592 ἄνδρες,
1265 4515 1340 4588 ἐφ’
1373 4515 1490 4572 ὅσον
1534 4518 1630 4573 σὺν
1651 4525 1725 4590 τῷ
1753 4520 1909 4591 κυρίῳ
1949 4517 2000 4572 ἓν

491 4707 505 4734 ‘
550 4703 707 4758 Forte
735 4702 1113 4774 δαιμονιῶντος.

488 4776 509 4854 ξ
551 4776 646 4854 his.
680 4776 882 4854 oiqt_76tp
908 4778 1089 4854 ἡμέρα.
1123 4816 1137 4829 .
1165 4780 1440 4854 τολμήσῃς.

489 4845 511 4921 ξ
681 4845 809 4921 πρὸς
828 4849 885 4921 τὸ
908 4853 976 4921 μή
1000 4845 1342 4921 αὐτομολῆσαι
1364 4845 1559 4904 τοῦτον.

489 4915 512 4946 ³
551 4919 646 4970 Ms.
677 4915 813 4970 διατί
833 4917 884 4970 ἓν
910 4915 1118 4989 γίνεται.

491 5019 518 5048 ι
562 5007 846 5081 Aquinum,
888 5012 1012 5064 urbs
1056 5011 1371 5081 episcopalis
1398 5013 1478 5066 cis
1503 5012 1750 5067 Casinum
1785 5011 1818 5066 5
1863 5011 1993 5067 mill.

419 5079 664 5153 passas.
683 5078 913 5153 Tltotnze
928 5078 1261 5137 celeberrimi
1291 5084 1543 5139 Ecclesia:
1573 5084 1718 5138 doct.
1751 5085 1940 5153 patria.

493 5150 518 5189 δ
557 5149 758 5223 ροιὶιιιι·
788 5151 844 5203 ὃ.
878 5151 1216 5208 Constantius
1244 5157 1263 5207 1
1303 5155 1651 5223 Septembris.

493 5233 514 5259 ιτ
557 5221 664 5274 Iloc
689 5229 770 5292 est
799 5234 1088 5292 martyrum
1113 5221 1405 5280 conditoria
1429 5236 1484 5280 et
1507 5235 1869 5289 monumenta,
1893 5239 1990 5280 seu

418 5307 599 5364 sacras
629 5291 776 5345 sedes
805 5291 989 5346 eorum
1022 5295 1260 5364 reliquiis
1287 5296 1622 5352 asservandis
1662 5306 1752 5350 aut
1789 5313 1990 5351 inemo-

420 5369 511 5418 riae
539 5363 758 5417 dientzts.

489 5434 514 5472 ά
581 5433 714 5486 Ειιίιί
764 5447 898 5498 pene
937 5448 1164 5503 omnes,
1226 5438 1295 5490 ad
1348 5454 1547 5491 sacrum
1594 5438 1706 5490 0rd.
1756 5441 1992 5493 accedere

409 5505 819 5572 prtcsumpieris,
868 5505 1246 5560 reluctantibus
1293 5524 1437 5562 omn.
1482 5524 1612 5562 tuss.
1657 5510 1710 5562 lu
1759 5510 1992 5563 secundo

413 5573 598 5638 tias-tu,
631 5590 830 5627 sacrum
857 5577 972 5629 0rd.
997 5581 1259 5630 temerarie
1278 5596 1427 5643 νεα-ε.
1457 5581 1722 5632 Caeterum
1756 5594 1857 5632 tam
1889 5585 1986 5631 tui-

411 5658 573 5702 uores
619 5660 774 5715 quam
819 5646 1051 5718 majores
1090 5649 1306 5706 ordines
1337 5651 1420 5705 hic
1455 5662 1676 5720 possunt
1705 5651 1926 5720 intelligi
1966 5669 1976 5702 ε

2108 3330 2254 3376 creta
2282 3319 2600 3390 penetravit,
2659 3318 2780 3388 quia
2813 3316 3083 3386 perspexit
3129 3317 3268 3369 hunc
3296 3314 3553 3370 clericum
3601 3313 3684 3368 id-

2107 3414 2253 3468 circo
2295 3411 2512 3466 diabolo
2542 3410 2816 3479 traditum,
2863 3423 2932 3464 ne
2959 3407 3023 3462 ad
3073 3423 3284 3463 sacrum
3315 3407 3559 3462 ordinem
3588 3421 3683 3461 au-

2106 3506 2260 3560 deret
2287 3503 2565 3559 accedere.

2178 3695 2392 3766 (ἕτερον.
2434 3695 2610 3762 Quare
2642 3693 2944 3750 Divinitatis
2975 3703 3178 3750 secreta
3215 3709 3322 3748 non
3352 3704 3556 3763 nosset,
3588 3696 3680 3762 qui

2111 3785 2416 3841 Divinitatis
2442 3796 2706 3857 praecepta
2731 3788 2984 3853 servavit,
3010 3801 3132 3841 cum
3164 3790 3418 3856 scriptum
3441 3787 3513 3840 sit
3537 3803 3550 3839 :
3580 3787 3684 3856 Qui

2108 3880 2335 3935 adlucret
2357 3879 2596 3945 Domino,
2621 3896 2752 3934 unus
2773 3880 2983 3950 spiritus
3004 3890 3075 3934 est
3099 3889 3122 3916 ε
3145 3879 3194 3948 (Ι
3222 3879 3339 3934 Cor.
3365 3895 3436 3944 vr,
3463 3880 3588 3947 νην

2184 3973 2326 4026 Petr.
2367 3971 2423 4027 Si
2452 3987 2587 4027 unus
2609 3971 2811 4026 [lt-cum
2843 3970 3070 4026 Domino
3099 3971 3317 4040 spiritus
3343 3972 3431 4042 qui
3457 3971 3683 4027 Domino

2111 4064 2370 4130 adlueret,
2401 4064 2526 4133 quid
2563 4073 2649 4117 est
2687 4063 2830 4132 quod
2877 4063 3067 4117 iterum
3101 4063 3240 4117 idem
3270 4063 3514 4134 egregius
3545 4079 3683 4134 prse-

2108 4154 2315 4210 dicator
2339 4155 2466 4208 dicit
2491 4171 2502 4206 :
2532 4153 2659 4219 Quis
2686 4155 2822 4208 nevit
2844 4171 3043 4209 sensum
3063 4154 3292 4222 Domini,
3319 4165 3404 4208 aut
3425 4157 3538 4226 quis
3558 4171 3682 4210 coss-

2105 4245 2331 4300 siliarius
2351 4247 2463 4316 ejus
2488 4245 2587 4314 fuit
2613 4242 2790 4314 (Rom.
2827 4259 2902 4311 XI,
2933 4245 3064 4316 διν
3093 4245 3258 4301 Valde
3281 4247 3424 4302 enim
3450 4261 3573 4302 esse
3599 4249 3682 4302 iu-

2105 4335 2428 4390 conveniens
2457 4335 2664 4390 videtur
2683 4335 2802 4405 ejus
2822 4351 3041 4392 sensum
3067 4354 3188 4394 cum
3211 4355 3319 4408 quo
3347 4354 3482 4393 unus
3505 4339 3678 4405 factus

2105 4423 2265 4479 fuerit
2299 4422 2317 4461 ί
2328 4465 2343 4490 ,
2377 4425 2641 4495 ignorare.

2178 4514 2390 4587 Gregor.
2433 4517 2614 4573 Sancti
2660 4517 2758 4574 viri
2789 4519 2842 4574 in
2885 4527 3142 4588 quantum
3186 4534 3307 4576 cum
3357 4518 3468 4576 Deo
3509 4537 3675 4578 unum

2025 4706 2078 4774 D
2106 4721 2226 4761 nam
2250 4707 2302 4762 in
2328 4707 2788 4762 Sacramentorum
2815 4707 2951 4761 libro
2979 4707 3172 4776 legitur
3198 4723 3213 4760 :
3240 4706 3430 4774 Incipit
3450 4709 3578 4763 ordo
3605 4712 3677 4763 ad

2105 4793 2278 4848 sacros
2307 4777 2508 4831 ordines
2552 4779 2952 4841 benedicendos;
2981 4778 3066 4832 cui
3098 4777 3249 4831 titulo
3289 4779 3626 4848 subjungitur
3659 4799 3674 4836 :

2105 4847 2333 4922 yajores
2377 4850 2569 4922 gradus
2615 4859 2732 4904 ante
2779 4848 3143 4922 Egangcjlt'ttm;
3173 4851 3388 4902 minores
3417 4847 3532 4922 uere
3560 4863 3678 4920 post

2103 4918 2622 4986 Communfdantur,
2672 4933 2780 4974 etc.
2827 4920 3027 4974 Deinde
3074 4922 3312 4987 sequitur
3353 4937 3367 4972 :
3404 4918 3678 4976 Ordinatio

2104 4991 2327 5054 ostiarii,
2369 5000 2421 5045 et
2452 4992 2522 5044 ita
2552 4991 2619 5043 de
2661 4991 2868 5045 caeteris
2912 4990 3206 5044 minoribus
3251 4990 3544 5046 ordinibus.
3579 4993 3676 5047 His

2101 5063 2394 5142 succedunt
2418 5061 2782 5116 ordinationes
2811 5061 3049 5124 diaconi,
3096 5060 3414 5132 presbyteri,
3456 5072 3512 5116 et
3555 5065 3684 5134 epi-

2100 5145 2268 5199 scapi.

2175 5198 2206 5238 0’
2245 5203 2444 5272 Vulgati
2489 5203 2691 5257 addunt
2717 5212 2788 5256 est
2819 5219 2933 5254 cum
2962 5219 3039 5255 eo.
3074 5202 3167 5256 llis
3197 5216 3300 5255 non
3327 5198 3677 5260 accensenius

2099 5273 2385 5327 editionem
2418 5275 2613 5328 Mabill.
2639 5313 2655 5336 ,
2686 5273 2773 5340 qui
2806 5288 2937 5326 Inss.
2971 5273 3184 5328 codices
3232 5288 3420 5342 magna
3459 5275 3562 5327 llde
3591 5291 3680 5331 re-

2100 5356 2403 5413 praesentat.
2433 5348 2596 5398 Abest
2623 5361 2736 5396 cum
2765 5359 2821 5396 eo
2849 5358 2878 5396 a
2906 5359 3035 5397 mss.
3067 5357 3118 5398 et
3147 5358 3176 5396 a
3209 5359 3346 5396 vers.
3373 5343 3576 5398 (ἐι-’.εει

2177 5414 2194 5452 τ
2239 5416 2293 5468 In
2341 5416 2586 5476 excusis,
2633 5431 2747 5485 cum
2776 5432 2876 5479 quo
2918 5433 3049 5468 unus
3094 5431 3250 5467 unum
3294 5418 3457 5482 [hctus
3498 5416 3672 5485 fuerit.

2101 5485 2198 5540 llic
2236 5487 2441 5540 variant
2490 5502 2617 5539 mss.
2651 5484 2780 5538 Nam
2821 5487 2962 5539 Prat.
2995 5485 3183 5548 habet,
3234 5500 3349 5537 cum
3376 5503 3475 5552 quo
3501 5484 3676 5540 unum

2102 5559 2276 5621 fuerit.
2321 5556 2667 5609 Consentium
2714 5559 2821 5609 duo
2861 5557 3074 5611 Gemet.
3122 5560 3185 5610 At
3221 5556 3419 5620 primus
3462 5556 3672 5613 Theod.

2096 5626 2218 5698 Lyr.
2247 5635 2297 5684 et
2331 5628 2482 5683 Becc.
2508 5671 2522 5697 ,
2554 5643 2664 5681 cum
2695 5644 2793 5697 quo
2813 5644 2966 5682 unum
2997 5628 3160 5698 [artus
3189 5627 3362 5699 (item.
