3960 6178
297 328 399 386 133

919 451 1124 503 ΒΕΦΑΑ.
1169 444 1280 503 AA‘.

295 538 420 614 Περὶ
445 542 538 592 τοῦ
563 542 790 623 γεωργοῦ
814 546 903 625 τρῦ
921 539 1163 625 good-rw;
1192 541 1245 592 ἐκ
1269 536 1593 625 τῷνεδισμῶν
1633 540 1881 609 λυθέντος,

656 608 801 678 μόνον
834 608 1189 679 ίπιϐλέψαντος
1230 615 1322 664 τοῦ
1362 608 1531 680 ἁγίου.

364 717 460 775 Ἠν
486 742 569 781 τις
606 729 681 794 τῷ
712 724 842 795 γένει
877 721 1080 788 Γότθος,
1109 730 1173 798 τῇ
1220 722 1274 778 δί
1310 727 1626 801 προσηγορίᾳ
1658 725 1882 790 τζαλλᾶς

293 813 732 883 ἐπονομαζόμενος
756 816 794 881 ¹,
826 822 918 876 τῆς
957 822 1056 870 τῶν
1086 814 1343 890 ’Δρειανῶν
1386 819 1533 873 ἀθέου
1569 818 1880 881 δυσπιστίας

288 908 579 981 ὑπάρχων.
603 904 783 970 Ὀστις
802 911 851 962 ἰν
877 918 984 969 τοῖς
1007 911 1212 984 χρόνοις
1240 914 1422 966 Τοτίλα
1446 918 1537 967 τοῦ
1564 919 1664 967 τῶν
1687 914 1880 969 Γότθων

287 998 486 1072 {fur/6;,
513 994 574 1051 ού
615 1000 674 1053 τὸ
719 1003 837 1074 πρὶν
881 1002 1054 1070 μνείαν
1091 1001 1458 1072 ἐποιησάμεθλ,
1501 1003 1642 1075 θυμῷ
1682 1005 1873 1058 άνυπο·

287 1091 474 1159 στάτῳ
518 1092 646 1143 κατά
690 1097 790 1144 τῶν
831 1098 921 1151 τῆς
968 1091 1113 1163 ἆγίας
1140 1092 1161 1121 ⁹
1191 1096 1272 1147 καί
1319 1094 1577 1154 καθολικῆς
1612 1092 1875 1157 ἐκκλησίας

288 1176 594 1231 σπουδαίων
636 1177 821 1255 ἀνδρῶν
861 1177 1144 1246 ἓκκαυθείς,
1175 1184 1257 1235 καί
1293 1191 1356 1258 τῇ
1402 1183 1581 1238 ἑαυτοῦ
1618 1185 1874 1258 συντρόφῳ

288 1272 522 1335 ὠμότητι
565 1273 787 1331 συνήθως
834 1274 1116 1345 χρώμενος,
1145 1274 1225 1327 ἐάν
1266 1294 1379 1329 τινα
1419 1278 1542 1329 νατά
1586 1278 1873 1350 προσώπων

284 1364 566 1426 ἐθεάσατο,
591 1360 692 1417 εἴτε
730 1364 957 1439 γληρικόν
992 1363 1088 1420 εἴτε
1126 1366 1373 1438 μοναχὸν,
1402 1377 1729 1443 παραχρῆμα
1753 1371 1874 1423 τού-

282 1476 416 1514 τους
440 1454 777 1531 διεχειρίζετο
796 1497 809 1516 ,
834 1465 905 1528 τῷ
930 1455 1011 1510 διὰ
1044 1459 1212 1531 ξίφους
1239 1459 1528 1513 ύποϐάλλων
1556 1462 1769 1531 θανάτῳ.
1795 1459 1870 1515 Ἐν

282 1556 386 1620 μιᾷ
412 1545 501 1603 οὖν
527 1560 626 1604 τῶν
649 1554 846 1626 ἡμερῶν
884 1560 947 1626 τῇ
974 1554 1112 1615 ζέσει
1151 1562 1244 1615 τῆς
1273 1555 1456 1614 οἰκείας
1496 1552 1754 1625 ὠμότητος
1787 1555 1869 1607 ἔκ-

282 1648 511 1708 κωθείς,
539 1650 625 1699 καὶ
668 1647 771 1700 ὑπὸ
811 1654 901 1708 τῆς
942 1655 1040 1702 τῶν
1081 1648 1398 1723 πραγμάτων
1443 1648 1757 1718 συγχύσεως
1784 1646 1868 1701 τὸν

280 1742 410 1788 νοῦν
446 1736 674 1798 κλαπεὶς.
702 1739 814 1793 τινὰ
852 1737 1072 1813 χωρικὸν
1224 1739 1369 1811 τύχῃ
1412 1737 1663 1811 εὑρηκὼς,
1689 1743 1867 1794 τοῦτον

1686 331 2046 389 PBOLEGOM
2056 332 2207 390 ENA.

1907 451 1964 511 Α
2542 448 2768 507 CAPUT
2792 449 2979 509 XXXI.

3469 336 3577 391 1ῖο

2094 537 2174 595 De
2191 540 2378 595 rustico
2407 539 2563 613 ligato
2583 550 2633 596 et
2652 543 2761 598 solo
2782 555 2990 613 aspectu
3014 544 3109 601 viri
3134 544 3232 602 Dei
3257 547 3442 604 soluto.

2052 734 2344 792 Gothorum
2398 735 2613 807 quidam
2641 737 2802 793 Zalla
2843 747 2871 778 ι
2913 740 3130 799 nomine
3180 740 3418 809 perﬁdia:
3459 740 3557 794 fuit

1980 826 2226 895 Arianze,
2254 831 2343 899 qui
2374 830 2563 903 Tutilze
2595 832 2732 898 regis
2762 846 2947 886 eorum
2982 833 3335 899 temporibus,
3365 843 3553 886 contra

1980 920 2256 975 catholica:
2289 922 2538 977 Ecclesia:
2568 923 2845 993 religiosos
2871 923 3014 978 viros
3046 925 3238 979 ardore
3270 925 3549 978 immanis-

1977 1010 2128 1065 sima:
2156 1013 2483 1068 crudelitatis
2522 1016 2745 1073 exarsit;
2776 1015 2848 1069 ita
2886 1024 2942 1069 ut
2976 1016 3216 1085 quisquis
3246 1001 3296 1069 ei
3323 1016 3551 1070 clericus

1978 1103 2337 1159 monachusve
2366 1112 2488 1159 ante
2534 1104 2724 1160 faciem
2758 1108 3029 1171 venisset,
3061 1106 3129 1160 ab
3156 1109 3270 1174 ejus
3303 1109 3549 1161 manibus

1974 1195 2126 1247 vivus
2156 1195 2297 1249 nullo
2325 1196 2482 1249 modo
2510 1197 2698 1250 exiret.
2731 1196 2966 1263 Quadam
3011 1212 3141 1253 vero
3180 1198 3266 1251 die
3309 1199 3546 1253 avaritia:

1974 1299 2083 1339 sua:
2108 1296 2238 1339 aastu
2266 1301 2575 1352 succensus,
2599 1288 2654 1341 in
2685 1290 2924 1354 rapinam
2948 1303 3126 1343 rerum
3156 1287 3388 1352 inhians,
3417 1288 3541 1341 dunt

1973 1376 2256 1444 quemdam
2288 1377 2544 1431 rusticum
2592 1379 2869 1431 tormentis
2917 1378 3223 1434 crudelibus
3264 1379 3542 1447 affligeret,

1972 1479 2198 1532 eumque
2229 1479 2321 1534 per
2346 1466 2607 1535 supplicia
2636 1467 2843 1520 diversa
2874 1468 3131 1533 laniaret,
3172 1469 3341 1526 victus
3372 1469 3543 1536 paeuis

1971 1555 2201 1611 rusticus
2223 1596 2239 1621 ,
2292 1570 2411 1610 sese
2441 1571 2526 1610 res
2568 1571 2691 1611 suas
2726 1557 3010 1611 Benedicto
3038 1558 3130 1613 Dei
3175 1558 3368 1612 famulo
3395 1573 3544 1613 com-

1970 1645 2253 1700 mendasse
2285 1646 2552 1715 professus
2573 1657 2678 1713 est,
2708 1658 2763 1702 ut
2783 1651 2906 1703 dum
2933 1650 3035 1705 hoc
3063 1666 3090 1702 a
3121 1660 3401 1718 torquente
3425 1664 3534 1705 cre-

1970 1737 2143 1802 ditur,
2196 1753 2454 1807 suspensa
2501 1740 2712 1795 interim
2759 1740 3075 1797 crudelitate
3101 1743 3166 1795 ad
3198 1742 3357 1796 vitam
3396 1742 3543 1796 hora:

284 1826 575 1897 ὠμοτάτοις
625 1826 790 1884 ἴθλιεε
844 1830 1125 1902 βασάνοις.
1168 1832 1254 1885 καί
1299 1828 1551 1903 διαφόροις
1595 1831 1855 1903 κριτηρίοις

1966 1845 2277 1903 raperentur
2324 1833 2374 1891 δ.
2420 1835 2570 1892 Tunc
2620 1836 2763 1892 idem
2820 1837 2960 1890 Zalla
3005 1838 3234 1892 cessavit
3286 1837 3541 1892 rusticum

284 1917 311 1948 ³
339 1920 605 1988 ἐμάστιζι.
644 1921 825 1985 Μηκέτι
852 1915 944 1974 οὖν
970 1922 1063 1982 τὰς
1091 1922 1347 1993 βασάνους
1370 1920 1396 1975 ὁ
1426 1922 1647 1995 χωρικὸς
1679 1922 1862 1994 ύποφέ·

282 2033 412 2087 ρων.
454 2014 825 2079 ἀπαιτούμενος
865 2014 967 2068 ύπό
993 2021 1084 2068 τοῦ
1117 2014 1344 2090 σοϐαροῦ
1382 2013 1572 2069 ἐκείνου
1618 2018 1703 2068 καί
1729 2015 1860 2092 βαρ·

285 2104 455 2179 εάρου
494 2106 562 2159 τά
605 2103 899 2180 διαφέροντα
941 2106 1082 2177 αὐτῷ
1124 2107 1424 2179 πράγματα,
1452 2112 1526 2177 τῷ
1569 2103 1728 2175 δούλῳ
1771 2110 1862 2159 τοῦ

281 2204 418 2252 Θεοῦ
461 2197 726 2267 Βενεδίκτῳ
778 2198 874 2273 ἔφη
920 2199 1231 2274 παραθέσθαι
1272 2198 1422 2253 αὐτά.
1469 2203 1631 2251 Τοῦτο
1670 2195 1692 2225 δ
1740 2194 1861 2257 ἴσως

280 2287 818 2361 πραγματευσάμενος
843 2290 972 2364 πρὸς
994 2290 1051 2345 τό
1074 2291 1301 2362 ἐκφυγεῖν
1326 2289 1474 2343 αὐτὸν
1498 2294 1590 2347 τήν
1629 2293 1728 2342 τῶν
1769 2286 1862 2358 βα-

281 2382 460 2435 σάνων
486 2386 757 2454 τιμωρίνν.
787 2384 875 2435 καί
910 2390 1002 2441 τῆς
1030 2386 1159 2445 ζωῆς
1187 2379 1417 2455 κερδάναι
1463 2384 1552 2437 τήν
1590 2383 1858 2456 σωτηρίνν.

277 2474 412 2527 Τότε
451 2473 478 2526 ό
519 2474 671 2532 αὐτὸς
710 2473 932 2535 Τζαλλᾶς
980 2471 1174 2527 ἔπαυσε
1216 2478 1305 2526 τοῦ
1349 2471 1639 2542 βασανίζειν
1679 2473 1860 2537 αὐτὸν,

279 2564 570 2635 προσέταξε
597 2562 650 2618 δέ
686 2567 805 2623 τοὺς
850 2564 1137 2637 βραχίονας
1181 2562 1337 2617 αύτοῦ
1378 2563 1558 2637 λὼροις
1606 2567 1850 2639 ἰσχυροῖς

279 2654 655 2723 δεσμευθέντας
704 2657 1033 2728 σφιγχθῆναι,
1080 2659 1161 2710 καί
1212 2661 1388 2711 τοῦτον
1437 2654 1717 2732 ἔμπροσθεν
1765 2662 1856 2712 τοῦ

278 2749 476 2802 ἑαυτοῦ
500 2749 657 2803 ἵππου
690 2749 876 2825 ἤρξατο
916 2750 1131 2803 ἐλαύνειν
1166 2751 1297 2824 πρὸς
1340 2751 1400 2803 τὸ
1434 2747 1688 2812 ὑποδεῖξαι
1716 2751 1856 2823 αύτῷ

274 2845 367 2902 τίς
394 2842 507 2897 ἔστι
526 2840 821 2902 Βενέδικτος,
847 2841 874 2896 ό
893 2844 956 2897 τά
977 2844 1260 2917 πράγματα
1283 2843 1442 2897 αὐτοῦ
1467 2840 1853 2913 ὑποδεξάμενος.

254 2934 467 2992 ιτοστις
488 2934 708 3007 χωρικὸς
726 2940 832 2993 τοῖς
851 2933 1099 3007 βραχίοσι
1118 2932 1380 3006 δεδεμένος
1399 2931 1683 3008 ξαπροσθεν
1699 2937 1855 2989 αὐτοῦ

272 3028 591 3100 ’προτρέχων
606 3028 834 3099 ἀπήγαγε
854 3028 937 3082 τόν
958 3025 1166 3089 ἀλαζόνα
1187 3026 1414 3089 Τζαλλᾶν
1433 3030 1505 3088 εἰς
1524 3027 1580 3082 τὸ
1599 3033 1689 3082 τοῦ
1708 3027 1852 3101 ἁγίου

271 3116 470 3193 ’ἀνδρὸς
490 3124 844 3193 μοναστηριονο
862 3120 1018 3193 εὑρὼν
1033 3114 1121 3187 [1".
1138 3114 1194 3171 εὖ
1198 3114 1301 3191 ριν]
1323 3115 1375 3172 δέ
1391 3118 1475 3172 τόν
1495 3117 1740 3192 μακάριον
1760 3120 1853 3190 μό-

1966 1928 2245 1982 tormeutis
2290 1926 2562 1997 affligere,
2595 1929 2688 1983 sed
2731 1928 2849 1998 ejus
2889 1929 3105 1984 brachia
3152 1928 3279 1983 luris
3309 1927 3539 1983 fortibus

1962 2016 2282 2085 astringens,
2306 2029 2430 2071 ante
2451 2032 2645 2085 equum
2668 2032 2819 2072 suum
2838 2020 3001 2087 coepit
3021 2017 3318 2086 impellere,
3343 2028 3401 2071 ut
3421 2019 3541 2087 quis

1962 2114 2106 2162 esset
2149 2107 2462 2162 Benedictus
2486 2108 2574 2176 qui
2602 2107 2719 2177 ejus
2746 2123 2835 2164 res
2862 2118 3174 2177 susceperat
3197 2108 3540 2164 demonstra-

1962 2206 2064 2251 ret.
2093 2197 2260 2263 Quem
2290 2197 2465 2267 ligatis
2493 2196 2724 2251 brachiis
2749 2198 2981 2253 rusticus
3010 2196 3352 2266 antecedens,
3382 2197 3534 2252 duxit

1960 2287 2025 2341 ad
2054 2291 2222 2345 sancti
2255 2289 2353 2343 viri
2382 2289 2780 2350 monasterium.
2815 2304 3043 2359 eumque
3081 2301 3206 2344 ante
3235 2291 3533 2360 ingressum

1961 2378 2109 2433 cellae
2153 2389 2325 2433 solum
2367 2378 2644 2434 sedentem
2684 2380 2883 2448 reperit
2920 2390 2974 2434 et
3013 2383 3293 2451 legentem.
3351 2380 3534 2437 Eidem

1960 2478 2137 2525 autem
2166 2472 2508 2540 subsequenti
2537 2480 2593 2526 et
2621 2472 2861 2526 saevienti
2892 2472 3051 2527 Zallae
3088 2473 3318 2528 rusticus
3356 2475 3490 2528 dixit
3516 2492 3529 2527 :

1960 2564 2097 2619 Ecce
2124 2563 2224 2618 iste
2247 2572 2328 2618 est
2362 2563 2429 2617 de
2473 2577 2577 2636 quo
2606 2563 2845 2618 dixeram
2877 2564 2969 2618 tibi
3012 2563 3327 2619 Benedictus
3350 2564 3534 2620 Pater.

1958 2656 2126 2723 Quem
2155 2658 2281 2709 dum
2318 2654 2521 2711 fervido
2544 2654 2733 2723 spiritu
2763 2670 2883 2710 cum
2928 2670 3193 2725 perversa:
3220 2656 3416 2711 mentis
3444 2659 3527 2711 in-

1957 2751 2105 2805 sania
2136 2749 2321 2804 fuisset
2361 2749 2602 2813 intuitus,
2647 2762 2714 2803 eo
2760 2758 2965 2804 terrore
2993 2764 3099 2817 quo
3137 2758 3527 2813 consueverat,

1958 2852 2198 2895 acturum
2228 2855 2286 2895 se
2314 2840 2623 2894 existimans
2648 2880 2663 2904 ,
2714 2839 2920 2909 magnis
2958 2840 3123 2908 coepit
3170 2842 3393 2894 vocibus
3422 2840 3533 2892 cla-

1957 2946 2125 2999 mare,
2148 2930 2336 2988 dicens
2363 2946 2376 2981 :
2409 2929 2598 2999 Surge,
2623 2944 2803 3000 surge,
2836 2941 2889 2985 et
2917 2945 3003 2985 res
3028 2930 3183 2985 iStius
3202 2930 3385 2984 rustici
3410 2931 3532 2985 red-

1955 3022 2021 3076 de
2050 3036 2181 3090 quas
2211 3018 2487 3089 accepisti.
2520 3019 2600 3073 Ad
2639 3020 2793 3087 cujus
2835 3034 3016 3075 vocem
3045 3020 3126 3074 vir
3161 3020 3250 3074 Dei
3285 3020 3527 3087 protinus

1956 3118 2139 3167 oculos
2161 3113 2395 3167 levavita
2414 3112 2661 3174 lectione,
2691 3126 2920 3179 eumque
2946 3111 3186 3179 intuitus,
3214 3127 3333 3165 mox
3360 3112 3525 3166 etiam

277 3228 365 3263 νον
392 3211 651 3263 κατέναντι
685 3218 775 3269 τῆς
803 3207 1001 3264 εἰσόδου
1043 3214 1137 3263 τοῦ
1181 3209 1373 3263 χελλίου
1407 3211 1739 3283 καθεζόμενον,
1771 3216 1851 3267 καί

1964 3206 2210 3258 rusucuut
2240 3203 2330 3270 qui
2360 3203 2555 3272 ligatus
2587 3204 2865 3257 tenebatur
2886 3244 2903 3269 ,
2949 3204 3174 3259 attendit
3206 3222 3219 3255 :
3267 3204 3333 3257 ad
3376 3202 3530 3272 cujus

278 3302 710 3371 ἀναγινώσκοντα.
726 3308 806 3372 Τῷ
832 3298 885 3354 δὲ
1059 3301 1257 3370 τζαλλᾷ
1282 3300 1647 3361 ἀκολουθοῦντι.
1664 3306 1750 3356 καί
1772 3304 1854 3356 θυ-

280 3398 627 3459 αομαχοῦντι,
648 3386 781 3445 εἶπεν
810 3390 838 3445 ό
861 3395 1109 3464 χωρικὸς’
1133 3390 1287 3446 (Ἰδού
1310 3391 1462 3453 οὗτός
1478 3396 1613 3449 ἔστιν
1635 3394 1662 3449 ό
1680 3394 1851 3469 πατὴρ

282 3478 580 3543 Βτιέδικτος,
599 3484 716 3555 περὶ
742 3476 801 3534 οὗ
830 3477 966 3535 εἶπόν
993 3502 1090 3535 σοι.
1105 3480 1337 3543 »Ἐκεῖνος
1360 3479 1445 3536 οὖν
1463 3484 1489 3538 ὁ
1514 3486 1849 3561 ὑπερήφανος,

275 3572 438 3635 ζέοντι
458 3580 528 3641 τῷ
556 3573 716 3647 θυμῷ,
739 3577 823 3626 καί
846 3571 1224 3649 διεστραμμένῳ
1252 3582 1324 3647 τῷ
1350 3575 1621 3649 βλέμματι,
1649 3581 1851 3649 γνώμης

274 3668 519 3735 ἀνυγιοῦς
539 3666 780 3739 γεγονὼς-⁸
807 3668 857 3721 έν
879 3674 952 3740 τῷ
978 3669 1062 3720 τὸν
1084 3665 1223 3740 ἅγιον
1246 3667 1381 3744 όρᾷν,
1400 3667 1557 3723 ἐδόκει
1580 3677 1650 3739 τῷ
1666 3671 1850 3727 ἑαυτοῦ

272 3758 416 3831 ιρόϐῳ
456 3764 635 3813 τοῦτον
676 3759 978 3816 ἐκπλήττειν.
1030 3762 1129 3813 Καί
1170 3761 1358 3820 ἀτενῶς
1401 3762 1539 3830 αύτῷ
1576 3762 1852 3834 προσέχων

276 3852 548 3923 μεγίσταις
588 3850 775 3927 ἤρξατο
820 3852 1021 3925 κράζειν
1064 3860 1267 3923 φωναῖς,
1299 3855 1381 3907 καί
1414 3853 1569 3923 λέγειν
1599 3854 1727 3927 πρὸς
1765 3854 1851 3907 τὸν

275 3940 443 4011 ἅγιον·
486 3959 505 3991 ι
536 3941 766 4007 Ἀνάστα,
794 3943 1015 4007 ἀνάστα,
1046 3945 1129 3995 καί
1172 3944 1236 3997 τά
1265 3947 1355 3995 τοῦ
1403 3948 1628 4017 χωρικοῦ
1669 3944 1848 3997 τούτου

272 4034 575 4106 πράγματα,
602 4030 737 4105 ἅπερ
763 4030 987 4105 εἴληφας,
1009 4030 1213 4092 ἀπόδος.
1230 4051 1248 4083 ι
1275 4029 1481 4092 οὗτινος
1508 4040 1572 4106 τῇ
1601 4042 1732 4104 φωνῇ
1765 4035 1849 4087 εύ-

275 4126 398 4187 θέως
427 4124 453 4178 ό
477 4131 568 4179 τοῦ
599 4131 725 4180 Θεοῦ
756 4122 1017 4198 ἄνθρωπος
1047 4128 1167 4185 τοὺς
1196 4126 1375 4180 ἑαυτοῦ
1405 4122 1524 4202 ᾖρεν
1569 4126 1850 4199 ὀφθαλμούς

275 4219 378 4271 ἀπὸ
406 4226 497 4277 τῆς
525 4220 873 4291 ἀναγνώσεως,
905 4222 992 4273 καί
1022 4218 1285 4293 θεωρήσας
1311 4221 1394 4274 τὸν
1421 4220 1701 4293 ἐπαρμένον
1724 4221 1848 4275 ἐκεῐο

275 4330 353 4363 νον
382 4311 624 4379 Τζαλλᾶν,
658 4314 753 4366 σύν
799 4314 937 4385 αύτῷ
972 4310 1026 4366 δὲ
1063 4312 1213 4383 μόνον
1249 4313 1333 4367 τὸν
1376 4316 1599 4387 χωρικόν
1645 4312 1847 4387 δέσμιον

276 4405 494 4466 ἑστῶτα,
528 4408 821 4479 προσέσχεν
862 4413 970 4465 τοῖς
1012 4403 1361 4477 δεσμευθείσιν
1394 4408 1548 4467 αὐτοῦ
1593 4407 1845 4480 βραχίοσι

278 4504 382 4554 τοῖς
413 4497 613 4571 λὼροις,
640 4499 723 4549 καί
748 4498 805 4551 τὸ
827 4497 1016 4555 παντὸς
1059 4498 1284 4552 ἇπέκεινκ
1319 4497 1571 4569 θαύματος
1595 4498 1844 4556 ἠκολούθει

1957 3296 2170 3351 brachia
2200 3294 2324 3349 dum
2355 3294 2543 3349 oculos
2566 3293 2875 3349 deflexisset
2924 3305 2980 3359 ε,
3027 3295 3164 3349 miro
3196 3296 3351 3348 modo
3382 3304 3526 3351 tanta

1953 3402 2014 3443 se
2043 3389 2313 3444 celeritate
2340 3400 2616 3455 cmperunt
2644 3387 2844 3457 illigata
2873 3387 3109 3443 brachiis
3133 3390 3244 3442 lora
3273 3390 3531 3444 devolve-

1955 3496 2014 3534 re
2039 3477 2089 3543 ἀ,
2120 3491 2177 3533 ut
2203 3479 2421 3533 dissolvi
2450 3488 2557 3532 tam
2586 3478 2793 3551 concite
2823 3478 2962 3533 nulla
2992 3477 3266 3532 hominum
3302 3478 3522 3533 festina-

1955 3572 2100 3627 tione
2132 3571 2450 3639 potuissent.
2478 3570 2719 3639 Cumque
2749 3572 2793 3624 is
2814 3571 2904 3639 qui
2929 3570 3123 3639 ligatus
3144 3580 3383 3633 venerat,
3411 3586 3522 3626 cm-

1952 3668 2117 3734 pisset
2140 3664 2317 3719 subito
2338 3665 2551 3719 adstare
2580 3666 2806 3723 solutus.
2834 3664 2897 3719 ad
2932 3672 3090 3717 tantm
3116 3664 3391 3732 potestatis
3420 3666 3524 3720 vim

1952 3754 2293 3810 tremefactus
2337 3754 2481 3808 Zalla
2527 3754 2592 3808 ad
2641 3764 2835 3807 terram
2867 3754 3098 3819 corruit,
3150 3763 3204 3808 et
3250 3758 3514 3811 cervicem

1953 3846 2285 3902 crudelitatis
2311 3844 2495 3915 rigidae
2519 3846 2585 3900 ad
2616 3843 2732 3913 ejus
2764 3842 2985 3914 vestigia
3014 3844 3295 3909 inclinans,
3323 3859 3381 3898 se
3406 3861 3529 3901 ora-

1952 3941 2184 4002 tionibus
2213 3940 2350 3993 illius
2373 3937 2783 3993 commendavit.
2820 3935 2909 3991 Vir
2947 3946 3125 3991 autem
3151 3945 3365 3990 sanctus
3397 3952 3425 3990 a
3448 3937 3527 3992 le-

1950 4035 2130 4089 Ctioue
2176 4033 2395 4089 minime
2427 4032 2680 4094 surrexit.
2729 4030 2824 4086 sed
2868 4031 3069 4085 vocatis
3097 4030 3369 4097 fratribus,
3401 4046 3524 4086 eum

1951 4126 2217 4181 intretsus
2245 4123 2380 4189 tolli,
2407 4134 2461 4175 ut
2485 4121 2909 4177 benedictionem
2942 4130 2967 4159 ⁸
2999 4121 3286 4190 acciperet,
3320 4136 3521 4187 pra-ce-

1952 4215 2044 4283 pit.
2095 4215 2261 4282 Quem
2307 4215 2373 4268 ad
2413 4227 2472 4267 se
2502 4213 2803 4279 reductum,
2838 4221 2895 4266 ut
2929 4226 2957 4263 a
3004 4220 3165 4265 tanta:
3194 4211 3525 4266 crudelitatis

1953 4308 2155 4362 insania
2182 4306 2463 4377 quiescere
2493 4304 2732 4367 deberet,
2755 4303 3050 4358 admonuit.
3077 4303 3176 4369 Qui
3204 4302 3402 4357 fractus
3433 4318 3523 4359 re-

1946 4399 2163 4462 cedens,
2211 4397 2280 4450 nil
2339 4395 2558 4452 ulterius
2611 4403 2795 4463 petere
2844 4410 2875 4448 a
2916 4394 3116 4448 rustico
3159 4394 3519 4462 praesumpsit,

1946 4507 2101 4561 quem
2133 4491 2213 4544 vir
2240 4490 2446 4543 Domini
2479 4504 2582 4542 nou
2611 4488 2895 4557 tangendo,
2926 4488 3019 4543 sed
3053 4487 3392 4556 respiciendo
3418 4488 3522 4541 sol-

281 4592 576 4661 μυστήριον.
609 4590 843 4663 Παραυτά
870 4590 966 4666 γάρ
991 4595 1077 4643 τοῦ
1108 4588 1130 4619 ⁸
1149 4591 1235 4645 τόν
1276 4592 1523 4664 μακάριον
1562 4591 1621 4644 τὸ
1661 4591 1843 4645 ἑαυτοῦ

1964 4592 2114 4639 terat.
2145 4582 2283 4638 Ecce
2308 4591 2408 4646 est,
2435 4581 2610 4649 Petre,
2637 4582 2777 4651 quod
2802 4580 2910 4634 dixi
2940 4596 2959 4633 :
2980 4580 3102 4649 quia
3134 4581 3185 4633 hi
3217 4580 3306 4648 qui
3338 4580 3517 4634 omni-

280 4682 481 4735 ἱκτείναι
503 4682 832 4752 θεοφόπιστον
852 4677 989 4751 ὄμμα
1012 4684 1082 4742 εἰς
1103 4683 1187 4736 τὸν
1208 4678 1428 4751 δέσμιον,
1451 4684 1681 4739 τοσαύτη
1702 4682 1855 4751 ταχύς

1964 4673 2148 4730 )οιθηιί
2184 4673 2289 4729 Deo
2319 4671 2628 4725 familiarius
2666 4673 2927 4737 serviunt,
2957 4670 3242 4740 aliquando
3270 4672 3402 4724 mira
3436 4672 3519 4725 fa-

281 4794 369 4832 της
394 4776 801 4849 παρηκολούθησε
839 4784 932 4834 τῆς
969 4780 1068 4828 τῶν
1104 4775 1277 4849 λὼρων
1308 4775 1526 4833 λύσεως,
1557 4769 1637 4828 οἷα
1672 4776 1756 4827 οὐκ
1788 4770 1848 4829 ἂν

285 4866 464 4920 πολλῶν
487 4865 675 4942 ἀνδρῶν
699 4864 899 4923 σπουδὴ
918 4865 1205 4920 ἒπιτελέσαι
1227 4863 1442 4923 ἠδύνατο
1461 4864 1502 4916 ⁸.
1522 4868 1846 4934 Θεασάμινος

279 4953 366 5012 οὖν
390 4958 416 5013 ό
440 4960 664 5023 Τςαὶλᾶς
695 4960 785 5015 τὸν
824 4959 1089 5013 ύπ“αύτοῦ
1134 4955 1332 5011 δεθέντα
1371 4959 1594 5029 χωρικὸν
1634 4954 1717 5011 διὰ
1753 4965 1844 5017 τῆς

275 5056 372 5104 σοῦ
393 5050 537 5120 ἁγίου
565 5052 794 5114 ἐξουσίας
817 5038 947 5104 ἄνευ
967 5054 1157 5122 χειρῶν
1178 5048 1403 5115 λυθέντα,
1436 5046 1672 5121 ἔντρομος
1700 5067 1843 5121 γιγο-

351 5208 367 5281 ξ
526 5206 1050 5281 προσαγορευόμενος.

348 5277 369 5350 _’
402 5278 497 5333 Ms.
523 5274 614 5339 τῆς
638 5274 784 5350 ἁγίας
804 5274 1060 5337 καθολικῆς
1080 5279 1166 5332 καί
1187 5276 1516 5335 ἀπωτολικῆς
1543 5274 1675 5329 iter).
1700 5274 1843 5350 ἱερῶν

278 5347 486 5421 ἀνδρῶν.
680 5347 734 5421 λ
794 5419 801 5421 _
1743 5347 1752 5371 Τ
1830 5349 1832 5353 ’

347 5419 374 5456 ³⁷
402 5422 499 5474 Ms.
532 5423 695 5479 ἀκίαις
716 5419 996 5488 ἐμάστιζεν.

344 5498 366 5526 ³
403 5492 499 5545 Ms.
531 5490 730 5549 τούτοις
760 5491 1292 5563 πραγματευσάμενος.

344 5569 367 5599 ⁸
404 5563 499 5615 Ms.
534 5563 767 5632 ἀνυγιοῦς
793 5563 989 5631 τυχὼν.

346 5640 365 5669 ⁸
404 5634 497 5683 Ms.
529 5641 603 5700 τῷ
631 5635 719 5686 τόν
745 5652 864 5700 μακ.

346 5714 363 5729 ο
396 5703 521 5755 Haec
553 5692 762 5769 phrasis
804 5714 1021 5768 prorsus
1042 5700 1296 5756 mendosa
1324 5700 1403 5756 sic
1422 5698 1732 5769 Corrigenda
1754 5699 1836 5769 vi-

276 5774 425 5825 detur
457 5788 479 5825 ξ
506 5767 748 5844 Παραυτά
770 5774 871 5845 γάρ
896 5780 969 5845 τῷ
997 5774 1233 5845 τὸν-μανι.
1261 5793 1309 5826 τ.
1338 5772 1379 5825 ἐ.
1410 5773 1450 5824 ἐ.
1478 5774 1524 5823 θ.
1554 5767 1605 5825 ἆ.
1638 5790 1688 5845 εἑ
1711 5791 1759 5822 τ.

274 5845 494 5905 τοσαύτη
519 5840 663 5911 ταξχύ
685 5840 909 5919 mm.
932 5840 982 5899 τ.
1012 5864 1061 5898 τ.
1088 5840 1132 5898 λζ
1166 5843 1331 5912 λύσις,
1360 5844 1489 5907 οἵαν,
1515 5851 1617 5898 etc.
1649 5840 1799 5897 EDIT.

1798 5949 1839 5958 -δ

1947 4783 2069 4823 cere
2099 4767 2256 4820 etiam
2288 4779 2351 4819 ex
2390 4774 2651 4832 potesmte
2689 4775 2927 4831 possunt.
2960 4765 3061 4829 Qui
3089 4764 3230 4817 enim
3269 4764 3506 4818 ferocita-

1949 4872 2052 4917 tem
2075 4858 2233 4914 Gothi
2259 4857 2507 4911 terribilis
2528 4857 2720 4911 sedens
2737 4856 3010 4926 repressit.
3039 4856 3149 4909 lora
3175 4870 3302 4909 vero
3320 4857 3506 4909 nodos'

1945 4966 2049 5019 que
2092 4950 2325 5018 ligatum
2371 4962 2489 5016 quae
2533 4948 2829 5002 innocentis
2874 4946 3087 5001 brachia
3134 4948 3511 5011 aStriuxerant.

1950 5042 2115 5096 oculis
2142 5039 2403 5104 dissolvit,
2434 5038 2547 5109 ipsa
2570 5039 2809 5093 miraculi
2840 5038 3115 5094 celeritate
3144 5038 3361 5101 indicat.
3392 5039 3512 5109 quia

2023 5212 2047 5239 υ
2090 5201 2143 5256 1η
2166 5201 2347 5257 Germ.
2379 5198 2601 5268 Longip.
2633 5195 3044 5265 Val-cl.,Galla.
3069 5197 3276 5253 Nostrae
3299 5196 3512 5253 lectioni

1952 5271 2093 5327 favet
2122 5271 2338 5327 Graecus
2369 5271 2651 5335 interpres.

2020 5342 2049 5383 δ
2089 5343 2184 5397 Hic
2217 5340 2535 5396 dissentiunt
2562 5350 2671 5394 tum
2694 5355 2849 5403 mss.,
2877 5349 2988 5395 tum
3012 5340 3097 5395 ed.
3128 5340 3182 5393 ln
3203 5339 3358 5392 Becc.
3385 5338 3516 5406 legi-

1951 5429 2067 5467 mus
2087 5453 2102 5476 .
2134 5413 2272 5467 hora:
2299 5423 2675 5479 repararentur.
2711 5411 2768 5465 in
2814 5414 2985 5481 primo
3012 5412 3149 5467 Aud.
3184 5418 3405 5481 utraque
3433 5410 3512 5463 le-

1949 5484 2055 5540 Clit)
2090 5493 2173 5538 est
2209 5478 2569 5552 repararentur
2596 5490 2649 5536 et
2673 5478 2987 5553 raperentur.
3018 5480 3298 5551 Sequimur
3325 5478 3511 5535 Germ.

1947 5564 2000 5609 et
2028 5556 2280 5624 potiores.
3485 5564 3491 5575 '

2021 5635 2043 5663 ο
2087 5624 2194 5695 Dig.
2207 5666 2221 5686 .
2249 5626 2520 5693 deﬁxisset.

2015 5698 2040 5731 ά
2083 5692 2261 5749 Gtt-till.
2298 5692 2519 5765 Lungip.
2552 5705 2603 5746 et
2634 5692 2841 5757 Norm.,
2882 5693 3171 5765 dissolvere.

2017 5776 2041 5803 °
2082 5766 2190 5819 Huc
2228 5779 2308 5817 est
2346 5760 2542 5827 tib—uua,
2584 5774 2641 5819 ut
2669 5764 2930 5818 intellexit
2960 5771 3015 5815 et
3051 5762 3315 5830 expressit
3340 5760 3502 5815 Zacli.

1946 5835 1999 5892 ια
2027 5837 2258 5907 explicat
2286 5836 2482 5893 Mabill.
2519 5836 2583 5893 de
2611 5834 2862 5906 Eulogia,
2894 5849 2989 5888 seu
3019 5832 3127 5888 cibo
3159 5832 3437 5887 bcitrdirto.

3549 5930 3557 5958 l
