3960 6178
894 348 1491 450 Damnum
1573 367 1688 447 IN
1754 365 2334 449 REGULAM
2412 370 2497 450 s.
2584 372 3233 455 BENEDICTI.

1927 548 2213 561 ⁵*-

504 668 711 734 Quanto
737 664 874 735 apud
904 677 1091 719 omnes
1126 664 1177 717 in
1206 664 1375 732 pretio
1404 662 1463 717 S.
1507 660 1776 716 Benedicti
1808 660 2008 728 Regula
2038 661 2085 715 Α
2119 658 2230 712 ﬁeri
2257 661 2339 713 vis
2376 662 2544 729 potuit
2573 666 2698 731 quin
2722 668 3065 723 auctoritates
3086 679 3140 723 et
3168 671 3475 726 testimonia
3505 682 3695 731 eorum

435 759 594 813 fuerit
624 757 901 817 hactenus,
936 754 1067 808 nulli
1094 768 1197 807 non
1239 754 1571 819 eitploratum
1597 767 1718 806 esse
1742 753 2012 806 existimo.

433 854 561 907 Haec
592 851 673 906 sui
700 850 781 904 vel
813 850 928 903 solo
954 848 1189 902 auctoris
1220 847 1436 901 nomine
1482 846 1625 899 ontni
1669 845 2014 899 commenda-

436 946 586 998 tione
623 944 814 1013 major,
862 958 965 995 non
1009 940 1179 993 solum
1223 940 1275 993 in
1315 937 1558 992 conciliis
1598 935 1793 1008 Regula
1840 948 2016 989 sancta

436 1039 577 1092 dicta
606 1047 708 1102 est,
742 1038 808 1088 ab
848 1034 1146 1102 eodemque
1199 1046 1302 1098 quo
1350 1029 1489 1085 sacri
1530 1043 1762 1083 canones
1812 1028 2014 1097 Spiritu

435 1129 672 1195 condita,
698 1136 751 1182 et
777 1126 830 1180 in
866 1125 1113 1179 omnibus
1136 1126 1519 1178 monachorum
1548 1121 1877 1191 promulgata
1901 1135 2015 1176 cm-

439 1224 644 1285 nohiis,
672 1234 856 1275 verum
887 1218 1047 1273 etiam
1077 1218 1143 1271 ab
1174 1217 1302 1276 ipsis
1324 1216 1504 1269 saeculi
1536 1213 1864 1283 principibus
1904 1215 2016 1267 sin-

438 1315 606 1383 gulari
636 1312 813 1367 studio
858 1310 1120 1379 perlecta,
1170 1306 1539 1377 proﬁtentibus
1583 1320 1642 1360 se
1667 1322 1730 1359 ea:
1759 1313 1863 1358 tam
1902 1321 2017 1375 pru-

438 1405 671 1461 dentibus
695 1403 857 1457 sancti
882 1401 1056 1455 Patris
1083 1398 1548 1469 pratscriptionibus
1571 1400 1639 1450 ad
1670 1399 1883 1468 populos
1910 1412 2017 1451 suae

442 1500 562 1567 ﬁdei
590 1496 902 1550 concreditos
935 1492 1085 1548 valde
1110 1492 1492 1546 accommodata
1520 1491 1689 1544 media
1718 1490 2013 1560 percipere.

441 1595 774 1660 Quapropter
807 1587 1008 1642 nullum
1032 1585 1162 1640 mihi
1185 1585 1399 1639 dubium
1433 1592 1519 1637 est
1542 1584 1668 1653 quin
1701 1598 1731 1636 a
1763 1583 1863 1650 piis
1888 1582 2016 1637 reli-

438 1681 707 1750 giosisque
735 1676 1025 1733 lectoribus
1051 1690 1176 1731 cum
1211 1689 1275 1728 ea
1303 1689 1407 1743 qua
1437 1688 1532 1743 par
1557 1684 1638 1727 est
1671 1673 1831 1727 animi
1869 1689 2018 1728 reve-

442 1774 607 1826 rentia
632 1787 693 1825 ac
720 1770 980 1839 religione
998 1766 1337 1837 suscipiatur,
1372 1770 1694 1835 perlegatur,
1729 1781 1790 1820 ac
1816 1781 2018 1821 memo-

440 1865 536 1918 riae
565 1862 991 1917 commendetur.

515 1961 584 2011 At
608 1970 737 2009 vero
779 1970 937 2025 quam
968 1953 1054 2007 hic
1093 1951 1319 2007 exhibeo
1345 1951 1582 2020 ejusdem
1617 1950 1827 2020 Regula:
1855 1966 2019 2021 expo.

2121 765 2312 819 tnagno
2339 767 2562 805 numero
2591 768 2696 806 non
2724 770 3070 825 congereretn
3099 775 3115 825 ;
3145 776 3264 829 qute
3289 762 3558 819 scribendi
3604 782 3692 819 ra-

2120 842 2192 895 tio
2212 842 2313 897 etsi
2351 845 2587 899 animum
2638 847 2814 901 minus
2846 860 3077 919 recreet,
3114 852 3272 923 longe
3315 863 3491 910 tamen
3521 858 3697 912 e'llca-

2118 934 2231 987 cior
2260 935 2325 989 ad
2353 937 2781 1004 persuadendum
2827 939 3068 1006 videtur,
3106 946 3244 1013 quod
3279 962 3441 1000 uuum
3473 948 3560 1002 hic
3589 964 3697 1015 prre

2117 1028 2287 1083 oculis
2318 1028 2510 1095 habui;
2560 1046 2733 1102 neque
2778 1035 2923 1087 enim
2971 1033 3274 1091 delectandi
3320 1038 3558 1107 lectoris,
3607 1044 3700 1096 se’d

2119 1118 2415 1173 :edilicandi
2446 1122 2612 1190 gratia
2650 1122 2763 1177 haec
2803 1139 2831 1176 a
2864 1139 2950 1179 me
2979 1125 3174 1196 scripta
3214 1141 3373 1187 sunt:
3402 1140 3560 1202 atque
3597 1136 3700 1187 uti-

2120 1224 2242 1264 nam
2272 1210 2322 1263 id
2354 1209 2408 1264 in
2461 1211 2730 1281 aliquibus
2760 1215 2948 1270 saltem
2994 1219 3224 1286 experiri
3276 1220 3463 1278 liceat!
3509 1226 3564 1281 Si
3615 1227 3699 1281 cui

2117 1316 2245 1356 vero
2266 1306 2749 1361 commentationes
2777 1318 2971 1363 nostrzn
3021 1312 3290 1381 quidpiam
3342 1316 3549 1383 durius,
3607 1334 3699 1373 au-

2116 1392 2398 1463 steriusvc,
2426 1408 2521 1448 seu
2550 1397 2848 1453 restrictius
2874 1400 3196 1457 videbuntur
3217 1406 3474 1462 exhibere
3495 1448 3512 1474 ,
3542 1426 3698 1465 nemo

2118 1483 2253 1538 mihi
2279 1485 2401 1556 jure
2430 1500 2770 1556 succenseat,
2798 1492 2887 1562 qui
2921 1508 3028 1548 non
3059 1509 3233 1550 meam
3265 1498 3565 1556 doctrinam
3611 1520 3700 1558 re-

2121 1575 2253 1643 fero,
2278 1578 2372 1633 sed
2401 1592 2705 1636 sanctorum
2734 1586 2978 1656 exempla
3020 1600 3372 1660 veterumque
3398 1595 3701 1651 testimonia

2119 1668 2435 1739 simpliciter
2462 1687 2705 1742 expono;
2758 1691 2867 1730 non
2918 1692 2983 1731 eo
3015 1680 3231 1747 quidem
3283 1685 3462 1739 animo
3510 1695 3568 1740 ut
3610 1700 3701 1743 eas

2121 1765 2390 1816 traducum
2422 1772 2476 1818 et
2515 1765 2778 1836 conligam
2818 1769 3223 1828 observationes
3272 1792 3390 1845 qua:
3439 1780 3700 1856 tantillum

2118 1854 2185 1908 ab
2206 1864 2391 1910 exacta
2422 1866 2477 1911 et
2519 1858 2735 1914 litterali
2782 1861 2999 1932 Regulae
3052 1865 3398 1936 intelligentia
3444 1854 3541 1941 pro
3573 1884 3702 1929 tem-

2122 1961 2249 2014 pore
2271 1957 2324 2001 et
2353 1948 2489 2015 loco,
2522 1962 2745 2020 cogente
2770 1958 3113 2022 necessitate,
3160 1973 3519 2019 recesserunt.
3567 1964 3700 2020 Nam

440 2048 691 2102 sitionem
723 2060 829 2116 quo
856 2045 1027 2109 vultu,
1056 2058 1230 2112 quove
1255 2043 1433 2097 animo
1464 2043 1731 2111 accepturi
1777 2043 1902 2107 sint,
1934 2057 2018 2096 res
2051 2046 2096 2104 B
2123 2039 2215 2091 etsi
2240 2056 2341 2093 non
2366 2040 2435 2092 ad
2458 2058 2697 2111 unguem,
2731 2055 2782 2097 ut
2809 2047 3016 2115 dicitur,
3047 2066 3159 2103 eam
3193 2060 3357 2106 totam
3385 2059 3699 2124 custodiunt,

441 2145 494 2198 in
517 2144 731 2212 ancipiti
765 2151 850 2195 est
875 2158 889 2195 :
917 2140 1145 2194 maxime
1176 2154 1297 2191 cum
1330 2137 1380 2190 id
1410 2153 1579 2207 genus
1608 2139 1905 2206 argumenti
1942 2144 2024 2190 to-

440 2238 541 2290 ties
572 2235 828 2289 hactenus
857 2240 1136 2286 tractatum
1167 2232 1257 2297 sit,
1286 2242 1342 2284 ut
1367 2232 1458 2300 qui
1485 2231 1612 2284 illud
1641 2230 1831 2285 iterum
1864 2240 2024 2284 retra-

436 2337 587 2380 ctare
614 2325 945 2393 cogitaverit,
979 2322 1025 2376 is
1042 2322 1152 2392 jam
1185 2332 1359 2375 actum
1383 2336 1541 2390 agere
1565 2335 1783 2389 prorsus
1807 2335 2025 2374 censea-

440 2427 547 2470 tur.
582 2415 777 2469 Verum
805 2414 896 2483 qui
926 2428 1010 2467 me
1039 2413 1107 2467 ab
1141 2412 1242 2465 hac
1288 2410 1554 2464 scribendi
1599 2411 1805 2465 ratione
1849 2411 2023 2464 deter-

446 2523 567 2563 rere
592 2508 851 2562 debuerat
894 2522 1117 2576 magnus
1147 2514 1627 2559 commentatorum
1676 2519 1946 2570 numerus,
1977 2504 2023 2558 is

441 2602 508 2654 ad
543 2601 644 2655 hoc
683 2615 818 2669 Opus
850 2597 1247 2667 suscipiendum
1301 2612 1386 2651 me
1433 2598 1611 2663 potius
1638 2595 1864 2650 tnduxit.
1892 2595 2021 2649 Nam

442 2694 543 2747 etsi
578 2702 632 2745 et
681 2707 748 2745 ex
794 2690 1028 2759 antiquis
1076 2700 1127 2743 et
1177 2704 1244 2742 ex
1294 2687 1684 2742 recentioribus
1713 2701 1815 2740 non
1849 2686 2021 2756 pauci,

443 2793 550 2837 tam
604 2782 919 2838 auctoritate
964 2797 1122 2851 quam
1151 2783 1275 2834 vita:
1306 2783 1497 2834 merito
1542 2778 1840 2848 gravissimi
1887 2779 2020 2832 scri-

444 2888 621 2945 ptores
653 2874 860 2945 (quales
905 2884 1029 2928 sunt
1078 2889 1143 2928 es
1175 2873 1408 2943 antiquis
1450 2871 1796 2940 Smaragdus,
1845 2870 2023 2924 llilde-

444 2986 644 3034 marus,
670 2968 972 3023 liernardus
999 2967 1334 3021 Cassinensis
1366 2983 1380 3031 ;
1406 2982 1472 3019 ex
1488 2964 1877 3019 recentioribus
1898 2981 2026 3019 vitro

443 3060 726 3114 hlenardus
755 3068 807 3113 ct
843 3059 1127 3113 llaeltenus
1170 3100 1185 3123 ,
1239 3058 1337 3112 viri
1383 3058 1623 3113 doctrina
1668 3068 1722 3111 et
1766 3058 2024 3135 sapientia

444 3153 861 3222 pnecellentes),
914 3150 964 3204 id
1017 3165 1213 3220 magna
1248 3166 1368 3204 cum
1418 3150 1573 3205 laude
1616 3152 1850 3205 exsecuti
1881 3159 2022 3212 sint,

446 3259 606 3295 unum
644 3251 817 3296 tamen
843 3245 909 3295 ad
954 3241 1244 3311 perfectam
1273 3253 1325 3295 et
1354 3242 1651 3296 absolutam
1685 3242 1897 3311 Regula)
1926 3259 2024 3295 no-

444 3337 612 3389 titiam
643 3336 1053 3390 desiderantium
1079 3335 1382 3391 videbatur.
1436 3334 1566 3389 Cum
1610 3337 1750 3389 enim
1784 3345 2022 3389 veterum

443 3430 661 3499 Regula:
685 3438 1163 3481 commentatorum
1194 3428 1516 3496 exemplaria
1544 3438 1633 3479 aut
1656 3443 1866 3495 perrara
1895 3427 2023 3491 sint,
2056 3427 2100 3490 C
2131 3434 2293 3502 dium,
2324 3448 2376 3488 ut
2404 3440 2533 3493 nihil
2556 3441 2831 3496 intellectui
2853 3449 2961 3515 ejus
2988 3451 3363 3507 excederet.....

442 3531 533 3574 aut
575 3519 628 3573 in
660 3519 901 3573 obscuris
948 3519 1391 3573 bibliothecarum
1434 3516 1655 3581 forulis,
1689 3533 1825 3585 pene
1874 3519 2016 3572 inco-

443 3614 610 3683 gnita,
655 3627 774 3666 cum
801 3610 981 3665 blattis
1023 3622 1076 3665 et
1107 3611 1263 3665 tineis
1294 3612 1561 3674 rixentur;
1596 3626 1659 3665 ex
1706 3610 2018 3664 recentiori-

442 3706 541 3759 bus
572 3719 699 3758 vcro
728 3704 964 3757 nonnulli
988 3703 1123 3757 adeo
1163 3702 1391 3757 alienam
1428 3716 1455 3754 a
1487 3712 1667 3757 mente
1698 3702 1753 3757 S.
1786 3702 2017 3756 Benedi-

442 3796 513 3848 cti
542 3792 839 3848 doctrinam
865 3792 1198 3860 tradiderint,
1226 3804 1282 3846 ut
1309 3792 1442 3846 nihil
1489 3793 1664 3847 minus
1706 3809 1862 3862 quant
1903 3793 2018 3861 ejus

443 3887 698 3958 Regulam
752 3887 1071 3956 explicuisse
1126 3888 1449 3953 videantur,
1515 3888 1633 3942 illos
1692 3903 1721 3942 e
1788 3889 2020 3943 tenebris

442 3995 653 4045 eruere,
678 3983 775 4033 hos
796 3992 923 4032 vero
945 3978 1124 4047 aliquo
1145 3978 1303 4033 modo
1327 3982 1626 4047 revincere,
1649 3978 1779 4034 viris
1816 3981 2021 4049 aliquot

443 4074 638 4141 pietate
670 4071 1017 4139 doctrinaque
1046 4071 1349 4139 conspicuis
1374 4086 1554 4139 Operae
1587 4072 1816 4141 pretium
1846 4073 2015 4125 visum

441 4174 540 4217 est.
588 4163 921 4232 QuaprOpter
965 4177 1085 4217 cum
1115 4163 1379 4233 ejusmodi
1437 4165 1877 4219 commentarium
1924 4180 2018 4234 pro

438 4256 656 4310 modulo
686 4270 806 4311 meo
836 4256 1016 4324 paucis
1055 4256 1253 4310 abhinc
1306 4257 1461 4310 annis
1493 4259 1738 4326 proprios
1791 4256 1842 4309 in
1888 4272 2017 4311 usus

440 4349 811 4411 adornassem,
851 4347 1012 4401 iidem
1062 4347 1192 4401 ntihi
1225 4362 1471 4403 auetores
1511 4348 1727 4403 fuerunt
1757 4358 1812 4402 ut
1844 4348 1893 4402 id
1922 4364 2018 4417 pu-

441 4438 561 4492 blici
601 4438 737 4506 juris
768 4439 996 4492 facerem
1028 4454 1042 4491 :
1078 4448 1135 4492 ut
1162 4449 1264 4491 tatu
1294 4456 1361 4494 ex
1406 4441 1723 4495 auctoritate
1751 4451 2014 4505 veterum,

437 4544 662 4597 quorum
696 4529 781 4582 hic
811 4532 1109 4583 testimonia
1142 4529 1207 4585 de
1239 4532 1403 4585 verbo
1429 4532 1732 4601 traduntur,
1764 4548 1923 4601 quam
1952 4549 2015 4587 ex

440 4621 610 4688 praxi,
665 4634 785 4689 qute
832 4621 1003 4687 legum
1049 4621 1252 4689 optima
1295 4631 1379 4674 est
1431 4622 1714 4691 interpres,
1766 4632 2019 4691 appareat

437 4730 593 4782 quam
625 4713 781 4781 longe
805 4726 834 4763 a
862 4728 990 4766 vero
1020 4727 1081 4766 ac
1114 4715 1342 4783 genuino
1365 4719 1535 4767 sancti
1562 4715 1838 4769 Benedicti
1853 4730 2013 4769 sensu

439 4806 824 4870 aberraverint,
858 4805 948 4873 qui
979 4806 1210 4861 laxiores
1240 4807 1436 4861 docent
1468 4819 1522 4862 et
1568 4808 1869 4877 approbant
1898 4812 2014 4878 opi-

441 4901 623 4951 niones
648 4914 662 4961 ;
696 4898 961 4965 simulque
985 4900 1212 4967 perspici
1238 4902 1405 4966 possit
1434 4901 1560 4969 quid
1584 4902 1750 4955 dehis
1782 4903 2019 4955 sentien-

440 4993 558 5046 dum
614 4992 686 5047 sit
757 5008 981 5061 quorum
1034 4994 1677 5059 sevenoresjscntentim,
1732 4996 2016 5063 minusque

442 5083 653 5154 Regulae
715 5084 1041 5139 discretione
1109 5086 1387 5154 prtecipuae
1459 5088 1785 5155 conl‘ormcs,
1837 5089 2015 5157 prole-

443 5185 639 5228 runtur.

502 5267 797 5321 Nonnullos
826 5265 1053 5321 fortasse
1080 5278 1290 5323 moveat
1333 5268 1588 5338 frequens
1618 5286 1680 5325 ac
1723 5287 2008 5326 numerosa

442 5373 669 5415 veterum
701 5373 975 5415 auctorum
1005 5362 1232 5430 prepriis
1259 5363 1434 5417 verbis
1466 5365 1763 5431 espressin,
1798 5383 1913 5432 qua}
1939 5368 2015 5421 fe-

440 5454 751 5507 stinantibus
780 5454 843 5506 ad
869 5455 1125 5508 ulteriora
1159 5456 1468 5519 lectoribus,
1506 5469 1596 5511 aut
1627 5468 1901 5511 auctorum
1932 5461 2009 5513 le-

437 5550 607 5601 Ctione
657 5548 872 5601 imbutis
922 5549 1191 5603 fastidium
1243 5566 1346 5602 non
1395 5568 1521 5604 raro
1558 5569 1817 5622 generare
1848 5555 2005 5611 solet.

441 5638 626 5691 Verum
684 5656 805 5692 cum
854 5639 1108 5708 Regulam
1169 5643 1224 5697 S.
1276 5644 1545 5697 Benedicti
1599 5650 1913 5701 auctoritate
1956 5662 2010 5703 ct

437 5731 581 5793 prati
611 5742 848 5786 veterum
881 5730 963 5786 hic
993 5732 1180 5787 fulcire
1204 5741 1256 5787 et
1282 5748 1549 5802 exponere
1580 5736 1734 5793 fuerit
1766 5738 1998 5807 animus,

2124 2132 2218 2183 etsi
2256 2148 2356 2201 qna
2397 2150 2490 2203 pro
2538 2136 2620 2188 sui
2673 2138 2885 2192 claustri
2912 2143 3015 2193 ritu
3057 2144 3135 2197 vel
3162 2155 3360 2201 mutant
3388 2151 3464 2201 vel
3492 2163 3701 2211 praeter-

2122 2225 2344 2289 mittunt,
2373 2244 2405 2279 ιι
2431 2231 2655 2299 regulari
2679 2239 2846 2287 tamen
2871 2236 3077 2289 omnino
3106 2242 3422 2308 professione
3456 2262 3556 2299 non
3586 2250 3693 2302 dis-

2122 2320 2328 2388 cedunt,
2362 2323 2522 2377 donec
2550 2334 2718 2379 tamen
2744 2327 2912 2383 sobrie
2942 2340 2988 2382 et
3012 2332 3154 2400 juste
3183 2344 3231 2388 et
3261 2337 3341 2401 pie
3376 2356 3469 2407 pro
3492 2352 3701 2397 suorum

2122 2412 2348 2467 moribus
2375 2415 2537 2469 vivere
2572 2434 2676 2470 non
2722 2420 2972 2474 desistunt
3013 2423 3099 2492 (S.
3131 2423 3288 2481 Bern.
3340 2431 3402 2482 de
3452 2430 3619 2486 Prwc.
3654 2447 3701 2489 et

2126 2503 2296 2571 Disp.,
2344 2522 2458 2572 cap.
2494 2510 2604 2580 16).
2646 2509 2750 2566 Sed
2784 2527 2815 2568 e
2845 2528 2904 2567 re
2952 2525 3130 2569 nostra
3160 2534 3264 2572 non
3313 2523 3418 2575 erit
3462 2523 3703 2582 fortassis

2124 2598 2378 2663 alienum,
2404 2602 2447 2655 si
2474 2601 2541 2657 de
2565 2604 2645 2659 his
2672 2604 2763 2673 qui
2790 2621 2940 2660 suam
2975 2608 3025 2662 in
3058 2610 3311 2680 Regulam
3342 2615 3400 2670 S.
3432 2617 3701 2677 Benedicti

2126 2692 2500 2761 impenderunt
2529 2714 2747 2767 operam
2781 2702 2927 2757 brevi
2958 2704 3306 2764 disseramus.

2200 2786 2304 2840 llos
2362 2790 2499 2844 inter
2549 2792 2753 2858 primus
2803 2798 3036 2850 occurrit
3083 2798 3140 2853 S.
3183 2800 3501 2857 Benedic-tus
3543 2806 3703 2863 abbas

2126 2876 2467 2943 Anionensis,
2500 2883 2746 2938 omnibus
2774 2886 2977 2940 ordinis
3010 2893 3287 2947 monastici
3334 2895 3561 2952 alumnis
3593 2903 3702 2953 sin-

2125 2972 2294 3037 gulari
2321 2977 2664 3031 veneratione
2696 2979 2978 3049 colendus,
3008 2984 3074 3035 ab
3107 2986 3338 3056 antiquis
3389 2990 3705 3048 Benedictus

2126 3072 2391 3125 secundus
2422 3074 2613 3128 merito
2658 3077 2985 3145 appellatus;
3016 3089 3070 3133 et
3100 3091 3245 3136 certe
3286 3095 3404 3152 post
3462 3099 3701 3142 sanctum

2130 3160 2486 3230 legislaturem
2519 3166 2646 3221 nulli
2678 3169 2963 3223 secundus.
3001 3173 3068 3239 Is,
3112 3184 3337 3231 testante
3355 3179 3570 3234 Ardone
3587 3182 3704 3250 ejus

2127 3254 2405 3323 discipulo,
2451 3273 2597 3311 omne
2646 3259 2959 3315 desiderium
3011 3280 3160 3318 suum
3209 3268 3262 3320 in
3306 3269 3702 3327 observationem

2132 3345 2341 3415 Regula:
2367 3359 2700 3415 converterat,
2726 3367 2976 3424 suumque
3004 3356 3099 3408 hoc
3120 3361 3429 3427 permaxime
3450 3373 3556 3416 erat
3596 3374 3703 3417 stu-

3391 3465 3436 3507 et
3466 3466 3518 3507 ut
3541 3468 3701 3511 σεῑιήο

2125 3529 2263 3581 deret
2284 3534 2610 3587 contentiosis
2636 3536 2779 3588 nulla
2808 3537 2993 3601 frivola
3025 3557 3270 3610 cassaque
3290 3559 3321 3595 a
3344 3542 3408 3596 B.
3433 3543 3702 3602 Benedicto

2123 3621 2259 3673 edita
2289 3622 2430 3689 fore,
2455 3625 2543 3676 sed
2568 3642 2713 3678 suam
2744 3644 2806 3679 ea:
2826 3630 3051 3682 aliorum
3080 3634 3264 3700 fultam
3295 3651 3401 3689 esse
3432 3637 3700 3707 Regulam,

2123 3729 2279 3765 unum
2316 3716 2539 3770 collectis
2578 3721 2872 3789 regularum
2895 3726 3156 3779 sententiis
3192 3733 3471 3796 composuit
3496 3734 3699 3800 librum,

2123 3807 2204 3858 cui
2231 3823 2411 3861 nomen
2441 3809 2726 3865 Concordia
2756 3812 3069 3883 [iugulatum
3114 3819 3276 3884 dedit,
3306 3821 3374 3872 ita
3407 3832 3459 3874 ut
3489 3821 3551 3875 Β.
3598 3824 3695 3879 Be-

2123 3898 2307 3952 nedicti
2328 3902 2628 3970 prweederet
2655 3909 2925 3970 sententia,
2955 3909 2999 3959 ei
3038 3923 3151 3962 vero
3174 3912 3544 3968 rationabiliter
3572 3934 3697 3971 con-

2124 3992 2371 4045 venientes
2391 3996 2733 4065 jungerentur
2757 3998 3012 4068 deinceps.

2195 4087 2271 4140 En
2300 4101 2461 4155 Opere
2490 4104 2593 4141 non
2636 4105 2819 4158 parum
2874 4095 3096 4162 profecit
3135 4097 3479 4169 Sutaragdus,
3530 4104 3693 4159 abbas

2126 4175 2183 4232 S.
2219 4177 2491 4234 Michaelis
2532 4181 2583 4234 in
2625 4196 2755 4251 agro
2786 4184 3133 4253 Virdunensi,
3178 4190 3228 4242 in
3279 4194 3559 4248 Condendo
3597 4212 3697 4249 suo

2124 4284 2284 4341 super
2328 4272 2577 4343 Regulam
2626 4288 2864 4333 sanctam
2926 4283 3331 4351 commentario,
3374 4301 3532 4355 quem
3590 4304 3696 4343 nou

2123 4368 2294 4421 solum
2335 4384 2401 4421 ex
2428 4370 2588 4424 variis
2643 4373 2978 4441 antiquarum
3028 4376 3329 4445 regularum
3376 4384 3691 4447 sententiis,

2123 4462 2215 4514 sed
2243 4475 2304 4515 ex
2329 4462 2557 4517 diversis
2591 4465 2804 4533 insuper
2833 4465 2933 4522 SS.
2964 4467 3176 4522 Patrum
3206 4470 3380 4536 dietis,
3408 4488 3697 4540 suppresso

2123 4561 2398 4607 auctorum
2441 4570 2677 4623 nnmme,
2728 4561 3033 4626 contexuit,
3077 4576 3210 4629 opus
3242 4572 3388 4617 tanto
3435 4566 3697 4635 scriptore

2121 4644 2390 4713 dignum,
2424 4648 2674 4713 quamvis
2721 4650 2772 4703 in
2827 4651 3148 4719 assignando
3194 4669 3320 4708 vero
3373 4666 3425 4709 et
3465 4660 3693 4726 genuino

2123 4738 2264 4791 illius
2304 4749 2524 4806 parente
2547 4756 2652 4794 non
2676 4757 2863 4797 omnes
2900 4746 3253 4799 consentiant.
3281 4747 3529 4804 Nonnulli
3553 4754 3694 4807 enim

2042 4809 2092 4868 Ῑ)
2123 4828 2343 4883 Rabano
2373 4831 2763 4898 Moguntinensi
2793 4833 3202 4905 archiepiscopo
3226 4838 3352 4892 illud
3384 4843 3687 4905 ascribunt;

2123 4918 2216 4974 sed
2244 4935 2401 4988 quam
2422 4935 2724 4989 perperam,
2751 4923 2938 4990 probat
2962 4934 3143 4979 noster
3167 4926 3503 4984 Mahillonius
3526 4932 3580 4985 in
3603 4948 3693 4986 ve-

2125 5022 2297 5067 terum
2357 5014 2732 5070 Analectorum
2786 5025 2929 5072 torno
2960 5017 3024 5082 ll,
3064 5019 3215 5087 cujus
3244 5021 3308 5076 ad
3352 5024 3695 5091 probationes

2123 5104 2262 5158 hanc
2289 5107 2447 5159 etiam
2502 5106 2701 5161 addere
2739 5108 2881 5172 licet,
2916 5108 3055 5177 quod
3106 5112 3205 5164 sub
3252 5112 3531 5182 Smaragdi
3582 5116 3691 5169 veri

2121 5197 2357 5250 auctoris
2384 5197 2600 5252 nomine
2618 5202 2809 5252 citetur
2838 5214 2867 5252 a
2895 5200 3168 5255 Gratiano.
3196 5202 3451 5259 Eumdem
3495 5206 3691 5260 librum

2122 5286 2417 5356 Smoragdo
2433 5287 2655 5354 Ardoni,
2678 5290 2943 5345 Benedicti
2965 5292 3283 5347 Aniauensis
3298 5294 3579 5364 discipulo,
3604 5298 3696 5352 tri-

2121 5379 2231 5433 buit
2257 5380 2573 5445 Meuardus;
2606 5383 2890 5450 etquidem
2922 5386 3265 5441 consentiunt
3296 5404 3509 5455 nomen,
3539 5405 3694 5458 tetas,

2123 5483 2437 5541 tempusque
2477 5477 2731 5542 auctoris,
2757 5488 2915 5546 atque
2947 5494 3074 5532 usus
3105 5480 3417 5534 Concordia
3463 5483 3693 5550 Regula-

2120 5576 2271 5618 runt;
2302 5574 2352 5613 at
2382 5562 2677 5632 refragatur
2709 5566 2990 5620 abhatialis
3023 5570 3271 5637 dignitas,
3317 5588 3479 5639 quam
3532 5591 3683 5627 cont-

2120 5656 2363 5705 mentarii
2396 5657 2645 5724 scriptori
2693 5659 2931 5713 tribuunt
2980 5662 3192 5716 codices
3222 5676 3379 5730 mss.,
3411 5681 3509 5719 nec
3548 5682 3695 5720 asse-

2116 5760 2271 5801 cutus
2303 5757 2383 5802 est
2415 5750 2739 5821 Sutatagdus
2771 5752 3110 5809 Aniancusis.
3136 5754 3239 5810 Alii
3280 5756 3509 5829 denique
3534 5759 3691 5815 Snta-
