3960 6178
248 307 344 361 2n?

1542 301 1596 356 S.
1639 297 1702 352 Ρ.
1747 289 2181 349 BliMllilC'l'l'S.

3375 275 3476 329 ‘203

249 423 468 490 ragdum
498 420 744 475 abbatem
769 418 1233 485 Luneburgensem
1268 414 1424 482 lmjus
1446 409 1812 466 commentarii
1844 411 1894 468 Α
1921 416 2062 459 sunt.
2088 405 2332 460 Exeunte
2357 417 2532 456 tamen
2551 402 2745 456 sarculo
2768 415 2837 462 xi,
2863 391 3300 460 lmatus'fheuzo,
3325 391 3482 447 Joan-

249 520 544 582 ngnoscunt
572 519 864 575 auctorem,
889 509 980 578 qui
1009 507 1168 561 etiam
1216 513 1391 560 exstat
1437 505 1487 556 in
1528 497 1810 554 l‘arisicnsi

248 607 307 658 S.
340 603 588 658 Germani
635 601 953 656 bibliotheca
1009 600 1108 654 sub
1166 600 1381 652 nomine
1437 596 1498 650 8.
1560 591 1811 647 Dunsmui

251 697 516 765 scriptus;
555 695 646 750 sed
680 695 752 747 illi
792 691 994 746 tardius
1039 691 1310 750 vixerunt.
1357 687 1567 741 decimo
1611 684 1816 739 scilicet

253 790 472 848 siecnlo,
505 799 659 853 quam
693 792 750 836 ut
777 783 854 836 eis
885 782 1055 851 possit
1083 780 1238 834 tribui
1290 779 1426 832 fetus
1461 791 1618 846 quem
1661 777 1825 842 longo.

256 886 378 930 ante
404 887 639 945 tempore
667 874 919 929 emissum
949 872 1110 926 fuisse
1129 880 1352 925 constat.

328 983 671 1054 Smaragdum
699 984 944 1051 excipere
983 981 1141 1035 debet
1187 980 1551 1040 llildcntarns,
1602 975 1820 1030 Fl‘ﬂllCi-

257 1095 386 1146 gena
417 1076 729 1142 monachus,
756 1075 845 1145 qui
887 1074 1140 1129 Ludovici
1171 1073 1246 1126 l’ii
1299 1069 1637 1140 imperatoris
1692 1081 1739 1122 te
1764 1089 1772 1112 ι
1796 1096 1819 1108 ι-

257 1169 474 1238 poribus
499 1168 740 1223 ﬂorebat.
792 1167 840 1222 Is
883 1170 950 1220 ab
979 1167 1303 1235 Augelherto
1333 1161 1713 1218 Mediolanensi
1738 1176 1822 1213 ar-

258 1260 595 1329 clt'episcopo
621 1259 910 1312 accersitus
942 1259 992 1310 in
1019 1255 1244 1321 Italiam,
1288 1266 1339 1307 et
1385 1254 1449 1306 ad
1479 1254 1819 1320 Rampertinn

259 1349 587 1403 Brixicnsem
621 1349 929 1418 episcopum
961 1348 1152 1401 missus
1177 1389 1190 1412 ,
1227 1347 1346 1398 vitae
1377 1345 1660 1399 severioris
1699 1357 1824 1393 nor-

261 1456 400 1494 mam
441 1441 490 1492 in
513 1441 838 1495 monasterio
879 1439 972 1494 SS.
1006 1438 1244 1492 Fausaini
1277 1449 1331 1492 et
1360 1437 1545 1491 Jorita:
1575 1435 1822 1489 restituit.

261 1533 332 1586 lbi
362 1531 616 1600 optimum
641 1531 874 1584 omnium
908 1531 974 1599 (si
999 1531 1123 1599 quid
1148 1529 1349 1598 judico)
1381 1526 1822 1582 connuentarinm

261 1623 313 1676 in
332 1621 585 1692 Regulam
611 1621 671 1675 8.
699 1621 966 1676 Benedicti
991 1621 1305 1688 composuit,
1337 1635 1490 1686 quem
1517 1619 1677 1672 Paulo
1705 1618 1826 1670 Dia-

261 1729 399 1766 cono
440 1713 549 1780 jam
601 1721 725 1766 ante
765 1727 935 1767 annos
993 1723 1274 1766 sescentos
1319 1711 1677 1779 ascripserunt
1720 1709 1825 1762 Leo

263 1803 589 1858 Marsicanus
619 1812 673 1858 et
712 1801 902 1857 Petrus
934 1803 1219 1869 Diaconus,
1247 1801 1656 1868 astipulantibus
1703 1800 1829 1852 Ber-

263 1895 427 1948 nardo
448 1894 776 1962 Cassinensi,
803 1904 857 1950 et
877 1894 1036 1949 Petro
1061 1894 1306 1948 Buberio.
1323 1893 1392 1948 At
1416 1894 1576 1945 Paulo
1594 1890 1826 1944 Diacono

265 1988 616 2040 recentiorem
648 1999 768 2040 esse
797 1985 990 2039 exinde
1021 1985 1356 2038 manifestum
1389 1991 1492 2046 est,
1523 1982 1663 2052 quod
1699 1983 1830 2034 cite-

267 2086 352 2129 tur
376 2075 430 2129 in
460 2090 526 2130 eo
561 2075 888 2130 celebratum
935 2076 1258 2146 Aquisgrani
1289 2075 1387 2130 sub
1419 2074 1687 2128 Ludovico
1735 2072 1830 2128 Pio

265 2165 570 2230 concilium,
592 2180 712 2220 cum
741 2173 914 2219 tamen
947 2166 1142 2220 Paulus
1187 2165 1382 2220 saeculo
1423 2180 1516 2218 vm
1541 2165 1715 2218 vivere
1738 2165 1832 2218 de-

266 2256 436 2310 sierit.
468 2256 724 2310 Eumdem
780 2255 1058 2310 Ruthardo
1110 2257 1472 2328 llirsaugiensi
1521 2258 1785 2310 monacho
1815 2301 1828 2324 ,

267 2346 471 2400 Rabani
499 2355 554 2402 et
591 2347 769 2402 Strabt
815 2347 1042 2402 auditori
1075 2349 1293 2402 ascribit
1323 2349 1677 2412 'l‘ritheznius;
1721 2348 1830 2400 Rn-

268 2439 457 2494 tbardo
482 2441 794 2494 monasterii
827 2439 1009 2494 Eremi
1044 2442 1105 2494 Β.
1140 2441 1317 2495 Mariae
1359 2442 1410 2494 in
1446 2441 1694 2495 llelvetiis
1725 2441 1833 2494 Me-

269 2532 488 2586 nardus.
543 2535 611 2585 At
653 2546 824 2601 neque
866 2529 1182 2597 Germanus,
1230 2547 1402 2602 neque
1449 2533 1702 2587 llelretus
1735 2531 1836 2585 fuit

269 2623 578 2692 auctor,qui
605 2621 916 2677 monasterii
943 2624 1022 2676 sui
1051 2624 1101 2676 in
1130 2620 1359 2676 Francia
1385 2639 1493 2677 non
1519 2624 1685 2678 semel
1711 2623 1837 2676 facit

271 2717 613 2770 intentionem.
648 2715 905 2768 Eumdem
937 2715 1096 2768 etiam
1129 2716 1181 2767 in
1206 2716 1457 2784 Augiensi
1510 2716 1837 2770 monasterio

272 2809 468 2878 reperit
487 2807 820 2860 Mabillonius
848 2815 1026 2859 noster
1055 2820 1174 2859 cum
1208 2806 1304 2858 hac
1323 2807 1705 2873 inscriptione:
1743 2805 1837 2859 ln-

273 2902 396 2970 cipit
434 2900 692 2969 Expositio
743 2897 924 2951 Basilii
959 2898 1148 2952 abbatis
1177 2915 1326 2968 super
1356 2899 1604 2970 Regulam
1636 2899 1697 2954 S.
1740 2897 1842 2954 Be-

273 2993 464 3047 nedicti
519 2992 714 3044 abbatis
773 2991 1028 3061 primitus.
1083 2993 1152 3043 At
1213 2991 1497 3058 genuinum
1554 2989 1840 3044 Hildemari

275 3085 438 3139 fctum
469 3097 587 3138 esse
636 3082 858 3152 probant
886 3080 1144 3136 Gallicani
1179 3081 1390 3135 codices
1444 3097 1572 3136 mss.
1607 3084 1838 3151 plurimi,

279 3176 512 3229 maxime
572 3173 962 3226 \‘ctustissinius
1009 3189 1072 3226 ex
1131 3171 1450 3226 bibliotheca
1503 3177 1559 3228 S.
1621 3171 1910 3242 BenigniC

277 3265 634 3330 llivionensis,
685 3265 751 3318 ab
806 3263 958 3316 annis
1004 3263 1216 3317 circiter
1270 3264 1584 3332 octingentis
1647 3279 1840 3318 exara-

278 3371 384 3420 tus.
428 3359 516 3414 cui
574 3357 688 3412 haec
719 3357 1004 3424 pratligitur
1046 3355 1316 3422 inscriptio
1344 3372 1356 3406 :
1391 3353 1578 3420 Incipit
1611 3353 1840 3408 Traditio

276 3467 425 3521 super
460 3447 703 3517 Regulam
733 3447 796 3501 S.
852 3445 1134 3512 Benedicti,
1168 3463 1319 3516 quam
1373 3449 1611 3517 magister
1658 3447 1841 3501 Hilde-

276 3558 448 3595 marus
477 3541 756 3594 monac/tus
779 3539 987 3592 tradidit
1015 3549 1060 3590 et
1091 3538 1261 3590 docuit
1288 3538 1554 3606 discipulis
1583 3540 1709 3593 suis.
1741 3540 1839 3592 Cui

279 3635 416 3686 favet
447 3631 673 3701 cpistola
698 3630 865 3698 ipsius
920 3628 1233 3694 llildemari,
1262 3647 1378 3698 qua:
1404 3629 1577 3699 capite
1612 3632 1682 3684 58
1711 3630 1843 3684 inte-

284 3741 375 3794 gra
416 3728 663 3778 retertur.
692 3721 844 3776 Adde
871 3723 1010 3791 quod
1043 3723 1094 3774 in
1125 3732 1283 3791 caput
1323 3723 1409 3786 14,
1437 3738 1602 3792 agens
1630 3724 1694 3776 de
1723 3737 1844 3776 san-

285 3828 494 3871 ctorum
538 3815 934 3880 festivitatibus,
985 3813 1038 3868 in
1091 3814 1392 3882 exciitplum
1443 3815 1656 3868 adducit
1707 3816 1839 3868 festa

288 3913 388 3968 SS.
419 3909 712 3973 Ambrosii,
737 3907 961 3962 Protasii
991 3916 1046 3962 et
1066 3905 1324 3972 Gcrvasii,
1356 3906 1603 3974 Naboris,
1638 3907 1844 3961 Nazarii

285 4011 340 4056 et
355 4000 516 4064 Celsi,
538 4008 842 4052 sanctorum
865 3996 1114 4051 dimcesis
1135 3995 1571 4060 Mediolanensis,
1599 3997 1683 4050 cui
1713 4011 1847 4064 pra:-

283 4101 400 4148 erat
419 4091 787 4160 Angilbertus,
818 4089 910 4160 qui
945 4088 1304 4142 llildemarum
1341 4105 1406 4142 ex
1438 4087 1664 4143 Francia
1686 4087 1848 4144 advo-

283 4192 518 4240 caverat.
544 4183 780 4245 Denique
803 4182 854 4236 in
878 4179 1133 4234 Romanis
1161 4182 1469 4235 monasterii
1499 4182 1669 4236 sancti
1696 4180 1846 4236 Pauli

285 4274 788 4338 Consuetudinibus,
813 4282 937 4328 ante
953 4287 1120 4327 annos
1143 4283 1422 4328 sescentos
1435 4273 1735 4344 descriptis,
1751 4273 1850 4330 sub

291 4370 504 4423 nomine
551 4365 840 4420 Hildemari
869 4366 958 4420 hic
1000 4367 1415 4420 commentarius
1471 4365 1742 4434 laudatur,
1787 4374 1848 4420 ut

285 4459 415 4515 nulli
442 4457 659 4512 dubium
701 4469 982 4526 superesse
1027 4455 1220 4512 debeat
1271 4455 1400 4524 quin
1453 4456 1660 4526 vulgata
1701 4456 1847 4512 Pauli

289 4553 496 4605 diaconi
553 4547 770 4603 nomine
828 4548 1210 4604 commentatio
1267 4546 1574 4602 Hiidemaro
1617 4549 1850 4618 genuino

287 4645 489 4699 auctori
505 4644 574 4698 sit
597 4641 930 4697 vmdicanda.

361 4757 475 4812 Non
505 4757 673 4810 multo
695 4764 834 4824 post,
864 4755 964 4810 sub
1003 4755 1162 4810 finem
1200 4755 1451 4810 nimi-rum
1481 4757 1662 4811 saeculi
1705 4755 1854 4822 noni,

290 4849 598 4919 llugboldus
630 4849 945 4903 Elnouensis
972 4848 1286 4914 monachus,
1317 4848 1670 4904 Remeusibus
1699 4849 1858 4904 scho-

293 4945 358 4998 lis
387 4959 418 4995 a
451 4942 680 4994 Fulcone
707 4940 1110 5010 archiepiscopo
1163 4939 1470 5010 praefectus,
1512 4955 1578 4994 ex
1627 4939 1856 4995 diversis

288 5036 389 5090 SS.
423 5032 638 5086 Patrum
682 5032 964 5084 sententiis
1005 5031 1062 5084 in
1114 5047 1275 5084 unum
1325 5029 1582 5096 collectis,
1643 5030 1858 5100 exposi-

291 5126 491 5179 tionem
525 5125 575 5176 iu
605 5123 856 5189 Regulam
884 5123 940 5176 8.
967 5122 1235 5176 Benedicti
1265 5123 1584 5190 composuit,
1615 5138 1733 5189 qua:
1755 5135 1856 5176 ms.

291 5229 604 5272 asscrvatur
628 5215 677 5268 in
709 5213 1001 5283 peroelebri
1027 5215 1084 5271 S.
1109 5215 1337 5269 Amandi
1362 5215 1501 5285 apud
1531 5215 1718 5285 Belgas
1749 5233 1862 5269 ino-

294 5309 548 5363 nastcrio.

363 5420 816 5490 thseqneutibus
859 5419 1066 5473 duobus
1085 5419 1300 5474 saeculis
1341 5435 1372 5472 ι
1396 5429 1450 5472 et
1479 5435 1554 5483 xi,
1581 5422 1664 5472 vix
1696 5419 1860 5473 ullum

297 5513 512 5580 Regula:
553 5511 905 5566 Bent-dictione
951 5511 1295 5576 interpretem
1342 5510 1577 5578 reperire
1603 5519 1700 5564 est.
1733 5509 1862 5563 Nam

299 5603 386 5668 qui
414 5612 756 5654 recensentur
777 5599 832 5654 S.
857 5600 1158 5653 Dousmnus
1180 5609 1233 5653 et
1252 5598 1310 5654 S.
1335 5599 1730 5665 Athelwoldus,
1760 5615 1865 5655 non

305 5705 410 5744 tam
437 5693 687 5760 κριθήτω
709 5693 1018 5760 exposuisse
1035 5707 1191 5760 quam
1211 5692 1587 5761 recognovisse
1613 5703 1666 5746 et
1687 5708 1841 5747 emen
1858 5726 1870 5734 -

305 5785 402 5840 das
423 5800 484 5849 te,
527 5785 696 5836 autin
727 5783 1236 5853 Anglicumddioma
1280 5786 1616 5845 transtu'issc
1661 5785 1867 5840 dicendi

1915 499 1998 553 nis
2027 496 2294 552 Gualherti
2326 496 2638 562 discipuius,
2690 501 2743 547 et
2790 492 2954 545 abbas
2984 488 3038 544 S.
3073 486 3220 541 Pauli
3251 485 3318 540 de
3350 485 3483 538 Raz-

1917 592 2053 654 zelo,
2072 587 2282 656 scripsit
2306 588 2358 639 in
2381 583 2620 639 eamdem
2643 582 2893 651 Regulam
2916 577 3377 638 commentarium,
3392 574 3482 643 qui

1917 697 2020 738 ms.
2062 682 2284 734 habetur
2311 679 2362 732 in
2411 676 2821 745 locupletissima
2865 671 3043 741 magni
3073 670 3224 724 ducis
3255 667 3484 722 Etruria

1917 771 2250 829 bibliotheca.

1989 865 2152 918 Paulo
2182 860 2451 916 fecundius
2475 859 2685 911 exstitit
2713 855 2966 910 saaculum
3000 869 3090 916 xu,
3119 853 3171 906 in
3205 866 3310 919 quo
3355 865 3484 918 qua-

1920 963 2042 1010 tuor
2068 962 2172 1006 tam
2207 951 2399 1018 pietate
2420 964 2575 1018 quam
2610 948 2850 998 doctrina
2883 944 3121 1012 insignes
3147 941 3361 1008 Regulae
3395 955 3487 991 no-

1923 1057 2044 1098 stra!
2072 1043 2403 1108 cxpositores
2431 1055 2549 1093 sese
2590 1038 2741 1092 nobis
2767 1036 3024 1105 objiciunt
3059 1052 3070 1085 :
3104 1033 3369 1100 Ruperlus
3401 1030 3490 1080 ab»

1923 1135 2018 1188 has
2042 1133 2332 1187 'l‘uitiensis
2371 1129 2604 1184 ctenobii
2631 1129 2785 1197 juxta
2826 1125 3100 1179 Coloniam
3129 1122 3490 1191 Agrippinam,

1925 1228 2003 1281 vir
2031 1226 2082 1279 in
2125 1224 2320 1278 divinis
2348 1221 2637 1288 Scripturis
2667 1235 2695 1272 a
2737 1219 2939 1286 Spiritu
2972 1226 3155 1269 sancto
3203 1230 3294 1282 ρετ
3324 1213 3493 1264 visum

1926 1319 2198 1379 cruJitus;
2234 1316 2421 1368 Petrus
2452 1312 2712 1366 Diaconos
2764 1308 3053 1362 monachus
3083 1307 3413 1358 Cassinensis
3448 1312 3494 1354 it

1926 1407 2400 1469 bibliothecarios;
2431 1405 2491 1457 S.
2524 1399 2879 1468 llildegardts,
2912 1399 3075 1464 prima
3104 1395 3493 1448 Montis-Sancti

1929 1499 2145 1562 Ruperti
2174 1497 2448 1564 Bingensis
2471 1494 2524 1547 in
2551 1491 2768 1547 diceccsi
2801 1489 3184 1557 Moguntincnsi
3210 1487 3291 1537 ubi
3317 1485 3494 1555 atissa.

1930 1590 2202 1645 Bcrnardo
2259 1588 2430 1642 abbati
2481 1585 2884 1640 Clancvallensi
2942 1583 3076 1635 bene
3130 1588 3282 1639 nota,
3347 1592 3496 1642 cu,us

1930 1682 2126 1750 scripta
2175 1680 2244 1732 ab
2281 1681 2515 1743 Eugenio
2563 1677 2699 1744 Papa
2751 1675 2812 1728 lll
2845 1689 3020 1726 cortu
3071 1679 3254 1723 coirm
3286 1672 3340 1723 8.
3379 1673 3499 1720 lter-

1858 1797 1904 1857 Β
1933 1776 2123 1840 nardo,
2164 1772 2429 1842 episcopis
2472 1782 2530 1823 et
2567 1767 2922 1822 cardinalibus
2967 1767 3121 1818 lecta.
3164 1765 3213 1816 in
3240 1772 3500 1815 convrntu

1933 1866 2235 1921 Trevi-rensi
2291 1865 2600 1918 confirmata
2652 1869 2809 1923 Sunt;
2869 1872 2930 1910 ac
2990 1856 3196 1908 tandem
3257 1854 3501 1921 magister

1934 1958 2235 2026 Stephanus
2281 1955 2615 2009 l’arisicnsis.
2650 1952 2716 2004 Et
2743 1951 2952 2019 quidem
2985 1947 3090 1999 dno
3141 1947 3363 2013 priores,
3397 1944 3498 1994 Ru-

1935 2061 2118 2122 perlus
2160 2050 2362 2103 scilicet
2400 2059 2454 2100 et
2497 2047 2704 2110 Petrus,
2737 2055 2965 2112 quatuor
2997 2041 3094 2092 hac
3136 2039 3202 2092 de
3236 2055 3290 2090 re
3344 2037 3505 2090 libros

1934 2146 2280 2212 scripserunt,
2314 2140 2368 2194 S.
2417 2138 2748 2206 llildegardts
2776 2135 2933 2187 unico
2959 2153 2986 2183 ιι
3011 2146 3062 2212 _e.
3101 2131 3336 2187 brth'ttl.
3381 2131 3500 2180 Ste-

1935 2237 2142 2305 phanus
2171 2231 2485 2286 Parisiensis
2517 2230 2640 2281 item
2689 2228 2922 2284 unicum,
2956 2207 3111 2291 quem
3145 2221 3391 2274 Roll‘rcdo
3428 2220 3505 2271 ln-

1936 2326 2142 2392 sulano,
2173 2324 2270 2378 SS.
2300 2317 2589 2376 Marcellini
2618 2326 2672 2370 et
2716 2315 2852 2369 Petri
2886 2316 3200 2383 presbytero
3225 2312 3504 2371 eartlinali,

1935 2415 2269 2470 Cassinensis
2285 2413 2512 2466 cmnohii
2534 2407 2733 2470 abbati,
2766 2407 2988 2474 ejusque
3015 2406 3286 2464 fratribus,
3323 2403 3504 2454 inscri-

1939 2504 2045 2572 psit
2077 2520 2090 2554 :
2123 2501 2263 2571 quod
2295 2514 2429 2568 opus
2455 2515 2610 2550 niann
2642 2509 2916 2550 exaratum
2948 2502 3250 2546 asservatnr
3276 2492 3328 2542 in
3365 2489 3506 2542 Ursi-

1937 2593 2109 2648 niensi
2137 2592 2433 2647 Germaniae
2460 2588 2785 2644 monasterio
2812 2601 2976 2656 prope
3005 2587 3293 2653 Augustam
3322 2580 3509 2636 \‘inde.

1938 2685 2181 2741 licorum.

2010 2776 2104 2830 Bis
2133 2773 2394 2843 subjicere
2438 2787 2713 2841 possemus
2747 2769 3078 2823 Edmundum
3108 2767 3354 2820 Stontton
3383 2763 3510 2818 Gla-

1940 2866 2138 2920 sconiat
2168 2864 2504 2926 monachum,
2531 2871 2586 2916 et
2625 2861 2962 2916 Guillelmum
2996 2857 3280 2910 Peralilum
3309 2855 3508 2907 ordinis

1942 2959 2353 3014 Praedicatorqu
2401 2967 2453 3009 et
2483 2956 2790 3024 episcopum
2836 2950 3266 3019 Lugdunensem,
3301 2947 3388 3015 qui
3419 2961 3512 2999 ex-

1943 3051 2236 3120 positiones
2264 3051 2313 3102 in
2337 3046 2590 3114 Regulam
2613 3047 2670 3100 S.
2696 3043 2963 3099 Benedicti
2996 3044 3274 3109 scripsisse
3297 3039 3512 3092 tradun-

1945 3150 2031 3195 tur
2058 3141 2110 3194 in
2139 3139 2413 3194 Possevini
2441 3149 2696 3206 apparatu
2731 3149 2905 3190 sacro.
2929 3133 3034 3188 Sed
3066 3127 3333 3184 Guillelmi
3369 3130 3512 3182 locus

1943 3234 2114 3289 hratio
2143 3231 2284 3286 aliud
2312 3230 2444 3284 nihil
2468 3240 2729 3298 estquam
2761 3229 2992 3294 optimus
3017 3233 3272 3276 traCtatus
3296 3220 3362 3272 de
3395 3235 3513 3288 pro-

1943 3326 2175 3381 feSsione
2209 3322 2623 3386 monachorum,
2679 3329 2785 3372 tres
2816 3319 2867 3371 in
2919 3327 3095 3384 partes
3149 3315 3374 3376 divisus,
3420 3312 3512 3377 qui

1945 3417 2169 3472 Parisiis
2195 3432 2335 3470 anno
2368 3413 2526 3478 1512,
2574 3428 2696 3467 cum
2731 3419 2957 3465 tractatu
3007 3408 3226 3464 Joannis
3253 3406 3412 3459 Nider
3439 3404 3516 3457 De

1947 3509 2327 3564 reformatione
2353 3505 2744 3575 religiosomm,
2777 3502 2972 3572 prodiit
3011 3502 3062 3552 in
3096 3500 3283 3553 lucem.
3333 3497 3516 3550 Exstat

1945 3614 2044 3652 ms.
2079 3598 2130 3650 in
2180 3597 2497 3650 bibliotheca
2527 3595 2586 3649 S.
2614 3593 2861 3649 Germani
2891 3608 2920 3646 a
2972 3591 3146 3645 Pratis
3175 3589 3274 3643 snb
3305 3587 3516 3641 nomine

1945 3690 2212 3745 Guillelini
2246 3687 2588 3742 Pictariensis
2623 3703 2635 3739 :
2670 3685 2722 3738 in
2755 3682 3164 3739 Gemmeticensi
3197 3689 3250 3734 et
3297 3677 3515 3749 Lyrensi

1945 3783 2145 3846 ahSque
2169 3781 2406 3832 auctoris
2435 3779 2671 3830 nomine.

2019 3871 2185 3926 Venio
2224 3871 2289 3923 ad
2339 3870 2627 3937 scriptorcs
2657 3865 3003 3919 Cassinenses
3037 3861 3385 3924 Bernardum,
3425 3858 3516 3912 Ni-

1945 3961 2148 4017 colaum
2182 3972 2237 4015 et
2259 3959 2580 4014 Richardum
2635 3957 2701 4011 de
2748 3957 2806 4012 S.
2841 3955 3066 4025 Angelo,
3115 3953 3305 4021 quibus
3351 3967 3518 4006 annu~

1949 4072 2160 4113 merare
2188 4069 2472 4127 possumus
2502 4055 2712 4107 Petrum
2740 4050 3045 4112 Boherium,
3075 4048 3376 4116 episcopum
3421 4043 3521 4099 Ur-

1948 4149 2284 4211 bevetanum,
2317 4154 2375 4200 ut
2407 4153 2534 4212 pote
2559 4143 2648 4212 qui
2687 4139 2974 4211 aliquando
3001 4137 3207 4194 Cassini
3229 4145 3282 4191 et
3307 4133 3520 4192 Sublaci

1949 4248 2190 4294 versatus
2219 4251 2246 4291 S
2269 4243 2308 4290 ι.

2019 4327 2320 4385 Bernardus
2349 4325 2564 4380 natione
2587 4321 2792 4386 Gallus,
2813 4322 2868 4374 in
2897 4320 3182 4391 Scripturis
3205 4317 3391 4372 sanctis
3415 4327 3522 4370 stat-

1951 4423 2124 4476 diosus
2145 4432 2192 4475 et
2214 4419 2465 4484 eruditus,
2513 4417 2764 4488 regularis
2785 4414 3069 4482 disciplina:
3086 4413 3280 4466 zelosus
3299 4423 3519 4478 amator,

1879 4515 2152 4598 Dingenio
2179 4512 2412 4578 subtilis,
2434 4510 2646 4564 consilio
2694 4517 2979 4578 promptus,
3031 4505 3277 4559 sententia
3301 4503 3520 4571 solidus,

1959 4606 2162 4674 eloquio
2184 4613 2390 4675 apertus
2418 4611 2464 4656 et
2491 4602 2818 4669 compositus,
2850 4606 2909 4652 ut
2933 4598 3006 4651 ait
3027 4595 3377 4656 Tritltemius,
3418 4609 3524 4647 mo-

1959 4693 2153 4747 nachus
2182 4693 2400 4760 primum
2427 4702 2475 4743 et
2503 4691 2656 4744 abbas
2682 4688 2974 4742 monasterii
3005 4686 3066 4740 S.
3102 4685 3354 4739 Honorati
3383 4681 3525 4735 Lari-

1959 4783 2152 4847 nensis,
2180 4783 2234 4836 in
2289 4780 2503 4846 Gallia;
2532 4779 2715 4834 deinde
2759 4781 2910 4850 jussu
2941 4777 3132 4832 Urbani
3167 4776 3326 4840 Papia
3361 4773 3441 4827 ιν
3471 4776 3525 4828 in

1959 4876 2130 4928 locum
2157 4875 2422 4947 cujusdam
2453 4871 2701 4927 Theodini
2738 4871 2972 4924 monachi
3010 4867 3346 4932 Cassinensis,
3377 4871 3527 4920 Acer-

1959 4981 2137 5019 rarum
2161 4965 2382 5035 episwpi
2410 4963 2554 5018 electi
2574 5003 2590 5029 ,
2643 4963 2707 5016 de
2759 4961 3001 5014 mandato
3031 4959 3294 5028 Manfredi
3338 4957 3529 5011 Taren-

1960 5058 2054 5112 tini
2076 5058 2319 5128 principis
2358 5055 2511 5110 abbas
2549 5053 2999 5126 quinquagesima“
3046 5067 3210 5104 nonus
3241 5049 3531 5102 monasterii

1964 5146 2277 5201 Cassinensis
2304 5157 2502 5201 creatus
2526 5163 2664 5200 anno
2693 5143 2851 5204 1263.
2875 5143 3320 5214 quemadmodum
3343 5140 3532 5195 scribit

1968 5240 2236 5293 Arnoldus
2266 5239 2442 5306 Wion,
2475 5253 2538 5294 ac
2585 5249 2768 5308 postea
2824 5237 2881 5292 S.
2916 5237 2979 5290 Β.
3023 5236 3087 5291 E.
3113 5234 3420 5296 cardinalis,
3465 5235 3530 5286 ad

1968 5345 2152 5400 preces
2183 5340 2237 5384 et
2267 5329 2572 5400 petitionem
2599 5329 2820 5383 Thema:
2866 5327 3048 5381 decani
3077 5335 3128 5380 et
3163 5325 3377 5379 fratrum
3405 5323 3531 5378 Cas-

1966 5423 2282 5488 sinensium,
2333 5423 2545 5491 scripsit
2571 5422 2845 5491 egregium
2876 5435 3036 5488 super
3067 5419 3321 5486 Regulam
3340 5416 3398 5469 S.
3431 5415 3533 5467 Be-

1969 5512 2168 5566 nedicti
2221 5511 2681 5576 eotnmentariutn,
2712 5525 2868 5578 quem
2915 5510 3043 5561 tanti
3096 5507 3270 5562 fecere
3315 5504 3534 5572 posteri.

1969 5611 2032 5656 ut
2052 5602 2199 5656 illum
2235 5617 2370 5671 pene
2391 5602 2456 5654 ad
2484 5603 2700 5654 verbum
2735 5599 3131 5667 transcripscrit
3161 5599 3210 5650 in
3241 5614 3338 5651 suo
3367 5597 3535 5664 primo

1976 5693 2363 5748 commentario
2394 5693 2584 5746 Petrus
2613 5692 2897 5755 Boberins,
2930 5705 3158 5755 eumque
3195 5689 3428 5741 Joannes
3474 5687 3535 5738 de

1980 5785 2173 5850 Préris,
2209 5785 2371 5840 abbas
2425 5785 2479 5841 S.
2523 5782 2769 5840 Germani
2803 5781 3138 5847 Purisicnsis,
3174 5780 3372 5834 Gaihco
3404 5778 3534 5831 idioo
