3960 6178
427 333 529 390 209

1802 328 2329 388 PROLEGOMENA.

3581 339 3690 392 2l0

425 463 565 505 male
592 447 892 516 donaverit,
922 447 1078 520 cujus
1122 449 1371 505 versione
1401 449 1562 506 etiam
1590 450 1880 522 aliquoties
1921 450 1998 505 usi
2037 447 2086 506 Α
2111 467 2304 523 suoque
2340 467 2488 507 sacro
2528 456 2826 523 concentui,
2859 457 2977 510 tncis
3003 457 3054 509 in
3085 454 3286 511 Cltristo
3317 454 3574 519 Pultibus.
3607 469 3692 510 Ue-

427 546 644 596 fttittttts.

501 635 751 689 Nicolaus
790 633 857 689 de
887 633 1165 701 Fractura,
1195 635 1432 691 Arnoldo
1456 635 1610 691 Wion
1637 636 1812 693 dictus
1839 635 2002 691 Nico-

428 733 538 786 taus
567 732 630 782 de
659 730 719 784 S.
747 729 1023 796 Germano,
1059 726 1112 785 Ι.
1149 728 1210 784 γ.
1245 731 1421 786 doctor
1463 732 1741 786 monachus
1784 733 2006 801 primum

425 820 763 884 Cassinensis,
819 819 1003 874 deinde
1055 821 1212 874 abbas
1279 821 1575 875 monasterii
1630 821 1693 876 8.
1752 820 2008 874 Vincentii

431 915 578 986 iuxta
611 911 946 977 Vulturnum,
979 929 1115 966 anno
1147 912 1356 966 Domini
1385 911 1523 967 1299
1553 913 1757 982 scripsit
1806 914 2010 980 exposi-

431 1004 620 1057 tionem
646 1003 770 1057 satis
815 1002 1136 1074 perspicuam
1163 1013 1209 1056 et
1239 1003 1441 1056 doctam
1468 1002 1747 1058 secundum
1765 1006 1893 1075 jura
1921 1019 2008 1057 ca-

433 1096 620 1147 nottica
647 1104 694 1146 et
737 1095 904 1148 civilia
934 1111 1083 1164 super
1114 1093 1360 1166 Regulam
1389 1093 1452 1149 S.
1505 1095 1571 1151 P.
1606 1092 1682 1150 Ν.
1725 1093 2008 1162 Benedicti,

433 1197 494 1242 ut
522 1194 746 1242 testatur
776 1186 918 1242 idem
952 1186 1239 1242 Arnoldus.
1267 1187 1446 1245 Codex
1486 1203 1589 1258 quo
1620 1190 1697 1242 usi
1726 1203 1907 1243 sumus
1935 1189 2007 1243 ita

433 1275 668 1331 desinit:
697 1273 927 1344 Ea‘plicit
956 1275 1221 1347 Expositio
1255 1276 1466 1348 Regqu
1517 1277 1578 1332 8.
1628 1277 1890 1332 Benedicti
1929 1295 2009 1332 se-

435 1369 660 1421 cundum
690 1367 967 1421 Nicolaum
1006 1369 1236 1422 abbatem
1268 1368 1329 1424 8.
1375 1368 1641 1435 Vincentii,
1695 1370 2013 1424 decretorum

435 1459 714 1523 doctorem,
740 1475 892 1529 quam
916 1463 1151 1526 exposuit
1174 1461 1226 1512 in
1249 1462 1560 1514 monasterio
1588 1460 1898 1527 Cassinettsi,
1921 1460 2012 1516 sub

436 1551 811 1620 anno_Domini
845 1553 1004 1618 1299,
1038 1554 1130 1608 sub
1168 1553 1346 1607 abbate
1374 1553 1646 1619 Gallardo,
1689 1556 1778 1626 qui
1802 1572 1859 1612 eo
1890 1565 2015 1610 tem-

435 1655 562 1708 pore
575 1647 880 1700 monasterio
912 1644 1205 1701 Cassinensi
1224 1648 1548 1718 presidebat.

549 1735 649 1788 llic
675 1736 800 1790 liber
828 1748 900 1791 est
931 1738 1172 1804 scriptus,
1200 1755 1462 1807 exponens
1492 1741 1556 1792 sit
1587 1739 1906 1804 benedictus,

548 1828 614 1884 Ut
645 1847 760 1884 rosa
791 1831 888 1899 ﬂos
916 1833 1126 1901 ﬂorum,
1155 1832 1227 1886 sic
1253 1843 1326 1886 est
1351 1831 1477 1886 liber
1501 1835 1595 1887 iste
1625 1833 1892 1887 librorum.

437 1921 572 1977 Tres
603 1923 896 1978 Ricltardos
924 1923 992 1979 de
1037 1924 1096 1979 S.
1144 1925 1346 1995 Angelo
1376 1925 1593 1997 Regula:
1639 1936 1838 1981 nostra:
1865 1941 2018 1980 com-

435 2027 770 2072 mentatores
823 2017 1056 2086 neperio.
1106 2017 1280 2074 Unum
1319 2017 1692 2074 Cassiueusem
1746 2019 2017 2082 abbatem,

441 2117 580 2162 teste
627 2106 841 2162 Placido
885 2106 1193 2163 Cassiuensi
1243 2109 1508 2164 monacho
1551 2110 1601 2164 in
1637 2110 2020 2179 Supplemeuto

440 2198 688 2252 Virorum
716 2199 1000 2254 illustrium
1031 2201 1114 2254 sui
1159 2201 1495 2267 monasterii,
1545 2203 1632 2272 qui
1660 2217 1801 2256 anno
1824 2203 1961 2258 1240
1988 2219 2016 2256 a

439 2291 699 2361 Gregorio
745 2292 814 2347 1X
855 2303 1068 2350 creatus
1095 2303 1178 2349 est
1206 2295 1516 2351 cardinalis.
1565 2297 1803 2351 Alterum
1837 2313 2020 2352 mona-

437 2389 601 2441 cltum
649 2385 1024 2442 Cassinensetn
1086 2395 1142 2442 et
1203 2399 1382 2458 postea
1454 2399 1694 2458 tempore
1741 2393 2020 2449 Ctelestini

439 2492 594 2545 papa:
624 2476 664 2529 V
695 2477 941 2533 abbatem
972 2478 1032 2534 S.
1075 2478 1301 2536 Justina:
1340 2481 1407 2536 de
1437 2481 1636 2550 Padua,
1685 2485 1838 2553 cujus
1885 2500 2020 2554 opus

442 2569 620 2623 laudat
650 2569 937 2637 aliquando
979 2570 1174 2626 Paulus
1220 2574 1546 2642 Augustinus
1596 2593 1624 2629 a
1667 2575 1852 2631 Janua.
1890 2578 2019 2633 Ter-

444 2659 576 2713 tium
621 2661 941 2714 monachum
997 2663 1122 2717 item
1174 2661 1547 2721 Cassinensetn
1593 2679 1646 2722 et
1676 2671 2018 2740 praepositum

443 2749 768 2817 Vallislucis,
800 2768 863 2806 ac
890 2753 1235 2824 Capellanum
1283 2755 1527 2811 Landulli
1573 2759 1632 2812 8.
1676 2761 1864 2826 Angeli
1907 2762 2020 2814 dia-

442 2843 565 2897 coni
615 2843 927 2909 eardinalis,
977 2847 1061 2900 cui
1091 2847 1254 2900 etiam
1307 2849 1498 2902 librum
1531 2867 1684 2904 suum
1730 2851 2014 2908 dedicavit.

444 2933 682 2988 Duorum
716 2937 952 3002 priorum
987 2937 1387 2994 lucubrationes
1418 2941 1548 2995 mihi
1578 2958 1886 3010 percurrere
1914 2962 2017 3000 non

443 3025 619 3092 licuit,
644 3027 738 3081 sed
763 3037 969 3081 tantum
1007 3029 1170 3096 tertii,
1206 3030 1258 3084 in
1299 3035 1449 3095 cujus
1475 3041 1857 3092 commentario
1886 3039 2018 3090 inta-

444 3128 531 3173 cta
559 3119 761 3188 aliquot
789 3123 960 3190 capita
996 3129 1247 3192 tanquam
1271 3125 1515 3179 omnibus
1544 3137 1688 3192 nota,
1713 3138 1803 3181 aut
1828 3146 1855 3180 a
1891 3131 2020 3198 peri-

2109 560 2268 614 raque
2310 543 2558 598 charitate
2614 555 2661 600 et
2710 550 3024 618 professione
3069 549 3223 618 parili
3259 549 3510 618 ‘frafribus
3555 565 3693 620 proc-

2110 635 2367 689 amandt‘s.
2426 635 2682 692 Eamdcm
2745 639 2906 693 etiam
2957 639 3377 695 Sublacensibus
3417 641 3694 695 monachis

2115 728 2332 782 Petrum
2367 730 2726 786 transmisisse
2753 731 2946 788 docent
2971 747 3158 789 versus
3191 733 3342 788 initio
3367 733 3488 788 libti
3519 734 3686 804 ipsius

2114 821 2366 891 appositi.

2183 912 2533 967 Cassinenses
2562 913 2802 982 proxime
2832 925 3123 981 sequuntur
3163 917 3341 986 plures
3372 931 3438 970 ex
3471 916 3691 970 Genna-

2115 1006 2201 1056 nia
2228 1004 2520 1058 doctissimi
2561 1006 2972 1075 gravissituique
2997 1009 3314 1075 scriptores,
3357 1009 3444 1076 qui
3479 1023 3604 1062 Suas
3637 1009 3689 1062 in

2113 1097 2429 1164 exponenda
2475 1097 2533 1155 S.
2565 1099 2836 1152 Benedicti
2873 1099 3074 1170 Regula
3119 1116 3274 1154 curas
3313 1101 3688 1155 adhibuerunt.

2117 1188 2173 1241 in
2206 1188 2288 1242 his
2333 1188 2567 1243 Joannes
2615 1187 2958 1244 Castelleusis
3003 1191 3052 1243 in
3087 1191 3384 1246 Palatinatu
3429 1192 3694 1259 superiori

2118 1283 2412 1334 monachus
2465 1296 2630 1349 prope
2678 1283 3030 1352 Ambergam,
3059 1281 3128 1336 de
3172 1298 3276 1352 quo
3321 1282 3645 1338 Tritltentios
3681 1301 3693 1337 :

2115 1369 2345 1427 Joannes
2395 1377 2672 1427 monac/tus
2703 1373 3025 1427 (fastellensis
3067 1374 3120 1427 in
3160 1374 3362 1428 dioecesi
3396 1373 3693 1436 Eistetensi,

2116 1464 2194 1516 uir
2241 1463 2295 1516 in
2338 1463 2524 1517 diuinis
2556 1463 2845 1534 Scripturis
2883 1465 3028 1518 valde
3056 1466 3316 1519 studiosus
3357 1476 3404 1518 et
3433 1467 3694 1519 saeculari.»-

2117 1555 2418 1612 litteratura:
2465 1574 2566 1611 non
2613 1559 2842 1628 ignarus,
2887 1558 3089 1628 ingenio
3140 1557 3340 1612 subtilis
3385 1568 3429 1611 et
3478 1558 3698 1610 disertus

2117 1649 2334 1718 eloquio,
2356 1649 2518 1702 edidit
2545 1651 2840 1702 veneranda:
2861 1649 3087 1703 lectionis
3114 1666 3215 1702 non
3237 1666 3396 1718 parva
3419 1651 3696 1712 volumina,

2119 1739 2182 1793 de
2206 1739 2386 1810 quibus
2412 1740 2508 1794 ista
2537 1739 2814 1809 feruntur:
2838 1741 2905 1794 In
2928 1739 3180 1811 Regulam
3211 1741 3274 1796 S.
3302 1739 3557 1795 Benedicti
3586 1743 3700 1794 libri

2049 1839 2097 1898 Β
2125 1833 2247 1900 duo,
2273 1843 2377 1888 etc.
2419 1833 2581 1903 quue
2612 1833 2763 1904 juxta
2803 1834 3054 1890 Wiouem
3083 1851 3224 1890 anno
3253 1837 3411 1890 1590.
3447 1835 3574 1904 Ejus
3607 1853 3702 1889 ex-

2128 1925 2322 1996 positio
2351 1941 2454 1980 ms.
2481 1937 2786 1982 asservatur
2831 1927 2882 1980 in
2922 1929 3245 1983 monasterio
3279 1929 3338 1984 S.
3373 1927 3512 1983 Petri
3557 1928 3700 1982 Salzo

2125 2016 2425 2087 burgensis,
2466 2017 2531 2070 ad
2564 2018 2718 2086 cuius
2755 2019 2957 2074 calcem
2989 2019 3214 2074 habetur
3241 2020 3418 2088 glossa
3451 2020 3502 2073 in
3538 2019 3700 2083 [legu-

2126 2108 2230 2163 lam
2260 2107 2446 2164 eodem
2487 2119 2726 2178 auctore,
2759 2126 2878 2181 qua:
2909 2111 3130 2164 forsitan
3169 2127 3264 2177 pro
3293 2107 3532 2166 secundo
3560 2112 3701 2164 illius

2125 2201 2263 2256 libro
2294 2201 2534 2258 habenda
2558 2213 2662 2259 est.
2692 2203 2924 2259 Joannes
2947 2203 3092 2258 Keck
3117 2204 3497 2270 Tegerusensis
3521 2205 3570 2258 in
3599 2204 3700 2256 Ba-

2121 2293 2290 2362 joaria
2335 2293 2653 2357 monachus,
2700 2293 2782 2346 vir
2831 2293 3090 2358 imprimis
3136 2294 3357 2356 doctus,
3407 2297 3493 2362 qui
3539 2296 3700 2347 ctFam

2125 2383 2365 2438 interluit
2390 2383 2619 2437 concilio
2651 2384 2974 2449 Basileensi,
3005 2383 3092 2437 tibi
3118 2399 3296 2438 coram
3333 2399 3548 2438 Summo
3580 2401 3682 2453 pou

2125 2474 2268 2530 tilice
2297 2473 2591 2529 orationem
2624 2475 2840 2540 habuit,
2871 2475 3140 2530 eruditum
3186 2479 3347 2529 etiam
3397 2479 3701 2546 composuit

2126 2569 2177 2620 in
2210 2567 2464 2638 Regulam
2495 2567 2550 2620 S.
2578 2567 2848 2621 Benedicti
2886 2568 3352 2630 commentarium,
3385 2585 3541 2638 quem
3566 2569 3701 2624 Gas-

2124 2660 2238 2727 pari
2280 2658 2347 2715 de
2395 2657 2704 2714 Grandesen
2761 2660 2943 2714 abbati
3011 2661 3364 2730 nuncupavit,
3420 2670 3702 2730 exstatque

2124 2765 2224 2803 ms.
2262 2750 2314 2804 in
2361 2749 2684 2804 bibliotheca
2734 2749 3108 2820 Tegerusensi.
3140 2751 3447 2820 Sytnbolatn
3492 2768 3705 2819 quoque

2124 2841 2346 2896 contulit
2386 2841 2620 2896 Joannes
2664 2841 2994 2906 Ulitpacber,
3039 2842 3362 2897 Mellicensis
3394 2845 3443 2896 iu
3491 2845 3704 2898 AttStria

2124 2933 2441 2998 monachus,
2473 2933 2629 3003 cujus
2657 2932 2955 2988 lucubratio
2981 2948 3085 2987 ms.
3110 2943 3413 2986 asservatur
3440 2935 3490 2988 in
3525 2933 3705 2989 Wein-

2123 3027 2354 3096 gartensi
2406 3025 2759 3090 bibliotheca,
2802 3042 2924 3081 cum
2979 3025 3076 3079 ltac
3125 3025 3514 3095 iusmiptione:
3556 3026 3706 3080 Com-

2125 3121 2400 3174 mentarius
2447 3121 2499 3172 in
2547 3119 2794 3189 Regulam
2827 3120 2888 3174 8.
2933 3119 3209 3186 Benedicti,
3261 3134 3466 3176 auctore
3504 3119 3705 3174 Joanne

447 3209 674 3262 tioribus
711 3212 1053 3278 exponenda,
1086 3215 1158 3266 uti
1184 3215 1380 3283 seipse
1412 3218 1661 3284 explicat,
1688 3220 1884 3287 repeti,
1915 3221 2020 3274 sci-
2051 3217 2096 3280 C
2132 3209 2428 3281 Uiitpaclter
2479 3209 2764 3264 blellicensi
2811 3212 3080 3278 monacho,
3133 3222 3244 3282 post
3289 3215 3706 3283 refortttttltionem

445 3299 575 3355 licet
600 3301 664 3354 ab
691 3314 878 3355 octavtt
911 3303 974 3356 ad
999 3304 1265 3358 decimum
1291 3322 1510 3360 nonum.

522 3393 707 3448 Petrus
739 3395 1015 3458 Bolterius,
1054 3397 1385 3452 decretorum
1419 3402 1630 3467 doctor,
1659 3404 1887 3472 primum
1930 3407 2022 3458 ab-

447 3485 544 3540 bas
575 3487 880 3541 monasterii
921 3489 978 3543 S.
1009 3489 1198 3542 Aniaui
1228 3490 1280 3543 in
1309 3491 1524 3547 dioecesi
1567 3495 1624 3552 S.
1662 3495 1832 3549 Potitii
1873 3498 2020 3552 Tho-

449 3584 768 3650 meriarum,
815 3593 870 3638 et
915 3592 1098 3652 postea
1129 3586 1410 3654 episcopus
1457 3588 1857 3654 Urbevetaous,
1909 3601 2026 3658 post

450 3674 686 3728 medium
728 3675 984 3728 saeculum
1031 3691 1118 3728 xw
1152 3676 1419 3744 duplicem
1460 3679 1515 3732 in
1550 3680 1806 3748 Regulam
1837 3683 1894 3738 S.
1920 3683 2023 3738 Be-

451 3765 650 3818 nedicti
698 3765 862 3819 edidit
908 3767 1304 3835 expositionem
1344 3787 1356 3821 :
1393 3785 1551 3824 unam
1599 3773 1664 3826 ad
1715 3774 2025 3841 petitionem

450 3855 676 3909 fratrum
727 3873 978 3921 suorum,
1027 3873 1184 3926 quam
1242 3862 1648 3936 prmsideutibus
1699 3869 1748 3918 in
1793 3868 2025 3934 capitulo

451 3946 764 4016 provinciali
795 3948 1078 4002 abbatibus
1117 3952 1309 4005 obtulit
1351 3955 1716 4024 corrigendatn
1755 3967 1807 4010 et
1847 3973 2030 4012 emen~

451 4037 703 4092 dandam.
735 4039 809 4094 De
838 4056 900 4094 ea
934 4042 1002 4095 ita
1032 4043 1218 4097 scribit
1253 4044 1616 4106 Trithetnius:
1654 4048 1834 4104 Petrus
1868 4051 2030 4106 Balte-

452 4131 566 4184 rius
587 4133 787 4201 scripsit
809 4145 960 4204 super
989 4133 1240 4206 Regulam
1264 4138 1324 4190 8.
1361 4139 1426 4192 Ρ.
1451 4140 1714 4195 Benedicti
1744 4161 1872 4211 opus
1899 4156 2032 4200 certe

453 4221 769 4275 laboriosum
795 4234 846 4277 et
889 4227 1310 4293 commendabile,
1343 4230 1393 4282 in
1438 4247 1536 4298 quo
1580 4234 1747 4297 ipsam
1781 4234 2030 4304 Regulant

442 4314 560 4385 juri
595 4324 641 4367 et
684 4317 958 4371 canonibus
1005 4334 1134 4389 pene
1170 4321 1222 4373 itt
1267 4320 1480 4389 singulis
1521 4325 1678 4378 verbis
1723 4330 2032 4381 concordare

455 4407 694 4458 ostendit.
735 4405 838 4462 Sed
882 4424 1002 4461 cum
1049 4409 1100 4464 in
1149 4411 1245 4464 ista
1291 4412 1391 4467 SS.
1425 4413 1640 4468 Patrum
1668 4417 1797 4470 scita
1845 4418 2024 4488 aliquo

457 4495 616 4548 modo
647 4497 1009 4566 neglexisset,
1047 4501 1268 4555 alteram
1298 4503 1405 4571 jam
1449 4507 1616 4560 lactus
1648 4507 1933 4578 episcopus
1965 4527 2030 4565 ex

2129 3305 2420 3356 monasterii
2450 3304 2562 3368 sui,
2594 3304 2694 3358 hoc
2719 3313 2802 3358 est
2830 3313 2945 3372 post
2975 3320 3174 3358 auttttttt
3209 3305 3360 3366 lii),
3394 3321 3498 3372 quo
3543 3306 3708 3358 refor-

2130 3401 2325 3447 matum
2358 3401 2439 3446 est
2469 3392 2768 3448 Mellicense
2814 3393 3218 3449 monasterium.
3251 3395 3432 3446 Exstat
3463 3397 3623 3448 etiam
3655 3397 3706 3448 in

2130 3483 2446 3538 bibliodteca
2475 3483 2823 3552 Tegernseusi
2851 3487 3266 3538 commentarius
3295 3485 3516 3540 alterius
3545 3487 3706 3540 Joan-

2130 3575 2228 3638 nis,
2265 3574 2585 3629 ll-lellicensis
2636 3577 2760 3628 item
2811 3575 3090 3638 monachi,
3121 3576 3502 3642 Scltlippaclter
3543 3577 3706 3640 dicti,

2131 3670 2284 3738 cujus
2335 3673 2516 3722 titulus
2564 3669 2634 3721 ita
2682 3668 2944 3722 elTet-tur:
2991 3667 3234 3720 Manuale
3277 3669 3510 3721 viaticum
3555 3687 3706 3739 super

2133 3759 2383 3830 Regulam
2415 3759 2474 3815 S.
2508 3757 2570 3812 P.
2599 3759 2672 3812 Ν.
2706 3759 2992 3824 Benedicti,
3029 3761 3219 3812 editum
3255 3777 3343 3826 per
3377 3760 3706 3815 l’t’lit’rabl’dtn

2134 3855 2338 3909 Patrem
2364 3865 2412 3908 et
2440 3854 2740 3922 magistrum
2769 3850 3020 3906 Joannem
3049 3852 3423 3923 Scltlippaclter
3459 3855 3510 3906 itt
3544 3871 3708 3907 (ωηο-

2134 3950 2214 4001 bio
2243 3946 2526 4000 Mellicensi
2558 3946 2864 3998 monachum
2890 3947 3192 4016 professum.
3227 3944 3340 3997 Hoc
3370 3948 3450 4014 [uc
3479 3957 3525 3998 et
3558 3944 3706 3996 vives.

2137 4040 2214 4094 Eo
2241 4055 2366 4093 usus
2390 4050 2472 4092 est
2501 4039 2918 4108 Clit'ysostomns
2959 4037 3123 4091 abbas
3153 4037 3358 4090 Altaha:
3401 4036 3706 4106 Superioris

2135 4134 2187 4186 in
2231 4133 2567 4201 expositione
2611 4147 2799 4198 quant,
2837 4140 2894 4184 ttt
2943 4129 3054 4196 ipse
3106 4128 3208 4193 ait,
3266 4145 3328 4180 et:
3374 4128 3579 4181 diuersis
3625 4125 3710 4194 qui

2134 4241 2289 4293 super
2315 4225 2538 4278 eamdem
2569 4224 2881 4290 scripserunt
2918 4221 3163 4288 Regulam
3205 4221 3326 4272 virv's
3366 4221 3600 4290 egregiis,
3634 4221 3710 4270 ri-

2135 4320 2315 4372 delicet
2353 4316 2650 4370 Bcrnhttrdo
2683 4313 2865 4366 abbate
2897 4312 3215 4374 Cassinensi,
3255 4310 3518 4376 Stephano
3557 4309 3711 4362 Pari-

2135 4411 2322 4475 siensi,
2389 4407 2684 4460 Ilildemaro
2746 4404 2962 4467 abbate,
3029 4403 3234 4455 domino
3300 4402 3710 4456 t'evere'tdissinto

2135 4501 2337 4556 Joanne
2363 4501 2615 4553 cardinali
2655 4499 2788 4550 dicto
2820 4497 2880 4550 de
2912 4495 3326 4562 Turrecrcmattt,
3354 4509 3445 4545 nec
3476 4510 3575 4544 non
3607 4511 3714 4545 tnu-

458 4587 618 4638 variis
659 4585 758 4640 SS.
805 4588 1106 4652 Pachumii,
1140 4591 1348 4658 Basilii,
1386 4594 1726 4667 Hieronymi,
1753 4599 2026 4666 Cassiani,
2061 4596 2107 4653 D
2134 4596 2291 4664 gistro
2320 4591 2524 4646 Joanne
2565 4589 2702 4642 Iieck
2747 4588 3112 4658 Tegcrnsensi,
3141 4585 3342 4638 Joanne
3373 4582 3671 4637 Custellcnsi
3693 4627 3708 4650 ,

455 4684 511 4728 et
546 4691 610 4730 ex
649 4676 780 4732 Vitis
828 4678 1041 4734 Patrum
1073 4685 1352 4738 sententiis
1401 4692 1734 4754 composuit.
1775 4707 1931 4759 quant
1977 4695 2028 4746 in

456 4780 605 4821 sacra
650 4768 706 4823 S.
737 4769 1009 4827 Benedicti
1051 4776 1298 4843 spelunca
1346 4795 1555 4845 corpore
1595 4782 1894 4844 collocatus,
1928 4787 2030 4838 mi-

456 4860 669 4914 nistrato
697 4863 922 4918 candelae
963 4867 1172 4934 lumine,
1204 4885 1318 4922 cum
1365 4883 1580 4926 tremore
1621 4875 2030 4929 subscribendum

456 4946 672 5020 incepit.
701 4951 851 5007 Hune
877 4956 1165 5011 secundum
1188 4961 1627 5017 commentarium
1651 4962 1841 5019 Carolo
1864 4967 2031 5022 Fran-

459 5043 552 5095 cia:
583 5045 692 5113 regi
730 5049 1083 5116 nuncupavit,
1122 5050 1172 5104 in
1200 5051 1354 5120 ettjus
1385 5055 1732 5122 praelitninari
1764 5059 1830 5112 ad
1871 5076 2026 5114 eum-

459 5134 576 5189 dem
603 5138 854 5193 Carolum
881 5141 1102 5208 epistola
1142 5141 1254 5198 haec
1281 5145 1528 5216 leguntur
1554 5167 1565 5200 :
1605 5148 1708 5202 Oro
1735 5150 1910 5222 igitur,
1941 5152 2034 5207 lte-

461 5243 542 5280 ros
575 5239 746 5282 noster
787 5241 836 5284 et
882 5232 1068 5302 inclyte
1112 5237 1365 5304 princeps,
1394 5241 1623 5293 eamdem
1670 5251 2033 5298 monachorum

462 5323 632 5388 (stipe
661 5323 940 5394 llegulam,
972 5343 1062 5397 per
1091 5345 1169 5380 me
1197 5339 1300 5382 tua:
1329 5333 1609 5400 ntajestatis
1647 5344 1900 5388 oratorem
1930 5335 2032 5391 hu-

464 5417 748 5479 millimum,
777 5420 830 5471 in
859 5435 1012 5486 specu
1043 5419 1127 5473 ubi
1169 5421 1276 5491 ipse
1302 5420 1604 5478 Benedictus
1629 5441 1742 5478 eam
1788 5427 2030 5494 edidisse,

465 5513 507 5554 et
535 5505 584 5557 in
615 5523 715 5568 qua
739 5508 829 5560 diu
857 5512 1102 5563 mansisse
1128 5512 1434 5580 pauitantia:
1468 5516 1632 5582 gratia
1677 5517 1880 5586 legitur,
1912 5535 2032 5571 san-

465 5606 659 5648 ctorum
689 5595 905 5652 Patrum
945 5603 1093 5655 dictis
1119 5605 1359 5671 salvi/icis
1387 5608 1578 5660 nouiter
1619 5619 2029 5670 commentatum.

465 5691 734 5766 Ipsumque
763 5699 896 5751 enim
921 5699 1126 5754 dextera
1169 5717 1316 5762 saera
1342 5713 1429 5756 tua
1448 5743 1462 5766 ,
1494 5721 1608 5756 cum
1639 5714 1692 5757 tu
1726 5722 1787 5758 ca
1825 5707 2032 5758 minime

464 5802 633 5853 egens,
666 5792 887 5859 porrige,
913 5808 1113 5859 precor,
1161 5792 1329 5847 abbali
1373 5793 1639 5852 venerabili
1673 5797 1728 5850 S.
1759 5795 2022 5864 Dionysii,

2133 4699 2182 4742 et
2211 4685 2412 4740 Joanne
2437 4684 2804 4752 Scltt'ippaclter
2837 4680 3112 4734 Mellicensi
3132 4720 3145 4739 ,
3179 4678 3328 4730 dicttc
3356 4677 3565 4747 Regula:
3595 4695 3713 4745 pro-

2135 4777 2408 4848 fessoribus
2443 4776 2670 4846 collegit.
2710 4773 2783 4832 Ea
2817 4773 3040 4824 habetur
3078 4769 3233 4823 etiam
3287 4770 3336 4821 itt
3385 4771 3711 4822 t'nouastcrio

2134 4869 2451 4941 Scheyt'eusi
2481 4883 2620 4922 anno
2654 4863 2816 4927 1491,
2849 4863 3042 4929 scripta
3075 4862 3125 4915 in
3157 4862 3242 4914 tlte
3273 4861 3330 4914 8.
3358 4860 3517 4916 Marci
3544 4877 3705 4915 evan-

2134 4963 2356 5032 gelislm.
2389 4958 2618 5012 Joannes
2660 4953 2985 5014 Trithetnius
3029 4951 3196 5004 abbas
3243 4950 3706 5020 Spanlteiutensis,

2137 5057 2216 5108 vir
2249 5054 2457 5122 pietatis
2482 5061 2535 5105 et
2562 5048 2818 5104 doctrinae
2842 5063 2948 5100 non
2974 5045 3226 5116 vulgatis,
3257 5062 3408 5100 suum
3435 5060 3710 5100 eotttuten-

2139 5147 2330 5208 larium
2367 5145 2607 5205 ediderat
2655 5142 2809 5210 paqu
2852 5149 2970 5209 post
3013 5156 3208 5192 annum
3242 5139 3408 5199 “84.
3453 5153 3558 5206 quo
3601 5138 3713 5204 pri-

2139 5259 2283 5297 mum
2315 5249 2524 5295 creatus
2555 5247 2638 5291 est
2667 5236 2848 5288 abbas.
2877 5233 2988 5294 lloe
3009 5248 3143 5302 opus
3171 5229 3580 5288 recouditiorem
3610 5229 3714 5282 viri

2138 5333 2486 5391 eruditionem
2532 5328 2982 5397 tnultigenatuque
3024 5325 3123 5379 SS.
3163 5323 3382 5378 Patrum
3426 5320 3710 5374 lectionetn

2141 5424 2386 5487 exhibet;
2414 5421 2508 5476 sed
2537 5423 2675 5488 quod
2721 5418 2851 5471 satis
2876 5418 3042 5471 doleri
3086 5431 3190 5468 non
3223 5421 3430 5483 potest.
3464 5415 3713 5467 decurta—

2139 5525 2279 5578 tum,
2310 5522 2512 5580 septem
2539 5511 2793 5563 duntaxat
2815 5508 3098 5562 continens
3118 5507 3290 5575 Capita
3318 5521 3435 5565 cum
3470 5505 3710 5577 prologo,

2138 5610 2190 5664 in
2221 5607 2412 5678 quibus
2442 5607 2526 5658 vix
2554 5601 2752 5672 aliquid
2784 5602 2850 5655 ad
2881 5599 3275 5654 accendendum
3323 5598 3711 5668 fovendumque

2141 5703 2404 5772 religiosae
2435 5699 2732 5767 disciplima
2761 5696 2992 5756 studium
3024 5709 3085 5752 ac
3116 5692 3378 5751 (crvorem
3411 5689 3584 5762 aptius
3627 5698 3719 5742 aut

2143 5796 2328 5856 fortius
2357 5791 2645 5854 desideres.
