3960 6178
263 360 357 417 211

1575 356 1631 412 S.
1678 354 1735 412 P.
1777 352 2225 410 BENEDICTUS.

3418 352 3517 409 219

334 474 428 528 liis
454 473 686 543 adjicere
716 486 989 543 possemus
1017 480 1258 527 auctores
1287 470 1547 541 Hispanos
1581 485 1685 526 non
1709 484 1835 540 pau-
1866 472 1914 529 Α
1944 475 2084 522 tores
2116 466 2383 522 numerari
2424 466 2633 533 debeat,
2680 481 2866 523 verum
2906 467 3065 525 etiam
3113 474 3168 523 et
3196 467 3521 525 doctissimis

268 582 379 632 cos,
406 567 492 636 qui
524 582 588 621 eo
617 574 826 636 quoque
849 565 1043 636 stylum
1078 563 1450 620 admoverunt.
1482 564 1611 618 Nam
1646 573 1840 633 praeter

268 661 527 715 Joannem
573 658 895 713 cardinaletn
943 657 1009 712 de
1056 658 1461 712 Turrecremata
1508 656 1738 723 dictum,
1796 658 1841 712 si

273 751 544 820 Maurique
575 749 862 814 credimus,
893 750 944 804 in
967 749 1197 816 capitulo
1223 748 1455 819 generali
1481 752 1844 821 congregatio-

274 846 357 897 nis
400 843 700 901 reformata:
747 840 951 895 ordinis
990 840 1358 895 Cisterciensis
1399 841 1524 895 anni
1572 843 1847 909 1557,-ih-

273 937 508 1003 junctum
534 946 616 990 est
648 935 913 993 Ludovico
942 935 1008 989 de
1042 934 1259 989 Estrada
1279 975 1294 1000 ,
1344 935 1534 1005 insigni
1580 938 1719 991 verbi
1752 936 1847 991 Dei

273 1026 657 1091 concinnatorl,
690 1044 746 1081 ur
787 1028 1204 1083 commentarios
1249 1028 1301 1082 in
1350 1027 1405 1083 8.
1446 1028 1713 1083 Benedicti
1748 1029 1851 1083 Res

273 1124 447 1184 gulam
478 1117 684 1182 ederet,
715 1118 906 1187 quibus
936 1118 1156 1172 abbates
1188 1120 1239 1173 in
1270 1118 1512 1189 capitulis
1542 1120 1759 1186 privatis
1785 1119 1849 1172 ad

277 1209 419 1264 illam
449 1211 816 1279 exponendam
850 1209 927 1263 uti
958 1220 1202 1278 possent;
1232 1226 1365 1278 quos
1396 1226 1515 1264 cum
1548 1211 1599 1265 in
1630 1225 1852 1280 genera-

278 1300 413 1354 libus
465 1299 693 1357 coinitiis
745 1301 867 1353 anni
930 1299 1068 1355 1560
1128 1299 1355 1369 lli-pana
1424 1301 1598 1370 lingua
1656 1316 1855 1365 reprac-

274 1401 574 1460 sentasset,
627 1392 808 1462 jussus
857 1400 939 1446 est
983 1393 1032 1445 in
1084 1392 1323 1446 Latinam
1370 1401 1617 1456 vertere,
1667 1392 1854 1459 dignos

276 1481 365 1549 qui
411 1481 715 1551 legerentur
758 1481 1065 1535 universum
1117 1497 1210 1551 per
1256 1481 1477 1549 orbem,
1525 1494 1581 1536 ut
1626 1482 1856 1551 loquitur

279 1572 607 1641 ltTanriquus.
640 1571 713 1625 Ex
741 1571 925 1628 eadem
962 1575 1373 1643 congregatione
1405 1574 1701 1627 Ludovicus
1728 1575 1855 1628 Ber-

280 1665 476 1719 nartius
497 1665 563 1719 de
589 1666 799 1732 Quiros,
835 1666 1154 1721 reformator
1179 1667 1441 1737 generalis
1470 1666 1612 1732 XXI,
1643 1669 1858 1738 S‘Tipslt

278 1771 490 1826 quoque
510 1756 836 1826 Reipublicu:
860 1760 1188 1823 monasticae,
1204 1759 1319 1814 sive
1343 1758 1856 1813 Commentariorum

1943 560 2040 614 arvi
2072 560 2237 615 nostri
2282 560 2635 629 scriptoribus
2683 561 2999 630 tequiparari
3044 560 3246 629 possit,
3277 561 3520 616 ecclesia-

1945 651 2098 717 stica,
2118 650 2432 717 rnonastica,
2459 651 2782 720 profanaque
2801 650 3100 705 eruditione
3120 649 3519 705 refertiSsimus.

1948 743 2090 800 Inter
2142 742 2242 797 alia
2300 757 2418 812 quae
2468 742 2692 811 plurima
2746 743 2950 807 edidit,
3010 742 3282 797 BenediCti
3322 744 3527 798 abbatis

1948 832 2270 887 Anianensis
2302 831 2621 900 [tegularum
2656 833 3010 897 Concordiam
3055 832 3251 902 publici
3293 834 3425 902 juris
3458 834 3527 891 fe-

1950 926 2042 987 cit,
2076 938 2231 993 quam
2261 924 2327 979 ad
2368 926 2546 993 plures
2568 938 2699 979 mss.
2731 925 2943 980 codices
2969 924 3145 994 exegit
3181 934 3236 979 et
3274 927 3408 977 notis
3436 937 3530 979 ex-

1953 1018 2313 1088 quisitissimis
2341 1018 2652 1073 illustravit.
2686 1018 2802 1085 Quo
2828 1033 2893 1073 ex
2923 1018 3067 1072 fonte
3097 1020 3385 1071 hauserunt
3415 1018 3529 1086 qui.

1953 1127 2161 1180 cunque
2195 1113 2448 1167 momenti
2479 1110 2707 1180 alicujus
2747 1125 2883 1179 opus
2920 1110 3133 1180 aliquod
3164 1110 3215 1164 in
3242 1111 3531 1165 Benedicti

1957 1218 2073 1256 nam
2100 1202 2356 1274 Regulam
2391 1212 2509 1271 post
2533 1217 2652 1258 eum
2698 1203 3074 1271 scripserunt:
3127 1203 3355 1257 maxime
3408 1215 3533 1257 vero

1957 1297 2179 1351 Carolus
2203 1296 2468 1363 Cointius,
2501 1295 2731 1351 Oratorii
2761 1297 2968 1350 Domini
3002 1295 3126 1351 Jesu
3157 1297 3455 1366 presbyter,
3478 1297 3531 1350 in

1957 1389 2418 1444 observatiOnibus
2458 1390 2524 1444 ad
2566 1389 2805 1445 eamdem
2838 1388 3125 1459 Regulam,
3158 1405 3313 1459 quam
3344 1389 3394 1442 in
3428 1394 3534 1442 An-

1961 1484 2158 1537 nalium
2192 1484 2677 1540 ecclesiasticarum
2702 1485 3025 1541 Francorum
3057 1494 3201 1540 torno
3232 1485 3249 1539 l
3278 1486 3534 1557 integram

1960 1577 2201 1634 inseruit.
3423 1586 3436 1601 '

2033 1670 2348 1725 Benedictus
2379 1674 2507 1724 vero
2556 1668 2867 1734 llael‘tenns,
2919 1669 3310 1740 Afﬂigeniensis
3353 1686 3539 1726 mona-

1964 1763 2111 1819 sterii
2165 1764 2504 1831 praepositus,
2560 1763 2609 1817 in
2659 1763 2819 1817 rebus
2865 1758 3174 1818 monasticis
3214 1773 3540 1834 qttantopt'rt:

278 1850 337 1907 in
361 1847 615 1916 Regulam
647 1846 702 1903 S.
735 1848 1002 1903 Benedicti
1047 1846 1210 1903 libros
1248 1848 1556 1913 duodecim;
1608 1866 1743 1919 quos
1784 1860 1859 1901 ta-
1894 1860 1935 1918 Β
1966 1863 2206 1906 versatus
2262 1852 2453 1918 fuerit,
2507 1851 2734 1929 probant
2785 1850 3063 1909 duodecim
3127 1856 3540 1909 tuonastirarutn

283 1953 404 1992 men
439 1954 541 1991 non
574 1950 785 1993 exstare
816 1941 1009 1994 asserit
1038 1939 1285 1994 Nicolaus
1332 1939 1532 1995 Bravus
1556 1981 1571 2005 ,
1618 1941 1859 2010 ejusdem

282 2031 708 2099 congregationis
730 2030 892 2084 abbas
920 2032 1225 2086 monasterii
1252 2031 1437 2100 Olivzn,
1465 2033 1517 2086 in
1549 2034 1690 2086 notis
1722 2032 1864 2088 litte-

283 2122 484 2176 ralibus
512 2166 524 2182 .
572 2139 706 2193 quas
749 2140 845 2192 pro
887 2125 1114 2191 genuina
1168 2124 1380 2195 Regulae
1431 2126 1772 2191 intelligentia
1812 2134 1866 2181 et

283 2214 626 2271 conscientia:
667 2216 987 2285 obligatione
1018 2217 1156 2284 typis
1200 2217 1470 2271 mandavit
1518 2217 1682 2271 Olivze
1726 2233 1867 2271 anno

285 2304 445 2368 1648,
477 2320 581 2358 una
611 2319 730 2358 cum
764 2304 974 2359 Lacinia
1006 2306 1264 2361 adversus
1293 2306 1513 2363 Joannis
1540 2307 1868 2363 Caramuelis

284 2396 493 2464 piacita.

359 2488 433 2541 Ex
460 2487 877 2559 congregatione
897 2504 1023 2543 vero
1056 2488 1430 2545 Vallisoletana
1453 2490 1587 2547 duos
1612 2491 1869 2547 habemus

287 2584 591 2652 superiores
614 2583 914 2652 generales,
942 2597 1162 2651 quorum
1197 2600 1330 2638 unus
1358 2584 1563 2649 Latine,
1584 2585 1718 2639 alter
1745 2586 1866 2641 llis-

291 2679 476 2746 panice
521 2678 734 2745 scripsit
780 2679 830 2730 in
883 2677 1137 2745 Regulam
1204 2678 1259 2732 S.
1323 2678 1615 2734 Benedicti.
1663 2679 1870 2735 Primus

290 2771 550 2827 Antonius
584 2768 867 2832 Perezius,
901 2770 988 2837 qui
1036 2779 1219 2836 postea
1252 2770 1348 2824 fuit
1397 2770 1718 2840 Urgelleusis
1758 2772 1869 2840 epi-

290 2876 482 2928 stopns
510 2875 571 2913 ac
600 2861 934 2927 postmodum
959 2859 1393 2928 archit-piscorns
1416 2861 1870 2929 Tarraconensis;

290 2954 555 3006 secundus
584 2950 888 3021 Alpltonsus
918 2953 984 3006 de
1013 2951 1389 3019 San-Vitorcz,
1439 2954 1519 3008 vir
1552 2971 1656 3009 non
1696 2957 1871 3026 exigui

293 3047 421 3101 tueri
434 3064 438 3091 :
453 3045 486 3096 i.

367 3136 627 3205 Denique,
661 3147 717 3191 ut
748 3139 931 3205 paucis
964 3137 1259 3203 absolvam,
1290 3153 1714 3196 commemorare
1744 3142 1871 3196 nihil

1972 1932 2423 2012 Disquisitionnnt
2470 1944 2627 2012 libri,
2682 1960 2833 2015 popus
2900 1946 3159 2013 imprimis
3221 1945 3541 2001 laudandum

1969 2041 2021 2087 et
2064 2034 2218 2100 utile,
2268 2034 2351 2088 cui
2404 2034 2657 2088 nonnulla
2708 2034 2752 2088 si
2802 2034 3097 2089 detraxeris
3148 2038 3539 2099 correxerisve,

1971 2118 2151 2179 nescio
2191 2140 2257 2178 an
2286 2127 2627 2195 praestantius
2663 2124 2860 2196 aliquid
2892 2126 2945 2179 iu
2977 2127 3032 2183 S.
3070 2127 3337 2197 Benedicti
3374 2128 3546 2198 Regu~

1968 2221 2073 2272 lam
2117 2219 2386 2286 exquiras.
2437 2219 2619 2274 Edidit
2664 2221 2882 2288 insuper
2910 2223 3347 2277 commentarium
3384 2223 3433 2276 in
3467 2226 3547 2276 vi-

1973 2321 2080 2365 tam
2114 2310 2169 2366 S.
2204 2311 2493 2375 Benedicti,
2525 2321 2578 2365 et
2622 2312 2723 2366 alia
2774 2329 2879 2365 non
2910 2328 3095 2382 pauca,
3124 2330 3241 2383 qua:
3285 2313 3549 2369 sinceram

1974 2404 2225 2468 pietatem
2255 2417 2353 2457 nec
2384 2404 2653 2472 vulgarem
2684 2403 3035 2458 eruditionem
3062 2420 3125 2459 ex
3147 2420 3300 2473 aequo
3327 2408 3550 2474 spirant.

1975 2492 2104 2558 E,us
2141 2494 2540 2564 Disquisitiones
2581 2496 2901 2549 monaSticas
2941 2496 3257 2566 compendio
3308 2498 3553 2552 redactas

1974 2586 2223 2654 Augustm
2251 2584 2644 2639 Vindelicorum
2670 2585 2805 2655 typis
2834 2585 3076 2640 mandari
3102 2587 3307 2662 curavit
3332 2587 3554 2641 Carolus

1974 2677 2276 2746 Stengelins
2306 2677 2468 2731 abbas
2500 2678 2850 2740 Anhusanns.
2883 2677 3032 2746 cujus
3062 2680 3295 2747 epitome
3327 2682 3387 2734 iis
3420 2697 3553 2749 pra»,-

1975 2769 2162 2823 sertim
2207 2768 2453 2823 sufﬁcere
2499 2777 2696 2837 posset.
2742 2769 2932 2837 quibus
2973 2784 3067 2837 per
3114 2771 3279 2824 otium
3337 2772 3556 2827 minime

1978 2870 2130 2914 vacat
2157 2860 2387 2928 prolian
2420 2859 2661 2913 llaefteni
2688 2861 3082 2917 lucubrationes
3110 2865 3348 2919 studiose
3382 2867 3555 2933 perle-

1978 2965 2124 3019 gere.
2168 2948 2327 3004 Vivos
2369 2950 2788 3020 superStitesque
2842 2950 3054 3021 Regula:
3112 2964 3558 3009 commentatores

1980 3041 2192 3095 silentio
2227 3042 2633 3108 praetermittere
2660 3045 2868 3096 animus
2912 3044 3037 3108 fuit,
3081 3060 3148 3098 ne
3177 3047 3294 3114 quis
3335 3044 3555 3099 forsitan

1977 3142 2163 3183 eorum
2200 3128 2349 3182 fami:
2375 3129 2455 3184 vel
2487 3129 2758 3183 modestia:
2787 3144 2889 3184 non
2922 3132 3049 3185 satis
3077 3146 3104 3184 a
3140 3148 3225 3187 me
3255 3135 3556 3188 consultum

293 3228 818 3300 juvalTheobaldum
843 3228 1138 3292 Arlaldum,
1166 3228 1378 3285 Pelrum
1404 3231 1732 3301 Crespeljum
1758 3235 1874 3288 Cm.
1904 3241 1950 3304 ρ
1981 3221 2331 3275 exiStimaret.
2366 3219 2469 3274 Sed
2513 3235 2688 3288 neque
2724 3222 3001 3276 όρῐωιειοε
3052 3239 3237 3277 omnes
3285 3226 3366 3278 llic
3406 3242 3433 3277 a
3474 3243 3559 3277 lllt:

295 3324 538 3387 lestinos,
567 3333 621 3377 et
651 3320 928 3377 Mattltiam
956 3321 1298 3377 Lambertum
1325 3323 1576 3379 Alliensis
1603 3335 1872 3381 monaste-

298 3417 361 3477 rii
394 3415 656 3481 priorem,
690 3416 778 3485 qui
826 3424 935 3470 tres
983 3415 1199 3485 Regulae
1245 3415 1478 3471 Gallicas
1517 3418 1878 3485 expositiones

296 3509 605 3575 ediderunt;
630 3523 728 3565 nec
754 3524 858 3563 non
882 3516 937 3564 et
958 3508 1215 3563 Joannem
1247 3509 1594 3577 Bertbelium,
1617 3510 1875 3566 Joannem

296 3599 739 3667 (Iraesbreckum,
790 3600 1178 3656 Columbanum
1233 3601 1493 3657 Urancem
1525 3645 1539 3668 ,
1594 3603 1879 3673 pluresque

300 3693 454 3759 alios,
485 3707 709 3761 quarunt
755 3692 1054 3761 catal‘ogum
1106 3692 1272 3747 texuit
1318 3692 1637 3748 Benedictus
1669 3693 1879 3749 llaefte-

301 3800 397 3849 nus
446 3784 497 3836 in
551 3782 1017 3853 Disquisitionibus
1065 3784 1395 3839 monasticis.
1443 3785 1701 3841 Joannem
1751 3802 1879 3840 vero

298 3879 661 3931 tiaramuelem
708 3877 846 3946 quod
898 3878 1122 3943 attinet,
1172 3878 1382 3933 tametsi
1427 3879 1706 3949 aliquoties
1762 3878 1880 3949 ejus

300 3968 462 4022 verba
489 3968 829 4037 protulimus,
866 3978 1068 4022 tantum
1098 3968 1250 4024 abest
1278 3977 1333 4023 nt
1355 3969 1506 4024 nobis
1537 3973 1880 4025 commenda-

301 4070 402 4121 tur,
434 4061 560 4128 quin
593 4060 768 4124 potius
796 4059 941 4113 omni
965 4060 1233 4114 oblivione
1254 4061 1446 4131 dignus
1475 4063 1737 4119 videatur.
1763 4064 1879 4119 Alia

300 4161 379 4203 est
402 4151 534 4203 ratio
564 4150 786 4206 Gerardi
819 4151 992 4222 Belga:
1030 4153 1316 4222 monachi,
1349 4156 1499 4225 cujus
1529 4158 1670 4226 pium
1713 4157 1878 4210 devo-

302 4251 519 4310 tumque
562 4242 1060 4297 commentariolum
1110 4259 1228 4297 cutn
1281 4246 1421 4298 notis
1462 4247 1627 4301 edidit
1669 4245 1881 4304 Gabriel

302 4334 586 4401 Bucelinus
614 4334 665 4388 in
699 4336 1028 4389 monasterio
1058 4335 1114 4391 S.
1146 4335 1306 4389 Galli.
1355 4335 1536 4406 Neque
1579 4338 1738 4393 etiam
1786 4354 1879 4392 sua

303 4425 459 4481 laude
486 4425 800 4504 privandum
832 4426 1080 4481 existimo
1104 4424 1370 4481 Julianum
1402 4426 1740 4483 Warnerium
1764 4431 1882 4484 stri-

302 4516 484 4572 etioris
514 4517 867 4579 observantia:
893 4516 1268 4586 Cisterciensis
1292 4519 1410 4573 ord.
1438 4520 1763 4589 generalem,
1788 4534 1878 4574 cu-

1980 3320 2428 3363 commemoratos
2486 3309 2652 3365 fuisse
2710 3310 2962 3378 afﬁrmo,
3018 3328 3244 3383 qnormn
3302 3316 3559 3383 plurimos

1981 3402 2275 3470 praesertim
2312 3418 2469 3458 manu
2506 3412 2757 3458 exaratos
2794 3419 2974 3459 curam
3003 3407 3434 3478 diligentiamque
3464 3426 3560 3464 no-

1979 3505 2144 3549 stram
2168 3496 2364 3567 fugisse
2387 3512 2490 3553 non
2518 3498 2770 3555 difﬁteor.

2053 3588 2129 3642 Ex
2168 3587 2251 3642 his
2287 3589 2534 3644 omnibus
2563 3591 2975 3671 commentarios
3001 3606 3093 3645 sex
3125 3594 3358 3647 nondum
3389 3594 3561 3648 editos

1982 3693 2105 3737 ante
2137 3684 2341 3753 aliquot
2369 3701 2536 3740 annos
2566 3689 2703 3758 typis
2731 3688 2985 3742 mandare
3022 3690 3346 3757 cegitaverat
3377 3703 3560 3745 noster

1980 3772 2334 3849 Mahillonius,
2349 3786 2402 3831 et
2418 3792 2479 3831 ex
2495 3776 2599 3831 illis
2612 3778 2915 3832 continuam
2930 3788 2979 3833 et
2992 3784 3138 3848 quasi
3153 3796 3313 3837 eoncu
3325 3792 3557 3840 tenatam

1980 3862 2198 3934 Regula:
2225 3869 2724 3921 commentationem
2756 3867 2951 3923 facere.
2988 3869 3180 3924 Verum
3207 3889 3324 3927 cum
3358 3891 3442 3927 me
3466 3878 3549 3929 ali-

1980 3955 2105 4024 quid
2138 3956 2186 4009 itt
2217 3956 2473 4028 Regulam
2497 3956 2553 4011 S.
2575 3957 3102 4033 Benedictimeditari
3129 3965 3397 4031 rescisset,
3426 3969 3560 4038 ipse,

1980 4046 2273 4116 majoribus
2302 4058 2355 4102 et
2384 4048 2681 4104 utilioribus
2710 4056 3021 4125 occupatus,
3042 4067 3227 4110 auctor
3250 4054 3344 4112 fuit
3374 4072 3427 4113 ut
3452 4064 3559 4115 sal-

1983 4145 2088 4190 tem
2136 4137 2347 4191 illorum
2380 4142 2716 4195 concordiam
2764 4124 3272 4214 satageretn‘edere.
3324 4150 3375 4204 id
3418 4154 3558 4222 quod

1983 4242 2087 4287 tam
2115 4249 2179 4289 ex
2210 4234 2317 4290 illis
2346 4252 2502 4305 quam
2533 4252 2601 4292 ex
2651 4239 2808 4294 editis
2846 4230 3000 4312 longe
3045 4243 3305 4315 pluribus,
3337 4247 3560 4318 aliisque

1981 4326 2219 4395 probatis
2250 4329 2555 4384 auctoribus
2605 4331 2898 4387 innumeris
2942 4339 3009 4389 ita
3043 4351 3293 4405 praestare
3330 4353 3553 4397 collatus

1982 4433 2123 4487 sum,
2156 4429 2214 4474 ut
2238 4422 2490 4492 quidquid
2518 4424 2568 4478 in
2596 4424 2908 4495 ltisalienjus
2929 4414 3178 4485 momenti
3201 4433 3477 4500 existeret,
3504 4437 3557 4490 in

1984 4508 2085 4564 hoc
2115 4526 2219 4565 uno
2262 4516 2649 4568 commentario
2690 4526 2875 4571 nostro
2920 4534 3054 4587 pene
3095 4529 3261 4575 totnnt
3309 4538 3562 4593 compre-

302 4608 384 4681 ius
417 4622 607 4677 punior
635 4609 896 4669 Gallicum
925 4610 1120 4665 librum
1151 4611 1224 4666 De
1247 4611 1461 4680 antiqua
1484 4613 1631 4680 ρι-ειχί
1666 4613 1880 4683 Regula,
1911 4616 1959 4673 ι)
1986 4601 2295 4658 henderem.
2351 4604 2447 4658 llis
2487 4606 2733 4661 omnibus
2780 4608 2958 4664 addidi
3012 4613 3215 4681 praxim
3268 4616 3476 4684 qualem
3513 4618 3563 4670 in

301 4704 357 4754 8.
391 4701 691 4779 Benedicti,
726 4701 943 4770 Parisiis
985 4717 1123 4755 anno
1156 4694 1292 4757 1655
1342 4703 1679 4772 impressum,
1731 4720 1876 4757 com-

304 4797 619 4847 ntenlariutn
652 4795 868 4863 insuper
896 4796 947 4848 in
980 4794 1225 4849 eamdem
1253 4792 1506 4865 Regulam
1551 4794 1680 4849 citat
1717 4794 1877 4847 Julia-

304 4897 403 4950 nus
431 4882 685 4952 Parisios,
716 4885 877 4955 abbas
910 4885 1155 4945 Fulcardi
1180 4884 1393 4939 Montis.
1411 4885 1516 4940 Sed
1541 4900 1711 4955 neque
1732 4883 1880 4939 Pauli

306 4974 579 5043 Adggttstini
611 4991 641 5028 a
670 4975 845 5045 lanna,
870 4976 1297 5048 congregationis
1330 4976 1668 5040 Cassinensia
1696 4992 1881 5029 mona-

274 5108 277 5113 .
304 5066 408 5127 citi,
436 5065 523 5135 qui
550 5065 789 5122 eamdem
817 5065 1070 5136 Regulam
1104 5067 1168 5122 ad
1199 5083 1324 5122 mss.
1354 5066 1701 5123 Cassinenses
1731 5081 1881 5122 reco-

304 5166 492 5224 gnowt
532 5166 587 5212 et
625 5156 948 5213 doctissimis
979 5161 1117 5212 notis
1146 5158 1462 5224 exornavit,
1496 5173 1629 5227 opus
1672 5173 1887 5226 prorsus

305 5249 662 5312 spernendum
729 5247 966 5320 videtur.
1035 5249 1125 5302 llis
1180 5249 1429 5303 onmibus
1491 5250 1625 5304 duos
1680 5250 1886 5302 exteris

308 5338 463 5402 longe
492 5338 895 5406 anteponendos
920 5338 1136 5408 adjicio,
1169 5338 1439 5409 llugonem
1474 5339 1804 5403 Menardum,
1832 5350 1886 5394 ct

311 5427 651 5485 Benedictum
707 5429 1020 5483 llael‘tenum
1046 5473 1061 5494 ,
1098 5430 1241 5482 viros
1272 5441 1469 5483 teterua
1516 5430 1772 5483 memoria
1804 5429 1885 5482 di-

306 5534 457 5586 gnos.
494 5518 701 5573 Printns
749 5534 815 5574 ex
860 5523 1123 5575 monacho
1166 5521 1223 5575 8.
1276 5518 1510 5589 Dionysii
1541 5523 1592 5573 in
1634 5519 1880 5583 Francia,

308 5617 425 5661 zelo
466 5612 749 5665 striettoris
779 5614 1134 5667 observantiae
1184 5614 1579 5683 congregationi
1624 5615 1682 5669 8.
1719 5615 1879 5668 Mauri

310 5704 443 5750 tiaus
475 5715 667 5755 nomen
690 5742 705 5767 ,
737 5703 1032 5757 doctrinam
1065 5720 1184 5757 cum
1238 5706 1431 5771 pietate
1473 5707 1540 5761 ita
1574 5706 1878 5776 cnnjunxit.

312 5804 363 5861 ut
389 5806 491 5845 non
515 5793 682 5847 solum
709 5796 844 5851 inter
870 5798 1032 5861 perl'et
1054 5798 1282 5853 tissimus
1307 5815 1462 5853 mena
1498 5800 1611 5855 ticu:
1636 5810 1752 5855 Hzt:
1776 5803 1882 5853 ru!-

1986 4696 2217 4764 antiquis
2247 4700 2629 4753 monachorum
2663 4700 2878 4770 regulis,
2903 4705 3276 4761 vetuStissimis
3303 4710 3565 4763 recentio-

1986 4788 2239 4858 ribusque
2290 4790 2655 4845 coenobiorum
2707 4794 2953 4861 statutis,
3001 4799 3470 4855 consuetudinibus
3513 4812 3567 4856 et

1980 4881 2274 4941 ordinariis
2303 4883 2419 4936 sive
2447 4896 2606 4938 manu
2655 4887 2886 4941 exaratis
2931 4890 3043 4944 sive
3092 4889 3387 4961 impressis,
3426 4906 3480 4948 et
3512 4897 3564 4949 in

1988 4972 2148 5027 variis
2176 4983 2483 5030 sanctorum
2517 4977 2648 5031 actis
2675 4991 2737 5033 ac
2767 4977 3003 5034 historiis
3043 4980 3439 5053 deprehendere
3469 5002 3568 5057 po-

1934 5120 1937 5121 ν
1990 5064 2084 5117 tui.
2115 5065 2226 5131 Qua
2257 5066 2308 5120 in
2363 5080 2420 5120 re
2461 5068 2504 5121 si
2536 5068 2660 5137 quid
2690 5072 2864 5126 erravi
2909 5072 3068 5144 (quod
3113 5085 3196 5129 est
3228 5060 3561 5149 humanum),

1991 5167 2084 5210 aut
2131 5157 2267 5213 forte
2302 5160 2562 5213 incautius
2592 5162 2808 5227 excidit,
2863 5165 3119 5221 candidos
3170 5168 3395 5223 lcetores
3442 5185 3565 5238 pre-

1990 5266 2119 5321 cor,
2178 5264 2233 5306 ut
2284 5269 2380 5322 pro
2437 5268 2530 5308 Sua
2578 5254 2905 5325 benignitate
2958 5264 3186 5328 peccatis
3230 5262 3564 5331 indulgeant,

1990 5345 2209 5399 mendas
2240 5348 2503 5415 eorrigant
2537 5357 2590 5401 et
2627 5350 2934 5416 emendent,
2968 5361 3209 5421 paratum
3240 5370 3325 5408 me
3354 5370 3567 5424 semper

1990 5441 2299 5495 inventuros
2352 5444 2579 5496 certiora
2609 5442 2925 5501 docens’bus
2953 5448 3131 5500 statim
3174 5458 3228 5503 et
3274 5464 3341 5503 ex
3385 5450 3566 5504 animo

1986 5544 2312 5585 Cttttscttilrtt.

2063 5617 2304 5684 Denique
2323 5628 2381 5671 ut
2406 5619 2460 5669 in
2480 5617 2582 5670 hoc
2611 5632 2773 5685 opere
2799 5617 2926 5669 nihil
2955 5617 3099 5685 quod
3124 5632 3301 5672 meum
3320 5632 3438 5675 erat
3459 5624 3556 5677 tle-

1992 5709 2218 5762 siderari
2246 5720 2451 5778 posset,
2487 5720 2685 5763 sancta:
2728 5708 2940 5777 Regnlm
2977 5717 3177 5761 textum
3206 5712 3271 5763 ad
3303 5727 3434 5765 mss.
3466 5732 3559 5765 co-

1990 5801 2138 5855 dices
2162 5803 2417 5870 plurimos
2435 5804 2721 5857 emendare
2741 5803 2943 5863 studui,
2966 5817 3014 5851 tn
3038 5816 3199 5856 tvxme
3219 5805 3279 5858 a'd
3306 5810 3556 5859 vetustis-
