3960 6178
351 285 455 340 215

1712 283 2231 342 PROLECOMENA.

3501 284 3602 337 ΞΗ

347 404 540 457 simum
568 401 802 457 omnium
834 410 958 455 ante
1005 416 1171 456 annos
1218 403 1357 459 mille
1412 401 1704 455 uncialibtts
1736 404 1926 456 litteris
1953 408 2002 463 Α
2032 404 2123 457 ιίιη
2164 412 2219 458 et
2255 402 2547 472 Smaragdo
2596 402 2953 458 Floriacensis
3003 400 3333 464 monasterii,
3377 415 3603 470 quorum

349 494 631 558 scriptum,
661 491 812 561 enjus
842 493 1016 547 varias
1034 493 1299 547 lectiones
1329 509 1392 548 ex
1424 493 1741 547 bibliotheca
1785 491 1922 546 Bod-

340 586 541 651 leiana,
571 601 689 653 qna:
715 596 793 639 est
821 586 1010 641 Oxonii
1052 585 1104 641 in
1142 584 1349 655 Anglia,
1400 586 1692 639 transmisit
1720 585 1785 638 ad
1828 599 1923 638 no-

346 686 514 728 strum
564 676 922 730 Nobiliori-ium
960 676 1017 729 ι’.
1047 676 1131 731 Cl.
1178 676 1459 732 Eduardus
1501 674 1815 740 Bernardus,
1869 683 1925 730 et

355 768 420 821 ad
454 768 853 824 Narlwnenseiu
903 778 1026 823 art-te
1069 783 1236 823 annos
1284 778 1579 838 nongentos
1620 776 1917 832 exaratum,

344 861 493 931 cujus
518 863 689 917 varias
720 863 844 918 item
876 863 1152 928 lectiones,
1183 863 1257 917 uti
1283 870 1336 917 et
1361 861 1579 917 alterius
1608 859 1920 916 monasterii

344 951 401 1007 8.
430 954 611 1007 Sabini
645 954 983 1009 Tarbeiensis
1013 969 1275 1011 annorum
1305 963 1687 1010 sexcentarum
1710 950 1923 1020 excepit

346 1056 528 1098 noster
568 1045 819 1101 Claudius
864 1047 1263 1116 Stephanotius.
1295 1046 1444 1100 Alios
1495 1046 1653 1101 etiam
1690 1046 1921 1115 quinque

345 1139 608 1201 coiisului,
639 1154 829 1207 nempe
855 1139 989 1193 duos
1022 1140 1348 1197 Parisienses
1376 1140 1431 1197 8.
1457 1139 1706 1197 Germani
1734 1154 1763 1191 a
1792 1137 1920 1191 Pra-

351 1229 436 1291 lis,
480 1232 695 1283 tertium
749 1231 805 1285 8.
862 1228 1094 1285 Cornelii
1148 1229 1625 1297 Compendien‘is,
1678 1236 1918 1297 quartum

348 1318 403 1371 8.
449 1318 586 1373 Petri
626 1319 988 1386 Conchensis,
1031 1320 1273 1388 quintum
1317 1322 1379 1373 Β.
1423 1319 1597 1373 Maris
1646 1318 1918 1388 Lyreusis.

348 1408 593 1463 Sub-idin
619 1427 825 1481 quoque
850 1412 1063 1466 fuerunt
1086 1413 1237 1467 relati
1270 1426 1300 1464 a
1332 1414 1555 1465 vetustis
1593 1418 1921 1464 comment:-

349 1504 550 1558 toribus
576 1520 743 1561 sacra:
769 1503 981 1574 Regini-.12
1010 1515 1211 1572 textus,
1242 1507 1307 1561 ab
1330 1506 1642 1561 l‘lildemaro
1687 1519 1917 1576 praeser-

2027 495 2368 550 cbaracteres
2382 493 2449 548 ad
2471 509 2639 549 annos
2665 494 2943 550 minimum
2966 495 3301 562 octingentos
3322 492 3601 547 accedunt.

2026 588 2229 655 Quibus
2258 588 2445 657 prurire
2480 586 2663 642 debuit
2710 586 2980 641 Benedicti
3029 585 3234 640 abbatis
3283 581 3608 639 Anianensis

2026 678 2321 734 Concordia
2349 677 2690 749 Regularum.
2737 679 2845 734 Nec
2872 678 3087 747 insuper
3114 676 3294 730 haberi
3323 676 3493 729 visum
3516 685 3598 727 est

2026 773 2270 843 antiquas
2312 773 2591 839 editiones,
2626 771 2881 828 Venetam
2913 770 3038 825 anni
3067 769 3203 826 “89
3238 778 3292 825 et
3334 769 3602 824 Parisien-

2025 878 2159 930 sem,
2192 865 2429 934 aliasque
2457 864 2779 920 recentiores
2806 864 3045 919 Balduini
3097 863 3330 926 Moreau,
3364 860 3602 928 Hugouis

2028 956 2285 1026 Menardi,
2344 955 2612 1013 Benedicti
2657 956 2922 1023 Haefteni,
2956 966 3008 1012 et
3037 956 3182 1011 Pauli
3233 955 3509 1025 Augustini
3568 970 3596 1006 a

2026 1048 2193 1103 Janua
2247 1046 2535 1103 Cassinatis
2584 1048 2864 1113 monachi;
2898 1046 3039 1118 quod
3087 1047 3187 1117 ipsi
3230 1045 3485 1116 Regulam
3533 1046 3599 1099 ad

2029 1142 2210 1212 plures
2236 1141 2452 1196 codices
2489 1156 2618 1195 mss.
2646 1140 3054 1211 diligentissime
3075 1140 3406 1194 correxerint
3432 1155 3443 1190 :
3470 1153 3618 1206 quo-.

2028 1250 2143 1290 rum
2176 1243 2279 1288 tam
2302 1233 2561 1289 editiones
2589 1248 2745 1303 quam
2771 1233 3038 1285 variantes
3082 1230 3342 1285 lectiones
3373 1244 3477 1281 non
3511 1241 3603 1296 pa-

2027 1342 2143 1380 rum
2192 1326 2325 1381 lucis
2364 1336 2416 1380 et
2446 1325 2732 1395 adjnmenti
2778 1324 3061 1379 conatibus
3110 1322 3243 1375 meis
3290 1320 3600 1377 attulerunt.

2030 1416 2152 1472 “me
2180 1416 2361 1488 paucis
2388 1416 2617 1471 lectores
2649 1412 3055 1484 prtemoncndos
3085 1410 3401 1466 existimavi.

352 1637 3575 1661 W

1264 1766 1973 1851 TESTIMONIA
2083 1763 2678 1849 VETERUM

1324 1967 1437 2030 DE
1480 1969 1848 2031 REGULA
1893 1968 1954 2028 S.
2001 1969 2065 2028 P.
2108 1966 2623 2030 BENEDICTI.

419 2259 647 2315 Estibro
686 2275 721 2314 ιι
752 2257 1085 2331 Dialogorum
1114 2257 1175 2316 S.
1218 2258 1449 2331 Gregorii
1476 2276 1655 2332 paper,
1684 2276 1729 2313 c.
1759 2259 1848 2315 56.
1955 2259 2003 2318 Β
2030 2259 2262 2332 spiratus
2289 2271 2521 2332 cpnsona
2554 2260 2725 2332 sacris
2754 2259 3129 2332 Scripturis‘et
3154 2261 3379 2317 aliorum
3401 2262 3590 2317 ortho—

419 2373 529 2429 Hoc
554 2383 731 2429 autem
767 2373 891 2444 nolo
941 2383 992 2430 te
1016 2374 1209 2436 lateat.
1256 2374 1398 2444 quod
1428 2375 1507 2429 vir
1540 2374 1628 2431 Dei
1663 2375 1912 2443 (Benedi-

354 2446 485 2512 ctus)
514 2445 655 2500 inter
694 2455 771 2498 tot
817 2443 1072 2499 miracula
1125 2443 1317 2509 quibus
1360 2444 1413 2498 in
1452 2446 1652 2499 mundo
1700 2446 1911 2508 claruit,

355 2516 603 2571 doctrinm
631 2530 840 2585 quoque
868 2516 1034 2569 verbo
1062 2530 1169 2571 non
1201 2514 1545 2569 mediocriter
1575 2515 1745 2569 fulsit.
1781 2514 1912 2569 Nam

354 2587 563 2654 scripsit
610 2588 990 2640 monachorum
1042 2586 1300 2655 Regulam
1354 2586 1683 2640 discretione
1724 2587 1914 2653 praeci—

354 2671 524 2723 pnam,
557 2671 805 2710 sermone
830 2655 1171 2711 luculentam.
1212 2658 1377 2721 Cujus
1419 2656 1465 2709 si
1496 2658 1614 2724 quis
1636 2656 1762 2711 velit
1789 2655 1917 2709 sub-

355 2727 493 2797 tilius
524 2742 702 2781 mores
748 2727 1015 2795 vitamque
1044 2741 1368 2797 cognoscere
1388 2770 1402 2791 ,
1432 2736 1605 2797 potest
1626 2726 1675 2780 in
1722 2726 1912 2781 eadem

354 2796 678 2851 institutione
702 2797 914 2865 Regula:
936 2796 1125 2851 Omnes
1151 2797 1441 2865 magisterii
1473 2796 1612 2849 illius
1645 2806 1794 2851 actus
1831 2812 1914 2849 tn-

353 2867 556 2931 venire;
590 2867 710 2936 quia
739 2876 952 2923 sanctus
976 2868 1055 2921 vir
1082 2868 1226 2922 nullo
1258 2868 1419 2921 modo
1445 2869 1613 2935 patuit
1641 2867 1796 2922 aliter
1819 2865 1917 2922 do-

354 2952 468 2993 cere
494 2954 652 3007 quam
674 2939 826 2991 vixit.

354 3050 430 3105 Ea:
453 3053 679 3107 Concilio
696 3050 1136 3123 Augustodunensi
1156 3050 1247 3104 sub
1264 3050 1302 3105 S
1311 3026 1645 3123 .Lrodegario
1661 3068 1794 3106 anno
1813 3051 1917 3111 670

861 3122 1111 3174 celebrato
1127 3161 1140 3183 ,
1173 3138 1287 3174 can.
1312 3121 1397 3174 15.

420 3215 491 3269 Dc
518 3212 800 3267 abbatibus
824 3212 906 3266 vel
933 3211 1205 3265 monachis
1237 3213 1305 3266 ita
1321 3212 1608 3267 observare
1637 3214 1913 3276 convenit,

354 3294 407 3338 ut
426 3284 675 3353 quidquid
703 3282 1004 3337 Canonicus
1030 3282 1195 3353 Ordo,
1225 3285 1304 3337 vel
1332 3283 1531 3352 Regula
1556 3285 1613 3337 S.
1641 3284 1913 3336 Benedicti

354 3352 521 3419 docet,
550 3352 603 3409 et
635 3356 883 3419 implere,
922 3361 975 3406 et
1008 3352 1279 3406 custodire
1315 3355 1364 3406 in
1393 3355 1639 3408 omnibus
1667 3354 1915 3407 debeant.

354 3425 404 3479 Si
434 3428 574 3479 enim
596 3425 709 3477 haec
731 3424 905 3477 omnia
936 3423 1131 3476 fuerint
1164 3424 1393 3489 legitime
1422 3423 1557 3492 apud
1589 3425 1807 3477 abbates
1839 3426 1917 3477 νιιι

353 3498 663 3549 monastrria
686 3502 1017 3556 conservata,
1041 3503 1095 3547 et
1125 3509 1375 3548 nmnerus
1404 3494 1784 3548 monachorum
1812 3495 1921 3547 Deo

352 3567 577 3631 propitio
606 3564 775 3633 augeb
799 3574 903 3629 tur,
936 3572 990 3617 et
1012 3564 1239 3617 mundus
1263 3566 1550 3629 omnisper
1587 3580 1770 3618 eorum
1802 3580 1921 3625 orae

355 3638 526 3691 tiones
553 3635 791 3689 assiduas
821 3635 977 3689 malis
1006 3635 1210 3688 carebit
1238 3637 1516 3703 contagiis.

2025 2330 2283 2454 gqxorum
2314 2327 2527 2385 Patrum
2559 2327 3029 2401 praedicationibus
3057 2330 3111 2385 in
3144 2347 3238 2387 sua
3270 2332 3479 2402 Regula
3518 2333 3572 2388 di

2061 2418 2070 2452 l
2104 2440 2116 2454 .

2061 2418 2116 2454 ιι.

2461 2513 2593 2570 Item
2622 2531 2684 2570 ex
2709 2516 2883 2569 eodem
2906 2515 3153 2570 Comitia.

2091 2629 2148 2683 8.
2178 2628 2408 2695 Spiritus
2439 2643 2533 2697 per
2559 2630 2619 2684 Β.
2653 2629 2995 2700 Benedictum
3026 2629 3214 2685 eodem
3260 2630 3449 2698 spiritu
3478 2647 3590 2700 quo

2015 2710 2085 2827 ea
2092 2703 2236 2826 ﬁniri
2258 2715 2490 2755 canones
2540 2701 2667 2756 editi
2712 2710 2860 2768 sunt,
2908 2699 3167 2771 Regulam
3209 2699 3597 2758 monachorum

2019 2785 2051 2826 e
2091 2786 2103 2825 t
2146 2786 2162 2825 ι
2627 2812 2637 2827 .

2019 2785 2162 2826 emat

2022 2880 2106 2937 Ea:
2126 2882 2341 2954 epistola
2383 2882 2566 2938 Leonis
2593 2883 2969 2952 archiepiscopi
3011 2884 3316 2939 Ravennatis
3366 2886 3436 2940 ad
3485 2886 3598 2941 Du-

2524 2954 2745 3007 raudum
2776 2957 3099 3008 monachum.

2092 3062 2152 3120 S.
2182 3063 2501 3137 Benedictus
2538 3070 2608 3120 ab
2635 3071 2822 3121 eodem
2854 3066 3055 3135 Spiritu
3110 3077 3298 3123 sancto
3344 3070 3593 3137 edoctus,

2021 3148 2141 3189 cum
2164 3149 2224 3191 se
2251 3134 2319 3189 de
2340 3135 2441 3189 hac
2462 3137 2578 3191 luce
2604 3139 2874 3191 revelante
2909 3142 3014 3190 Deo
3043 3138 3245 3192 sciebat
3267 3155 3387 3195 esse
3418 3134 3595 3195 trans;

2023 3206 2241 3277 iturum,
2274 3204 2339 3277 ad
2366 3205 2676 3277 petitionem
2706 3207 2950 3277 discipuli
2980 3208 3065 3261 sui
3104 3209 3293 3275 Mauri,
3325 3210 3462 3265 hanc
3486 3211 3590 3266 Re-

2021 3276 2198 3350 gulam
2225 3276 2532 3350 suis‘beatis
2558 3278 2822 3350 manibus
2877 3277 3207 3345 describens,
3239 3281 3395 3350 eique
3427 3282 3589 3334 tradi-

2024 3347 2134 3471 ειίιί³
2156 3356 2212 3399 nt
2238 3345 2471 3470 p‘erfecte
2493 3349 2655 3402 sciret
2678 3348 2906 3415 qualiter
2931 3362 2990 3403 se
3024 3364 3259 3421 suosque
3290 3345 3584 3421 discipulos

2026 3431 2094 3470 nu
2138 3432 2263 3471 uere
2290 3456 2304 3469 .

2026 3431 2304 3471 imbueret.

2629 3530 2759 3586 Item
2796 3532 2979 3588 ibidem

2099 3644 2177 3719 Tu
2207 3659 2353 3719 vero,
2373 3643 2725 3719 charissime,
2752 3645 2857 3719 noli
2890 3647 3040 3719 sequi
3072 3646 3414 3719 reprobatum
3456 3645 3600 3719 (sen-

354 3748 433 3803 Ea:
483 3750 547 3803 S.
588 3747 837 3800 Ambrosii
875 3747 1105 3812 Autperti
1137 3746 1264 3799 libro
1299 3744 1372 3799 De
1400 3748 1652 3815 Con/licia
1678 3748 1917 3801 uitiorum
1951 3736 1996 3799 C
2028 3715 2579 3815 §,2le;n§idnirﬂilire

440 3822 489 3873 in
520 3820 622 3887 ﬁne
643 3829 761 3870 tom.
791 3817 854 3871 Vl
881 3833 1091 3884 cperunt
1133 3816 1194 3871 S.
1227 3817 1500 3888 Augustini
1532 3834 1673 3871 nova:
1695 3819 1821 3871 edit.

419 3910 572 3964 Juxta
613 3909 845 3979 regulam
871 3908 1088 3963 Patrum
1132 3909 1311 3964 vivere
1340 3924 1556 3979 semper
1586 3911 1764 3974 stude,
1811 3928 1923 3967 ma-

354 3984 489 4035 xime
533 3989 710 4034 autem
764 3980 1058 4033 secundum
1119 3980 1176 4035 S.
1228 3982 1550 4035 confessoris
1600 3983 1921 4038 Benedicti:

355 4068 453 4105 non
483 4051 721 4105 declines
748 4052 815 4104 ab
838 4066 901 4105 ea
929 4051 980 4103 in
1007 4065 1292 4119 quoquam,
1337 4066 1432 4105 nec
1457 4051 1525 4105 illi
1560 4052 1722 4105 addas
1768 4056 1921 4120 quip-

355 4123 526 4189 piam;
558 4131 724 4175 totum
752 4121 892 4173 enim
923 4122 1060 4189 quod
1103 4122 1295 4175 snllicit
1331 4122 1523 4175 habet:
1564 4122 1721 4191 cujus
1763 4126 1921 4177 verba

355 4203 505 4316 utque
539 4193 760 4262 imperia
787 4200 1079 4246 sectatores
1108 4207 1234 4246 suos
1267 4193 1562 4260 perducunt
1590 4194 1656 4248 ad
1684 4195 1805 4248 cceli
1832 4209 1924 4264 pa-

373 4276 496 4316 ana.
1716 4275 1720 4279 ‘

373 4276 496 4318 atta.
1716 4275 1720 4279 “

360 4353 437 4408 Ex
460 4354 727 4425 Ludovici
742 4353 825 4407 Pii
856 4354 1177 4423 imperatoris
1220 4354 1587 4425 exhortatione,
1603 4355 1671 4406 ad
1706 4352 1923 4425 Eigilem

426 4427 649 4478 abbatem
681 4422 991 4478 Fuldensem
1018 4427 1234 4496 electum
1254 4465 1268 4489 ,
1296 4430 1351 4477 in
1395 4428 1509 4496 ejus
1547 4424 1684 4491 Vita,
1717 4422 1925 4478 auctore

428 4496 677 4561 Candida,
707 4497 893 4549 suacqu
925 4511 977 4547 tv
1008 4494 1223 4559 Bened.,
1259 4506 1391 4562 part.
1418 4494 1464 4549 ἰ.

425 4589 482 4643 8.
515 4590 828 4643 Benedictus
866 4587 1117 4653 Regulam
1156 4588 1538 4642 monachorum
1571 4587 1768 4657 Spiritu
1801 4602 1923 4643 san-

358 4670 439 4713 cto
462 4661 696 4729 repletus
725 4674 845 4714 cum
874 4673 1062 4729 magna
1092 4658 1413 4713 discretione
1438 4659 1777 4727 conscripsit.

815 4772 946 4826 Item
978 4773 1225 4827 excedent
1252 4773 1457 4827 ibidem.

426 4867 676 4934 Regulam
706 4879 831 4919 vero
855 4866 935 4918 vir
960 4864 1051 4918 Dei
1078 4865 1392 4919 Benedictus
1422 4864 1689 4919 luculento
1711 4881 1916 4921 sermo-

357 4937 777 5003 nu-conscripsit,
828 4935 880 4988 in
933 4950 1035 5002 qua
1063 4935 1190 4988 nihil
1220 4935 1477 4988 doctrina:
1507 4937 1743 5000 latentis,
1786 4937 1918 4992 nihil

354 5008 689 5060 obscuritatis
713 5007 1120 5072 comprehendit
1147 5023 1161 5068 ;
1188 5014 1513 5074 quapmpter
1568 5022 1675 5059 non
1724 5008 1921 5076 indiget

355 5078 704 5145 expositione,
730 5077 823 5130 sed
838 5076 1230 5147 admonitione.
1268 5077 1390 5130 Haec
1420 5087 1501 5130 est
1526 5080 1667 5131 enim
1696 5089 1915 5147 angusta

355 5123 512 5215 ῥῖιῖίζ
521 5123 1354 5215 'a'ir'c'ti'aa’s‘as'satis.is;
1364 5123 1915 5203 Eéiiué'i'i'iiub‘éuin‘.
1953 5123 2008 5183 Ῑ)

358 5222 472 5271 tlrnc
517 5233 649 5271 sane
705 5217 755 5271 in
808 5227 1008 5270 tantum
1050 5216 1465 5282 discretionem,
1513 5233 1816 5272 mensuram
1866 5230 1922 5273 et

353 5288 662 5341 cltatilaletn
692 5296 742 5341 te
768 5286 923 5341 docet
951 5288 1146 5341 habere
1167 5328 1181 5347 ,
1237 5297 1291 5340 ut
1320 5288 1482 5341 etiam
1508 5303 1627 5341 cum
1660 5288 1921 5343 cbaritnte

358 5361 594 5413 hortatus
620 5359 915 5426 pnevaleas
940 5358 1054 5426 ipsa
1082 5358 1208 5411 vitia
1242 5373 1507 5421 resecare,
1537 5370 1698 5425 agere
1726 5372 1918 5414 cuncta

360 5442 565 5497 ιιωῃιετ
592 5430 954 5495 pusillanimes
980 5440 1285 5483 mensurate
1302 5469 1318 5495 ,
1343 5429 1725 5484 discretionem
1749 5431 1806 5486 S.
1832 5430 1923 5484 Ja-

358 5503 453 5553 cob
475 5501 712 5553 cogitare
733 5541 747 5563 ,
776 5508 829 5553 et
856 5515 1069 5567 semper
1096 5499 1147 5551 in
1184 5500 1263 5550 his
1295 5501 1545 5554 omnibus
1576 5499 1920 5570 fragilitatem

363 5581 496 5624 tuam
530 5571 836 5637 tibintetipsi
864 5571 929 5622 ad
969 5569 1277 5623 memoriam
1298 5586 1568 5624 revocare.

466 5646 547 5715 Et:
578 5661 807 5715 Concilio
833 5662 1133 5716 Duziacensi
1164 5678 1198 5717 ιι
1222 5701 1235 5726 ,
1259 5662 1507 5717 celebrato
1534 5680 1666 5718 anno
1695 5665 1816 5719 877i.

426 5753 616 5810 Beatus
638 5757 809 5822 grat'ui
854 5764 907 5811 et
930 5757 1139 5812 nomine
1163 5757 1497 5824 Benedictus,
1527 5759 1584 5813 S.
1621 5758 1821 5826 Spiritu
1842 5759 1927 5815 itt-

2028 3786 2313 3840 Benedicto
2335 3786 2533 3839 editam
2551 3827 2564 3848 ,
2599 3801 2629 3839 a
2656 3796 2842 3839 sancto
2868 3788 3057 3855 pioque
3087 3788 3284 3855 Spiritu
3310 3788 3589 3851 dietatatn,

2024 3866 2081 3911 et
2100 3872 2128 3909 a
2153 3858 2407 3923 praaclaro
2436 3856 2655 3909 doctore
2698 3856 2945 3923 pontifice
2989 3871 3197 3910 inmmo
3226 3856 3515 3919 laudatam,
3545 3867 3601 3911 et

2025 3942 2056 3979 a
2080 3925 2327 3994 perfectis
2357 3926 2484 3979 viris
2528 3926 2784 3979 inritatam
2814 3967 2828 3990 ,
2884 3941 3003 3997 qua:
3044 3937 3337 3982 sectatores
3377 3941 3503 3981 suos
3528 3927 3594 3981 ad

2027 4009 2247 4066 regnum
2278 3997 2531 4051 cmloruin
2567 3997 2825 4065 perducit.

2029 4108 2113 4165 Ea:
2138 4108 2340 4164 Joanne
2362 4110 2608 4163 monacho
2638 4111 2691 4163 in
2723 4108 2916 4190 Vitas.
2948 4109 3142 4165 Odonis
3167 4110 3364 4164 abbatis
3392 4110 3602 4166 Clunia-

2719 4197 2902 4235 censis.

2101 4295 2402 4349 Thesauros
2435 4295 2486 4349 in
2518 4295 2731 4363 Regula:
2760 4295 3133 4350 observatione
3165 4294 3392 4350 latentes
3422 4310 3603 4348 mona.

2030 4364 2146 4421 cbis
2172 4365 2493 4431 explicavit,
2542 4368 2852 4434 nullumque
2894 4365 3036 4419 illius
3081 4367 3324 4434 apicem,
3357 4366 3599 4434 prudenti

2031 4436 2414 4502 inconsultum,
2434 4437 2734 4505 proﬁcienti
2757 4435 3021 4500 inutilem,
3045 4436 3285 4490 credenti
3307 4438 3599 4499 ditlicilcm,

2029 4506 2310 4631 smni'tenti
2340 4522 2586 4575 asperum
2614 4521 2767 4572 esse,
2800 4522 2897 4562 suo
2923 4517 2979 4561 et
3020 4507 3309 4561 multorum
3358 4508 3604 4576 exemplo

2067 4586 2229 4631 oetnt.

2067 4578 2229 4631 ocuit.

2030 4694 2114 4749 Ea:
2149 4693 2211 4749 V.
2238 4694 2499 4750 Benedicti
2524 4695 2714 4747 abbatis
2761 4692 3017 4764 Clusensis
3056 4693 3434 4764 exhortatione,
3490 4709 3604 4764 qum

2401 4771 2617 4834 refertur
2643 4768 2694 4817 in
2718 4767 2831 4835 ejus
2865 4761 2993 4816 Vita:
3021 4779 3136 4830 cap.
3160 4762 3215 4815 4.

2101 4877 2435 4946 Quapropter
2463 4875 2647 4929 hortor
2676 4873 3064 4946 fraternitatem
3095 4881 3329 4946 vestram
3362 4881 3421 4926 ut
3442 4882 3607 4946 post-

2032 4943 2230 5015 positis
2270 4946 2586 5016 quibusdam
2644 4943 3114 5016 superstitionibus
3142 4953 3196 4997 et
3238 4944 3494 5016 huinanis
3525 4945 3603 5016 in-

2032 5014 2255 5082 Stitutis,
2280 5014 2397 5087 (tum
2427 5016 2495 5087 ad
2524 5031 2636 5087 rem
2666 5030 2773 5087 non
2799 5014 3083 5087 pertiucut,
3112 5023 3223 5087 eta
3250 5030 3372 5087 vera
3402 5014 3607 5087 religio-

2032 5103 2101 5141 ne
2128 5084 2439 5151 abhorrent,
2471 5085 2686 5153 Regulze
2721 5085 2778 5138 8.
2816 5085 2874 5137 Ρ.
2906 5085 2969 5136 Ν.
3006 5084 3272 5138 Benedicti
3300 5084 3520 5144 studiis,
3555 5084 3605 5138 in

2032 5173 2132 5227 qua
2158 5159 2331 5212 omnis
2354 5157 2660 5225 evangelica
2690 5165 2744 5210 et
2766 5155 3055 5224 apostolica
3096 5155 3349 5224 perfectio
3375 5163 3599 5209 constat

2034 5229 2265 5283 animum
2288 5228 2352 5283 ad
2382 5242 2569 5297 purum
2604 5227 2911 5281 intendatis.

2259 5361 2342 5415 Ea:
2369 5360 2508 5415 Petri
2540 5360 2788 5414 Damiani
2813 5360 3055 5428 opusculo
3084 5360 3166 5424 l5,
3198 5373 3318 5427 cap.
3350 5358 3405 5411 7.

2097 5479 2291 5533 Sancta
2317 5477 2517 5547 Regula
2544 5475 2694 5546 quasi
2724 5475 2895 5544 ampla
2927 5474 3170 5543 quaedam
3202 5487 3367 5540 capax
3404 5479 3460 5526 et
3477 5485 3602 5540 epe-

2031 5550 2172 5604 ciosa
2200 5549 2392 5603 domus
2420 5551 2555 5602 facta
2606 5558 2718 5608 est,
2772 5548 2836 5600 ad
2876 5547 3053 5599 omnia
3096 5548 3367 5597 hominum
3408 5558 3601 5609 genera

2041 5620 2319 5686 capienda,
2348 5634 2539 5686 pueros
2570 5617 2816 5671 videlicet
2840 5625 2890 5669 ct
2918 5630 3095 5678 senes,
3128 5616 3288 5686 fortes
3303 5623 3358 5669 et
3384 5615 3603 5686 debiles.

2041 5685 2321 5747 deliciosos
2348 5685 2402 5747 et
2438 5688 2747 5748 multimoda
2788 5702 2995 5742 morum
3040 5685 3400 5757 inaequalitate
3436 5685 3606 5740 diver-

2040 5776 2126 5816 SDS
2135 5802 2146 5815 .
