3960 6178
302 315 406 385 2:5

378 427 454 491 Ex
479 429 717 503 Gott/ridi
746 432 940 489 abbatis
960 433 1357 503 AVindocinensis
1379 450 1606 490 sermone
1635 435 1696 488 de
1729 434 1787 490 8.

944 501 1237 559 Benedicto.

372 614 606 670 Fuerunt
634 623 755 669 ante
781 622 1020 670 sanctum
1063 615 1408 673 Benedictum
1446 618 1663 671 abbates
1694 627 1744 671 et
1776 617 1866 671 ab—

300 684 481 757 batum
525 685 904 757 institutiones,
936 686 1074 741 sicut
1112 697 1235 741 ante
1280 689 1548 743 Christum
1593 688 1866 757 legislator

302 754 506 809 exstitit
533 756 741 825 Moyses
767 771 781 808 :
813 756 1003 810 bonam
1033 758 1243 825 quidem
1289 771 1342 813 et
1371 773 1606 813 sanctam
1643 754 1868 813 Judaico

305 827 499 896 populo
543 826 750 894 Moyses
790 827 964 880 attulit
1009 826 1216 896 legem;
1266 830 1380 891 sed,
1436 833 1575 884 sicut
1622 830 1867 883 Christus

302 894 605 949 Christiano
634 897 826 963 populo
858 894 1088 952 contulii
1118 900 1413 963 meliorem,
1456 902 1525 953 ita
1566 900 1735 957 Sancti
1768 899 1867 953 viri

302 965 444 1019 illius
480 966 739 1041 temporis
764 968 1054 1041 secundum
1099 968 1275 1023 datam
1308 971 1407 1024 sibi
1438 986 1466 1023 a
1502 970 1610 1025 Deo
1640 969 1866 1041 gratiam

303 1036 683 1107 monachorum
728 1038 869 1105 leges
913 1038 1243 1105 statuerunt;
1278 1042 1369 1095 sed
1414 1041 1571 1095 Pater
1599 1036 1870 1107 et'legiler

306 1118 487 1181 noster
510 1106 850 1181 Benedictus,
879 1110 1012 1181 sicut
1042 1125 1069 1162 a
1092 1111 1211 1181 Deo»
1223 1111 1475 1179 majorem
1504 1111 1725 1181 gratiam
1744 1106 1869 1181 per:

303 1176 583 1251 ee_pit,_ita
615 1179 1103 1251 melioremhlegem
1148 1176 1415 1251 instituit:
1450 1176 1567 1234 nan
1614 1176 1867 1251 quidQuid

251 1246 254 1318 Ῠ
304 1246 376 1299 illi
406 1246 605 1319 -ιῐιὶηυεν
639 1251 719 1301 vel
770 1246 1006 1319 amplius
1032 1250 1328 1319 faciendum
1382 1246 1869 1319 praedixerunt'vel
1910 1276 1913 1279 ·

246 1316 253 1391 ξ
307 1317 418 1369 tieri
447 1318 821 1386 permiserunt,
853 1316 964 1387 ipse
995 1316 1113 1390 post
1136 1320 1257 1375 illos
1281 1316 1533 1376 correxit.

311 1431 394 1485 Ea:
427 1432 489 1488 S.
523 1431 781 1487 Brunonis
816 1434 1102 1506 Signimsis
1140 1436 1362 1506 episwpi
1392 1436 1479 1490 (ib.
1508 1452 1559 1489 vt
1588 1435 1872 1490 Sententia-

779 1522 914 1572 rum,
942 1522 1058 1576 cap.
1084 1505 1139 1572 2,
1165 1505 1316 1559 serm.
1343 1508 1394 1560 4.

375 1618 511 1686 Quid
553 1620 724 1674 dicam
772 1619 839 1675 de
881 1621 940 1675 Β.
975 1620 1283 1689 Benedicto,
1330 1620 1419 1689 qui
1451 1629 1555 1674 tam
1602 1620 1872 1689 egregium

306 1691 460 1762 nobis
488 1699 701 1758 puteum
733 1692 857 1746 fecit
885 1699 1004 1759 (per
1034 1701 1249 1762 puteum
1282 1691 1531 1761 intelligit
1569 1691 1871 1762 Regulam),

305 1761 457 1826 cujus
497 1776 629 1829 aqua
674 1761 1225 1830 saluberrimaiatque
1269 1762 1576 1816 dulcissima
1624 1761 1868 1815 omnibus

304 1831 605 1885 sitientibus
633 1841 687 1887 et
716 1832 899 1887 bibere
937 1834 1237 1887 volentibus
1276 1831 1547 1887 refectioni
1580 1830 1788 1900 proficit
1818 1840 1871 1884 et

304 1902 495 1981 saluti;
526 1902 700 1981 nullus
745 1913 864 1981 post
888 1905 1158 1981 apostolos
1180 1913 1251 1981 _et
1292 1902 1868 1981 evangelistasputeus

307 1972 479 2025 factus
501 1983 582 2026 est
610 1974 697 2043 qui
728 1982 804 2027 t0t
826 1974 1068 2028 homines
1094 1973 1342 2027 satiasset
1367 1982 1420 2027 et
1451 1972 1480 2024 a
1512 1972 1700 2026 mortis
1728 1972 1869 2041 peri-

304 2044 429 2095 culo
454 2043 766 2112 eunetisque
794 2044 984 2098 anima:
1013 2044 1347 2113 passionibus
1371 2043 1667 2099 liberasset.

304 2133 513 2189 Dictum
543 2133 790 2187 Rielmrdi
828 2136 1012 2203 primis
1040 2133 1383 2189 Fontanensis
1412 2135 1466 2188 in
1503 2134 1703 2188 dioecesi
1735 2132 1868 2186 Ebo.

378 2207 597 2271 recensi,
636 2212 853 2259 relatum
899 2206 953 2258 in
989 2204 1206 2271 epistola
1241 2205 1469 2258 Turstini
1505 2204 1870 2272 archiepiswpi

377 2276 717 2413 Egoracenm
767 2278 835 2329 ad
893 2273 1231 2331 Guillelmum
1284 2274 1698 2330 Cantuariensem
1740 2289 1870 2343 pon-

377 2357 414 2399 ti
456 2361 582 2398 cem.

374 2440 639 2509 Quidquid
669 2440 729 2494 Β.
772 2441 1090 2497 Benedictus
1122 2441 1372 2506 instituit,
1404 2440 1473 2497 ita
1504 2449 1670 2495 totum
1696 2438 1866 2505 Spiri-

305 2518 392 2565 tus
429 2512 598 2565 sanrti
641 2512 969 2580 providentia
1014 2514 1329 2566 destinatum
1369 2521 1472 2576 est,
1513 2521 1569 2564 ut
1607 2510 1738 2565 nihil
1766 2509 1870 2564 uti-

303 2583 433 2647 lius,
467 2582 596 2636 nihil
625 2584 879 2648 sanctius,
905 2583 1035 2636 nihil
1059 2582 1260 2638 felicius
1280 2582 1570 2655 exrogitari
1596 2589 1795 2648 posset.

409 2668 493 2723 Ea:
513 2669 741 2724 Guerrici
761 2672 955 2725 abbatis
983 2688 1210 2725 sermone
1234 2672 1267 2727 4
1292 2673 1353 2726 de
1385 2672 1444 2727 S.
1468 2670 1763 2725 Benedicto.

378 2760 589 2831 Moyses
616 2762 681 2813 ad
712 2763 959 2816 duritiam
990 2763 1166 2817 cordis
1189 2764 1493 2817 Judteorum
1513 2764 1657 2818 dedit
1688 2764 1765 2817 eis
1781 2764 1868 2832 ju-

303 2831 648 2887 Slillculitmes
691 2848 794 2889 non
843 2834 1027 2900 licitas,
1080 2846 1272 2899 prreter
1321 2849 1485 2902 pauca
1525 2831 1867 2897 tnui-aliars.

303 2902 620 2955 Benedictus
649 2904 818 2955 solam
852 2905 1127 2974 puritatem
1151 2904 1511 2974 evangelicam
1540 2904 1871 2971 simplicem-

304 2988 406 3037 ilue
437 2987 640 3025 tnorutn
670 2974 884 3025 tradidit
905 2973 1263 3040 disciplinain.
1298 2973 1387 3028 llle
1413 2985 1517 3027 tam
1549 2977 1709 3027 multa
1732 2980 1866 3027 scri-

304 3041 377 3113 bit
404 3042 673 3113 intellectu
714 3043 975 3108 difﬁcilia,
1017 3045 1156 3097 factu
1188 3044 1553 3113 impossibilia,
1595 3047 1677 3098 vel
1711 3045 1869 3098 inuti-

305 3110 403 3172 lia;
439 3112 538 3165 iste
560 3116 909 3168 reetissimatn
942 3115 1062 3167 vitae
1093 3110 1277 3169 scribit
1313 3115 1585 3184 liegutam,
1619 3130 1867 3171 sermone

305 3184 645 3248 luculentam,
678 3184 1001 3239 discretione
1031 3188 1368 3254 prmcipuatn.

305 3302 387 3359 E1:
421 3300 681 3370 Caulfridi
724 3307 910 3363 notarii
962 3306 1022 3361 S.
1061 3305 1313 3361 Bernardi
1354 3322 1413 3359 ac
1459 3315 1632 3371 postea
1677 3307 1871 3361 abbatis

373 3373 763 3430 Clarevallensis
807 3377 1018 3430 homilia
1064 3378 1116 3429 in
1159 3378 1473 3446 evangelium
1505 3377 1642 3432 Ecce
1674 3393 1794 3437 nos,

373 3489 524 3554 Quod
554 3488 611 3541 Β.
644 3487 816 3542 Patris
841 3489 1008 3543 nostri
1036 3489 1232 3558 Regula
1257 3490 1455 3551 docuit,
1488 3490 1587 3543 hoc
1617 3491 1767 3543 nobis
1798 3491 1870 3546 le-

305 3569 411 3610 ctio
435 3559 705 3628 Evangelii
736 3560 1109 3618 commendat;
1140 3576 1236 3613 nec
1262 3560 1402 3614 aliud
1428 3562 1606 3615 sonuit
1634 3563 1868 3615 Vt'rilulis

307 3641 479 3705 pra'co
505 3645 661 3698 quam
697 3630 901 3684 Veritas
927 3632 1038 3699 ipsa
1073 3633 1381 3699 prsedocuit.

378 3741 459 3795 Ex
488 3742 679 3796 Udonis
702 3742 1079 3796 Cantuarieusis
1110 3742 1342 3801 monachi
1364 3742 1579 3808 epistola
1610 3742 1676 3794 ad
1707 3743 1868 3793 ddum

351 3910 1634 3937 Μ’*

1642 320 1700 377 S.
1740 320 1798 375 P.
1842 318 2199 377 BENEDICTl

3429 316 3532 372 2M

1890 438 1941 494 Α
2038 438 2245 502 fratrem
2268 446 2413 502 suum
2441 430 2685 502 nouitium
2717 428 3091 502 Igniacensem,
3132 429 3366 486 Veterum
3393 433 3531 485 Arta-

2040 499 2154 556 lect.
2188 511 2309 555 tom.
2341 499 2386 566 l,
2416 519 2468 572 p.
2492 499 2619 556 549.

2038 594 2081 647 0
2103 592 2414 647 admirabile
2444 592 2777 663 mysterium,
2807 600 2859 645 et
2878 591 3195 646 admirabile
3220 606 3526 646 sacramen-

1971 665 2113 716 tuin!
2149 664 2379 717 Primum
2421 673 2794 718 testamentum
2825 663 2970 717 dedit
3012 663 3152 715 Deus
3186 664 3237 716 in
3277 664 3532 717 cordibus

1970 734 2266 798 hominum,
2304 733 2445 802 quod
2482 742 2724 787 vocatum
2770 742 2852 787 est
2882 734 2965 788 lex
2992 733 3288 795 naturalis;
3322 734 3460 800 quod
3488 734 3531 786 si

1971 814 2294 869 servassent,
2317 804 2551 857 secundo
2574 818 2677 857 non
2704 803 3017 871 indigerent.
3050 802 3155 857 Sed
3173 803 3295 872 quia
3326 813 3521 856 novata-

1971 882 2081 927 tum
2128 882 2392 928 amatores
2442 882 2565 927 sunt
2618 874 2897 936 homines,
2948 889 3042 942 per
3093 874 3530 927 inveterationem

1972 945 2145 1012 primo
2180 953 2498 998 testamento
2528 944 2790 1012 neglecto,
2835 952 3126 999 secundum
3158 944 3302 997 dedit
3342 945 3395 997 in
3425 946 3535 999 cir-

1971 1015 2316 1080 cumcisione,
2348 1014 2488 1082 quod
2515 1024 2730 1082 propter
2751 1014 2831 1070 sui
2857 1016 3142 1069 novitatem
3170 1015 3326 1081 paulo
3360 1016 3533 1068 libem-

1974 1086 2077 1139 tius
2105 1085 2394 1152 amplexati
2421 1093 2545 1140 sunt
2567 1085 2803 1153 quidam.
2832 1084 2937 1140 Sed
2978 1087 3076 1138 hoc
3108 1085 3295 1137 iterum
3327 1086 3534 1138 invete-

1970 1169 2105 1226 rato,
2139 1164 2297 1226 atque
2342 1156 2615 1225 neglecto,
2665 1156 2876 1210 tertium
2938 1154 3086 1226 dedit
3128 1154 3179 1206 in
3230 1154 3530 1217 baptismo,

1972 1225 2111 1294 quod
2159 1225 2587 1293 przedestinatum
2628 1235 2728 1285 est.
2772 1236 2827 1279 ut
2869 1235 2974 1279 stet
3003 1225 3055 1278 in
3098 1234 3378 1278 aeternum.
3422 1226 3527 1279 Sed

1974 1298 2093 1365 quia
2124 1297 2276 1365 longa
2303 1296 2684 1351 consuetudine
2705 1297 3051 1350 inveteratum
3081 1296 3242 1362 cmpit
3262 1297 3327 1347 ab
3357 1294 3531 1350 homi-

1974 1366 2129 1420 nibus
2161 1368 2408 1432 paulatim
2442 1369 2491 1421 in
2524 1368 2897 1437 negligentiam
2934 1366 3080 1431 duci,
3116 1378 3357 1430 quartum
3386 1366 3533 1421 dedit

1976 1439 2027 1490 in
2071 1438 2315 1497 cuculla,
2361 1437 2426 1490 ad
2465 1438 2615 1504 cujus
2656 1437 2942 1491 novitatem
2987 1446 3192 1489 amator
3240 1438 3532 1489 novitatum

1973 1522 2111 1575 pene
2136 1517 2277 1561 totus
2303 1507 2410 1575 jam
2446 1507 2665 1561 confluit
2704 1507 2950 1560 mundus.
2996 1506 3117 1559 Post
3163 1506 3262 1559 hoc
3291 1506 3532 1575 quintum

1976 1594 2081 1631 non
2106 1579 2225 1643 erit,
2252 1577 2371 1647 quia
2395 1578 2446 1631 in
2477 1577 2576 1632 hoc
2605 1592 2742 1631 novo
2768 1586 2821 1632 et
2856 1577 3081 1631 mirabili
3110 1576 3267 1629 modo
3297 1576 3532 1628 omnium

1976 1648 2209 1715 gentium
2243 1648 2641 1702 benedictiones
2680 1648 3041 1702 continentur.
3074 1647 3337 1714 Quidquid
3390 1647 3532 1699 enim

1979 1718 2247 1787 religionis
2293 1727 2347 1771 et
2382 1720 2678 1772 sanctitatis
2709 1720 2760 1771 in
2804 1718 2977 1772 tribus
3007 1716 3430 1787 praecedentibus
3459 1730 3533 1768 te-

1900 1803 1948 1862 B
1976 1786 2258 1862 statuentis
2275 1790 2597 1852 continetur,
2629 1797 2794 1843 totum
2822 1789 2877 1843 in
2911 1798 3228 1843 testamento
3259 1786 3534 1842 Benedicti

1973 1860 2371 1929 constringitur.

2182 1950 2265 2004 Ex
2295 1949 2355 2005 S.
2388 1949 2705 2021 Ilildcgarde
2735 1950 2787 2002 in
2824 1948 2941 2002 Vita
2971 1948 3034 2003 S.
3065 1948 3317 2001 Disibodi.

2043 2043 2088 2095 ls
2110 2043 2249 2097 enim
2283 2041 2338 2096 S.
2375 2042 2529 2095 Pater
2559 2041 2881 2097 Benedictus
2920 2042 3175 2103 Regulam
3210 2057 3327 2110 quae
3376 2042 3533 2110 spiri-

1972 2112 2198 2166 tualibns
2227 2113 2529 2165 hominibus
2548 2122 2690 2166 esset
2718 2114 3136 2178 accommodata,
3164 2128 3194 2165 e
3224 2122 3529 2166 sanctorum

1970 2181 2105 2237 Vitis
2129 2182 2328 2251 Spiritu
2350 2191 2534 2236 sancto
2548 2184 2773 2249 docente
2787 2193 2841 2237 et
2860 2188 3175 2251 ostendente
3195 2182 3528 2238 condiderat.

2077 2272 2158 2326 Ea:
2188 2274 2413 2340 ejusdem
2435 2275 2795 2327 commentario
2824 2275 2875 2327 in
2900 2273 3152 2344 Regulum
3177 2275 3237 2330 S.
3266 2274 3331 2331 P.
3360 2273 3420 2328 Β.

2041 2365 2157 2433 Ipse
2206 2366 2262 2419 8.
2305 2364 2364 2418 Ρ.
2417 2363 2731 2418 Benedictus
2782 2364 2834 2417 in
2868 2364 3056 2418 timore
3113 2376 3167 2420 et
3215 2365 3428 2432 pietate,
3477 2366 3529 2418 in

1972 2435 2231 2489 eharitate
2256 2444 2311 2489 et
2338 2436 2582 2488 castitate
2608 2435 2902 2488 dot-trinam
2932 2451 3080 2488 suam
3113 2436 3361 2502 scripsit;
3393 2436 3529 2489 adeo

1973 2507 2104 2559 nihil
2136 2507 2310 2559 eidem
2332 2505 2588 2559 doctrinae
2615 2505 2913 2559 addendum
2937 2506 3022 2558 vel
3048 2507 3389 2560 auferendum
3425 2516 3529 2566 est,

1971 2578 2092 2645 quia
2117 2577 2165 2631 ei
2196 2576 2322 2630 nihil
2345 2578 2514 2639 deest,
2546 2578 2799 2645 quoniam
2823 2591 2853 2629 a
2883 2575 3083 2644 Spiritu
3106 2590 3291 2631 sancto
3320 2577 3454 2632 facta
3484 2588 3534 2633 et

1972 2647 2235 2715 completa
2266 2657 2366 2700 est.

2043 2737 2127 2793 Ea:
2154 2742 2317 2793 sancti
2344 2742 2584 2797 Αηῑοηῖηἱ
2611 2750 2753 2812 parte
2782 2756 2851 2806 n,
2881 2743 2957 2795 tit.
2990 2742 3077 2805 15,
3108 2757 3222 2811 cap.
3248 2741 3329 2805 l2,
3360 2739 3385 2809 §
3412 2741 3466 2797 2.

2043 2831 2243 2901 Regula
2275 2830 2331 2885 S.
2365 2831 2543 2887 Basilii
2571 2831 2702 2893 satis
2725 2834 2965 2886 iutricata
2994 2842 3095 2887 est.
3125 2832 3323 2900 [tegula
3342 2832 3399 2887 S.
3425 2835 3534 2887 Au-

1971 2902 2166 2969 gustini
2209 2903 2430 2955 multum
2470 2902 2731 2966 generalis
2769 2911 2825 2957 et
2853 2903 2916 2956 ad
2966 2903 3304 2969 particularia
3347 2918 3533 2971 parum

1971 2972 2323 3026 descendens.
2353 2973 2549 3042 Regula
2582 2974 2637 3027 S.
2664 2972 2929 3027 Francisci
2956 2974 3152 3037 brevis,
3176 2983 3229 3026 et
3258 2984 3534 3041 propterea

1972 3044 2134 3113 multa
2170 3042 2238 3095 ibi
2270 3054 2530 3111 praecepta
2562 3045 2825 3111 scrupulis
2858 3045 3041 3113 plena;
3076 3044 3167 3098 sed
3198 3046 3391 3112 ltegula
3418 3058 3534 3097 sau-

1971 3112 2191 3168 Ctissimi
2233 3113 2503 3167 Benedicti
2535 3116 2739 3183 singula
2772 3112 2995 3183 quicque
3026 3116 3167 3169 clare
3198 3114 3473 3168 describit.

1972 3225 2056 3280 Ex
2068 3225 2275 3280 Tltoma:
2292 3225 2459 3280 Galeti
2482 3228 2612 3280 libro
2632 3228 2719 3298 qui
2740 3228 3030 3280 inscribitur
3052 3227 3111 3282 Ri
3128 3228 3335 3298 ligiosus
3351 3244 3462 3296 cap.
3489 3229 3537 3281 l.

2047 3324 2407 3391 Interrogatus
2442 3320 2667 3375 Cosmus
2701 3321 2770 3375 de
2800 3321 3037 3385 Medicis,
3063 3337 3282 3385 magnus
3316 3321 3538 3377 Etruria:

1977 3393 2108 3456 dux,
2146 3408 2240 3445 cur
2284 3391 2496 3446 aSsidue
2528 3392 2781 3461 ltegulam
2809 3393 2865 3446 S.
2914 3393 3182 3446 Benedicti
3219 3404 3452 3445 versaret
3492 3395 3539 3444 in

1977 3464 2222 3516 manibus
2249 3504 2264 3523 ,
2288 3463 2559 3529 respondit
2600 3463 2738 3516 i~tud
2766 3478 2823 3516 se
2854 3462 3048 3526 facere,
3080 3463 3217 3531 quod
3250 3463 3451 3516 scilicet
3476 3477 3539 3523 ex

1980 3544 2085 3593 tam
2119 3536 2465 3599 prudentibus
2509 3533 2566 3588 S.
2600 3534 2769 3586 Patris
2807 3536 3315 3601 pra~scriptmniltus,
3350 3534 3414 3584 ad
3449 3550 3539 3595 po-

1982 3606 2129 3669 pulos
2160 3620 2268 3655 suae
2299 3604 2419 3655 fidei
2442 3605 2781 3657 eoncreditos
2815 3605 2967 3656 valde
3003 3607 3397 3656 accommodata
3431 3617 3539 3656 me-

1978 3675 2059 3725 dia
2094 3684 2325 3740 caperet.
2364 3674 2409 3724 ls
2453 3687 2535 3727 est
2589 3678 2676 3743 qui
2720 3675 2818 3728 sub
2858 3675 3041 3727 eadem
3072 3675 3270 3743 Regula
3300 3676 3538 3727 ordinem

1982 3745 2222 3812 Equitum
2252 3746 2493 3797 instituit.

1972 3900 2316 3908 —_——_—__

3296 3906 3405 3909 ἡ

1084 4026 1087 4029 ’
1193 4023 1335 4136 S.
1410 4026 1577 4134 Ρ.
1656 4026 2640 4138 BENEDICTI

1283 4230 1877 4468 REG

690 4577 1193 4743 CUM
1283 4573 1886 4737 com

1980 4408 3178 4739 ENTZUHIS.

1798 4828 2062 4839 ————_.

1593 4902 2267 4988 PROLOGUS.

379 5067 421 5134 ι
453 5063 701 5118 Ausculta
726 5071 775 5129 ⁸,
809 5078 842 5117 o
872 5063 973 5121 liii.
1006 5072 1266 5130 praecepta
1305 5061 1569 5131 magistri,
1599 5070 1654 5114 et
1678 5061 1869 5113 inclina
1904 5076 1953 5133 Ι)
1980 5063 2075 5114 Ιηις
2102 5074 2122 5098 ι
2152 5064 2372 5115 Πιιιιιίιιο
2393 5063 2604 5117 Christo
2636 5080 2762 5117 vero
2789 5065 2912 5132 Regi
2938 5065 3278 5129 miiitaturus,
3301 5064 3545 5120 obedien-

304 5171 485 5210 aurem
511 5155 687 5209 cordis
718 5142 791 5209 tui
824 5173 835 5206 :
870 5138 923 5207 et
949 5152 1359 5223 admonitionem
1391 5152 1456 5218 pii
1499 5150 1668 5203 Patris
1706 5151 1869 5205 liben-

302 5257 383 5301 ter
426 5248 633 5314 excipe,
680 5255 733 5301 et
776 5245 1067 5299 efficaciter
1116 5244 1323 5308 comple
1356 5261 1370 5297 :
1403 5254 1457 5297 ut
1502 5244 1564 5296 ad
1604 5259 1724 5298 eum
1777 5260 1869 5310 per

302 5340 620 5393 obedientite
651 5339 889 5392 laborem
932 5339 1137 5402 redeas,
1170 5354 1197 5389 a
1234 5353 1339 5407 quo
1369 5353 1462 5405 per
1494 5339 1868 5393 inobedientia:

299 5432 559 5486 desidiam
600 5444 916 5485 recesseras.
949 5429 1029 5489 Ad
1062 5438 1113 5482 te
1153 5444 1279 5497 ergo
1321 5444 1459 5482 nunc
1501 5442 1649 5487 meus
1690 5442 1869 5483 sermo

300 5523 542 5592 dirigitur
563 5520 612 5586 δ,
639 5522 875 5591 quisquis
904 5521 1283 5574 abrenuntians
1326 5522 1554 5591 propriis
1583 5521 1868 5577 voluntati-

376 5663 399 5690 ι
442 5652 566 5705 Mss.
599 5653 949 5719 antiquiores,
977 5654 1221 5709 obsculta.

377 5722 402 5759 δ
441 5721 635 5777 Oxum.
664 5724 925 5790 dirigetur.

378 5802 398 5829 ε
443 5791 551 5849 AL,
582 5792 930 5858 tolurtatibtts.

1982 5154 2067 5205 tiae
2100 5151 2123 5188 ά
2153 5154 2437 5207 fortissima
2484 5165 2641 5221 atque
2694 5156 2945 5222 praeclara
2986 5168 3131 5209 arma
3172 5158 3415 5210 assumis.
3451 5157 3545 5209 ltu-

1981 5243 2185 5309 pritnis,
2222 5254 2276 5296 ut
2305 5243 2555 5311 quidquid
2598 5246 2857 5314 agendum
2897 5244 3117 5299 inchoas
3146 5245 3361 5313 bonum,
3394 5246 3460 5300 ab
3484 5258 3550 5299 eo

1981 5333 2163 5399 perlici
2206 5332 2589 5387 instantissima
2630 5335 2871 5389 oratione
2912 5336 3169 5405 deposcas
3200 5355 3211 5388 :
3244 5348 3299 5391 ut
3336 5338 3425 5405 qui
3454 5351 3548 5391 nos

1973 5425 2080 5493 jam
2112 5425 2163 5477 in
2195 5424 2419 5478 ﬁliorum
2448 5424 2694 5495 dignatus
2721 5434 2804 5480 est
2833 5442 3053 5480 numero
3080 5435 3411 5496 computare,
3446 5443 3543 5482 nuit

1978 5516 2169 5570 debeat
2201 5524 2224 5552 ε
2256 5516 2539 5585 aliquando
2581 5515 2646 5569 de
2693 5518 2848 5572 malis
2884 5516 3089 5572 actibus
3126 5518 3318 5579 nostris
3349 5520 3528 5597 contri-

2059 5650 2085 5686 ἀ
2124 5650 2279 5705 Deest
2308 5653 2601 5706 obedienme
2629 5655 2678 5707 in
2708 5652 2875 5708 Oxon.

2066 5732 2088 5757 ε
2121 5721 2203 5783 Al.
2215 5764 2228 5792 ,
2257 5721 2414 5776 debet.
