3960 6178
348 264 452 320 ΞΠ

343 845 615 901 noluerint
654 850 720 902 ad
753 854 995 919 gloriam.

412 935 773 1008 Exsurgamns
814 960 940 1011 ergo
979 949 1188 1004 tandem
1238 954 1541 1025 aliquando,
1588 964 1851 1021 excitante
1883 978 1905 1007 ο

338 1038 438 1081 nos
464 1026 736 1093 Scriptura
759 1048 820 1085 ac
846 1035 1056 1093 dicente
1081 1056 1093 1092 :
1128 1040 1275 1096 Hora
1302 1055 1374 1098 est
1395 1050 1506 1115 jam
1533 1068 1623 1105 nos
1647 1054 1708 1107 de
1732 1073 1906 1113 somno

335 1132 545 1187 surgere
571 1120 746 1188 (Rom.
776 1140 867 1180 xm
924 1130 987 1183 Et
1015 1135 1211 1201 apertis
1239 1139 1403 1193 oculis
1433 1145 1626 1198 nostris
1654 1149 1719 1201 ad
1749 1149 1903 1204 deiti-

334 1208 475 1260 cium
516 1210 712 1276 lumen,
752 1218 989 1275 attonitis
1036 1225 1252 1281 auribus
1288 1232 1339 1303 2
1381 1232 1677 1301 audiamus,
1727 1236 1901 1296 divina

321 1295 568 1360 Quotidie
608 1304 841 1360 clamans
893 1311 1016 1377 quid
1065 1330 1160 1367 nos
1198 1318 1480 1376 admoneat
1519 1342 1638 1392 vox,
1671 1329 1898 1389 dicens:

333 1386 504 1441 Hodie
533 1393 575 1442 si
604 1408 770 1448 vocem
809 1401 915 1468 ejus
944 1403 1232 1472 audieritis,
1262 1412 1414 1465 nolite
1458 1414 1709 1473 obdurare
1747 1425 1901 1477 corda

331 1489 492 1533 vestra
522 1481 689 1550 (Psal.
722 1489 880 1557 χειν).
928 1491 993 1545 Ει
1033 1493 1221 1550 iterum
1257 1516 1270 1551 :
1307 1501 1405 1565 Qui
1444 1502 1589 1558 habet
1623 1524 1770 1563 aures
1803 1528 1899 1565 au-

328 1566 522 1635 diendi,
551 1574 728 1627 audiat
754 1580 874 1645 quid
904 1580 1132 1649 Spiritus
1171 1589 1305 1641 dicat
1338 1590 1579 1649 Ecclesiis
1605 1598 1783 1669 (Apoc.
1814 1602 1893 1675 ιι).

327 1656 396 1711 Ει
438 1661 563 1725 quid
605 1664 763 1719 dicit?
808 1668 998 1741 Venite,
1030 1676 1127 1740 ﬁlii
1150 1721 1163 1744 ,
1193 1680 1365 1733 audite
1402 1699 1499 1746 me.
1533 1656 1755 1743 timorem
1787 1656 1892 1746 Do,-

1333 286 1603 348 REGULA
1644 296 2102 360 COMMENTATA
2115 346 2127 360 .
2171 309 2544 374 PROLOGUS.

348 385 501 439 stari.
534 386 602 441 lta
630 390 771 445 enim
795 394 842 448 ei
866 398 1009 451 omni
1032 407 1269 471 tempore
1287 404 1355 461 de
1386 408 1534 463 bonis
1556 413 1665 465 suis
1691 415 1741 467 in
1765 415 1917 469 nobis

350 478 643 543 parendum
673 492 773 548 est,
809 495 863 539 ut
906 504 1008 543 non
1052 493 1219 545 solum
1253 504 1308 549 ut
1348 498 1510 554 iratus
1542 512 1567 539 οι
1603 516 1770 571 pater,
1814 524 1915 563 non

347 567 635 629 aliquando
662 573 795 628 ﬁlios
819 593 944 632 suos
968 581 1300 655 exhieredct,
1333 592 1423 643 sed
1458 608 1557 647 nec
1593 604 1650 649 ut
1680 608 1916 652 metuen-

344 659 445 713 dus
472 662 718 721 dominus
751 669 985 727 irritatus
1012 676 1162 730 malis
1186 676 1210 715 δ
1236 684 1448 746 nostris,
1475 695 1533 739 ut
1559 689 1913 755 nequissimos

342 765 529 809 servos
559 770 862 825 perpetuam
910 765 1078 820 tradat
1107 768 1170 821 ad
1202 785 1434 838 poenam,
1466 778 1553 844 qui
1597 795 1716 834 eum
1764 781 1911 851 sequi

3491 342 3592 399 218

1954 418 2001 476 Α
2028 421 2091 474 ad
2123 422 2411 484 Christum.
2445 433 2541 499 Qui
2576 436 2821 494 timentes
2854 443 3130 504 Dominum
3165 451 3231 507 de
3260 455 3391 510 bona
3421 457 3472 529 3
3495 461 3595 515 ob-

2022 520 2285 568 servantia
2314 534 2406 572 sua
2440 538 2543 575 non
2591 540 2649 581 se
2694 531 2919 587 reddunt
2949 537 3145 607 elatos;
3176 544 3267 598 sed
3310 520 3502 615 ipsavin
3531 564 3596 607 se

2021 603 2175 667 bona,
2203 622 2307 661 non
2331 626 2359 662 a
2383 626 2441 666 se
2462 629 2637 684 posse,
2660 621 2751 675 sed
2773 638 2801 676 a
2822 624 3044 683 Domino
3072 632 3182 686 fieri
3205 637 3587 710 exisﬁmantes.

2016 709 2324 766 operantem
2364 704 2416 758 in
2459 721 2518 762 se
2567 709 2845 770 Dominum
2896 724 3250 792 magnificam,
3292 730 3418 785 illud
3465 749 3588 789 cum

2015 789 2268 856 propheta
2312 794 2549 853 dicentes
2580 819 2593 853 :
2624 802 2747 858 Non
2790 809 2954 876 nobis,
2989 789 3245 881 Domine,
3280 838 3379 874 non
3421 828 3583 890 nobis,

2009 881 2097 932 sed
2135 888 2324 938 nomini
2368 899 2452 943 tuo
2498 892 2567 945 da
2608 896 2824 965 gloriam
2867 901 3036 969 (Psal.
3089 910 3260 978 cum).
3299 914 3446 968 Sicut
3488 881 3585 971 nec

2012 968 2207 1028 Paulus
2251 982 2522 1044 apostolus
2565 984 2632 1040 de
2681 990 3055 1055 praedicatione
3101 1014 3193 1052 sua
3243 1003 3341 1056 sibi
3386 1006 3582 1074 aliquid

2008 1060 2291 1131 imputavit
2316 1070 2498 1128 diecns
2524 1092 2535 1127 :
2562 1075 2744 1133 Gratia
2767 1079 2863 1136 Dei
2884 1102 2994 1138 sum
3018 1088 3070 1139 id
3091 1093 3226 1156 quod
3251 1110 3361 1147 sum
3385 1095 3436 1163 (l
3458 1060 3576 1152 Dor:

2007 1154 2117 1225 xv).
2150 1156 2215 1210 Et
2255 1159 2444 1216 iterant
2491 1166 2605 1234 ipse
2640 1169 2767 1225 dicit
2798 1190 2811 1226 :
2850 1174 2951 1239 Qui
2977 1154 3246 1246 gloriatur,
3278 1184 3331 1237 in
3360 1154 3578 1243 Domino

2002 1251 2247 1317 glorietur
2276 1252 2365 1323 (Il
2400 1255 2518 1311 Cor.
2549 1260 2624 1327 ι).

2074 1382 2221 1439 Unde
2241 1397 2294 1441 et
2327 1388 2575 1445 Dominus
2604 1394 2655 1447 in
2687 1396 2969 1467 Evangelio
2985 1403 3057 1456 ait
3081 1422 3093 1456 :
3124 1404 3221 1471 Qui
3247 1410 3390 1463 audit
3416 1414 3563 1467 verba

2002 1487 2109 1525 mea
2147 1474 2254 1529 haec
2288 1489 2333 1531 et
2376 1481 2502 1549 facit
2527 1500 2604 1551 ea,
2659 1490 2889 1543 similabo
2920 1511 3032 1547 eum
3064 1498 3170 1551 viro
3215 1502 3451 1570 sapienti,
3483 1510 3571 1576 qui

1998 1564 2265 1633 aediﬁcavit
2284 1570 2490 1625 domum
2506 1591 2651 1628 suam
2667 1594 2822 1648 supra
2838 1594 3027 1651 petram
3046 1601 3065 1637 :
3080 1602 3315 1643 venerunt
3332 1596 3566 1661 ﬂumina,

1996 1656 2243 1723 ﬂaverant
2268 1662 2415 1724 venti,
2452 1674 2498 1717 et
2538 1666 2847 1738 impegcrunt
2875 1674 2926 1726 in
2973 1677 3175 1730 domum
3206 1681 3367 1747 illam,
3393 1696 3437 1738 et
3468 1703 3566 1741 non

327 1750 453 1803 utini
487 1753 675 1809 docebo
702 1775 803 1812 'vas
843 1761 1015 1833 (Psal.
1062 1773 1277 1832 χχχιιι).
1324 1772 1520 1829 Currite
1563 1780 1684 1832 dum
1727 1781 1894 1838 lumen
1924 1791 1970 1850 B
1997 1748 2176 1850 rid“
2206 1767 2226 1816 ί
2258 1755 2473 1850 ’“f‘m
2498 1760 2629 1811 enim
2656 1773 2762 1816 erat
2792 1781 2945 1836 supra
2976 1780 3166 1836 petram
3207 1774 3418 1841 (Λητώ’
3450 1780 3561 1847 ν¹¹)’

324 1840 435 1893 tiin
474 1844 702 1911 habetis,
741 1866 803 1902 ne
849 1856 1062 1910 tenebrae
1112 1865 1289 1915 mortis
1336 1880 1424 1918 vos
1472 1871 1893 1937 comprehendant

323 1928 498 1999 (Joan.
530 1938 626 2004 xl).

388 2022 451 2077 Et
472 2042 717 2094 quaerens
738 2031 993 2091 Dominus
1023 2038 1075 2093 in
1104 2042 1440 2101 multitudine
1463 2052 1637 2120 populi
1666 2055 1750 2108 cui
1774 2055 1887 2112 lizec

318 2116 561 2170 clamatd
607 2125 905 2189 operarium
953 2146 1139 2197 suum,
1187 2136 1375 2192 iterum
1414 2142 1585 2196 dicit‘:
1626 2144 1752 2211 Quis
1814 2160 1886 2203 est

317 2208 461 2264 .‘wmo
494 2213 583 2278 qui
612 2217 715 2267 vult
745 2219 918 2285 vitam,
950 2233 996 2275 et
1032 2225 1171 2296 cupit
1205 2228 1369 2283 videre
1397 2233 1503 2287 dies
1534 2208 1689 2290 bonos
1714 2236 1879 2307 (Psal.

317 2306 544 2374 xxxiii)?
573 2307 723 2370 Quod
758 2309 803 2363 si
847 2320 900 2365 tu
943 2315 1162 2370 audiens
1191 2322 1532 2391 respondeas,
1573 2326 1683 2396 Ego
1710 2306 1729 2391 ,γ
1755 2329 1881 2385 dicit

317 2399 408 2452 tibi
433 2400 575 2456 Deus
603 2402 693 2459 :Si
716 2406 798 2459 vis
819 2407 1016 2463 habere
1044 2414 1222 2480 vitam,
1254 2416 1464 2483 prohibe
1487 2420 1713 2490 linguam
1741 2432 1878 2478 luant

316 2505 343 2541 a
372 2493 529 2557 malo,
569 2504 618 2547 et
657 2496 791 2549 labia
835 2508 923 2552 tua
960 2517 1024 2555 ne
1069 2505 1343 2573 loquantur
1383 2510 1576 2563 dolum.
1624 2512 1820 2568 Diverte
1846 2532 1878 2569 a

315 2581 465 2646 malo,
499 2595 549 2638 et
586 2587 670 2655 fac
712 2587 892 2642 bonum
917 2606 938 2644 :
964 2592 1160 2661 inquire
1187 2613 1360 2666 pacem
1384 2608 1430 2653 et
1456 2617 1658 2671 sequere
1687 2612 1710 2641 ο
1740 2621 1870 2659 eam.

314 2671 521 2727 Etcum
563 2675 678 2731 haec
723 2678 974 2748 feceritis,
1008 2684 1145 2739 oculi
1186 2688 1283 2740 mei
1324 2704 1477 2756 super
1519 2706 1628 2757 vos,
1653 2708 1699 2745 et
1728 2712 1875 2749 aures

311 2781 429 2819 mete
456 2767 525 2819 ad
554 2785 729 2839 preces
755 2783 946 2828 vestras
980 2774 1128 2845 (Isui.
1169 2785 1323 2850 va);
1365 2792 1419 2837 et
1463 2794 1744 2857 antequam
1790 2807 1874 2847 me

309 2856 585 2928 invocetis,
623 2860 798 2916 dicam
844 2865 1032 2921 vobis:
1064 2868 1201 2925 Ecce
1247 2871 1453 2929 adsum.
1498 2876 1632 2942 Quid
1670 2879 1873 2937 dulcius

310 2950 456 3005 nobis
480 2952 577 3006 hac
610 2969 741 3010 voce
772 2956 974 3013 Domini
1007 2961 1275 3018 invitantis
1305 2981 1423 3033 nos,
1458 2967 1647 3024 fratres
1674 2973 1872 3028 charis-

308 3041 463 3095 simi?
502 3043 639 3100 Ecce
684 3047 878 3115 pietate
922 3067 1015 3107 sua
1060 3056 1389 3114 demonstrat
1428 3063 1580 3118 nobis
1617 3065 1869 3125 Dominus

308 3134 438 3188 viam
469 3138 611 3191 vitae.

369 3225 667 3284 Succinctis
710 3247 838 3303 ergo
883 3236 988 3293 fide
1034 3240 1115 3295 vel
1163 3242 1494 3301 observantia
1542 3248 1560 3286 ί
1606 3251 1863 3309 bonorum

306 3326 507 3372 actuum
546 3320 739 3376 lumbis
762 3318 962 3381 nostris
987 3339 1037 3384 et
1067 3334 1317 3389 calceatis
1346 3340 1564 3405 pedibus
1598 3352 1622 3389 ε
1651 3344 1863 3415 (Eplies.

307 3409 375 3476 Vl)
404 3425 498 3477 per
535 3411 781 3468 ducatum
823 3418 1087 3487 Evangelii
1131 3422 1155 3457 ³⁸
1198 3440 1475 3495 pergamus
1512 3433 1697 3488 itinera
1725 3437 1858 3504 ejus,

306 3510 357 3553 ut
405 3518 707 3560 mereamur
768 3524 886 3564 eum
936 3517 1020 3582 qui
1074 3532 1167 3570 nos
1221 3522 1425 3575 vocarit
1464 3524 1514 3577 in
1562 3542 1722 3595 regno
1768 3546 1864 3584 Suo

305 3592 494 3649 videre.
544 3598 597 3649 ln
628 3600 778 3667 cujus
809 3607 954 3671 regni
1000 3607 1337 3665 tabernaculo
1367 3616 1409 3667 si
1444 3618 1684 3673 volumus
1717 3623 1861 3676 habi-

306 3692 436 3750 tare,
470 3691 572 3743 nisi
602 3692 724 3747 illuc
758 3696 907 3751 bonis
935 3700 1138 3755 actibus
1167 3708 1396 3761 curritur
1430 3710 1471 3775 ί,
1506 3713 1721 3768 minime
1751 3734 1863 3784 pcr-

301 3779 525 3833 venitur.
562 3781 667 3836 Sed
703 3787 1087 3853 interregemus
1119 3809 1237 3847 cum
1270 3801 1523 3868 propheta
1560 3806 1857 3875 Dominum,

298 3870 527 3929 dicentes
549 3878 597 3929 ei
625 3896 638 3929 :
667 3878 899 3947 Domine,
925 3888 1035 3954 quis
1056 3888 1296 3946 habitabit
1317 3896 1367 3948 in
1395 3900 1720 3957 tabernaculo
1749 3916 1853 3968 tuo,

297 3971 378 4012 aut
418 3966 531 4030 quis
576 3970 844 4034 requiescet
874 3976 926 4025 in
958 3989 1124 4031 monte
1163 3993 1336 4036 sancto
1380 3996 1465 4039 tuo
1497 3988 1666 4056 (Psal.
1715 3997 1858 4063 xiv)?

295 4051 414 4106 Post
442 4061 577 4110 hanc
605 4061 1094 4136 interrogationem,
1130 4070 1316 4128 fratres
1350 4075 1392 4141 i,
1436 4081 1710 4137 audiamus
1746 4085 1853 4138 Do-

291 4145 486 4200 minum
509 4153 914 4217 respondentem
928 4167 975 4213 et
993 4164 1357 4219 ostendentem
1375 4171 1525 4224 nobis
1545 4173 1675 4227 viam
1694 4178 1854 4243 ipsius

288 4237 635 4310 tabernaculi,
666 4259 727 4299 ac
753 4246 1013 4305 dicentem
1039 4268 1053 4304 :
1089 4254 1187 4319 Qui
1209 4257 1491 4327 ingreditur
1514 4267 1621 4317 sine
1649 4270 1852 4323 macula

288 4336 334 4379 et
363 4340 605 4396 aperatur
639 4336 911 4403 justitiam,
948 4343 1033 4409 qui
1062 4344 1283 4409 loquitur
1321 4352 1576 4405 veritatem
1617 4357 1668 4408 in
1704 4363 1852 4413 corde

287 4435 397 4486 suo,
426 4427 515 4493 qui
555 4442 655 4479 non
700 4431 797 4498 egit
841 4432 1011 4486 dolum
1049 4438 1099 4489 in
1140 4439 1311 4509 lingua
1347 4460 1461 4511 sua,
1491 4448 1577 4513 qui
1605 4467 1702 4503 non
1732 4455 1849 4521 fecit

2000 1837 2122 1893 Ηωο
2152 1845 2422 1912 complens
2453 1848 2724 1922 Dominus,
2752 1869 3028 1924 cnpectat
3055 1863 3313 1929 quotidie,
3339 1866 3421 1920 his
3450 1869 3562 1924 suis

1993 1935 2194 1987 sanctis
2222 1939 2454 2004 monitis,
2487 1941 2642 1998 factis
2673 1962 2768 2000 nos
2813 1952 3137 2018 respondere
3178 1956 3389 2010 debere.
3442 1960 3561 2014 Ideo

1993 2024 2144 2077 nobis
2194 2040 2409 2094 propter
2442 2035 2867 2093 emendationem
2910 2043 3198 2113 malorum,
3242 2048 3399 2116 hujus
3440 2050 3558 2105 dies

1992 2115 2112 2168 vitm.
2142 2116 2205 2169 ad
2258 2118 2494 2175 inducias
2540 2126 2858 2194 relaxantur,
2910 2132 3120 2189 dicente
3159 2115 3557 2206 Apostolouln

1986 2208 2146 2260 nescis
2188 2212 2304 2277 quia
2354 2215 2597 2278 patientia
2629 2218 2721 2271 Dei
2760 2222 2828 2274 ad
2869 2226 3216 2290 paenitentiam
3260 2240 3306 2284 te
3350 2234 3556 2287 adducit

1985 2295 2163 2366 (Nam.
2202 2302 2296 2367 tt)?
2322 2304 2451 2359 Nam
2499 2309 2614 2374 pius
2659 2311 2911 2368 Dominus
2954 2316 3078 2371 dicit
3111 2336 3124 2372 :
3158 2320 3297 2376 Nolo
3346 2336 3553 2379 mortem

1982 2396 2282 2460 peccatoris,
2314 2401 2401 2451 sed
2427 2408 2481 2451 ut
2509 2413 2826 2457 convertatur
2852 2417 2898 2459 et
2924 2412 3054 2461 vivat
3078 2409 3285 2481 (Ezech.
3318 2418 3465 2485 xvm)

2050 2484 2177 2539 Cum
2211 2503 2338 2555 ergo
2368 2490 2846 2563 iaterrogassemus
2894 2500 3195 2567 Dominum,
3237 2503 3451 2573 fratres,
3483 2508 3550 2563 de

1978 2572 2277 2633 habitatore
2321 2581 2647 2639 tabernaculi
2703 2588 2837 2656 ejus,
2889 2593 3185 2649 audivimus
3218 2597 3482 2651 habitandi
3519 2598 3543 2637 ¹ι

1975 2682 2298 2739 praeceptum
2323 2691 2337 2727 :
2363 2675 2455 2728 sed
2484 2678 2528 2729 si
2558 2680 2917 2748 eumpleamns
2948 2684 3259 2740 habitatoris
3288 2688 3543 2753 ofﬁcium,

1974 2761 2174 2815 erimus
2205 2761 2445 2819 bteredes
2477 2769 2623 2836 regni
2652 2770 2929 2824 caelorum.
2968 2770 2982 2809 1
3019 2773 3157 2843 Erg.»
3199 2781 3541 2845 praeparanda

1972 2860 2097 2905 sunt
2139 2855 2298 2908 corda
2327 2865 2381 2909 et
2424 2870 2643 2926 corpora
2698 2874 2878 2916 nostra
2909 2875 3106 2919 sanctae
3155 2879 3536 2935 przcceptorum

1972 2940 2287 2995 obedientia:
2335 2945 2716 3014 militaturam;
2750 2960 2822 3012 et.
2884 2954 3022 3022 quod
3068 2956 3241 3009 minus
3273 2957 3430 3011 liabet
3481 2960 3531 3011 in

1972 3031 2125 3084 nobis
2158 3042 2338 3088 natura
2369 3036 2638 3105 possibile,
2671 3055 2917 3109 rogemus
2951 3044 3229 3098 Dominum
3255 3054 3312 3100 ut
3355 3049 3536 3105 cratim

1970 3138 2080 3178 suae
2101 3124 2285 3195 jubeat
2312 3129 2462 3182 nobis
2495 3132 2818 3200 adjutor'um
2860 3137 3161 3192 ministrare
3192 3148 3240 3192 ο.
3277 3142 3341 3194 Et
3370 3143 3414 3194 si
3448 3143 3531 3195 fu-

1970 3216 2173 3283 gientes
2198 3219 2457 3286 gehennae
2489 3236 2672 3289 pinnas
2718 3225 2782 3277 ad
2844 3228 3000 3281 vitam
3035 3244 3337 3299 perpetuam
3385 3234 3535 3287 volu-

1968 3323 2085 3361 mus
2117 3312 2390 3377 pervenire
2410 3353 2424 3377 ,
2449 3314 2569 3367 dum
2604 3316 2775 3371 adhuc
2806 3331 2974 3383 vacat,
3007 3332 3060 3375 et
3090 3324 3139 3375 in
3179 3324 3276 3377 hoc
3307 3340 3531 3390 corpore

1966 3412 2169 3463 sumus,
2219 3412 2270 3453 et
2301 3402 2412 3455 haec
2464 3405 2637 3457 omnia
2670 3422 2763 3474 per
2814 3408 2947 3461 hanc
2977 3411 3105 3463 locis
3134 3414 3288 3465 vitam
3322 3424 3345 3450 υ
3377 3429 3527 3469 vacat

1967 3490 2204 3554 implere,
2251 3495 2568 3546 enitendum
2618 3508 2673 3548 et
2719 3504 2977 3566 agendum
3009 3514 3089 3555 est
3122 3507 3276 3557 modo
3306 3506 3444 3573 quod
3477 3508 3528 3564 in

1963 3593 2273 3649 perpetuum
2303 3584 2454 3637 nobis
2478 3587 2740 3653 expediat.

2033 3714 2409 3769 Constituendo
2440 3728 2521 3771 est
2547 3734 2672 3787 ergo
2696 3736 2723 3773 a
2756 3723 2909 3775 nobis
2937 3724 3185 3779 dominici
3211 3728 3389 3780 schola
3418 3744 3526 3782 εον-

1963 3804 2094 3866 viiii,
2155 3805 2205 3857 in
2254 3820 2354 3874 qua
2410 3806 2739 3861 institutione
2788 3812 2917 3863 nihil
2970 3827 3237 3881 asperum,
3293 3817 3526 3886 nihilque

1960 3909 2121 3962 grave
2152 3910 2246 3949 nos
2274 3898 2595 3951 constituros
2625 3914 2923 3968 speramus.
2957 3902 3061 3957 Sed
3086 3916 3136 3959 et
3167 3907 3210 3959 si
3234 3908 3357 3975 quid
3393 3924 3522 3976 pau-

1961 3989 2122 4040 lulum
2150 3990 2467 4054 restrictius,
2500 3992 2734 4048 dictante
2763 3995 3026 4063 tequitatis
3056 3999 3281 4063 ratione,
3313 4011 3525 4069 prapter

1958 4079 2385 4135 emendationem
2418 4084 2682 4147 vitiorum,
2716 4087 2793 4139 vel
2822 4090 3278 4147 conservationem
3300 4093 3522 4147 μειωτι-

1961 4170 2080 4223 talis
2118 4173 2474 4238 processerit;
2511 4192 2611 4228 non
2645 4177 2786 4232 illico
2820 4194 3015 4247 pavore
3048 4184 3354 4248 perterritus
3384 4187 3522 4237 refu-

1953 4263 2064 4329 gias
2097 4267 2230 4317 viam
2285 4267 2488 4331 salutis,
2522 4284 2638 4337 quas
2685 4286 2788 4324 n0n
2830 4283 2913 4325 est
2959 4274 3056 4327 nisi
3106 4288 3330 4345 angusto
3373 4278 3529 4333 inFtio.

1958 4353 2169 4420 (Matth.
2193 4355 2286 4425 vn)
2314 4356 2629 4423 incipienda.
2658 4361 2913 4417 Processu
2945 4381 3069 4417 vero
3101 4372 3521 4424 conversationis

1953 4453 2005 4496 et
2057 4443 2197 4510 lidei,
2232 4444 2285 4516 ἀ.
2323 4446 2541 4502 dilatato
2592 4452 2772 4513 corde,
2826 4455 3167 4509 inenarrabili
3222 4458 3525 4512 dilectionis

285 4514 513 4574 proximo
559 4532 652 4568 suo
696 4519 905 4581 malum.
939 4526 1025 4591 qui
1063 4530 1389 4594 opprobrium
1414 4552 1513 4587 non
1540 4514 1848 4606 αεεερίίαά-
1877 4550 1931 4609 D
1956 4534 2252 4599 dulcedine,
2276 4542 2504 4592 Clll'rlllll‘
2527 4558 2607 4594 Via
2632 4545 2997 4601 mandatorum
3026 4550 3150 4602 Dei:
3177 4559 3230 4602 ut
3261 4553 3326 4604 ab
3354 4553 3525 4619 lpSllll

285 4613 449 4654 versus
470 4605 759 4669 proximum
788 4624 936 4662 suum
1081 4618 1256 4690 (Ibid).
1432 4621 1529 4687 Qui
1561 4626 1847 4697 malignum

284 4690 547 4748 diabolum
577 4698 748 4765 aliqua
783 4704 1088 4759 suadentem
1121 4709 1239 4772 sibi,
1279 4728 1395 4764 runt
1442 4717 1550 4782 ipsa
1596 4723 1845 4777 suasione

284 4796 375 4849 sua
403 4800 432 4838 a
459 4791 831 4856 conspectibus
871 4797 1044 4849 cordis
1088 4798 1170 4853 sui
1213 4816 1486 4869 respuens,
1519 4808 1739 4865 deduxit
1782 4817 1845 4868 ad

284 4876 520 4947 nihilum,
557 4891 609 4934 et
649 4884 896 4950 parvulos
931 4893 1192 4957 cogitatus
1230 4891 1344 4955 ejus
1387 4899 1575 4962 tenuit,
1608 4912 1660 4954 et
1701 4904 1844 4959 ilti~it

355 5173 379 5234 ἒ
415 5168 517 5234 ΑΙ..
545 5170 728 5223 iratus.

355 5233 382 5273 δ
418 5233 607 5303 υχοιι.,
642 5242 873 5298 irritatus
896 5262 927 5299 a
956 5247 1124 5301 malis.

357 5316 378 5345 ε
415 5309 513 5370 AL,
544 5313 859 5367 exhortante.

354 5375 377 5411 (ί
413 5382 600 5443 οιιοιι.,
624 5384 893 5443 exclamat.

355 5454 377 5521 ξ
412 5450 511 5509 ΑΙ..
544 5469 859 5521 persequere.

359 5515 375 5552 ί
411 5515 598 5583 Uxori,
626 5515 748 5591 fidei
776 5527 852 5578 vel
875 5530 1218 5583 observantiae.

354 5595 377 5631 π
413 5591 515 5657 ΑΙ.,
547 5596 759 5674 calcatis
799 5598 848 5649 in
887 5603 1253 5665 prtl'paratione
1284 5602 1545 5674 Evgngelii
1577 5610 1713 5673 pacis
1746 5629 1830 5670 i-e-

286 5658 453 5720 dibus;
485 5662 578 5721 aL.
612 5664 819 5719 calceati
851 5658 901 5718 in
934 5658 1302 5744 uituperatione
1336 5658 1600 5744 Evangelii
1632 5686 1789 5739 pacis.

353 5730 377 5766 λι
415 5730 508 5785 l’er
531 5736 775 5787 ducatunt
810 5737 1067 5808 Evangelii
1094 5743 1239 5797 deest
1271 5746 1404 5806 apud
1434 5730 1655 5801 llildeni.

1958 4644 2221 4697 nunquam
2275 4633 2578 4699 magisterio
2616 4634 2969 4701 discedentes,
3020 4642 3071 4693 in
3117 4642 3235 4710 ejus
3279 4642 3520 4698 doctrina

1955 4735 2120 4785 usque
2168 4721 2230 4773 ad
2257 4733 2481 4776 mortem
2508 4726 2559 4778 in
2595 4734 2923 4784 monasterio
2954 4745 3370 4800 perseverantes,
3402 4750 3519 4805 pas.

1952 4812 2190 4865 sionibns
2221 4811 2415 4867 Christi
2448 4831 2542 4884 per
2573 4820 2875 4885 patientiam
2907 4824 3280 4893 participentur
3302 4835 3351 4895 ει,
3388 4837 3441 4881 ιιι
3472 4838 3529 4889 et

1954 4904 2098 4974 regni
2126 4906 2241 4973 ejus
2268 4922 2566 4961 mereamur
2592 4925 2710 4965 esse
2731 4925 3025 4967 consortes.

2024 5194 2035 5228 ¹
2083 5192 2189 5254 ΛΙ.,
2221 5206 2477 5251 curratur.

2018 5265 2030 5310 ι
2080 5269 2275 5329 Oxum,
2312 5274 2493 5320 fratres
2521 5268 2819 5327 charissimt.

2012 5331 2036 5368 ¹ί
2069 5335 2262 5399 Oxon"
2296 5338 2586 5393 habitantis.

2014 5400 2031 5439 1
2068 5404 2189 5459 llmc
2220 5424 2383 5472 usque
2412 5409 2460 5460 in
2493 5411 2650 5462 linem
2678 5411 3048 5471 desiderantur
3070 5415 3120 5471 in
3142 5415 3265 5477 θοὰ.
3298 5416 3475 5473 Oxon.

2008 5483 2045 5507 ιιι
2077 5477 2115 5526 Α
2127 5477 2158 5527 Ι,
2171 5515 2184 5535 ,
2216 5479 2498 5532 militando.

2007 5551 2034 5579 ³³
2060 5544 2204 5612 l.yr.,
2237 5550 2496 5613 adiutorio
2528 5552 2824 5606 ministrari.

2015 5624 2037 5650 υ
2079 5617 2184 5677 AL,
2210 5620 2362 5671 ciant.

2014 5695 2036 5731 ι’
2062 5686 2167 5745 AL,
2199 5691 2643 5746 cont'crsntionem.

2010 5765 2031 5800 ‘t
2059 5758 2164 5821 AL,
2190 5759 2567 5827 participentt:s.
