3970 6186
376 312 475 369 210

1709 311 1765 365 8.
1810 311 1867 365 Ρ.
1912 307 2264 365 BENEDlCTl

3524 314 3625 369 '220

860 498 873 517 ο
1669 468 2321 532 COMMENTARIUS.

442 595 709 660 Ausculta,
737 610 767 648 ο
793 592 1146 665 ριἱλίοιῐιηεε
1174 592 1261 665 hic
1285 592 1340 646 S.
1367 591 1426 646 Ρ.
1464 590 1784 646 Benedictus
1812 589 1943 643 allo-
1972 594 2016 649 A
2048 589 2114 643 tis
2138 587 2410 665 aviditate,
2436 581 2859 665 totqdesiderio,
2886 591 3113 644 maxima
3136 590 3299 645 animi
3329 594 3628 648 attentione

374 669 554 737 quitur
574 663 1140 737 sutesanctteitegultn
1167 663 1421 737 cultores,
1444 677 1578 729 quos
1601 670 1828 737 quatuor
1850 676 1943 737 po-

372 732 635 793 tissimum
662 735 726 789 de
755 737 928 788 causis
980 732 1127 789 suavi
1160 734 1250 788 ﬁlli
1279 736 1494 786 nomine
1543 732 1827 798 compellat
1857 732 1933 784 di.

373 824 504 863 cens
535 826 549 855 :
582 804 845 866 Ausculta,
878 823 906 858 ο
933 806 1029 874 fili.
1064 805 1244 860 Primo
1272 803 1393 872 quia
1426 811 1505 857 tot
1533 803 1762 874 filiorum
1788 802 1947 869 sptri-

378 880 495 931 talis
522 886 667 943 pater
694 877 914 938 exstitit,
935 873 1069 944 quot
1095 891 1185 942 per
1200 890 1354 929 suum
1377 882 1616 928 sanctum
1644 873 1943 944 institutum

376 952 485 1003 Deo
517 949 718 1013 peperit
756 948 1075 1008 monachos;
1110 962 1254 1012 nam,
1299 956 1356 1003 ut
1397 945 1525 999 dicit
1552 944 1609 998 S.
1648 943 1946 997 Dorotheus

375 1018 645 1089 (Doctrina
687 1017 742 1080 ὦ,
790 1035 842 1071 n.
884 1018 961 1085 6),
1000 1035 1018 1068 ι
1064 1016 1235 1089 ilios
1273 1023 1466 1089 vocant
1506 1014 1675 1089 sancti
1715 1014 1811 1067 viri
1844 1028 1948 1089 _eos

374 1083 509 1159 quos
538 1105 563 1138 a
585 1089 843 1153 pravitate
870 1083 928 1142 et
951 1088 1151 1159 malitia
1175 1087 1239 1141 ad
1268 1088 1516 1140 virtutem
1540 1097 1592 1139 et
1618 1083 1949 1159 bonam‘fru-

378 1154 496 1227 gem
526 1174 772 1211 sermone
797 1167 851 1213 et
877 1158 1254 1226 praedicatione
1280 1164 1681 1217 converterunt,
1714 1166 1779 1227 ut
1800 1154 1946 1222 Apo-

376 1226 546 1283 stolus
574 1230 674 1281 ait:
711 1228 907 1297 Filioli,
936 1245 1059 1298 quos
1084 1231 1262 1281 iterum
1290 1227 1541 1298 parturio,
1569 1227 1727 1298 donec
1754 1226 1947 1293 forme-

379 1311 460 1352 tur
504 1299 731 1352 Cllristtts
760 1300 813 1356 in
860 1297 1015 1353 vobis.
1050 1318 1068 1352 ι
1110 1298 1259 1353 Unde
1287 1308 1341 1351 et
1368 1298 1423 1351 S.
1457 1297 1686 1350 Basilius
1714 1311 1806 1350 eos
1833 1306 1948 1347 tan-

378 1388 537 1433 quam
571 1385 726 1424 veros
757 1379 1002 1437 parentes
1027 1371 1140 1423 vult
1168 1370 1405 1435 agnosci,
1437 1368 1526 1435 qui
1548 1382 1643 1421 nos
1667 1365 1767 1421 hoc
1796 1374 1949 1436 pacto

382 1442 492 1494 Deo
516 1448 817 1509 genuerunt
841 1458 852 1494 :
886 1440 1151 1505 Parentes,
1184 1440 1373 1508 inquit,
1401 1454 1483 1492 eos
1516 1438 1600 1507 qui
1622 1438 1742 1509 t_alis
1772 1446 1844 1492 est
1871 1437 1944 1508 (id

382 1521 463 1564 est
494 1506 804 1580 monachus)
820 1527 959 1564 veros
978 1520 1233 1581 agnoscet,
1254 1506 1486 1581 aquibus
1508 1525 1595 1577 per
1615 1506 1950 1581 Euangelium

378 1584 431 1635 in
462 1581 660 1635 Christo
686 1578 809 1635 Iesu
839 1592 987 1636 natus
1011 1578 1080 1635 est
1113 1580 1319 1650 (Itegul.
1355 1581 1454 1639 fus.
1483 1595 1596 1649 cap.
1629 1578 1703 1648 8).

455 1653 700 1706 Secundo
724 1652 865 1717 quod
891 1652 1003 1721 ejus
1032 1650 1286 1707 sectando
1312 1650 1587 1719 Regulam,
1613 1658 1883 1721 sectentur
1898 1659 1953 1704 et

383 1725 577 1786 vitam;
610 1733 665 1778 et
685 1738 751 1777 ex
783 1720 1143 1787 receptissima
1188 1721 1285 1777 SS.
1320 1722 1536 1776 Patrum
1562 1721 1744 1791 regula
1770 1720 1807 1774 ii
1838 1723 1952 1774 veri

385 1801 685 1848 sanctorum
713 1792 801 1846 ﬁlii
833 1795 1037 1848 censeri
1060 1793 1309 1856 debeant,
1332 1793 1421 1861 qui
1459 1806 1641 1846 eorum
1680 1791 1952 1845 imitantur

383 1864 657 1933 exempla:
682 1862 752 1917 Hi
776 1864 874 1933 ﬁlii
897 1872 1192 1919 sanctarum
1220 1862 1544 1933 sunt,inquit
1574 1862 1949 1933 Hieronymus,

382 1937 470 2004 qui
507 1931 737 1988 erercent
766 1931 917 2001 Opera
944 1951 1117 1989 comm
1148 1934 1340 2004 (Epist.
1373 1931 1737 2000 ad’Heliod.);
1771 1931 1825 1987 et
1847 1935 1954 1987 Au-

382 2008 624 2071 gustinus
658 2023 670 2060 :
704 2005 881 2059 Omnis
916 2005 1066 2059 homo
1113 2007 1261 2074 cujus
1300 2012 1455 2070 opera
1484 2004 1629 2069 facit,
1666 2005 1779 2074 ejus
1812 2004 1952 2069 ﬁlius

384 2088 485 2133 est:
514 2078 557 2129 si
582 2092 703 2146 ergo
736 2092 887 2144 Opera
910 2074 1007 2129 Dei
1036 2077 1273 2146 facimus,
1303 2074 1398 2128 Dei
1430 2075 1525 2146 lilii
1552 2090 1727 2146 sumus
1757 2074 1951 2146 (Serm.

381 2148 535 2217 286).
567 2144 719 2201 Uade
746 2158 801 2199 et
824 2144 1067 2201 Christus
1095 2147 1147 2201 in
1185 2146 1474 2210 Evangelia
1500 2144 1735 2217 Judzeos,
1782 2145 1868 2214 qui
1895 2159 1954 2197 se

387 2214 667 2287 tantopere
695 2217 920 2271 Abrahae
949 2218 1084 2272 ﬁlios
1113 2217 1481 2286 prmdicarent,
1507 2230 1606 2271 nec
1635 2214 1753 2287 ejus
1774 2224 1952 2287 tamen

385 2285 551 2345 ﬁdem
588 2298 642 2342 et
688 2289 849 2342 vitam
881 2285 1235 2352 sectarentur,
1290 2287 1570 2355 increpans
1610 2286 1727 2355 ait:
1759 2285 1820 2341 Si
1858 2285 1954 2353 ﬁlii

387 2358 608 2412 Abra/zce
630 2360 765 2423 estis,
787 2376 943 2430 opera
963 2358 1179 2413 Abrahae
1210 2358 1361 2430 facile
1386 2353 1578 2430 (Icari.
1596 2353 1733 2430 vni),
1764 2367 1818 2410 et
1849 2361 1955 2430 Qu-

385 2430 625 2497 gustinus
656 2425 846 2483 iterum
878 2445 969 2483 seu
999 2430 1170 2498 quivis
1196 2425 1329 2484 alius
1360 2425 1811 2483 {Similitudinem
1849 2425 1953 2498 Pa-

385 2500 477 2553 tris
506 2511 649 2552 actus
670 2502 891 2554 indicent
918 2497 1123 2565 sobolis,
1151 2500 1431 2554 similitudo
1461 2499 1626 2568 operis
1663 2497 1954 2552 similitudi-

386 2587 499 2623 nem
528 2572 713 2624 indicet
737 2572 934 2641 generis
958 2571 1045 2641 (In
1072 2572 1294 2641 append.
1331 2567 1664 2637 δενιιιέὸιὲ).

458 2642 639 2695 Tertio
663 2650 718 2694 ut
738 2642 1063 2711 singularem
1082 2658 1204 2710 erga
1226 2655 1411 2698 omnes
1430 2655 1655 2711 vereque
1677 2648 1949 2708 paternum

387 2710 719 2765 demonstret
755 2709 1025 2773 allectum.
1058 2720 1112 2766 et
1151 2709 1229 2776 ut,
1277 2713 1321 2765 si
1368 2712 1456 2779 qui
1498 2709 1737 2766 fortassis
1779 2711 1954 2767 adhuc

394 2782 542 2845 pueri
584 2783 828 2836 scus-bus
853 2782 1024 2837 effecti
1054 2783 1249 2852 (neque
1275 2782 1415 2836 enim
1445 2781 1530 2835 hic
1566 2794 1657 2852 eos
1683 2782 1827 2835 solos
1863 2782 1954 2851 qui

388 2852 499 2921 jam
531 2854 837 2906 monasticae
882 2850 1222 2920 perfectionis
1247 2853 1455 2907 culmen
1499 2850 1739 2920 adigere,
1787 2850 1958 2907 sedet

388 2936 483 2975 eos
509 2924 738 2975 maxime
766 2922 855 2991 qui
879 2923 1011 2977 illud
1041 2923 1296 2978 scandere
1319 2922 1594 2989 incipiunt,
1625 2923 1732 2992 imo
1757 2936 1848 2977 eos
1866 2924 1956 2992 qui

390 2992 443 3063 id
473 2992 573 3063 sibi
605 3003 927 3061 propOnuut,
958 2994 1285 3063 alloquitur),
1318 3008 1453 3063 quos
1482 2991 1772 3061 disciplinae
1813 2991 1957 3062 rigor

392 3062 464 3115 ita
507 3062 794 3125 deterreat,
841 3074 899 3118 ut
942 3065 1055 3131 ejus
1096 3062 1276 3134 iugum
1319 3074 1564 3132 tanquam
1610 3076 1854 3134 asperum
1892 3079 1957 3118 ac

390 3149 554 3203 grave
586 3134 743 3187 nimis
765 3134 1054 3201 refugiant,
1085 3132 1181 3188 hos
1214 3146 1318 3187 tam
1341 3135 1510 3197 suavi,
1537 3143 1641 3186 tam
1671 3132 1784 3187 miti
1812 3148 1957 3189 cont-

389 3203 696 3273 pellatione,
726 3203 792 3257 ad
824 3205 948 3259 illud
979 3206 1183 3260 fortiter
1208 3205 1539 3260 subeundum
1569 3203 1846 3259 accendat.
1867 3204 1956 3261 Sic

389 3290 495 3328 non
538 3275 751 3329 insolito
775 3277 913 3341 apud
949 3276 1190 3330 homines
1218 3290 1367 3330 more
1392 3275 1662 3345 parvulos,
1696 3286 1748 3328 et
1769 3291 1956 3331 omnes

2051 666 2313 727 prmcepta
2344 650 2598 712 docentis
2623 660 2820 715 audire.

2120 729 2185 782 Et
2213 730 2613 801 admonitionem
2642 730 2713 798 pii
2743 728 2917 786 Patris
2943 730 3154 785 libenter
3181 730 3402 801 excipe.)
3437 733 3632 787 Liben—

2046 808 2150 869 ter,
2184 800 2235 853 id
2266 810 2347 853 est
2374 807 2567 869 sponte
2596 811 2647 855 et
2682 802 2882 867 animo,
2912 816 3104 870 magno
3134 818 3253 856 cum
3300 800 3521 868 gaudio,
3554 806 3634 856 sic

2049 871 2281 943 denique
2308 871 2378 939 pii
2408 870 2579 943 Patris
2603 871 2798 943 monita
2823 875 3032 942 excipe,
3064 882 3119 926 ut
3140 873 3283 928 nulla
3306 890 3537 943 unquam
3568 892 3630 929 ea

2049 942 2228 997 delere
2259 943 2425 1009 possit
2456 942 2676 996 oblivio.

2120 1014 2377 1079 Quaerunt
2418 1021 2596 1093 autem
2646 1012 2899 1096 quisﬁille
2944 1016 3200 1096 magister
3247 1014 3630 1096 cujus-audire

2048 1082 2484 1154 princepta,quis
2514 1083 2629 1154 pius
2658 1083 2746 1154 ille
2774 1082 2929 1138 Pater
2960 1082 3112 1154 cujus
3153 1086 3371 1141 consilia
3406 1086 3633 1138 libenter

2050 1154 2300 1221 excipere
2340 1153 2490 1222 jubet
2541 1153 2598 1208 8.
2646 1153 2954 1223 legislator?
3002 1153 3344 1223 Respondent
3390 1158 3633 1210 nonnulli

2049 1225 2211 1296 alium
2242 1239 2460 1296 prorsus
2502 1240 2606 1279 non
2652 1240 2773 1281 esse
2799 1226 2867 1281 ab
2895 1228 3012 1294 ipso
3037 1227 3241 1295 Spiritu
3286 1237 3494 1286 sancto,
3523 1244 3633 1296 quo

2053 1294 2268 1349 amante
2316 1308 2378 1349 ac
2426 1295 2661 1350 dictante
2705 1312 2857 1351 suam
2915 1298 2974 1354 S.
3023 1294 3340 1353 Benedictus
3391 1294 3635 1352 exaravit

2057 1366 2332 1433 Regulam.
2384 1364 2449 1419 Et
2490 1374 2635 1420 certe
2686 1367 2808 1433 quis
2850 1370 3080 1423 aastimet
3126 1378 3287 1422 tanta;
3319 1368 3635 1424 humilitatis

2051 1440 2221 1490 virum
2251 1437 2462 1505 qualem
2503 1436 2666 1505 fuisse
2694 1437 2754 1493 8.
2790 1438 3132 1493 Benedictum
3176 1440 3355 1493 nullus
3386 1456 3517 1493 sane
3542 1440 3635 1492 du-

2053 1504 2339 1580 bitaverit,
2385 1508 2462 1580 pii
2519 1504 2692 1580 Patris
2723 1522 2803 1580 ac
2852 1511 3082 1580 magistri
3130 1511 3341 1564 titulum
3387 1510 3486 1563 sibi
3533 1511 3631 1562 ad-

2053 1579 2285 1632 sciscere
2314 1577 2579 1632 voluisse?
2600 1578 2824 1634 Maxime
2847 1577 2969 1634 cum
2997 1583 3238 1636 Christus
3268 1583 3316 1634 iu
3344 1581 3635 1641 Evangelia

2055 1661 2258 1720 patrem
2283 1648 2384 1703 sibi
2414 1663 2575 1717 super
2598 1660 3015 1720 lerramﬂvocare
3036 1652 3311 1719 discipulis
3341 1652 3634 1720 prohibue-

2058 1719 2170 1790 rit,
2193 1734 2332 1773 neve
2376 1718 2616 1790 magistri
2660 1719 3093 1789 appellarentur;
3125 1718 3284 1776 unum
3331 1718 3535 1775 Scilicet
3582 1724 3633 1776 in

2055 1789 2207 1861 ctelis
2235 1790 2388 1844 nobis
2416 1789 2536 1861 esse
2566 1798 2773 1861 patrem
2793 1834 2807 1859 ,
2838 1807 3001 1847 unum
3034 1794 3364 1861 magistrum.
3396 1793 3635 1846 Audien-

2056 1860 2156 1932 dus
2181 1861 2278 1914 hac
2298 1861 2349 1915 in
2376 1875 2435 1915 re
2456 1860 2645 1932 Petrus
2666 1860 2906 1918 Damiani
2925 1863 2992 1918 de
3013 1863 3071 1920 S.
3101 1860 3386 1918 Benedicto
3405 1863 3633 1932 loquens

2060 1932 2111 2003 in
2141 1931 2255 1985 hanc
2298 1933 2453 2003 verba
2486 1930 2706 2003 (Opusc.
2760 1933 2845 1997 I5,
2874 1950 2992 2001 cap.
3039 1934 3093 2003 6)
3122 1952 3135 1988 :
3168 1953 3184 1984 ι
3225 1933 3372 2001 Quod
3421 1930 3488 1988 tn'
3520 1935 3637 2003 ipso

2059 2001 2178 2077 libri
2213 2001 2471 2077 ptjncipio
2518 2002 2801 2077 manifeste
2842 2001 3135 2077 colligitur,
3163 2006 3208 2059 si
3238 2004 3301 2057 ad
3348 2019 3508 2077 quem
3536 2001 3635 2058 sua

2058 2073 2216 2145 verba
2250 2072 2474 2145 Spiritus
2515 2073 2964 2145 sanctushdirigat,
2980 2072 3258 2130 subtiliter
3284 2076 3631 2130 attendatur:

2058 2142 2311 2213 Spiritum
2351 2144 2409 2213 6
2449 2151 2682 2198 sanetum
2713 2142 2879 2210 dico;'
2898 2161 3069 2213 neque
3099 2146 3239 2201 enim
3284 2145 3366 2199 vir
3407 2156 3629 2200 sanctus

2059 2225 2323 2283 tantaeque
2368 2215 2542 2269 cultor
2591 2214 2904 2285 humilitatis
2945 2218 3188 2285 protinus
3219 2217 3271 2271 in
3304 2216 3419 2271 haec
3466 2217 3636 2271 verba

2057 2294 2446 2355 prorumperet,
2479 2284 2771 2355 magisterii
2808 2284 3136 2352 cathedram,
3168 2296 3223 2341 et
3266 2287 3534 2355 praecipue
3566 2289 3636 2355 pii

2057 2354 2231 2425 Patris
2258 2355 2357 2408 sibi
2391 2354 2724 2425 privilegium
2769 2367 3075 2424 usurparet,
3109 2354 3291 2411 dicens
3323 2375 3335 2409 :
3364 2354 3635 2417 Ausculta,

2057 2423 2215 2548 ofli,
2245 2423 2496 2495 prrecépta
2519 2423 2770 2497 magistri,
2801 2436 2849 2481 et
2872 2423 3065 2482 inclina
3082 2445 3258 2482 aurem
3278 2429 3448 2483 cordis
3475 2431 3574 2491 tui,
3593 2438 3639 2482 et

2057 2512 2089 2548 a
2131 2497 2453 2548 monitionem
2472 2496 2545 2548 υἱὶ
2563 2494 2730 2548 Patris
2750 2498 2959 2548 libenter
2979 2500 3152 2548 excipe
3172 2516 3187 2548 :
3205 2499 3297 2548 sed
3316 2501 3403 2548 ille
3420 2514 3638 2548 servum

2057 2494 2453 2568 admonitionem
2472 2496 2545 2567 pii
2563 2494 2730 2551 Patris
2750 2498 2959 2552 libenter
2979 2500 3152 2568 excipe
3172 2516 3187 2562 ;
3205 2499 3297 2553 sed
3316 2501 3403 2553 ille
3420 2514 3638 2554 servum

2059 2566 2291 2639 propriae
2320 2566 2481 2622 vocis
2504 2582 2760 2636 organum
2815 2569 2959 2635 fecit,
2997 2566 3101 2639 qui
3134 2570 3376 2625 similiter
3418 2571 3471 2623 in
3519 2571 3641 2639 ipso

2057 2638 2297 2692 vaticinii
2349 2639 2652 2707 incipientis
2716 2641 2939 2694 exordio
3006 2638 3236 2695 clamare
3301 2656 3394 2707 per
3448 2638 3639 2695 Isaiam

2060 2709 2225 2780 coepit
2252 2727 2266 2764 :
2291 2707 2456 2763 Filios
2484 2710 2699 2763 enutrioi
2729 2722 2773 2764 et
2797 2711 3033 2765 exaltari.
3056 2730 3074 2763 ι
3112 2715 3179 2765 At
3211 2710 3333 2766 licet
3371 2714 3426 2765 S.
3466 2712 3640 2766 Bene-

2058 2781 2232 2835 dictus
2265 2795 2359 2851 pro
2402 2795 2612 2837 summa
2641 2796 2758 2848 qua:
2789 2782 2845 2837 in
2877 2798 2943 2837 eo
2986 2784 3179 2837 enituit
3226 2783 3551 2849 humilitate,
3585 2793 3641 2837 et

2060 2852 2131 2917 pii
2162 2853 2346 2919 patris.
2372 2863 2428 2906 et
2453 2852 2696 2924 magistri!
2720 2852 2927 2907 titulum
2958 2854 3253 2924 respuerit,
3286 2853 3427 2908 hunc
3456 2863 3637 2908 tamen

2059 2936 2246 2977 omnes
2276 2937 2370 2989 pro
2400 2922 2605 2977 summa
2651 2922 2768 2991 ejus
2816 2922 3120 2991 sanctitate,
3146 2932 3199 2978 et
3231 2925 3282 2977 in
3317 2924 3479 2978 rebus
3525 2940 3641 2979 mo.

2060 2991 2280 3047 nasticis
2303 2992 2629 3064 experientia
2657 3001 2712 3048 et
2740 2994 2978 3049 doctrina
3006 2994 3105 3064 ipsi
3131 2994 3282 3049 facile
3310 2993 3643 3053 concedunt.

2059 3072 2216 3132 atque
2247 3064 2385 3144 inter
2409 3063 2542 3146 alios
2569 3063 2627 3118 8.
2655 3064 2945 3134 Gregorius
2971 3063 3103 3134 papa
3302 3081 3381 3146 tv,
3404 3082 3525 3133 cap.
3543 3068 3640 3146 ἐ),

2058 3148 2153 3189 seu
2183 3134 2354 3204 quivis
2398 3134 2533 3189 alius
2583 3146 2770 3188 auelor
2812 3134 3181 3191 commentarii
3228 3136 3281 3189 in
3327 3136 3496 3190 libros
3541 3136 3644 3191 Bc~

2060 3220 2182 3276 gum
2201 3203 2333 3329 l,lubi
2375 3220 2495 3260 eum
2542 3206 2844 3261 arctissima:
2886 3207 3001 3260 vitae
3050 3208 3346 3277 magistrum
3390 3208 3650 3276 optimum

2061 3290 2195 3329 anne
2238 3287 2311 3329 at.

2061 3287 2311 3345 appellat.

392 3345 797 3418 5quoscunque
822 3349 885 3399 ad
905 3361 1108 3418 eaquae
1133 3343 1516 3415 concupiscunt
1538 3345 1847 3418 pertrahere
1867 3346 1960 3400 de-
1985 3344 2030 3407 C
2098 3343 2199 3418 :_Et
2219 3346 2483 3418 e/jicaciter
2508 3343 2754 3417 comple.]
2772 3346 2884 3418 Hoc
2898 3355 2982 3401 est
2996 3358 3245 3416 superata
3266 3361 3655 3415 «illamcunque

389 3416 647 3481 siderant,
670 3417 805 3470 ﬁlios
829 3416 1098 3486 appellare
1120 3427 1530 3471 consueverunt.
1549 3416 1665 3483 Quo
1684 3417 1841 3470 etiam
1868 3431 1962 3471 vo-

391 3486 583 3541 cabulo
609 3503 737 3542 usos
764 3503 1140 3557 nonnunquam
1172 3497 1379 3542 veteres
1406 3488 1717 3551 monachos,
1742 3486 1876 3542 torte
1906 3488 1960 3541 in

392 3558 601 3627 signum
621 3559 838 3623 puerilis
862 3559 1002 3613 illius
1018 3558 1370 3627 simplicitatis
1390 3572 1546 3627 quam
1575 3557 1683 3611 veri
1706 3558 1962 3612 monastie

392 3642 471 3682 ea:
501 3629 839 3696 perfectionis
870 3632 1205 3683 aemulatores
1256 3631 1590 3698 proﬁtentur,
1641 3637 1849 3682 constat
1895 3643 1961 3683 ex

393 3698 529 3753 Vitis
554 3699 767 3754 Patrum
798 3701 1016 3768 passim.

464 3769 664 3835 Quarto
694 3770 924 3834 denique
949 3784 1074 3823 suos
1101 3770 1156 3823 S.
1188 3769 1503 3824 Benedictus
1528 3770 1758 3837 appellat
1789 3770 1941 3830 ﬁlios,

397 3848 456 3892 ut
481 3850 600 3907 pote
638 3841 726 3908 qui
758 3856 863 3895 non
895 3850 952 3894 ιιι
978 3841 1224 3894 dominus
1252 3855 1555 3907 supremum
1585 3845 1637 3893 tu
1668 3856 1761 3893 eos
1800 3842 1964 3909 impe-

395 3911 531 3964 rium
558 3925 836 3974 exercere,
867 3913 961 3966 sed
994 3922 1244 3978 tauquam
1283 3912 1399 3979 pius
1441 3919 1590 3979 pater
1618 3925 1712 3965 eos
1753 3926 1961 3981 regere,

394 3989 450 4035 et
476 3981 541 4050 ad
572 3992 771 4036 :eterna
796 3983 915 4037 caeli
946 3983 1136 4050 gaudia
1168 3984 1457 4050 perducere
1485 3994 1721 4049 cuperet.

468 4048 732 4124 Prcecepta
769 4048 1049 4124 magistri]
1100 4048 1370 4124 lfriecepta
1410 4048 1649 4107 dicit’ea
1695 4068 1813 4120 qua:
1858 4062 1965 4108 tota

398 4122 593 4189 passim
638 4123 977 4205 continentur
1020 4122 1071 4203 in
1122 4123 1457 4205 ltegulahut
1494 4132 1624 4205 sunt
1667 4124 1961 4205 voluntaria

399 4202 715 4262 paupertas,
765 4194 1089 4248 abstinentia
1139 4208 1167 4245 a
1214 4194 1492 4256 carnibus,
1539 4195 1809 4248 silentium
1855 4195 1967 4248 fere

397 4270 734 4332 perpetuum,
764 4274 818 4318 et
847 4265 949 4318 alia
978 4264 1057 4318 his
1084 4263 1294 4328 similia,
1327 4280 1444 4334 quin
1474 4266 1820 4320 smcularibus
1850 4266 1967 4333 qui-

397 4334 519 4387 dem
549 4347 673 4387 sunt
700 4338 922 4398 monita,
948 4336 1100 4388 nobis
1129 4348 1256 4387 vero
1288 4334 1564 4391 monachis
1604 4345 1891 4391 evaserunt
1916 4337 1966 4390 in

400 4415 665 4475 prtecepta
702 4422 715 4457 :
755 4424 772 4455 ι
819 4406 1007 4460 Omnia
1054 4405 1110 4461 S.
1158 4405 1429 4461 Benedicti
1476 4406 1748 4471 instituta,
1798 4407 1969 4475 inquit

396 4474 787 4549 SrBernardus
820 4476 925 4549 (De
946 4475 1211 4549 Prwccplo
1234 4478 1531 4549 et__dispens.
1558 4495 1672 4549 cap.
1710 4478 1783 4549 1),
1813 4474 1967 4549 exce-

399 4546 504 4613 ptis
532 4562 663 4600 sanc
691 4546 959 4601 nonnullis
984 4547 1051 4601 de
1080 4546 1428 4614 spiritalibus,
1459 4548 1605 4602 verbi
1624 4546 1814 4616 causa,
1842 4548 1969 4601 cha-

396 4617 586 4681 ritate,
636 4618 966 4683 humilitate,
1031 4619 1471 4681 mansuetudine,
1529 4636 1647 4688 qua:
1701 4635 1803 4673 non
1862 4628 1966 4673 tam

373 4688 603 4742 'constat
651 4689 822 4756 ipsum
868 4688 1161 4744 instituisse
1205 4704 1363 4757 quam
1412 4691 1607 4754 Deum,
1649 4700 1704 4743 et
1751 4691 1820 4743 ob
1867 4689 1968 4745 hoc

2065 3415 2307 3472 oli'endes
2354 3415 2696 3481 dilﬁcultate;
2728 3415 2964 3472 t'lﬂ‘ettdcs
3001 3415 3165 3483 enim,
3200 3419 3378 3473 audita
3428 3418 3652 3472 Domini

2066 3496 2329 3558 prlecepta
2358 3501 2674 3557 exsequere.
2699 3487 2821 3541 Tria
2846 3503 2973 3557 ergo
2992 3506 3019 3542 a
3043 3489 3316 3556 discipulis
3347 3489 3434 3542 hic
3465 3490 3653 3555 requi-

2065 3558 2137 3612 rit
2161 3558 2460 3611 arctissima:
2497 3560 2612 3611 vita:
2644 3558 2884 3626 magister
2911 3560 3133 3624 optimus
3157 3571 3212 3614 et
3240 3561 3462 3623 doctor;
3492 3575 3649 3621 nam,

2065 3628 2203 3683 sicut
2232 3630 2331 3683 tria
2362 3639 2487 3682 sunt
2514 3630 2778 3697 principue
2824 3630 3063 3684 docentis
3107 3632 3316 3696 munia,
3348 3639 3407 3683 ut
3432 3630 3651 3685 scilicet

2065 3700 2275 3765 doceat,
2326 3699 2556 3754 delectet
2606 3708 2663 3753 et
2706 3699 2924 3764 ﬁectat,
2972 3710 3030 3753 ut
3074 3701 3263 3757 scribit
3311 3703 3653 3766 Augustinus

2065 3769 2204 3839 (Lib.
2235 3768 2388 3842 tvde
2412 3766 2658 3842 Doctrina
2698 3768 2912 3838 Christ.,
2945 3787 3059 3842 cap.
3108 3773 3228 3837 12);
3263 3772 3333 3826 ita
3376 3772 3475 3825 tria
3520 3782 3654 3825 sunt

2065 3842 2231 3894 etiam
2260 3840 2643 3907 discipulorum
2681 3840 3091 3910 auditorumque
3131 3842 3330 3903 ollicia,
3358 3853 3412 3894 ut
3442 3858 3654 3910 nempe

2068 3911 2369 3982 ausculten't
2396 3913 2698 3977 docentem,
2718 3911 2945 3967 libenter
2969 3912 3236 3982 excipiant
3257 3912 3654 3979 delectantem,

2068 3990 2122 4036 et
2170 3981 2461 4037 etticaciter
2503 3982 2807 4050 compleant
2850 3983 2900 4037 id
2941 3982 3006 4036 ad
3050 3985 3189 4050 quod
3236 3985 3397 4038 ﬂectit
3436 3995 3654 4050 orator,

2069 4068 2187 4121 qum
2236 4052 2334 4106 tria
2383 4054 2683 4123 respexisse
2733 4053 2877 4107 visus
2924 4063 3006 4108 est
3046 4056 3103 4109 S.
3145 4058 3473 4123 Augustinus
3527 4057 3658 4109 loco

2069 4123 2248 4187 citato,
2274 4138 2395 4196 cum
2429 4122 2752 4196 dehducente
2780 4124 2959 4196 sicrait
2991 4123 3176 4193 (lbid.,
3201 4122 3319 4194 cap.
3350 4122 3439 4193 15)
3468 4143 3478 4175 ;
3514 4129 3658 4196 Agat

2072 4209 2210 4265 ergo,
2229 4209 2341 4247 cum
2361 4194 2458 4265 ista
2478 4192 2621 4259 dicit,
2639 4205 2697 4246 ut
2721 4192 3078 4264 intelligenter,
3102 4192 3329 4256 libenter,
3355 4192 3659 4249 obedien'ter

2068 4264 2334 4318 audiatur.
2404 4264 2617 4328 Verum,
2644 4265 2784 4319 sicut
2822 4266 3016 4320 docere
3051 4276 3106 4319 et
3148 4267 3416 4320 delectare
3456 4282 3660 4333 parum

2071 4346 2176 4399 est,
2212 4336 2263 4389 ni
2294 4336 2459 4390 etiam
2489 4334 2667 4389 ﬂectat
2707 4346 2924 4401 orator,
2956 4339 3027 4390 ita
3062 4338 3222 4391 etiam
3264 4336 3575 4403 intelligere
3605 4350 3663 4393 et

2072 4406 2327 4461 memoria
2359 4406 2590 4461 retinere
2615 4421 2734 4474 qute
2764 4409 2929 4460 semel
2961 4406 3140 4460 audita
3170 4420 3293 4460 sunt
3324 4407 3453 4460 nihil
3483 4411 3664 4474 prod-

2070 4486 2174 4544 est,
2205 4477 2305 4531 nisi
2328 4490 2490 4545 opere
2516 4478 2914 4546 compleantur;
2942 4492 3047 4548 non,
3064 4481 3197 4530 enim
3218 4479 3473 4531 auditores
3491 4479 3660 4548 legis,

2070 4549 2158 4602 sed
2207 4550 2424 4618 {actores
2464 4548 2904 4617 justiﬁcabuntur.
2942 4547 3121 4602 Satius
3171 4550 3386 4602 omnino
3428 4547 3661 4614 luiséel,

2074 4623 2212 4674 viam
2243 4618 2395 4685 vitaz,
2428 4620 2530 4673 nisi
2579 4619 2911 4673 ambulemus
2950 4620 3001 4672 in
3040 4633 3135 4683 ea,
3168 4635 3432 4688 nunquam
3475 4636 3665 4688 agno-

2074 4690 2247 4753 visse;
2279 4700 2454 4743 cessat
2498 4689 2691 4757 quippe
2736 4702 2858 4743 tunc
2896 4688 3073 4743 omnis
3115 4692 3407 4753 excusatio,
3436 4699 3490 4742 ct
3524 4708 3665 4744 reos

398 4758 608 4825 penitus
652 4735 756 4813 lion
790 4770 912 4813 sunt
942 4735 1236 4823 mutanda‘;I
1258 4761 1324 4814 de
1373 4772 1569 4815 cmtero
1592 4735 1818 4831 'reliqua
1852 4763 1969 4814 uni-
2002 4735 2048 4796 θ
2075 4776 2172 4815 nos
2199 4735 2409 4827 pi-opria
2437 4735 2761 4814 coiisc'iciutia
2803 4759 3113 4813 constituit:
3142 4760 3201 4814 Si
3242 4778 3343 4813 non
3376 4735 3665 4825 ticutsscm,

398 4842 549 4881 versa
580 4844 686 4881 non
715 4831 1084 4897 prolitentibus
1116 4832 1311 4883 monita
1357 4840 1558 4884 tanlmn
1578 4874 1591 4891 ,
1622 4847 1715 4885 seu
1748 4834 1967 4886 consilia

396 4900 663 4953 ceusemla
692 4913 834 4965 sunt,
856 4918 979 4956 cum
1001 4913 1176 4955 tamen
1202 4902 1573 4969 proﬁtentibus
1598 4903 1649 4955 in
1677 4914 1963 4971 praecepta,

400 4971 870 5032 praevaricautibus
897 4974 949 5026 in
976 4973 1196 5027 crimina
1229 4973 1383 5036 ﬁant;
1412 4974 1523 5027 sive
1542 4982 1598 5025 ut
1621 4986 1793 5026 vestra
1816 4974 1967 5027 vobis

400 5039 647 5104 reddam,
678 5043 782 5097 illis
812 5044 1109 5097 voluntaria
1139 5043 1223 5097 vel
1255 5042 1473 5105 laetitia,
1510 5044 1626 5098 istis
1671 5047 1967 5099 necessaria

400 5118 456 5165 et
485 5121 730 5181 tanquam
765 5114 1019 5169 naturalia
1052 5131 1153 5167 non
1184 5114 1450 5167 immerito
1479 5124 1807 5181 reputantur.

442 5180 540 5235 .Et
586 5183 777 5254 inclina
821 5200 996 5237 aurem
1043 5186 1209 5238 cordis
1241 5182 1359 5254 lui.‘|
1390 5187 1441 5238 Id
1472 5180 1551 5237 cst
1581 5185 1817 5252 intelligo
1848 5200 1966 5246 qum

398 5253 507 5323 jam
551 5253 790 5309 dicturus
836 5269 987 5319 sum;
1018 5259 1161 5309 auris
1187 5256 1379 5322 quippe
1422 5258 1600 5309 cordis
1653 5265 1733 5308 est
1776 5256 1974 5309 intelli-

395 5325 616 5387 gentia:
650 5344 667 5372 ι
704 5327 860 5379 Auris
885 5326 951 5379 ab
978 5327 1241 5381 audiendo
1286 5330 1365 5379 vel
1412 5327 1702 5381 hauriendo
1731 5334 1968 5391 vocatur,

398 5396 577 5460 inquit
626 5395 979 5466 Snmragdus;
1030 5399 1175 5450 auris
1222 5407 1397 5450 autem
1445 5399 1686 5466 corporis
1740 5397 1971 5452 hominis

401 5479 600 5533 voces;
627 5468 805 5521 cordis
834 5474 1007 5520 autem
1033 5471 1175 5521 auris
1206 5469 1531 5522 intellectum
1567 5471 1741 5522 haurit
1766 5485 1970 5522 sermo-

396 5535 520 5600 nis;
561 5557 578 5589 ι
615 5549 669 5592 et
697 5554 827 5592 sane
875 5538 1066 5591 [rustra
1120 5539 1357 5603 pulsatur
1385 5542 1528 5593 auris
1571 5540 1833 5605 Cttl'pmis,
1868 5539 1966 5592 nisi

398 5619 567 5660 Bonus
614 5610 899 5662 verborum
947 5610 1187 5663 exterior
1217 5609 1282 5662 ad
1318 5610 1622 5665 interiorem
1675 5610 1853 5662 cordis
1894 5610 1969 5661 itt-

404 5676 749 5736 tellitzcntiant
798 5681 1099 5747 perveniat;
1151 5682 1233 5734 vel
1274 5687 1433 5733 ctiam
1479 5682 1622 5734 auris
1671 5680 1845 5732 contis
1892 5690 1974 5732 est

407 5746 654 5813 allectus,
682 5746 1002 5804 tlcsidet‘ittttl
1037 5763 1088 5805 ct
1121 5757 1479 5816 pt'ntnpttttldu
1508 5754 1752 5806 :Illllitflltlt
1778 5769 1790 5807 ',
1824 5752 1890 5803 ita
1919 5761 1975 5803 ιιι

401 5821 583 5880 cordis
603 5836 783 5875 aurem
810 5821 1065 5876 inclinare
1094 5825 1234 5875 aliud
1263 5840 1290 5874 n
1321 5824 1388 5874 hil
1421 5823 1480 5875 κίε
1515 5841 1667 5885 quani
1702 5835 1731 5876 ιι
1756 5835 1803 5873 ι·ι
1834 5839 1971 5877 tuen-

2072 4832 2239 4901 inquit
2273 4831 2533 4892 Christus,
2563 4839 2611 4883 et
2660 4831 2855 4883 locutus
2891 4831 2963 4883 eis
2994 4847 3093 4882 non
3123 4831 3351 4898 fuissent,
3383 4841 3670 4897 peccatum

2071 4918 2171 4956 non
2219 4903 2480 4956 haberent.
2530 4901 2818 4954 Audiamus
2858 4901 3015 4970 plane
3056 4901 3347 4955 terribilem
3399 4906 3669 4970 Apostoti

2070 4973 2389 5027 Settttzntiatn
2412 4990 2423 5023 :
2446 4972 2632 5025 Melius
2652 4974 2785 5025 enim
2806 4981 2911 5025 erat
2938 4973 3039 5025 illis
3061 4988 3161 5025 non
3185 4989 3485 5040 cognoscere
3515 4977 3671 5027 riam

2062 5044 2303 5125 justitite,
2326 5060 2476 5125 quam
2514 5051 2625 5111 post
2664 5043 2970 5125 agnitionem
3013 5048 3564 5125 retrorsumnc'on‘verti
3602 5051 3676 5098 ab

2071 5130 2129 5166 eo
2160 5115 2294 5178 quod
2328 5113 2570 5167 traditum
2597 5124 2669 5166 est
2691 5112 2793 5166 illis
2823 5125 2998 5167 sancto
3020 5115 3258 5166 mandato
3282 5112 3367 5184 (II
3398 5114 3545 5168 Patr.
3574 5126 3668 5180 tt):

2074 5184 2213 5237 Deus
2243 5201 2369 5239 sane
2400 5199 2493 5254 per
2527 5185 2839 5253 pr0pltetam
2870 5184 3026 5248 dicit,
3055 5185 3194 5252 quod
3238 5185 3459 5238 verbum
3489 5203 3672 5238 suum

2078 5270 2183 5308 non
2215 5267 2514 5310 revertetur
2554 5257 2618 5307 ad
2656 5270 2716 5309 se
2746 5269 2990 5316 vacuum,
3018 5255 3114 5309 sed
3147 5255 3581 5321 prosperabitur,
3613 5269 3701 5311 et‘

2075 5326 2233 5380 Iaciet
2278 5327 2432 5391 illud,
2466 5326 2530 5377 ad
2576 5328 2717 5394 quod
2761 5326 2904 5379 tnisit
2948 5326 3072 5379 illud
3098 5324 3239 5395 (Ira.
3276 5326 3387 5395 ιν).
3425 5326 3491 5381 Ut
3523 5344 3675 5394 ergo

2076 5402 2295 5450 verbum
2357 5397 2561 5450 Domini
2617 5413 2721 5449 non
2776 5398 2959 5450 redeat
3001 5397 3065 5449 ad
3104 5412 3165 5450 se
3215 5412 3466 5460 vacuum,
3494 5398 3676 5452 bmtis

2073 5468 2322 5535 operibus
2350 5468 2473 5521 illttd
2521 5468 2740 5533 implere
2785 5477 3162 5537 satagamuszt
3190 5468 3301 5522 Non
3352 5481 3676 5523 revertetur

2072 5539 2137 5591 ad
2187 5553 2272 5592 me
2317 5553 2536 5592 vacuum
2562 5580 2576 5602 ,
2608 5539 2777 5606 inquit
2816 5542 2874 5593 8.
2926 5539 3226 5593 Bernartius
3269 5540 3464 5608 (Serm.
3500 5541 3576 5592 7t
3616 5544 3675 5593 in

2075 5610 2251 5671 Cunt.,
2282 5627 2333 5661 ιι.
2383 5610 2493 5676 15),
2526 5609 2608 5662 vel
2652 5608 2913 5677 jejunum,
2959 5609 3052 5662 sed
3099 5612 3246 5675 (ptasi
3299 5625 3567 5678 prospere
3616 5613 3674 5663 in

2076 5681 2320 5733 ouuiilnts
2357 5695 2541 5749 agens,
2571 5680 2896 5733 saturabitur
2926 5681 3078 5733 bonis
3106 5682 3313 5733 actibus
3343 5696 3532 5733 eorum
3574 5688 3676 5748 qui

2078 5753 2129 5802 iu
2162 5751 2451 5803 diluetione
2494 5752 2834 5816 acquiescent
2866 5752 2955 5803 illi.
2995 5750 3229 5818 Denique
3270 5768 3365 5804 usu
3398 5753 3678 5817 loquendi

2080 5839 2256 5878 acl'tnu
2304 5824 2549 5891 impletus
2579 5832 2701 5877 tunc
2734 5822 2799 5875 ιιι·
2823 5823 2947 5887 itur,
2980 5835 3097 5876 cum
3133 5823 3285 5877 fuerit
3319 5822 3679 5891 mancipatus
