3960 6178
326 317 432 373 221

1349 315 1609 369 BECULA
1652 312 2143 370 COMMENTATA.
2186 314 2566 373 PROLOGUS.

3485 320 3586 375 Ξίὶῖ

327 436 565 499 el'efttti,
596 434 736 501 quod
789 433 1035 507 videlicet
1081 432 1260 507 Iatnliu
1304 433 1498 492 inanis,
1526 444 1578 485 et
1608 448 1817 507 macer,
1843 446 1904 486 ac
1933 429 1982 487 A
2009 430 2171 507 elimat
2195 430 2243 501 (1
2284 431 2410 507 Reg.
2437 433 2530 499 xv)
2553 449 2566 496 ;
2589 430 2733 503 quia,
2782 432 2970 507 inquit,
3094 434 3405 507 Gregorius,
3437 457 3467 490 ει
3490 455 3589 507 per
3654 456 3662 467 ·

327 507 728 573 quodammodo
790 504 1065 558 famelicus
1112 507 1181 558 sit
1230 504 1400 558 donee
1440 519 1606 557 onere
1652 506 1911 567 complea-

330 591 435 631 tur.
461 596 482 629 ι
513 578 701 633 Merito
724 592 849 645 ergo
873 577 934 629 8.
965 576 1317 646 Hieronymus
1334 574 1459 645 (Ep.
1478 579 1500 628 1
1518 576 1541 629 l
1559 576 1625 627 ad
1646 574 1905 642 Caluum:

337 667 357 698 ι
403 647 508 702 Nec
536 648 784 701 sufficere
815 647 905 700 tibi
945 657 1097 713 putes
1128 648 1376 700 mandata
1410 648 1499 700 Dei
1543 646 1801 700 memoria
1832 657 1911 700 te-

331 735 490 784 rere,
522 730 575 774 et
615 718 865 787 operibus
896 717 1176 781 oblivisci,
1206 718 1300 771 Sed
1342 718 1461 771 ideo
1501 718 1584 771 illa
1617 731 1909 787 cognosce,

334 800 398 844 ut
424 792 587 844 facias
616 789 867 857 quidquid
900 790 948 859 7
982 787 1281 842 faciendum
1324 789 1604 849 didiceris;
1639 804 1741 859 non
1768 790 1909 844 enim

331 863 615 915 auditores
645 860 774 929 legis
800 860 925 924 justi
954 874 1106 913 erunt
1127 904 1140 925 ,
1169 859 1264 914 sed
1303 860 1530 913 [actores
1558 861 1688 929 legis
1715 858 1910 927 justili-

331 938 630 993 canuntur;
663 952 682 982 ι
714 940 767 983 et
798 930 855 984 8.
890 931 1204 985 Bemdictus
1228 946 1243 984 :
1266 931 1529 999 eﬁicaciter
1554 930 1765 998 comple.

409 1007 478 1057 At
506 1005 644 1057 forte
665 1003 897 1057 movebit
924 1004 1153 1070 aliquem
1174 1003 1315 1071 quod
1349 1015 1538 1056 omnes
1588 1002 1675 1055 hic
1730 1001 1788 1057 8.
1847 1002 1906 1057 Ρ.

340 1072 667 1128 licuedictus
690 1075 989 1141 alloquens,
1012 1073 1103 1143 qui
1124 1073 1447 1126 exstiterunt
1470 1071 1681 1143 Regulae
1710 1082 1909 1127 sancta:

338 1145 673 1209 proﬁtentes.
691 1145 1031 1211 quaaitameu
1064 1143 1128 1197 ad
1144 1159 1305 1197 unum
1341 1144 1908 1197 duntaxatsermonetn

333 1215 749 1282 dirigeret,dicit
773 1214 1229 1281 :Ausrulta,oﬁli,
1264 1215 1770 1284 prtereptamagistri,
1804 1226 1907 1269 etc.

334 1287 442 1339 Sed
464 1286 784 1339 individuam
802 1286 896 1339 hac
910 1285 1157 1352 loquendi
1177 1286 1381 1339 ratione
1393 1295 1605 1338 sanctos
1635 1286 1773 1339 inter
1796 1302 1880 1338 mo
1896 1316 1913 1326 -

336 1358 543 1409 nat-hos
589 1357 926 1411 commendat
946 1357 1199 1410 unitatem
1218 1395 1235 1421 ,
1286 1371 1507 1423 quorum
1554 1371 1647 1409 cor
1672 1372 1831 1409 unum
1860 1365 1911 1410 et

332 1430 516 1480 anima
539 1443 662 1487 una,
685 1442 929 1497 quorum,
957 1427 1193 1496 inquam,
1216 1426 1317 1482 etsi
1346 1427 1506 1479 multa
1535 1428 1640 1480 sint
1661 1441 1906 1495 corpora,

334 1514 445 1550 non
480 1509 653 1551 tamn
683 1502 847 1552 multa
875 1508 998 1551 sunt
1024 1497 1215 1562 corda;
1246 1508 1300 1552 et
1320 1499 1386 1550 de
1416 1498 1627 1563 quibus,
1683 1508 1741 1548 ttt
1785 1499 1912 1550 dicit

332 1570 394 1651 8.
420 1573 746 1655 Augustinus
759 1569 852 1655 (In
878 1567 1024 1621 Paul.
1046 1570 1274 1655 cx‘xxtt),
1323 1568 1532 1655 egregie
1568 1568 1776 1655 (Psalzes
1800 1584 1909 1655 Jre-

330 1641 458 1707 gius
478 1642 671 1693 cecinit
702 1657 714 1690 :
751 1638 880 1693 Ecce
903 1654 1057 1709 quam
1096 1640 1284 1691 bonum
1330 1649 1378 1691 et
1426 1638 1910 1709 quam‘jucundum

334 1712 569 1764 habitare
597 1716 779 1780 fratres
800 1713 853 1764 in
877 1711 1071 1763 unum!
1101 1721 1155 1763 et
1180 1710 1241 1765 8.
1277 1710 1502 1763 Basilius
1550 1710 1752 1778 (Const.
1804 1726 1911 1763 mo-

332 1791 470 1835 nasi.
504 1799 618 1851 cap.
649 1782 737 1850 lli)
774 1800 786 1834 :
827 1801 845 1832 t
880 1782 1131 1835 Homines
1150 1796 1219 1834 ex
1248 1781 1404 1834 variis
1432 1780 1717 1851 generibus
1743 1789 1797 1836 et
1825 1781 1903 1834 lo-

333 1852 415 1906 cis
438 1848 574 1905 moti
594 1852 657 1907 ad
683 1848 881 1906 tantam
930 1853 1293 1905 similitudinis
1340 1848 1716 1917 perfectionem
1784 1867 1911 1905 con-

335 1924 579 1987 glutinati
608 1933 750 1985 sunt,
786 1934 843 1976 ut
896 1923 1073 1976 anima
1120 1936 1223 1976 una
1282 1924 1331 1976 in
1372 1922 1552 1975 multis
1600 1922 1911 1991 corporibus

334 1994 728 2062 consideretur,
760 2005 812 2048 et
839 1994 1005 2047 multa
1033 2006 1258 2062 corpora
1289 2008 1455 2047 unius
1502 1993 1662 2046 animi
1712 2006 1909 2061 organa

334 2066 622 2133 spectanda
654 2065 1025 2119 exhibeantttr.
1052 2084 1069 2115 ›
1094 2067 1264 2129 Atque
1294 2064 1605 2118 hancnobis
1624 2065 1912 2132 expositio-

335 2152 458 2188 nem
488 2137 856 2190 subministrat
883 2136 939 2191 S.
980 2135 1100 2189 Odo
1123 2135 1486 2188 Clttniocensis
1516 2136 1702 2199 abbas,
1757 2135 1912 2204 cujus

338 2208 455 2260 lucc
486 2208 640 2261 verba
666 2207 862 2277 (Serm.
885 2206 949 2260 de
973 2216 1152 2259 sancto
1178 2205 1395 2274 Bened.)
1430 2222 1442 2256 :
1481 2224 1499 2255 t
1532 2205 1908 2277 ilonacborum

338 2292 556 2344 gregem
582 2275 716 2331 sicut
740 2277 1031 2331 voluntarie
1045 2277 1224 2331 auditu
1247 2276 1390 2330 auris
1409 2275 1741 2330 obedientem
1758 2277 1908 2345 quasi

341 2364 446 2400 una
477 2364 698 2415 persona
731 2349 936 2419 (supple
958 2350 1141 2415 esset),
1172 2358 1409 2418 propter
1444 2358 1606 2419 unum
1642 2362 1736 2400 cor
1774 2349 1910 2401 allo-

334 2435 507 2487 quens
530 2420 692 2473 lilium
724 2418 979 2473 nominat.
1020 2437 1038 2471 ι
1073 2419 1164 2472 Vel
1185 2423 1355 2474 etiam
1376 2418 1516 2487 quia,
1553 2419 1690 2471 sicut
1722 2432 1911 2472 omnes

341 2505 436 2556 per
469 2498 633 2543 totum
656 2490 838 2545 orbem
860 2490 1053 2544 Christi
1079 2490 1258 2545 fideles
1286 2488 1497 2544 nonnisi
1528 2504 1687 2542 unum
1720 2491 1909 2558 mysti-

336 2577 461 2613 eum
490 2575 707 2629 corpus,
728 2561 930 2615 scilicet
982 2562 1271 2616 Ecclesiam
1325 2560 1584 2625 cilicium,
1614 2561 1685 2613 ita
1713 2569 1767 2613 et
1794 2575 1911 2613 om-

340 2645 437 2684 nes
477 2633 744 2698 monachi,
775 2632 897 2686 licet
925 2646 1147 2686 nttmero
1178 2632 1349 2693 multi,
1383 2630 1594 2685 natione
1640 2630 1796 2700 longe
1823 2632 1909 2684 di-

340 2705 509 2763 versi,
541 2704 749 2756 nonnisi
781 2719 941 2756 unum
991 2703 1324 2756 constituunt
1370 2716 1584 2771 corpus,
1623 2701 1772 2769 cujus
1821 2702 1907 2755 alii

335 2775 553 2840 capitis,
581 2775 667 2827 alii
694 2775 910 2842 pedum,
953 2774 1040 2826 alii
1070 2789 1320 2827 manuum
1375 2774 1519 2826 vices
1567 2771 1825 2835 referunt,
1853 2782 1911 2826 nt

333 2845 491 2897 docet
513 2844 571 2898 S.
604 2844 899 2898 Dorothuus
925 2843 1097 2914 (Doct.
1130 2844 1184 2913 6)
1220 2861 1233 2895 :
1270 2863 1288 2894 t
1320 2844 1453 2909 Quid
1475 2844 1627 2898 vobis
1664 2844 1911 2898 videntur

332 2928 461 2967 esse
486 2916 777 2969 ctenobia?
823 2915 1036 2983 inquit;
1067 2929 1243 2969 nonne
1283 2930 1448 2969 unum
1496 2915 1742 2968 videntur
1791 2929 1911 2970 esse

332 3001 533 3053 corpus
560 2996 612 3040 et
634 2986 858 3040 invicem
890 2988 1170 3040 membra?
1202 2986 1297 3049 Qui
1318 2995 1491 3038 autem
1536 2986 1910 3041 administrant

332 3064 387 3107 et
411 3059 733 3124 gubernant,
765 3058 951 3126 capitis
973 3057 1089 3110 loco
1112 3056 1375 3111 habentur
1405 3072 1418 3118 ;
1446 3056 1535 3125 qui
1561 3070 1691 3109 vero
1718 3070 1910 3123 specu-

335 3128 516 3181 lantur
543 3136 598 3181 et
618 3129 913 3197 corrigunt,
936 3130 1207 3182 oculorum
1241 3128 1407 3181 vicem
1456 3137 1665 3189 tenent;
1721 3139 1775 3179 at
1821 3128 1908 3196 qui

2011 499 2254 555 victimas
2282 503 2453 558 aliena
2471 499 2623 576 caro,
2655 517 2748 571 per
2770 499 3124 559 obedientiam
3139 499 3370 576 prppria
3391 499 3589 565 volun-

2015 580 2095 624 tas
2126 580 2405 645 mactatur.
2432 592 2467 645 ί»
2523 573 2624 645 Sed
2669 584 3054 645 nenostantus
3097 573 3268 632 labor'
3298 579 3584 645 deterreat,

2014 644 2344 710 propositum
2376 643 2544 697 labori
2575 643 2849 711 pra-mium
2878 646 3200 713 intueamur.
3235 658 3286 704 et
3334 650 3488 705 facile
3510 643 3586 704 vi;

2012 713 2223 767 debitor
2252 729 2410 769 omne
2438 714 2658 769 difﬁcile
2690 732 2701 768 :
2728 717 3052 783 promittitur
3092 731 3270 774 autem
3294 720 3493 776 reditus
3517 724 3586 777 ad

2013 784 2198 850 Deum,
2230 796 2285 839 ut
2315 787 2383 838 ad
2408 802 2519 838 eum
2544 801 2632 855 per
2681 785 2978 840 obedientite
3027 790 3252 844 laborem
3296 792 3493 848 redeas.
3544 795 3590 848 0

2014 870 2218 910 merces
2239 858 2251 909 l
2280 857 2324 911 0
2354 858 2628 926 praamium
2653 859 2666 909 ι

2086 928 2129 979 Α
2157 943 2254 1001 quo
2277 943 2365 997 per
2388 926 2736 1001 inobedienliaz
2754 927 3005 1001 desidiam
3042 928 3363 1001 recasurum]
3394 935 3435 986 Α
3477 932 3587 989 Deo

2013 998 2331 1051 recessimus
2351 1013 2472 1051 cum
2498 1013 2592 1066 per
2614 999 2780 1053 divini
2812 1001 3043 1055 mandati
3093 998 3581 1066 prtevaricatiortem

2014 1068 2065 1120 iit
2089 1069 2255 1142 Atiam
2285 1083 2471 1142 omnes
2502 1070 2857 1142 peccavimus,
2896 1072 2978 1142 vel
3026 1088 3146 1125 cum
3204 1073 3433 1142 propriis
3488 1089 3586 1129 nos

2014 1139 2248 1211 reatibus
2269 1148 2322 1194 et
2346 1140 2721 1211 inobedientiis
2746 1140 2965 1211 principi
3001 1139 3336 1196 tenebrarum
3378 1145 3585 1198 manci-

2016 1210 2273 1278 pavimus.
2334 1209 2617 1279 Signanter
2637 1226 2762 1266 vero
2784 1209 3284 1267 dicit'inobedientia:
3304 1214 3546 1268 desidiam
3566 1231 3586 1275 ;

2014 1281 2202 1346 quibus
2230 1281 2408 1335 verbis
2428 1280 2582 1337 docet
2601 1297 2695 1336 eos
2740 1297 2868 1337 vere
2896 1284 3105 1337 desides
3150 1284 3443 1338 censendus
3468 1300 3588 1342 esse

2014 1360 2067 1404 et
2096 1353 2275 1420 pigros
2304 1352 2416 1420 qui,
2441 1353 2893 1422 transgredientes
2918 1355 3160 1408 mandata
3192 1353 3306 1419 Dei,
3349 1370 3446 1409 nec
3475 1356 3587 1409 Deo

2016 1436 2114 1475 nec
2134 1424 2363 1491 propriae
2402 1424 2646 1477 laborant
2675 1423 2863 1488 saluti;
2893 1425 3011 1480 licet
3055 1425 3198 1479 enim
3228 1426 3379 1479 multi
3422 1428 3587 1481 multa

2014 1504 2321 1560 operentur,
2347 1493 2462 1548 lucc
2488 1495 2587 1548 nisi
2616 1494 2681 1548 ad
2714 1495 2877 1549 Deum
2899 1511 3032 1564 puro
3059 1511 3120 1550 ac
3160 1496 3371 1551 sincero
3393 1498 3588 1551 mentis
3621 1516 3635 1535 ο

2014 1565 2202 1617 allecto
2224 1564 2490 1626 referant,
2515 1581 2621 1619 non
2652 1580 2834 1632 opera.
2877 1566 2970 1621 sed
2999 1580 3219 1634 operum
3270 1568 3588 1621 destructio-

2015 1648 2109 1687 nes
2141 1638 2339 1689 rectius
2359 1635 2769 1690 existimaveris.
2800 1636 3061 1692 Praeclare
3093 1640 3313 1692 omnino
3361 1636 3586 1693 Guillel-

2016 1722 2132 1759 mus
2146 1707 2306 1759 abbas
2336 1707 2639 1761 monasterii
2664 1706 2723 1762 S.
2751 1708 3068 1763 Theodorici
3095 1709 3159 1762 ad
3181 1708 3587 1764 CarthusienSes

2020 1778 2306 1849 monachos
2335 1779 2573 1831 scribens
2612 1776 2712 1848 (De
2746 1776 2843 1833 Vit.
2869 1780 3006 1832 salit.
3032 1782 3097 1833 ad
3124 1783 3304 1849 fratres
3324 1780 3386 1832 de
3415 1778 3589 1834 Monte

2021 1847 2135 1912 Dei,
2159 1863 2274 1914 cap.
2300 1848 2353 1916 8)
2381 1866 2393 1900 :
2423 1866 2441 1899 t
2476 1848 2717 1903 Otiosum
2749 1866 2854 1903 non
2876 1859 2959 1903 est
2986 1847 3175 1905 vacare
3205 1851 3333 1914 Deo,
3362 1850 3472 1905 imo
3494 1866 3589 1905 ne-

2015 1919 2213 1990 gotium
2247 1920 2579 1990 negotiorum
2598 1922 2834 1974 manium
2852 1925 2951 1975 hoc
2979 1933 3061 1975 est
3079 1922 3254 1987 :qnod
3284 1923 3587 1990 quicunque

2015 1989 2229 2061 inicella
2270 2005 2374 2043 non
2399 1993 2509 2060 agit
2557 1989 2783 2045 fideliter
2812 2002 2866 2046 et
2908 1992 3189 2056 ferventer,
3235 1989 3588 2061 quodcunque

2015 2060 2144 2123 agit,
2172 2064 2311 2129 quod
2342 2071 2559 2129 propter
2588 2062 2690 2116 hoc
2721 2077 2824 2116 non
2847 2064 2976 2131 agit,
3009 2063 3213 2119 scilicet
3246 2073 3305 2117 ut
3326 2063 3439 2118 Deo
3472 2060 3586 2118 ser-

2014 2131 2205 2204 viatur,
2242 2132 2293 2185 in
2323 2146 2388 2186 eo
2411 2131 2550 2199 quod
2575 2132 2704 2204 agit,
2737 2135 2952 2188 otiatur.
2980 2153 2999 2185 ο

2086 2202 2162 2275 Ad
2189 2212 2236 2255 te
2256 2218 2374 2273 ergo
2397 2219 2530 2275 nunc
2551 2202 2691 2257 naeus
2717 2221 2879 2259 sermo
2901 2205 3156 2275 dirigitur,
3185 2207 3410 2274 quisquis
3441 2206 3587 2259 abre-

2012 2273 2254 2326 nuntiatis
2277 2274 2499 2341 probriis
2521 2274 2880 2328 voluntatibus.
2912 2273 3060 2331 Sicut
3081 2273 3256 2331 nullus
3299 2278 3350 2329 in
3406 2277 3588 2330 Eccle-

2013 2343 2090 2396 sia
2113 2343 2288 2415 fidelis
2316 2344 2613 2399 admittitur
2641 2346 2764 2413 quin
2794 2347 2945 2413 prius
2987 2348 3218 2411 diabolo,
3276 2348 3482 2415 pompis
3534 2358 3588 2400 et

2013 2414 2263 2481 operibus
2288 2415 2404 2482 ejus
2424 2416 2895 2482 abrentmtiaverit,
2927 2418 2995 2471 ita
3035 2432 3132 2470 nec
3157 2414 3324 2470 ullum
3358 2414 3414 2471 iri
3444 2421 3587 2472 clau-

2013 2494 2126 2537 stro
2146 2488 2462 2539 monachum
2487 2486 2574 2554 qui
2601 2488 2826 2554 propriis
2852 2503 2955 2541 non
2986 2486 3324 2541 abrenuntiet
3345 2490 3587 2541 volunta-

2013 2555 2173 2626 tibus,
2203 2555 2259 2609 S.
2296 2555 2364 2609 P.-
2388 2557 2702 2611 Benedictus
2727 2558 2987 2612 introduci
3017 2559 3202 2619 voluit,
3222 2570 3281 2611 ut
3328 2569 3445 2626 post
3476 2561 3587 2613 Ilii-

2012 2625 2288 2679 demarum
2314 2635 2460 2681 recte
2506 2628 2704 2681 nctavit
2767 2629 3066 2682 Bernartius
3119 2625 3474 2683 Cassinensis.
3510 2632 3585 2684 Ex

2014 2696 2095 2771 liis
2124 2712 2251 2767 ergo
2285 2700 2447 2771 liquet
2468 2714 2623 2767 quem
2651 2699 2750 2752 sibi
2773 2714 2991 2763 scoimm
3021 2702 3073 2753 in
3119 2700 3317 2769 Regula
3341 2700 3396 2756 S.
3422 2701 3585 2771 legis.

2014 2769 2173 2834 lator,
2204 2784 2360 2837 quem
2385 2768 2485 2824 sibi
2514 2771 2670 2823 tinem
2691 2773 3046 2840 pmposuerit,
3061 2768 3418 2825 obedientiam
3446 2768 3587 2829 sculi.

2013 2848 2096 2893 cet
2112 2854 2206 2893 seu
2223 2840 2447 2907 propria:
2463 2839 2749 2894 voluntatis
2766 2839 3196 2907 abnegationem,
3215 2850 3272 2895 ut
3299 2844 3453 2895 docet
3492 2844 3589 2896 itu-

2016 2910 2197 2983 primis
2213 2913 2270 2965 8.
2289 2910 2474 2964 Petrus
2491 2911 2750 2983 Damiani,
2763 2928 2882 2965 cum
2900 2914 3025 2966 dicit
3040 2912 3350 2983 (OpttstE'i,
3368 2929 3484 2978 cap.
3500 2916 3587 2983 ti):

2020 2981 2485 3055 indcantus_cum
2517 2982 2754 3055 scribere
2785 2981 3074 3055 incipiti(S.
3104 2983 3445 3053 Benedictus)
3473 2981 3589 3055 qui-

2015 3052 2111 3105 bus
2135 3054 2291 3106 verba
2323 3053 2520 3119 dirigit,
2551 3053 2614 3106 ad
2662 3053 2801 3122 quod
2853 3054 3123 3107 hominum
3165 3068 3333 3123 genus
3376 3052 3587 3109 omnem

2012 3126 2118 3175 vim
2138 3131 2397 3176 secuturae
2419 3123 2734 3178 elocutionis
2759 3124 2985 3179 intendit
3012 3124 3272 3196 ;aitenim
3286 3142 3301 3177 :
3317 3125 3396 3179 Ad
3410 3136 3455 3179 te
3471 3143 3590 3196 ergo

332 3213 587 3253 sermone
610 3195 855 3266 prosit—nt,
885 3199 996 3254 oris
1025 3215 1244 3254 munere
1267 3198 1592 3267 funguntur;
1642 3197 1732 3266 qui
1782 3195 1911 3253 obe-
1940 3206 1983 3266 (ς
2016 3209 2297 3267 punctum:
2317 3209 2480 3246 sermo
2497 3195 2755 3267 dirigitur,
2772 3208 2876 3267 etc.
2916 3215 2934 3248 ι
2979 3195 3159 3251 Refert
3198 3196 3288 3250 hic
3324 3198 3588 3265 integrum

332 3268 508 3331 dinnt,
538 3271 745 3323 aurium
772 3270 889 3324 loco
940 3278 1251 3340 putantur;
1282 3269 1369 3338 qui
1425 3283 1587 3337 opera
1640 3278 1912 3333 exercent,

333 3341 586 3393 manibus
610 3339 1017 3409 comparantur;
1047 3342 1133 3410 qtti
1167 3339 1394 3395 reddunt
1422 3354 1697 3408 responsa,
1729 3349 1783 3394 et
1813 3340 1917 3395 huc

333 3411 639 3480 atqueilluc
666 3411 735 3465 ad
758 3411 1049 3466 ministeria
1079 3412 1398 3482 diriguntur,
1415 3410 1587 3464 vicem
1615 3425 1916 3481 exsequun-

336 3494 423 3535 tur
455 3482 670 3550 pedum.
706 3501 724 3533 ι

409 3551 478 3606 Ut
496 3554 562 3605 ad
584 3568 701 3606 eum
724 3568 811 3622 per
832 3552 1128 3606 obcdicntia:
1149 3553 1370 3606 laborem
1397 3550 1578 3604 redeas
1602 3568 1633 3603 a
1681 3567 1781 3620 quo
1818 3568 1915 3622 (per

333 3623 689 3678 inobedientia:
726 3621 1015 3685 desidiam;
1044 3640 1342 3678 ret-esseras.
1393 3623 1530 3690 Quid
1576 3621 1783 3676 dulcius
1815 3621 1913 3677 hac

331 3709 489 3758 voce,
514 3696 705 3748 fratres
725 3690 1229 3763 charissimt‘l'Ecce
1260 3693 1346 3747 hic
1386 3693 1640 3761 przeclare
1683 3693 1787 3745 dux
1819 3710 1914 3747 no-

329 3766 629 3845 stcr‘nobis
664 3782 682 3815 t
748 3764 1338 3845 praponit'ct-ftatnen,
1369 3764 1910 3845 lnoriunrcertandi,

332 3835 692 3905 meritumque
720 3833 972 3899 vincenti,
1006 3833 1062 3905 ut
1093 3834 1326 3905 loquitur
1369 3834 1715 3888 Tritbemius.
1747 3834 1803 3888 ltt
1846 3850 1912 3889 eo

331 3921 563 3975 namque
592 3906 731 3973 quod
762 3907 835 3960 ait
882 3908 1127 3972 laborem,
1181 3916 1453 3961 certamen
1499 3906 1752 3971 denotat;
1798 3906 1915 3958 obe-

329 3978 563 4042 dientiw,
597 3978 846 4041 modum;
880 3979 1080 4044 redeas,
1135 3978 1404 4032 meritum.
1433 3996 1451 4028 ι
1502 3975 1704 4047 Ecquid
1760 3976 1913 4031 nobis

328 4048 577 4112 suavius,
598 4048 725 4118 quid
757 4048 939 4103 utilius
966 4050 1139 4102 reditu
1163 4049 1226 4101 ad
1260 4049 1424 4103 Deum
1456 4047 1676 4117 proponi
1702 4048 1913 4116 posset?

328 4118 444 4173 imo
488 4118 612 4186 qttid
654 4117 763 4174 Deo
810 4119 912 4188 ipsi
969 4119 1293 4188 optabilius?
1328 4118 1507 4185 tQtiid
1535 4119 1700 4182 enim,
1744 4120 1913 4187 inquit

327 4188 392 4242 S.
418 4190 763 4259 Augustinus,
787 4189 1041 4244 Dominus
1070 4190 1258 4259 qurerit
1285 4205 1313 4241 a
1345 4198 1417 4256 te,
1448 4189 1545 4243 nisi
1577 4190 1665 4244 te?
1690 4189 1824 4257 Quia
1857 4190 1910 4245 in

326 4263 473 4313 omni
497 4271 740 4315 creatura
768 4271 973 4316 terrena
1008 4261 1135 4315 nihil
1193 4260 1383 4315 melius
1441 4260 1563 4314 fecit
1620 4269 1693 4327 te,
1725 4263 1913 4330 quterit

330 4341 383 4385 te
416 4345 444 4383 a
496 4332 708 4400 te,quia
740 4340 793 4386 tu
819 4333 1124 4400 perdideras
1153 4339 1224 4385 te.
1259 4348 1276 4381 ›
1335 4332 1439 4385 Sed
1465 4347 1566 4399 qua
1612 4332 1677 4385 ad
1738 4335 1909 4400 ipsum

327 4402 625 4473 redibitnus
655 4402 773 4455 via?
803 4418 908 4455 non
939 4404 1037 4456 alia
1068 4404 1224 4473 plane
1249 4403 1316 4456 ah
1344 4417 1405 4457 ea
1434 4417 1591 4472 quam
1640 4403 1746 4468 hic,
1773 4402 1912 4457 sicut

326 4472 453 4525 alibi
487 4473 546 4528 S.
609 4473 875 4543 legislator
926 4472 1122 4528 indicat
1168 4473 1394 4529 dicens:
1452 4473 1679 4527 Scientes
1718 4490 1772 4527 se
1823 4491 1911 4541 per

328 4555 462 4595 hanc
490 4544 789 4597 obedtetttiw
810 4545 1121 4598 oimuituros
1142 4544 1208 4597 ad
1264 4544 1444 4596 Deum.
1506 4544 1629 4597 lltec
1674 4552 1758 4599 est
1802 4547 1904 4609 via,

325 4615 666 4685 ambulemus
693 4617 742 4667 in
778 4631 870 4680 ea;
902 4618 1039 4671 unde
1095 4615 1281 4669 Petrus
1334 4614 1570 4669 llamiatti
1622 4614 1812 4685 (Srrm.
1849 4586 1911 4669 αὲ
1940 4586 1987 4645 D

326 4683 510 4739 Leuit.
542 4687 605 4738 S.
631 4686 806 4754 Cruc.)
842 4703 856 4739 :
893 4705 911 4738 t
948 4687 1207 4755 Depulsus
1240 4697 1323 4740 est
1353 4686 1533 4751 homo,
1589 4683 1780 4754 inquit,
1841 4689 1908 4740 ab

326 4755 419 4809 illa
443 4756 581 4811 felici
606 4757 934 4822 hazreditatc,
958 4758 1208 4812 exsilium
1235 4758 1453 4811 sortitus
1476 4767 1556 4810 est
1580 4772 1674 4826 pro
1708 4759 1873 4826 patria
1890 4801 1904 4821 ,

327 4839 557 4882 mortem
589 4843 684 4897 pro
715 4828 841 4891 vita,
875 4843 971 4897 pro
997 4831 1163 4897 gloria
1191 4827 1533 4896 ignominiam
1570 4842 1581 4882 :
1639 4828 1683 4880 si
1735 4829 1813 4882 vis

326 4912 459 4967 ergo
479 4898 544 4952 ad
577 4908 719 4953 tuam
746 4899 1109 4954 haztetlttatcm
1134 4900 1349 4961 reverti,
1390 4908 1531 4953 tuam
1570 4898 1769 4967 abnega
1820 4914 1908 4949 Vu-

328 4968 611 5025 luntatetn.
644 4969 937 5041 Abnegatio
960 4970 1120 5041 igitur
1153 4969 1438 5023 voluntatis
1472 4968 1798 5041 hatreditatis
1826 4979 1908 5024 est

328 5042 692 5113 rectipcratio:
715 5061 733 5093 ι
760 5039 816 5095 et
840 5041 895 5098 S.
930 5039 1227 5096 Bernartlus
1251 5041 1441 5113 (Serm.
1469 5039 1536 5093 64
1567 5041 1630 5092 de
1659 5042 1900 5113 divam):

334 5130 355 5159 ο
400 5110 519 5167 lla:c
547 5122 631 5167 est
654 5114 821 5166 virtus
850 5127 969 5180 qua!
1019 5110 1520 5178 animampcrfecte
1570 5112 1675 5165 Deo
1722 5112 1905 5165 subdi-

330 5191 463 5242 tam,
491 5184 589 5237 sub
612 5183 796 5237 umbra
835 5188 1038 5237 alarum
1068 5184 1232 5251 ipsius
1254 5197 1440 5236 secure
1472 5183 1594 5235 facit
1644 5182 1843 5237 vivere.
1877 5202 1895 5234 ι

404 5256 552 5319 Quod
577 5266 753 5309 autent
783 5270 887 5308 non
914 5254 1267 5309 obedientiam
1292 5254 1620 5321 simpliciter,
1664 5256 1755 5307 sed
1781 5262 1901 5306 obe-

325 5327 533 5377 dieutne
559 5328 780 5379 laborem
806 5322 963 5390 dicit,
990 5325 1224 5379 declarat
1252 5341 1354 5377 ttott
1384 5326 1518 5378 adeo
1546 5324 1774 5387 facilem,
1805 5325 1899 5379 sed

328 5402 553 5449 tumtum
624 5396 944 5451 laboriosam
992 5411 1105 5451 rem
1163 5411 1283 5450 esse
1338 5395 1727 5455 obedientiam;
1762 5397 1901 5462 qttotl

325 5468 605 5519 Conﬁrmat
634 5470 690 5524 S.
719 5468 1003 5537 Gregorius
1044 5481 1173 5536 papa
1229 5465 1409 5522 homil.
1454 5466 1521 5519 '59.
1573 5466 1635 5537 iu
1656 5465 1900 5535 Evange-

327 5540 457 5589 ltum
484 5539 595 5592 ll.l°C
624 5535 865 5593 scribens
898 5557 909 5591 :
943 5560 959 5590 ι
1000 5535 1248 5592 Fortasse
1293 5552 1394 5591 non
1449 5540 1531 5592 est
1578 5535 1901 5591 laboriosum

327 5615 628 5676 relinquere
653 5610 886 5672 sua,sctl
912 5608 1063 5663 valde
1089 5608 1409 5663 laboriosum
1462 5617 1545 5663 est
1598 5608 1902 5676 relinquere

323 5693 673 5749 Setnettpsmn
705 5698 719 5738 :
772 5683 944 5735 minus
983 5680 1176 5748 quippe
1206 5689 1281 5734 est
1330 5680 1596 5749 ahnegare
1636 5682 1775 5749 quod
1812 5681 1901 5732 ha—

330 5759 451 5805 bet.
488 5754 633 5806 valde
662 5765 838 5807 autem
869 5752 1091 5819 multum
1124 5753 1385 5819 :thncgat'c
1410 5750 1669 5818 quodest.
1720 5769 1737 5800 ι
1771 5750 1901 5803 Hinc

324 5824 488 5899 plant:
511 5839 605 5877 vox
632 5824 719 5878 illa
752 5823 987 5880 cmlcstis
1019 5839 1030 5876 :
1059 5814 1238 5875 Milior
1261 5814 1327 5876 cst
1354 5814 1634 5881 oltétlicittiq
1656 5838 1804 5891 quam
1828 5823 1898 5875 υἱέ

2018 3262 2231 3337 Regula:
2247 3273 2469 3337 textum,
2505 3262 2831 3320 tunisubdit:
2860 3286 2876 3316 t
2907 3268 3169 3334 Quantum
3185 3283 3312 3337 ergo
3331 3283 3394 3321 ex
3417 3262 3590 3324 ἔλειιὶ

2017 3334 2194 3406 verbis
2208 3336 2459 3401 colligere
2484 3349 2783 3403 possumus,
2823 3340 2990 3406 magis
3024 3339 3086 3391 ad
3118 3334 3428 3392 discendam
3452 3340 3586 3394 obe-

2016 3405 2266 3458 dientiam
2296 3406 2352 3475 9
2389 3421 2544 3474 quam
2597 3408 2664 3460 ad
2709 3405 3062 3476 peragendam
3088 3410 3455 3477 paenitentiam
3481 3411 3586 3465 Re-

2015 3479 2149 3544 gula:
2183 3478 2337 3544 hujus
2358 3477 2539 3547 schola
2576 3483 2916 3547 cognoscitur
2940 3479 3199 3542 instituta,
3225 3495 3330 3533 non
3363 3490 3441 3545 ut,
3470 3482 3585 3537 sive

2021 3556 2369 3615 peccatores,
2416 3546 2528 3600 sive
2564 3546 2737 3615 justus
2776 3549 3060 3616 excludat,
3094 3551 3176 3604 vel
3219 3567 3378 3604 unum
3423 3568 3589 3619 genus

2019 3618 2567 3690 horninutnreSpuat,
2589 3620 2682 3674 sed
2706 3622 2831 3690 quia
2869 3635 3079 3675 omnem
3115 3621 3222 3673 vim
3252 3631 3307 3673 et
3338 3618 3589 3677 intentio-

2016 3703 2137 3741 nem
2166 3687 2232 3741 ad
2259 3688 2532 3743 edocenda
2570 3687 2888 3745 obedientite
2920 3696 3182 3759 praecepta
3209 3692 3518 3745 constituat.
3562 3712 3583 3745 ο

2017 3758 2084 3811 Et
2107 3774 2237 3812 sane
2264 3773 2382 3811 cum
2411 3760 2798 3815 coenobitarum
2827 3758 3207 3816 monachorum
3239 3762 3586 3818 fortissimum

2014 3844 2182 3903 genus
2240 3830 2340 3883 sibi
2369 3830 2756 3903 diSponendum
2789 3834 3124 3903 proposuerit
3157 3833 3213 3888 8.
3261 3832 3415 3887 Pater
3436 3875 3449 3896 ,
3482 3851 3585 3889 non

2015 3900 2174 3972 alium
2223 3914 2445 3972 prorsus
2471 3900 2539 3955 ab
2569 3902 2686 3972 ipso
2731 3900 3120 3958 ccenobitarum
3153 3903 3258 3959 line
3308 3906 3585 3961 intendete

2014 3970 2226 4043 debuit;
2253 3971 2371 4040 quis
2393 3981 2567 4027 autem
2594 3970 2690 4027 ille
2715 3973 2783 4028 sit
2805 3973 2961 4029 docet
2988 3976 3127 4043 apud
3151 3975 3465 4029 Cassianum
3490 3978 3579 4031 ab-

2014 4040 2110 4096 bas
2155 4041 2390 4115 Joannes
2431 4044 2511 4097 his
2540 4044 2717 4099 verbis
2749 4043 2973 4115 (Callet.
3022 4040 3123 4115 l9,
3154 4063 3202 4099 c.
3228 4047 3294 4112 ὅ)
3328 4063 3341 4097 :
3381 4066 3399 4097 t
3443 4048 3586 4103 Finis

2014 4114 2301 4188 ctenobita:
2330 4125 2412 4169 est
2441 4128 2626 4188 omnes
2656 4114 2779 4171 suas
2810 4115 3132 4188 mortiﬁcare
3180 4126 3235 4171 et
3273 4118 3588 4188 cruciﬁgere

2015 4184 2349 4259 voluntates;
2382 4204 2399 4236 ι
2429 4196 2483 4240 et
2501 4184 2734 4259 severus
2755 4187 3021 4257 Sulpicius
3043 4188 3209 4259 (Dial.
3235 4188 3323 4241 lib.
3351 4203 3389 4252 ι,
3414 4184 3542 4257 οἶδ)
3569 4209 3584 4243 :

2020 4272 2037 4303 t
2079 4256 2203 4328 llmc
2222 4255 2436 4328 illorum
2466 4257 2634 4325 prima
2662 4259 2832 4313 virtus
2855 4255 3245 4328 parere'alieno
3274 4255 3531 4325 imperio,
3563 4276 3581 4312 δ

2016 4327 2229 4398 tandem
2279 4326 2336 4398 S.
2397 4326 2750 4398 Hieronymus
2805 4326 2873 4384 de
2927 4330 3223 4385 (Joanobitis
3276 4330 3517 4384 scribens
3568 4346 3584 4390 :

2014 4394 2207 4469 (Epist.
2240 4397 2331 4467 22)
2358 4414 2371 4449 :
2404 4414 2422 4447 t
2458 4394 2652 4465 Prima,
2678 4400 2867 4469 inquit,
2898 4400 3034 4467 apud
3063 4416 3155 4455 eos
3177 4400 3583 4466 confoederatio,

2015 4468 2344 4541 estAobedire
2375 4469 2689 4541 majoribus,
2713 4468 2767 4523 et
2788 4471 3041 4541 quidquid
3063 4473 3320 4539 jusserint
3345 4472 3543 4526 facere.
3561 4494 3577 4523 ι

2017 4538 2213 4593 Eadem
2242 4538 2399 4593 habet
2421 4540 2616 4609 [tegula
2649 4543 2707 4594 8.
2734 4538 3047 4596 Pdsthuinio
3066 4538 3137 4596 ab
3158 4542 3349 4612 angelo
3392 4544 3583 4598 tradita

2015 4624 2067 4681 n.
2103 4624 2141 4673 ι,
2178 4620 2330 4676 prout
2371 4623 2543 4665 exStat
2577 4612 2626 4662 in
2658 4613 2777 4680 ejus
2811 4612 2948 4675 Vita,
2980 4627 3099 4681 cap.
3133 4615 3187 4667 8.
3224 4613 3355 4664 ltinc
3386 4612 3472 4665 vix
3502 4618 3587 4667 ul-

2017 4680 2122 4733 lum
2166 4683 2215 4733 in
2258 4690 2363 4752 tota
2398 4682 2453 4735 S.
2488 4682 2545 4735 P.
2581 4681 2852 4737 Benedicti
2883 4680 3081 4752 [tegula
3112 4695 3267 4751 caput
3312 4692 3487 4737 exstat
3532 4688 3582 4739 in

2013 4766 2117 4820 quo
2148 4751 2505 4806 obedientiam
2536 4753 2716 4821 aliquo
2760 4755 2922 4808 modo
2961 4751 3067 4807 non
3097 4754 3437 4808 commendet
3461 4797 3475 4816 ,
3529 4767 3587 4811 ut

2012 4821 2157 4875 lacili
2180 4822 2395 4893 negotio
2418 4822 2791 4878 demonstrare
2816 4840 3109 4893 possemus,
3136 4826 3237 4879 nisi
3268 4826 3318 4879 id
3346 4829 3587 4881 muneris

2011 4906 2135 4946 ante
2164 4910 2259 4946 nos
2289 4892 2509 4948 obiisset
2532 4894 2612 4947 vir
2641 4896 2980 4949 doctissimus
3012 4896 3332 4952 Benedictus
3375 4895 3589 4952 Haefte-

2014 4980 2114 5018 nus
2142 4966 2192 5019 in
2224 4964 2691 5035 Disquisitionibus
2732 4965 3045 5020 monasticis
3077 4967 3112 5020 Ι.
3144 4984 3174 5021 ιι
3219 4967 3437 5023 Catcch.
3473 4984 3588 5023 mo-

2014 5048 2177 5098 nast.,
2212 5044 2348 5103 part.
2387 5035 2421 5086 2
2447 5074 2461 5101 ,
2495 5036 2763 5103 disquisit.
2811 5037 2898 5090 1‘2.
2946 5036 3099 5092 Unde
3141 5039 3301 5093 etiam
3340 5035 3589 5092 Christus

2012 5106 2266 5160 Dominus
2288 5106 2427 5174 apud
2459 5107 2514 5161 S.
2545 5107 2819 5175 Brigittam
2853 5108 3049 5175 (licvcl.
3084 5109 3174 5163 lib.
3203 5126 3274 5174 tv,
3308 5128 3354 5163 ε.
3392 5111 3492 5164 127
3519 5112 3535 5176 )
3574 5124 3590 5168 ‘.

2017 5195 2043 5250 ί
2067 5176 2179 5243 Ille,
2208 5178 2402 5246 inquit,
2416 5187 2499 5232 est
2519 5179 2811 5232 monachus
2835 5179 3132 5243 Benedicti,
3152 5183 3238 5249 qui
3270 5182 3388 5250 plus
3408 5183 3592 5235 ohedit

2014 5248 2225 5318 [legulae
2263 5263 2421 5318 quam
2470 5254 2638 5303 carni.
2676 5251 2803 5322 rlix
2855 5252 3047 5317 quibus
3089 5248 3340 5305 omnibus
3391 5254 3609 5322 liquido

2008 5332 2172 5388 patet,
2204 5334 2363 5389 quam
2384 5321 2623 5389 apposite
2651 5321 2715 5373 ad
2742 5322 2880 5374 hunc
2913 5324 3082 5376 locum
3112 5322 3348 5377 Joannes
3372 5321 3589 5379 Trithe-

2010 5389 2148 5451 titius
2196 5392 2434 5445 dixerit:
2476 5410 2493 5441 t
2530 5395 2668 5446 Ante
2710 5394 2885 5444 omnia
2934 5403 3185 5462 tanquam
3238 5395 3442 5449 titulum
3491 5410 3591 5446 an-

2012 5461 2208 5517 dientis
2233 5462 2506 5531 prauuittit
2534 5464 2941 5529 abnegationem
2985 5461 3215 5533 propria:
3248 5466 3539 5520 voluntatis
3570 5506 3582 5530 ,

2012 5535 2134 5600 quia
2183 5534 2311 5592 nihil
2360 5533 2526 5599 partis
2565 5535 2723 5588 habet
2771 5535 2821 5586 in
2876 5538 2973 5589 hac
3002 5536 3199 5603 Regula
3227 5576 3243 5597 ,
3284 5539 3375 5605 qtti
3416 5538 3593 5590 adhuc

2015 5605 2247 5673 propriis
2278 5605 2513 5658 deservit
2562 5606 2917 5659 voluntatibus
2943 5625 2956 5669 ;
3007 5605 3298 5661 monachus
3328 5609 3468 5662 enim
3499 5610 3588 5675 qui

2012 5691 2115 5729 non
2147 5677 2349 5730 dimisit
2375 5679 2641 5744 propriam
2678 5679 3002 5730 voluntatem
3029 5717 3045 5739 ,
3081 5694 3185 5730 non
3221 5691 3300 5731 est
3336 5680 3476 5747 quod
3511 5684 3591 5730 είςη

2010 5752 2183 5801 citur:
2236 5747 2344 5799 imo
2405 5748 2637 5800 irritatur
2688 5760 2769 5801 t-st
2815 5749 2907 5801 lici
2944 5767 2954 5799 :
2990 5750 3219 5816 primum
3252 5767 3479 5818 namque
3512 5768 3589 5802 ltt~

2012 5829 2366 5874 Sli'lllllCllllllll
2415 5819 2663 5873 monachi
2708 5831 2782 5875 est
2821 5820 3086 5876 abdicatio
3131 5822 3356 5890 proprie
3402 5822 3601 5877 νυὶιιιιο.
