3960 6178
268 224 331 258 δνι
339 223 368 258 ’ζ

268 245 368 276 Ζῖίοὶ

1283 229 1552 284 llEGULA
1592 227 2080 284 COMMENTATA.
2101 257 2108 264 -
2127 228 2496 286 PROLOGUS.

3402 231 3511 288 9:16

269 341 528 398 rteoobiis
573 343 829 399 videmus.
879 344 944 398 At
974 358 1077 397 non
1105 345 1185 402 sic
1219 345 1372 411 plane
1401 348 1459 398 S.
1492 346 1838 408 Benedictus.
1879 349 1925 406 Α
1957 346 2224 413 periorum
2262 345 2482 408 monita,
2511 358 2734 414 quorum
2763 357 2862 399 nos
2886 344 3280 402 exhortationes
3311 346 3508 403 illumi-

268 430 371 466 non
408 415 520 484 sic,
555 416 645 467 sed
677 415 857 478 omni,
887 415 1094 484 inquit,
1119 424 1356 481 tempore
1379 417 1447 471 de
1475 417 1624 471 bonis
1655 417 1766 471 suis
1794 419 1844 470 in

271 484 424 536 nobis
456 483 684 556 Domino
727 483 1022 553 parendum
1056 486 1332 556 cst.Ergo
1367 505 1384 537 ι
1421 489 1532 541 sine
1578 489 1755 540 timore
1784 487 1848 539 de

272 570 428 605 manu
463 555 790 608 inimicorum
835 567 1125 609 nostrorum
1154 555 1351 608 liberati
1380 560 1652 610 serviamus
1691 557 1768 610 illi
1796 557 1846 610 in

272 625 538 677 sanctitate
578 634 625 678 et
643 625 851 695 justitia
891 641 1062 678 coram
1102 626 1232 695 ipso,
1275 628 1504 681 omnibus
1544 628 1716 680 diebus
1757 645 1850 681 no—

274 695 426 760 stris,
475 711 496 745 ι
529 704 581 748 ut
617 698 660 748 is
687 696 752 748 sit
778 697 1020 748 terminus
1061 696 1352 749 obedientim
1396 699 1480 765 qui
1519 710 1589 751 est
1616 699 1758 763 vitm,
1791 707 1849 751 ut

275 779 394 816 eum
437 765 497 819 S.
535 766 802 819 Bernardo
846 765 1054 834 loquar.
1089 767 1329 821 Notanda
1371 783 1588 834 prorsus
1629 767 1769 821 hunc
1797 769 1847 822 in

276 841 450 888 locum
482 835 772 890 Hildemari
799 837 959 890 verba
993 853 1006 888 :
1044 855 1061 886 ι
1104 838 1322 906 Egregia
1349 878 1364 903 ,
1391 838 1534 903 iniit,
1560 838 1850 891 admonitio

276 915 396 969 est,
431 920 554 958 cum
586 906 779 961 dicitur
823 923 837 958 :
880 906 1034 959 Omni
1080 909 1348 970 tempore,
1379 908 1498 975 quia
1542 909 1628 960 ubi
1660 909 1851 962 dicitur

278 977 509 1028 servitus
547 976 676 1038 Dei,
720 983 966 1031 monetur
993 991 1054 1030 ea
1085 979 1228 1030 omni
1263 985 1499 1044 tempore
1543 993 1697 1040 esse;
1730 994 1848 1032 nam

280 1045 514 1099 hominis
539 1048 770 1100 servitus
799 1062 907 1101 non
933 1055 1109 1114 potest
1138 1049 1281 1101 omni
1315 1058 1553 1111 temporc
1573 1064 1691 1102 esse
1711 1088 1724 1112 ,
1754 1049 1848 1102 sed

282 1117 739 1185 perintervallum
773 1118 1047 1185 temporis.
1088 1135 1105 1167 ι

354 1184 424 1240 Ut
465 1203 569 1240 non
599 1188 762 1240 solum
807 1198 862 1240 ut
887 1184 1064 1239 iratus
1108 1197 1249 1256 pater
1286 1203 1384 1239 non
1416 1187 1688 1256 aliquando
1717 1188 1851 1253 ﬁlios

283 1256 608 1327 cantet-edet]
649 1257 897 1311 irascitur
944 1257 1085 1310 Deus
1131 1273 1249 1310 cum
1294 1258 1476 1325 punit,
1527 1260 1673 1324 punit
1721 1274 1848 1311 vero

285 1343 404 1379 cum
451 1329 723 1395 improbos
768 1328 904 1382 ﬁlios
945 1328 1061 1396 pius
1092 1335 1241 1396 pater
1266 1329 1572 1382 exlneredat
1605 1347 1617 1382 :
1649 1329 1849 1397 gravis-

286 1399 419 1450 sima
467 1412 683 1462 prorsus
729 1411 916 1466 ptena.
966 1407 1024 1450 ut
1071 1399 1160 1466 qui
1206 1398 1444 1452 hteredes
1475 1398 1684 1466 quidem
1715 1399 1846 1462 Dei,

286 1467 593 1520 colueredes
638 1478 814 1522 autem
860 1467 1058 1522 Christi
1106 1483 1199 1536 per
1241 1469 1576 1536 adeptionem
1621 1470 1850 1522 filiorum

287 1537 458 1591 effecti
491 1547 643 1600 sunt,
671 1539 724 1592 in
767 1553 975 1605 ptenam
1005 1539 1250 1591 admissa:
1283 1541 1334 1592 in
1364 1551 1567 1607 patrem
1596 1539 1811 1593 oli'ensa:
1833 1579 1847 1605 ,

291 1609 500 1662 etelesti
528 1609 796 1674 priventur
827 1609 1157 1662 hmrcdilate.

360 1679 462 1759 Sed
504 1693 593 1731 nec
627 1689 681 1731 ut
704 1679 1012 1762 metuendus
1055 1678 1301 1732 Dominus
1331 1687 1568 1772 irritatus,
1584 1680 1730 1772 malis
1756 1696 1844 1732 no-
1883 1714 1929 1772 Β

291 1750 423 1807 stris,
470 1758 524 1801 ut
555 1750 896 1820 nequissimos
919 1765 1084 1802 servos
1125 1757 1424 1820 perpetuam
1455 1749 1624 1820 tradat
1649 1751 1714 1802 ad
1746 1767 1850 1820 pa:-

293 1835 410 1871 nam
430 1860 443 1880 ,
475 1819 565 1887 qui
595 1834 717 1890 eum
754 1821 892 1890 sequi
935 1820 1187 1873 noluerint
1215 1820 1282 1872 ad
1309 1818 1572 1889 gloriarm]
1600 1818 1852 1874 Similiter

297 1890 430 1942 Deus
462 1890 548 1942 hic
592 1889 826 1943 irritatus
854 1890 1066 1957 dicitur,
1109 1905 1227 1943 cum
1277 1890 1631 1956 nequissimos
1671 1907 1854 1946 servos

295 1959 784 2030 perpetuamtradit
805 1959 870 2014 ad
895 1974 1100 2028 poenam
1121 2000 1136 2024 ,
1163 1974 1265 2013 non
1295 1962 1464 2014 solum
1495 1968 1708 2028 propter
1729 1978 1856 2030 pec-

297 2040 502 2094 catum,
531 2029 625 2083 sed
673 2042 888 2099 propter
925 2039 1195 2098 peccatum
1243 2046 1308 2084 ex
1359 2032 1555 2082 malitia
1605 2029 1880 2085 conimis--"'

297 2116 441 2171 sttui;
474 2117 494 2150 ι
532 2100 656 2153 Plus
684 2102 824 2155 enim
869 2111 949 2154 est
975 2101 1211 2155 irritatus
1251 2114 1408 2170 quam
1456 2105 1649 2164 iratus,
1684 2101 1853 2171 inquit

298 2170 654 2234 llildemartts;
699 2187 817 2224 nam
860 2172 950 2225 ille
982 2171 1179 2232 irritat,
1222 2171 1273 2223 id
1315 2181 1398 2225 est
1439 2181 1718 2238 provocat,
1759 2170 1851 2238 qui

299 2257 356 2294 es
382 2239 558 2295 studio
589 2241 740 2294 mala:
778 2241 1065 2295 voluntatis
1093 2244 1314 2294 alterum
1345 2241 1468 2294 facit
1510 2243 1665 2295 irasci
1719 2241 1853 2297 Nam

304 2311 450 2380 irasci
484 2313 656 2364 lacere
687 2320 861 2379 potest
883 2354 896 2372 ,
924 2314 1010 2380 qui
1041 2311 1349 2378 simpliciter
1378 2323 1576 2379 peccat.
1619 2330 1637 2362 ι

369 2379 714 2451 Exsurgamns
735 2398 854 2447 ergo
883 2379 1083 2434 tandem
1113 2381 1434 2452 aliquando.]
1456 2383 1604 2436 Justa
1635 2397 1696 2434 ac
1721 2381 1852 2450 legi-

305 2453 420 2504 tima
451 2465 520 2505 ex
563 2452 852 2518 prauuissis
879 2452 1069 2516 illatio;
1097 2453 1141 2505 si
1163 2452 1312 2504 enim
1342 2454 1493 2505 malis
1521 2453 1727 2504 actibus
1756 2469 1853 2505 no-

301 2522 417 2573 stris
455 2521 801 2575 contrismtnr
846 2523 1016 2582 Deus,
1047 2523 1090 2575 si
1136 2531 1283 2589 pater
1324 2523 1487 2574 iratus
1522 2522 1653 2574 lilios
1677 2521 1856 2575 exbze-

303 2594 477 2654 tedat,
524 2593 568 2644 si
614 2593 926 2646 metuendus
975 2593 1228 2645 Dominus
1273 2593 1626 2658 nequissimos
1673 2606 1854 2645 servos

301 2673 605 2729 perpetuam
652 2664 812 2715 tradit
853 2665 918 2716 ad
961 2677 1202 2729 poenam;
1250 2663 1373 2727 quid
1397 2702 1412 2726 ,
1443 2663 1542 2715 nisi
1576 2662 1686 2714 haec
1716 2665 1856 2716 serio

299 2731 559 2792 cavenda,
612 2731 939 2786 inferendum
987 2734 1097 2784 est?
1124 2733 1299 2798 Quare
1338 2748 1665 2800 exsurgamus
1705 2749 1854 2802 ergo,

301 2802 496 2870 inquit,
528 2803 730 2872 tandem
773 2802 1086 2870 aliquando;
1117 2818 1216 2872 qua
1251 2803 1498 2870 loquendi
1531 2802 1732 2855 ratione
1763 2804 1858 2856 de-

300 2881 444 2926 natat
472 2871 674 2925 nullum
707 2887 810 2926 non
843 2888 960 2927 esse
985 2871 1306 2941 poenitentiae
1329 2883 1562 2940 tempus;
1587 2872 1683 2926 etsi
1713 2874 1856 2926 enim

302 2943 493 2996 bonum
535 2942 606 2996 sit
645 2942 780 3008 viro,
821 2958 940 2996 cum
987 2943 1274 3010 portaverit
1312 2941 1491 3011 jugum
1542 2943 1748 2995 Domini
1789 2945 1858 2996 ab

301 3012 654 3066 adolescentia
678 3027 770 3067 sua
787 3052 802 3078 ,
825 3027 932 3066 non
955 3013 1076 3066 ideo
1095 3021 1270 3066 tamen
1300 3013 1473 3066 omnis
1499 3026 1715 3082 prorsus
1733 3027 1856 3081 spes

1954 425 2116 478 nant;
2152 416 2217 486 ad
2248 415 2415 484 ipsam
2444 417 2500 470 S.
2530 415 2757 483 Spiritus
2784 415 3180 482 inspirationem
3200 460 3214 484 ,
3245 418 3398 486 cujus
3424 421 3507 474 in-

1951 493 2116 540 ternae
2147 485 2524 539 illusu'ationes
2560 487 2751 540 mentis
2780 497 2973 539 nostrae
3003 486 3249 540 tenebras
3277 485 3460 555 ingant
3483 530 3496 545 .

1951 555 2173 623 apertis,
2204 555 2442 624 inquam,
2462 556 2632 609 oculis
2656 597 2671 619 ,
2706 557 2755 610 id
2788 565 2870 610 est
2893 556 3072 610 relicta
3094 558 3259 611 veteri
3287 573 3506 614 conver-

1951 627 2190 697 satione,
2223 625 2527 697 mentisque
2559 639 2776 696 torpore
2819 626 3089 697 discusso,
3135 628 3276 681 vitiis
3321 644 3504 697 pecca-

1953 696 2120 766 lisque
2146 699 2353 763 penitus
2373 695 2596 766 deletis;
2629 695 2658 746 ί
2686 706 2810 750 tunc
2841 696 2978 749 enim
3013 696 3206 750 dicitur
3231 695 3347 766 quis
3375 714 3505 764 ape-

1952 765 2060 820 rire
2088 766 2312 837 oculos,
2337 780 2457 819 cum
2479 765 2739 837 liberatur
2767 783 2793 818 a
2820 776 3057 834 peccato,
3088 769 3206 834 quia
3246 765 3338 832 per
3380 785 3506 837 pec-

1951 843 2124 888 catum
2157 835 2410 904 dividitur
2439 836 2630 902 aliquis
2661 851 2690 888 a
2723 835 2939 902 lumine,
2964 837 3164 890 scilicet
3189 835 3400 891 Christo
3423 879 3440 904 ,
3478 857 3503 892 s

1951 905 2120 972 inquit
2164 903 2460 976 Richardus
2487 905 2554 960 de
2594 905 2651 960 S.
2682 906 2902 972 Angelo.
2947 906 3110 961 Recte
3155 918 3330 960 autem
3363 903 3503 976 pest-

1951 990 2108 1042 quam
2147 975 2308 1047 disit:
2340 974 2479 1047 liora
2518 986 2601 1030 est
2626 976 2691 1029 de
2717 991 2903 1029 somno
2925 991 3163 1042 surgere,
3189 974 3497 1047 subjungit:

1953 1048 2021 1097 Et
2054 1045 2251 1110 apertis
2278 1045 2464 1112 oculis,
2499 1055 2635 1110 etin;
2668 1047 2786 1115 quia
2820 1047 2987 1114 prima
3020 1047 3246 1102 hominis
3264 1045 3506 1104 asonmo
3539 1071 3546 1077 ·

1954 1115 2173 1168 excitati
2203 1117 2437 1182 operatio
2467 1125 2547 1169 est
2573 1117 2779 1182 aperire
2813 1117 3014 1169 oculos.

2030 1186 2274 1238 Attonitis
2292 1184 2772 1255 auribus.]Scilicct
2803 1189 3014 1239 mentis.
3048 1187 3319 1253 Attonitis,
3343 1189 3391 1242 id
3425 1198 3505 1242 est

1959 1255 2192 1318 attentis,
2229 1274 2246 1305 ε
2285 1257 2432 1324 quasi
2456 1255 2519 1308 ad
2553 1257 2708 1309 verba
2735 1256 2964 1309 tonantis
2991 1259 3228 1318 attentis,
3259 1259 3338 1312 vel
3366 1269 3505 1312 atto-

1959 1326 2106 1388 nitis,
2141 1326 2190 1378 id
2219 1335 2298 1378 est
2329 1326 2392 1378 ad
2437 1328 2635 1394 tonum!
2661 1327 2874 1379 intentis
2899 1367 2912 1389 ,
2953 1348 2968 1376 ι
3003 1329 3169 1394 inquit
3209 1330 3506 1383 Bernartius

1957 1394 2309 1458 Cassinensis,
2348 1408 2399 1447 et
2427 1406 2544 1462 post
2571 1411 2687 1449 eum
2718 1397 3007 1460 Boberins;
3042 1414 3132 1449 seu
3168 1401 3341 1465 potius
3365 1412 3503 1451 θείου

1955 1465 2098 1527 nilis,
2135 1467 2182 1518 id
2214 1474 2295 1535 est
2319 1467 2536 1529 territis,
2570 1476 2622 1518 et
2645 1483 2750 1535 prm
2772 1476 2987 1533 stupore
3013 1469 3076 1519 ad
3103 1477 3297 1522 tantam
3324 1487 3505 1523 vocan-
3547 1509 3552 1514 .

1957 1535 2020 1587 tis
2047 1550 2142 1588 nos
2167 1534 2260 1589 Dei
2284 1534 2656 1602 benignitatem
2677 1537 3011 1589 mirantibus.

2037 1606 2314 1675 Audiamus
2353 1607 2521 1658 divina
2549 1607 2772 1675 quotidie
2793 1607 3018 1659 clamans
3048 1609 3169 1674 quid
3209 1625 3297 1661 nos
3323 1611 3503 1662 admo-

1956 1685 2068 1726 neat
2116 1674 2252 1745 ιόει.]
2310 1675 2502 1730 Vocem
2556 1674 2730 1729 divina
2759 1677 2964 1730 duobus
3016 1687 3292 1742 poSsnmos
3338 1683 3505 1734 lllOtllS

1957 1745 2276 1813 intelligere:
2330 1746 2382 1799 l°
2415 1748 2464 1798 in
2516 1758 2702 1801 neutro
2728 1763 2939 1811 genere,
2974 1750 3124 1813 quad
3167 1751 3364 1802 diceret
3417 1766 3505 1805 ros

1955 1816 2181 1882 divinas,
2209 1832 2302 1869 seu
2336 1817 2498 1870 Deum
2529 1821 2816 1882 sapientes,
2862 1820 2930 1870 ita
2961 1829 3015 1870 ut
3043 1833 3228 1870 sensus
3256 1828 3361 1872 szt:
3391 1821 3496 1872 Au-

1955 1886 2162 1939 diamus
2184 1887 2306 1954 quid
2327 1902 2424 1940 vox
2453 1887 2683 1954 quotidie
2704 1890 2936 1941 clamans
2968 1903 3052 1939 res
3081 1889 3284 1940 divinas
3306 1896 3398 1941 no.
3421 1893 3504 1942 :ul-

1956 1969 2185 2020 moneat;
2203 1955 2324 2010 “.t'in
2345 1958 2619 2024 feminino,
2641 1958 2919 2012 relerendo
2949 1957 3117 2010 diuina
3134 1961 3196 2011 ad
3220 1975 3331 2020 vox,
3357 1963 3504 2024 quasi

1957 2026 2246 2080 diceretur:
2279 2029 2567 2082 Audiamus
2601 2029 2726 2097 quid
2763 2044 2866 2082 vox
2912 2029 3086 2081 divina
3135 2031 3368 2095 quotidie
3397 2039 3506 2084 claI

1957 2111 2110 2150 tnaos
2139 2113 2234 2151 nos
2274 2099 2577 2153 admoneat.
2620 2100 2824 2153 Clamat
2859 2108 3031 2152 autem
3067 2116 3164 2151 vox
3195 2101 3370 2152 divina
3411 2119 3504 2167 per

1955 2168 2173 2221 verbum
2221 2169 2420 2233 Patris,
2473 2169 2675 2222 scilicet
2723 2167 3026 2232 Christum,
3063 2185 3215 2234 cuius
3261 2175 3418 2224 verba
3452 2173 3503 2225 in

1958 2237 2272 2305 Evangelio;
2320 2240 2510 2294 clamat
2553 2255 2646 2307 per
2687 2254 2779 2292 ora
2834 2241 3239 2307 prepbetaruin,
3285 2258 3506 2308 quorum

1958 2313 2168 2361 oracula
2197 2309 2250 2361 in
2273 2311 2435 2362 sacris
2457 2312 2657 2378 paginis
2676 2326 2689 2373 ;
2705 2310 2892 2362 clamat
2909 2326 3000 2376 per
3015 2325 3103 2362 ora
3120 2321 3503 2378 apostolorum,

1957 2393 2180 2445 quorum
2213 2379 2448 2432 doctrina
2479 2381 2532 2432 in
2559 2379 2660 2449 14
2685 2394 2876 2449 eorum
2905 2381 3153 2446 Epistolis
3184 2383 3234 2433 in
3271 2382 3506 2436 Eaclesiu

1956 2448 2192 2515 quotidie
2223 2450 2442 2518 legitur;
2485 2448 2676 2503 clamat
2711 2464 2804 2518 per
2833 2448 2990 2502 vitam
3035 2461 3088 2503 et
3116 2452 3354 2518 exempla
3386 2471 3508 2506 san-

1958 2528 2184 2581 ctorum,
2217 2535 2436 2586 quorum
2463 2531 2612 2572 actus
2659 2521 2709 2572 iit
2751 2519 3032 2572 collatione
3061 2535 3188 2573 ante
3218 2527 3509 2588 completo-

1960 2589 2093 2640 rium
2137 2591 2453 2652 recitantur;
2488 2594 2678 2643 clamat
2709 2605 2800 2656 per
2838 2591 3238 2644 exhortationes
3286 2595 3378 2646 Sb.
3423 2598 3510 2647 do-

1957 2667 2183 2719 ctorum,
2210 2659 2358 2727 juxta
2383 2660 2508 2713 illud
2541 2678 2551 2711 :
2585 2661 2690 2724 Qui
2717 2677 2799 2712 vos
2834 2660 2978 2711 aud.t
3004 2675 3081 2712 me
3109 2661 3290 2724 audit;
3321 2668 3510 2718 ciatnat

1961 2743 2055 2794 per
2107 2743 2404 2794 creaturas,
2445 2747 2664 2796 quarum
2715 2732 2968 2784 beneticio
3018 2745 3100 2784 tes
3147 2734 3360 2796 divina},
3408 2737 3512 2787 ituu

1959 2798 2239 2872 peusipse
2271 2802 2421 2854 nobis
2468 2801 2780 2866 innotescit;
2817 2804 3010 2854 clamat
3055 2804 3283 2871 denique
3314 2819 3408 2872 per
3453 2820 3513 2860 os

1963 2868 2122 2921 David
2151 2870 2365 2924 dicens:

2032 2939 2079 2990 ll
2090 2940 2456 3012 odiesitocem
2477 2943 2588 3012 ejus
2608 2941 2893 3000 audieritis,
2915 2941 3072 2994 nolite
3087 2941 3337 2996 obdurare
3359 2944 3515 2999 corda

1965 3007 2173 3082 vestrm]
2201 3009 2340 3064 Nihti
2364 3007 2523 3082 enim
2551 3013 2812 3066 obdurato
2855 3014 3014 3065 corde
3041 3012 3275 3067 deterius
3296 3053 3311 3078 ,
3364 3017 3516 3082 cujus

301 3091 378 3138 est
401 3082 732 3150 abiicienda,
753 3085 796 3136 si
825 3086 909 3138 vel
939 3083 1004 3136 ad
1031 3083 1232 3137 virilem
1259 3091 1468 3137 aetatem
1495 3078 1588 3136 aut
1611 3082 1676 3136 ad
1705 3078 1862 3138 sene-
1890 3087 1934 3150 (ζ
1966 3078 2228 3134 sinceram
2252 3081 2404 3135 nobis
2428 3083 2823 3136 similitudinem
2851 3091 3196 3150 repraesentat
3217 3085 3273 3138 S.
3302 3078 3517 3138 Bernar-

303 3163 500 3207 ctntem
549 3167 715 3222 usque
758 3166 906 3206 suam
951 3153 1070 3222 quis
1109 3153 1373 3207 distulerit
1410 3153 1810 3208 conversionem
1843 3171 1858 3207 :

305 3238 420 3276 nam
451 3232 507 3278 et
537 3222 917 3291 paterfamilias
947 3222 1074 3276 hora
1101 3225 1261 3277 etiam
1291 3223 1566 3278 undecima
1594 3226 1868 3292 operarios

307 3294 368 3347 ad
395 3294 604 3348 vineam
636 3293 918 3348 mittendos
949 3292 1231 3357 conducit,
1262 3307 1396 3360 quos
1436 3294 1490 3347 in
1531 3293 1867 3363 praemiorum

310 3363 658 3418 retributione
683 3377 837 3432 pares
864 3365 992 3419 facit
1014 3364 1080 3416 iis
1113 3363 1203 3432 qui
1231 3363 1436 3432 pondus
1464 3374 1518 3418 et
1545 3370 1734 3418 aestum
1764 3364 1868 3418 diei

313 3435 655 3500 jertnlerint;
684 3435 925 3502 quamvis
957 3434 1314 3499 periculosum
1341 3433 1412 3488 sit
1437 3435 1653 3487 omnino
1677 3433 1872 3488 diutius

316 3505 376 3556 ad
405 3503 686 3558 Dominum
715 3504 1115 3560 conversionem
1140 3503 1352 3558 dili‘erre
1373 3545 1388 3569 ,
1412 3513 1472 3558 ut
1495 3506 1646 3558 docet
1675 3504 1731 3557 S.
1765 3508 1868 3559 Au-

315 3574 548 3640 gustinus
590 3589 753 3628 serui.
797 3576 886 3638 87,
919 3575 986 3628 de
1030 3573 1354 3640 Scripturis,
1403 3573 1739 3641 insinuatquc
1783 3574 1872 3630 hic

315 3646 370 3698 ὃ.
399 3644 456 3698 Ρ.
490 3643 840 3715 Benedictus,
872 3645 971 3715 13
1001 3645 1087 3711 qui
1134 3659 1238 3698 non
1266 3644 1598 3715 simpliciter
1641 3644 1770 3698 dicit
1817 3653 1874 3697 ut

317 3730 578 3782 surgamus
597 3753 613 3776 ,
647 3714 742 3769 sed
771 3723 834 3785 ut
868 3714 1231 3785 exsurgamus,
1263 3714 1313 3767 id
1341 3714 1561 3768 estsine
1586 3729 1729 3785 mora
1757 3729 1873 3768 sur-

318 3797 528 3851 gamus,
559 3794 616 3854 ut
646 3784 864 3854 exponit
894 3783 1229 3854 llildemarus
1249 3785 1407 3854 ,sive
1427 3825 1443 3849 ,
1477 3793 1535 3837 ut
1573 3783 1722 3838 aiunt
1748 3785 1874 3839 Ber-

318 3855 532 3992 nardo;
553 3852 889 3910 Cassinensts
933 3865 987 3908 et
1033 3853 1220 3910 Petrus
1267 3853 1558 3917 Boberius,
1607 3871 1875 3925 surgamus

319 3940 424 3976 tum
457 3941 484 3978 e
526 3934 661 3979 ectu.

319 3940 424 3976 tum
457 3934 661 3979 effe“!!-

385 3993 654 4048 Exeitante
683 4009 775 4048 nos
796 3993 1064 4064 Scriptura
1089 4009 1150 4047 ac
1175 3995 1404 4047 dicente:
1439 4012 1456 4044 ι
1501 3993 1643 4047 [lora
1672 4006 1742 4048 est
1764 3999 1875 4062 jam

321 4079 448 4117 nunc
482 4066 548 4119 de
587 4080 765 4118 somno
795 4081 1020 4135 surgere.
1060 4085 1078 4114 ι
1113 4065 1230 4117 Jam
1259 4080 1416 4129 nunc,
1445 4066 1492 4116 id
1523 4075 1607 4118 est
1653 4084 1716 4118 eo
1761 4068 1876 4133 ipso

322 4148 421 4202 quo
465 4137 658 4203 loquor
687 4144 961 4203 tempore,
991 4135 1105 4189 sine
1153 4136 1258 4187 ulla
1305 4150 1519 4203 pronus
1573 4137 1872 4189 dilatione:

323 4201 462 4271 quia,
492 4201 554 4259 ut;
577 4205 706 4258 dicit
732 4201 866 4273 apud
891 4204 1202 4258 Cassianum
1233 4205 1395 4258 abbas
1419 4201 1714 4258 Germanus
1732 4205 1876 4274 (Col-

325 4276 409 4327 lat.
441 4277 531 4338 17,
561 4291 674 4344 cap.
705 4276 782 4343 5),
817 4292 835 4326 t
875 4277 939 4327 ad
968 4276 1261 4341 profectum
1293 4276 1640 4341 spiritualium
1673 4292 1873 4338 rerum,

322 4345 678 4412 Virtutemque
707 4347 1045 4399 tendentibus
1087 4346 1382 4412 periculosa
1413 4361 1475 4398 ac
1503 4347 1662 4399 noxia
1701 4359 1782 4399 est
1821 4357 1874 4399 et

324 4429 474 4482 parva
499 4415 714 4477 dilatio;
738 4435 756 4466 ι
775 4425 848 4478 et,
875 4425 930 4468 ut
957 4417 1101 4468 aitS.
1127 4415 1350 4468 Ambros
1376 4429 1436 4468 us
1455 4413 1541 4485 (In
1570 4433 1615 4466 ι’.
1650 4432 1664 4468 l
1695 4417 1869 4482 Lua),

329 4503 346 4534 ι
380 4489 549 4540 nescit
570 4486 718 4538 tarda
749 4486 1018 4554 molimina
1059 4487 1286 4552 Spiritus
1319 4488 1486 4539 sant-ti
1509 4488 1696 4554 gratia.
1745 4507 1762 4538 s

391 4554 466 4608 De
490 4571 669 4609 somno
698 4553 949 4624 surgere.]
979 4557 1176 4626 Somno
1207 4556 1290 4609 hic
1318 4553 1874 4626 torpor’negligentia:

327 4626 644 4750 dcslgll;;lﬂ',
666 4637 722 4680 ut
739 4628 956 4694 exponit
971 4626 1026 4681 S.
1056 4625 1339 4694 Gregorius
1362 4642 1490 4694 papa
1518 4625 1603 4697 (L.
1621 4625 1669 4680 7v
1695 4625 1874 4691 Man,

327 4713 432 4750 can.
461 4711 491 4748 ι
560 4734 577 4748 .

327 4713 437 4763 περἶ
461 4698 577 4763 22).

382 4715 686 4837 ’iitzzirertis
718 4766 876 4819 oculis
902 4767 969 4819 ad
1001 4766 1247 4832 Deiﬁcum
1278 4765 1490 4835 laniem]
1523 4766 1724 4820 Lumen
1755 4767 1875 4820 Dei-

328 4835 479 4890 licum
503 4835 587 4890 est
613 4837 728 4902 ipse
756 4839 993 4890 Salvator
1021 4837 1287 4897 Christus,
1319 4841 1407 4904 qui
1438 4837 1703 4890 illuminat
1754 4852 1872 4889 om-

329 4922 443 4960 nem
475 4907 745 4961 hominem
776 4907 1074 4976 venientem
1103 4909 1154 4960 in
1187 4908 1326 4960 hunc
1372 4907 1649 4969 mundum,
1682 4909 1875 4976 quique

328 4979 392 5029 de
412 4980 589 5044 seipso
619 4975 779 5030 dicit:
815 4975 924 5046 Ego
970 4993 1082 5030 sum
1129 4976 1221 5030 tua:
1261 4977 1459 5028 mundi.
1488 4977 1685 5030 Lumen
1713 4977 1874 5030 Dein-

330 5062 442 5098 cum
463 5058 546 5103 est
574 5049 687 5111 ipsa
710 5045 1186 5113 sacra’Scripturaq
1218 5046 1284 5100 de
1311 5061 1417 5114 qua
1447 5046 1647 5099 Psaltes
1669 5050 1872 5115 regius:

334 5115 559 5170 Lucerna
583 5115 792 5185 pedibus
809 5119 932 5170 meis
957 5118 1159 5170 uerbum
1185 5130 1346 5169 tuum.
1379 5117 1579 5170 Lumen
1621 5118 1872 5171 [)ctticum

334 5196 411 5240 est
435 5190 770 5257 superiorum
817 5189 1294 5255 magistrorumque
1335 5188 1571 5239 thCtt‘ina
1594 5225 1610 5251 ,
1637 5203 1756 5239 nam
1786 5188 1874 5257 qui

335 5257 462 5309 docti
490 5258 680 5327 fuerint
700 5297 714 5319 ,
747 5258 1008 5327 fulgebunt
1037 5257 1180 5322 quasi
1207 5258 1446 5326 splendor
1479 5258 1799 5320 ﬁrmamenti,
1829 5267 1876 5308 et

334 5329 416 5392 qui
437 5331 504 5379 ad
527 5328 784 5398 justitiam
808 5329 1046 5398 erudiunt
1073 5328 1255 5398 multos
1277 5327 1420 5398 quasi
1438 5327 1596 5379 stella:
1627 5329 1676 5379 in
1704 5344 1877 5398 perpe-

337 5406 443 5450 tuas
467 5395 770 5452 teter-uitales
825 5396 1078 5466 (Danielis
1115 5397 1232 5461 xu).
1278 5395 1516 5462 Denique
1544 5399 1721 5450 lutnen
1753 5397 1874 5451 Dei-

338 5468 482 5521 ticnm
513 5478 598 5522 est
626 5470 830 5522 interna
869 5469 1098 5536 Spiritus
1127 5472 1290 5522 sancti
1324 5469 1614 5535 inspiratio.
1660 5472 1873 5534 Apertis

336 5551 455 5601 ergo
483 5541 654 5592 oculis
680 5538 745 5590 ad
777 5538 1028 5593 Deilicutn
1053 5538 1460 5603 lumen,sci|icet
1490 5541 1551 5591 ad
1582 5539 1868 5602 Christum,

337 5607 479 5676 cujus
507 5609 753 5676 exempla
783 5609 994 5678 vitaque
1023 5611 1158 5662 viam
1188 5611 1372 5663 salutis
1393 5613 1868 5666 demonstrantzail

339 5691 532 5732 sacram
575 5678 922 5746 Scripturam,
957 5682 1103 5747 cujus
1127 5685 1319 5732 veritas
1353 5696 1448 5732 nos
1470 5681 1653 5746 duci-t;
1687 5683 1748 5734 ad
1781 5697 1864 5733 su-

1869 4525 1872 4528 ,
1902 4461 1953 4518 υ

1971 3150 2068 3202 dus
2105 3150 2184 3222 his
2212 3153 2386 3222 verbis
2405 3150 2541 3222 (Lib.
2570 3168 2586 3206 ι
2613 3153 2676 3205 de
2699 3151 2928 3222 Consid.,
2963 3168 3076 3220 cap.
3105 3153 3160 3222 2)
3185 3170 3197 3204 :
3223 3173 3240 3204 ε
3275 3155 3409 3220 Quid
3435 3166 3518 3209 est

1971 3234 2064 3291 cor
2088 3221 2310 3273 durum?
2338 3221 2506 3289 ipsum
2533 3233 2614 3276 est
2643 3221 2782 3290 quod
2812 3236 2910 3277 nec
2937 3221 3344 3291 compunctione
3374 3227 3518 3279 scin-

1971 3288 2133 3351 ditur,
2176 3305 2271 3345 nec
2297 3288 2493 3360 pietate
2522 3288 2788 3355 mollitur,
2822 3306 2922 3346 nec
2969 3288 3209 3347 movetur
3231 3295 3513 3361 precibus:

1974 3360 2133 3432 minis
2170 3377 2272 3414 non
2316 3363 2489 3426 cedit,
2521 3362 2742 3432 ﬂagellis
2779 3361 3019 3416 duratur.
3045 3360 3309 3432 Ingratum
3341 3366 3404 3418 ad
3425 3368 3518 3420 be-

1975 3431 2160 3501 nelicia
2185 3441 2286 3494 est,
2318 3433 2384 3486 ad
2417 3431 2634 3486 consilia
2682 3432 2920 3497 inﬁdum,
2952 3432 3017 3485 ad
3054 3431 3251 3501 judicia
3278 3451 3477 3489 stevom
3499 3476 3515 3501 ,

1974 3499 2387 3572 inverecundum
2437 3503 2502 3555 ad
2557 3504 2748 3572 turpia,
2797 3499 3118 3571 impavidum
3164 3505 3230 3557 ad
3260 3499 3516 3572 pericula,

1975 3567 2318 3642 inhumanum
2347 3572 2411 3626 ad
2438 3567 2687 3638 humana,
2706 3567 3043 3626 temerarium
3064 3574 3128 3625 ad
3157 3567 3352 3642 divina,
3389 3567 3519 3642 pra!-

1975 3641 2248 3695 teritorum
2303 3643 2640 3707 oblivisceus,
2675 3644 2954 3713 prazsentia
3000 3644 3308 3712 negligens,
3340 3641 3518 3700 futura

1976 3724 2080 3784 non
2113 3713 2431 3784 providens;
2456 3718 2650 3784 ipsum
2678 3722 2760 3768 est
2793 3713 2877 3768 cui
2905 3715 3292 3780 praeteritorum
3325 3727 3520 3784 prteter

1976 3779 2116 3853 solas
2167 3781 2384 3850 injurias
2413 3779 2541 3836 nihil
2595 3785 2812 3838 omnino
2842 3779 2946 3837 non
2979 3785 3245 3851 praeterit,
3292 3779 3519 3853 praesen-

1977 3851 2107 3903 tium
2155 3853 2284 3905 nihil
2312 3855 2475 3920 perit,
2508 3854 2801 3908 futurorum
2845 3855 2991 3908 nulla
3013 3855 3110 3907 nisi
3139 3854 3274 3909 forte
3294 3851 3362 3909 ad
3391 3859 3520 3909 ulci-

1976 3921 2231 3994 scendum
2265 3926 2563 3990 prospectio
2593 3940 2686 3978 seu
2717 3925 3032 3994 praeparatio
3057 3935 3166 3990 est,
3199 3936 3254 3979 et
3288 3937 3342 3979 ut
3373 3926 3518 3981 brevi

1976 3999 2162 4064 cuncta
2195 3993 2463 4064 horribilis
2492 3995 2610 4048 mali
2644 3996 2778 4048 mala
2815 3997 3171 4062 compleCtar,
3221 3996 3394 4064 ipsum
3438 4009 3520 4052 est

1976 4061 2114 4130 quod
2162 4079 2259 4115 nec
2291 4062 2452 4116 Deum
2505 4065 2673 4130 timet,
2727 4080 2823 4119 nec
2849 4061 3114 4120 hominem
3164 4061 3457 4123 reveretur.
3493 4089 3512 4119 s

1979 4128 2140 4184 Foeda
2183 4146 2340 4191 sane.
2371 4136 2596 4203 genuina
2624 4128 2821 4198 tamen,
2851 4145 2903 4188 et
2932 4138 3046 4188 viva
3075 4136 3314 4191 obdurati
3341 4139 3520 4193 cordis

1979 4203 2172 4274 imago,
2201 4218 2354 4270 quam
2382 4208 2432 4256 in
2458 4219 2516 4259 se
2541 4219 2787 4272 perversa
2818 4207 3069 4274 peccandi
3099 4209 3516 4273 consuetudine,

1977 4273 2178 4324 caelesti
2211 4274 2404 4338 deleta,
2459 4277 2706 4347 exprimit
2757 4273 3030 4343 peccator;
3071 4294 3136 4331 ex
3184 4295 3288 4347 quo
3339 4283 3431 4344 lit,
3465 4293 3521 4335 ut

1981 4351 2233 4416 tanquam
2256 4357 2461 4416 montes
2507 4344 2708 4400 Gelboe
2746 4362 2844 4400 nec
2877 4362 3050 4401 rorem
3100 4344 3290 4402 divina:
3314 4360 3515 4416 gratae,

1980 4426 2076 4490 nec
2098 4413 2324 4480 pluviam
2344 4415 2590 4490 excipiat,
2616 4431 2712 4470 nec
2731 4418 2870 4490 ullas
2894 4417 3266 4488 Solisjustitse
3291 4413 3521 4474 illustraé

1984 4485 2180 4554 tiones;
2211 4493 2321 4548 aut,
2344 4485 2389 4538 si
2415 4487 2532 4554 quis
2555 4489 2691 4542 forte
2709 4489 2914 4542 divinus
2933 4485 3111 4542 radius
3133 4491 3382 4552 illuxerit,
3415 4507 3517 4545 non

1983 4552 2366 4631 etiiolliat,_sed
2407 4552 2640 4631 lutosum
2673 4562 2844 4631 potius
2872 4573 2965 4612 cor
2991 4561 3236 4631 obduret,
3265 4560 3400 4614 sicut
3428 4581 3518 4628 pa-

1985 4625 2132 4676 tratis
2158 4637 2188 4676 a
2220 4625 2362 4678 Mose
2406 4625 2682 4680 miraculis,
2719 4629 2966 4682 obduruit
3016 4630 3238 4683 Pharao.
3270 4625 3521 4698 Ergo-ne

1981 4707 2078 4769 nos
2118 4702 2279 4769 tantie
2300 4697 2614 4769 Calatnitatis
2641 4710 2744 4769 t_am
2790 4699 3045 4766 profunda
3091 4703 3310 4769 abyssus
3336 4697 3523 4756 inhor-

1985 4761 2133 4826 beat,
2159 4765 2308 4816 hodie
2345 4765 2390 4818 si
2425 4783 2596 4820 vocem
2640 4761 2845 4822 Domini
2885 4761 3280 4822 audieritis-noli
3306 4787 3332 4823 e
3357 4771 3518 4824 obdu-

1981 4847 2096 4904 rare
2143 4836 2298 4887 corda
2350 4845 2530 4891 vestra.
2583 4856 2601 4887 ι
2637 4841 2856 4904 Quantas
2909 4840 3050 4892 enim
3104 4843 3416 4896 temeritatis
3465 4857 3519 4898 et

1983 4903 2202 4983 insaniat.
2231 4915 2340 4983 est,
2373 4909 2446 4983 ait
2471 4910 2526 4962 S.
2548 4903 2855 4983 ‘Bernardus
2889 4909 3081 4983 (Serm.
3105 4909 3176 4983 25
3203 4912 3266 4963 de
3287 4913 3519 4982 divers.),

1981 4974 2025 5052 si
2056 4974 2186 5027 forte
2211 4976 2336 5054 dum
2364 4979 2757 5045 alloquiturtms
2785 4974 3035 5054 Dominus
3065 4981 3388 5054 majestatis},
3425 4974 3522 5039 nos

1983 5046 2237 5120 insensati
2267 5057 2574 5120 avertamus
2608 5063 2813 5117 aurem,
2859 5061 2912 5102 et
2952 5051 3016 5102 ad
3045 5046 3225 5106 nescio
3251 5046 3380 5120 quas
3416 5057 3522 5108 ani-

1979 5129 2122 5167 mum
2150 5115 2376 5194 ineptias
2394 5127 2768 5194 convertamus
2789 5115 2808 5173 ξ
2832 5120 3036 5186 Quanta
3063 5133 3144 5194 est
3171 5115 3283 5176 haec
3306 5127 3519 5194 injuria,

1980 5197 2034 5236 et
2060 5199 2214 5252 quam
2233 5188 2463 5253 graviter
2485 5190 2796 5244 vindicanda
2817 5233 2830 5251 ,
2863 5209 2982 5244 cum
3015 5193 3302 5247 vilissimus
3328 5188 3522 5250 vermis

1978 5255 2294 5335 clamantem
2326 5258 2399 5335 ad
2430 5272 2488 5311 se
2514 5259 2696 5314 audire
2724 5261 3038 5331 dedignatur
3079 5276 3374 5335 creatorem
3402 5269 3517 5319 tini-

1980 5327 2290 5404 versitatis?
2319 5331 2521 5404 Quanta
2553 5344 2712 5395 vero,
2747 5343 2800 5385 et
2825 5327 2980 5404 quam
3013 5334 3294 5388 inellabilis
3331 5337 3523 5391 divinat

1978 5395 2211 5472 dignatio
2248 5397 2515 5462 bonitatis,
2545 5415 2663 5468 qua:
2693 5395 2930 5470 quotidie
2959 5407 3215 5472 conspicit
3255 5421 3352 5460 nos
3391 5409 3524 5462 inle-

1976 5464 2126 5542 lices,
2158 5477 2458 5542 avertentes
2480 5464 2660 5542 aures,
2691 5464 3012 5529 tibdurantes
3036 5464 3218 5542 corda,
3245 5487 3300 5530 et
3330 5477 3419 5530 nih
3447 5483 3526 5530 lu-

1974 5536 2148 5591 tninus
2168 5539 2401 5592 clamitat
2429 5539 2492 5592 ad
2516 5542 2638 5594 nos!
2663 5559 2684 5594 s

2046 5607 2119 5689 (ἐι.
2138 5611 2352 5689 iterum:
2405 5609 2505 5689 Qui
2529 5611 2856 5689 .119961‘09788
2906 5614 3358 5689 audiendiaudtat
3403 5621 3525 5689 quid

1977 5676 2204 5746 Spiritus
2237 5681 2370 5734 dicat
2415 5678 2706 5754 lict-leuis]
2734 5686 2902 5740 Aures
2945 5685 3191 5742 audiendi
3247 5702 3368 5745 sunt
3415 5676 3522 5746 ina.-
