3960 6178
439 251 538 305 29.7

1818 247 1875 302 S.
1917 245 1975 300 P.
2019 245 2373 302 BENEDICTI
2411 298 2413 300 .

3589 251 3693 306 2'28

2993 325 3010 354 ι

441 387 602 430 annm
633 366 906 422 audienda:
928 362 1187 425 veritatis,
1210 375 1331 416 eum
1349 360 1558 416 sincera
1576 359 1717 432 illius
1730 359 2000 414 sectandae
2033 372 2082 428 Α
2112 362 2354 416 nediclus
2379 358 2586 430 insigne
2610 355 2903 418 vocationis
2926 364 3232 418 monasticae
3259 363 3599 432 beneﬁcium,
3629 371 3695 425 de

442 449 732 502 “miniata,
763 435 1108 492 desiderium.
1135 432 1271 497 Quid
1317 432 1573 500 Spiritus,
1604 431 1808 485 scilicet
1829 431 2000 502 (Spiri-

445 522 532 566 tus
576 501 821 572 sanctus,
859 507 1006 559 dicat
1037 503 1313 563 Ecclesiis.
1346 505 1396 556 id
1447 513 1530 556 est
1568 502 1774 557 cunctis
1801 501 2004 556 Christi

444 584 706 644 fidelibus,
751 593 814 634 ex
864 577 1058 644 quibus
1109 585 1356 642 tanquam
1402 573 1550 644 vivi:
1587 573 1872 644 lapidibus;
1903 588 2005 626 una

442 642 766 707 construitur
807 642 1067 702 Ecclesia.
1101 645 1257 699 Norat
1311 658 1470 714 porro
1520 643 1773 714 Rabanns
1813 642 2008 712 (Super

445 723 605 788 Mat.)
629 719 767 789 quod
800 737 818 769 ι
849 722 1056 789 quoties
1081 719 1194 789 lure
1216 713 1747 789 admonitiuucula,_i
1779 730 2006 789 nempe:

448 794 548 859 Qui
577 784 721 845 liabet
749 784 898 842 aures
937 786 1399 859 audimdiaudiat,
1431 803 1448 836 ι
1488 784 1570 859 vel
1602 785 1654 839 in
1690 785 2006 859 Evangelia,

444 857 526 918 vel
579 865 631 917 in
653 861 971 930 Apocalypsi
1015 858 1234 912 Joannis
1256 927 1265 930 _
1284 857 2008 930 interponitur,__mysticum

441 945 545 996 est,
576 926 715 1004 quod
745 926 942 1004 dicitur
961 969 976 993 ,
1020 941 1179 997 atque
1207 927 1273 982 ad
1307 926 1636 982 audiendum
1664 926 2009 981 discendum-

441 1017 547 1074 que
573 1002 784 1058 salubre
810 1002 1132 1074 insinuatur.
1171 1019 1190 1074 ι

519 1075 584 1128 Et
605 1075 726 1146 quid
747 1073 909 1146 dicit?
941 1069 1280 1146 Venite,_ﬁlii,
1305 1069 1476 1146 audite
1500 1068 1622 1141 ητα]
1641 1068 1828 1146 Venite
1845 1068 2013 1146 ,_clia-

449 1139 628 1201 ritatis
668 1145 918 1199 nimirum
969 1143 1276 1211 gressibus:
1314 1160 1333 1193 ι
1373 1139 1541 1195 Pedes
1579 1139 1685 1201 tui,
1735 1139 1907 1211 inquit
1950 1141 2010 1195 S.

443 1217 772 1286 Augustinus
800 1211 892 1284 (In
923 1210 1056 1286 psal.
1095 1212 1314 1286 xxstti),
1347 1213 1582 1286 cluiritas
1609 1219 1854 1286 tuaest;
1879 1210 2016 1286 duos

445 1280 613 1356 pedes
637 1280 849 1346 liabctn,
875 1280 982 1338 noli
1010 1297 1131 1356 esse
1157 1283 1515 1356 claudus._Qui
1546 1291 1672 1334 sunt
1693 1283 1798 1356 duo
1827 1280 2016 1356 pedes?

449 1352 549 1429 15
599 1361 706 1411 duo
749 1363 1026 1429 ιιτιεεεριιιΔ
1056 1353 1350 1418 eliarilatis,
1377 1352 1880 1429 ‘Dei_e_t__proximi_;
1936 1353 2016 1404 bis

445 1423 669 1499 pedibus
717 1423 890 1499 curre
910 1423 975 1479 ad
998 1425 1160 1478 Deum
1184 1467 1198 1489 ,
1230 1423 1425 1478 accede
1451 1423 1517 1477 ad
1553 1423 1700 1478 illum
1720 1464 1735 1486 ,
1770 1423 1858 1492 qui
1880 1431 1934 1477 et
1963 1432 2020 1476 ιιι

443 1497 688 1555 curreres
739 1502 852 1566 ipse
880 1497 1120 1548 hortatus
1145 1505 1245 1548 est.
1289 1514 1306 1544 ι

515 1561 773 1623 Timorem
796 1567 1000 1620 Domini
1027 1561 1370 1636 daemonas]
1420 1563 1580 1636 Recte
1605 1563 1846 1636 omnino,
1875 1563 2018 1634 quia,

445 1651 504 1694 ut
540 1641 668 1696 dicit
699 1641 758 1695 ὃ.
783 1637 1095 1692 Ambrosius
1121 1635 1259 1705 (Lib.
1295 1651 1308 1689 ι
1340 1635 1390 1686 in
1412 1635 1666 1705 lteram),
1705 1655 1723 1686 ι
1754 1635 1841 1702 qtii
1873 1645 2023 1690 timet

446 1713 728 1766 Dominum
754 1708 983 1764 declinat
1010 1721 1274 1770 errorem,
1299 1706 1365 1760 ad
1395 1707 1603 1760 virtutis
1635 1719 1877 1760 semitam
1905 1709 2020 1760 vias

445 1761 932 1850 ἕιῇίξίᾶιὲἰέιί⁷;’ἰιιει
969 1761 1110 1832 enim
1147 1761 1273 1844 quis
1295 1779 1529 1850 timuerit
1563 1777 1758 1841 Deum,
1793 1791 1896 1850 non
1927 1792 2020 1844 po—
2051 1761 2096 1821 Β

448 1865 554 1908 ιεει
594 1845 897 1906 renuntiare
941 1857 1189 1918 peccato;
1227 1865 1245 1898 ι
1301 1859 1357 1918 ει
1387 1845 1468 1918 γει
1495 1848 1795 1918 Bernartius
1824 1845 2016 1917 (Serm.

445 1929 518 1980 ει
563 1925 614 1976 in
643 1921 857 1990 Cant.):
888 1938 904 1970 ι
932 1917 988 1973 lu
1039 1920 1260 1972 veritate
1310 1917 1471 1972 didici
1505 1917 1807 1990 ninil_:eque
1833 1919 2017 1971 cl'licax

446 2010 566 2048 esse
595 1995 659 2046 ad
691 1988 912 2063 gratiam
945 1989 1375 2063 promerendam,
1409 1988 1766 2063 retinendam,
1786 2003 2020 2063 _recupe-

447 2058 878 2132 i-:ind-.im,'quain
904 2058 957 2114 si
976 2059 1120 2113 omni
1158 2071 1397 2132 tempore
1429 2073 1610 2112 coram
1643 2058 1751 2114 Deo
1785 2059 2023 2113 invenia-

448 2139 520 2192 ris
552 2150 654 2189 non
687 2130 852 2187 altum
883 2146 1092 2200 sapere,
1125 2130 1219 2184 sed
1250 2131 1456 2184 timere.
1497 2147 1517 2182 ι

518 2203 762 2275 Currite.]
804 2202 1058 2275 Appo_sil_c
1094 2201 1385 2275 admodum
1428 2207 1704 2270 postquam
1745 2207 2018 2254 vocantem

449 2292 546 2330 nos
584 2282 648 2328 ad
684 2271 762 2330 se'
783 2271 990 2328 induxit
1015 2271 1272 2339 Spiritum
1305 2282 1569 2337 sanctum,
1603 2283 1784 2323 mouet
1815 2279 1872 2324 ut
1897 2286 2022 2325 cur-

448 2362 629 2402 ramus
658 2348 723 2400 ad
761 2361 904 2410 eum,
949 2346 1035 2412 qui
1067 2345 1275 2396 vocavit
1308 2359 1440 2408 nos;
1475 2358 1645 2408 neque
1673 2342 1815 2394 enim
1856 2342 2022 2410 gradu

449 2420 618 2482 lento,
648 2416 740 2470 scd
773 2416 916 2470 velut
951 2415 1188 2484 gigantes
1216 2417 1280 2466 ad
1316 2413 1633 2467 euri-endam
1665 2413 1817 2484 viam
1839 2417 2023 2467 exsul-

449 2499 624 2543 tantes
663 2489 728 2541 ad
758 2487 921 2540 Detllll
951 2483 1205 2539 accedere
1233 2494 1464 2553 oportet,
1495 2493 1550 2538 ut
1586 2497 1710 2553 pote
1734 2483 1823 2553 qui
1850 2485 2024 2538 omnis

450 2576 612 2614 morm
637 2563 706 2612 sit
734 2557 1037 2625 impatiens.

521 2630 660 2683 Dum
688 2633 855 2682 lumen
877 2627 989 2679 rita:
1011 2625 1222 2691 habetis,
1245 2642 1306 2678 ne
1337 2626 1553 2680 tenebrae
1580 2625 1753 2678 ir-ortis
1777 2641 1862 2678 vos
1888 2642 2026 2678 com-

451 2701 812 2769 preliendantd
834 2698 952 2751 llam:
972 2698 1129 2751 verba
1149 2701 1412 2764 duplicem
1436 2710 1652 2764 possunt
1678 2698 1853 2750 sortiri
1879 2698 2026 2769 intel-

452 2781 667 2837 lectum,
693 2773 972 2840 mysticum
1003 2782 1055 2822 et
1085 2769 1385 2840 litteralem.
1409 2769 1710 2822 Secundum
1745 2768 2024 2837 mysiieum

453 2857 670 2896 sensum
713 2839 888 2894 lumen
921 2839 1041 2892 vita:
1079 2849 1162 2891 cst
1201 2839 1312 2906 ipsa
1342 2841 1532 2905 gratia,
1566 2851 1844 2904 perquam
1887 2854 2028 2890 verte

454 2916 539 2965 via
578 2917 698 2966 vitae
741 2914 894 2965 nobis
937 2909 1251 2972 inualescit;
1292 2911 1380 2966 vel
1419 2915 1591 2962 lumen
1634 2909 1755 2960 vita:
1798 2921 1879 2960 εει
1917 2910 2029 2976 ipse

455 2984 704 3038 Christus
735 2983 1010 3044 Dominus,
1040 2993 1161 3033 vera
1193 2979 1281 3031 lux
1312 2977 1514 3044 mundi,
1545 2993 1668 3032 vera
1700 2977 1890 3032 anima:
1933 2995 2030 3032 no-

455 3064 579 3109 stra:
603 3056 736 3118 vita;
766 3054 906 3122 quod
939 3051 1398 3122 lumculiabemus
1425 3065 1544 3103 cum
1578 3063 1667 3122 per
1697 3050 1916 3116 gratiam
1951 3051 2030 3104 iit-

2111 448 2220 507 quo
2249 436 2348 507 tria
2377 434 2675 507 praisertim
2705 433 2788 488 bis
2817 434 2992 488 verbis
3023 436 3253 494 insinuat
3284 453 3295 488 :
3330 437 3382 490 i‘-’
3408 440 3546 505 quod
3581 441 3696 507 ipse

2111 503 2365 556 Dominus
2408 519 2521 574 nos
2549 503 2682 557 viles
2719 520 2901 558 servos
2938 520 3232 574 servOSque
3273 503 3474 574 peccati
3503 503 3697 564 meare

2110 585 2164 627 et
2192 588 2434 640 quaerere
2474 573 2764 649 dignetur,‘
2787 585 2852 649 ει.
2875 591 3106 649 quierant
3133 573 3417 649 Dominus;
3465 579 3524 632 2°
3555 585 3697 649 quod

2113 657 2210 697 nos
2233 653 2309 697 tot
2336 659 2400 698 ac
2429 646 2611 712 tantis,
2642 644 2795 699 nobis
2825 644 2963 701 forte
2994 647 3300 704 melioribus
3325 653 3424 704 liae
3453 651 3502 702 in
3531 644 3696 704 eiusa

2114 715 2432 786 praetulerit,
2485 716 2548 786 in,
2585 715 2910 786 multitudine
2958 715 3172 786 pepuli;
3239 718 3294 772 5°
3343 718 3504 783 idque
3547 732 3606 774 ιιι
3649 723 3700 773 in

2115 785 2245 866 tanti
2287 785 2659 866 thttrilaniilias
2689 801 2974 854 operemur
3005 789 3177 866 vinea,
3209 800 3266 841 et
3303 790 3352 842 ei
3393 793 3702 846 serviamus

2117 857 2210 926 cui
2229 857 2436 910 servire
2465 870 2688 926 regnare
2715 867 2819 921 est,
2849 861 3138 924 operarium
3162 875 3333 912 suum.

2187 925 2356 980 Porro
2387 925 2556 981 tribus
2587 941 2684 982 nos
2714 928 3048 995 potissimum
3079 931 3251 984 modis
3286 930 3557 996 piissimus
3591 930 3688 984 Do-

2116 998 2292 1051 minus
2329 1011 2573 1069 quairere
2601 1013 2672 1069 ac
2703 1014 2893 1069 vocare
2922 999 3077 1064 solet,
3107 1013 3244 1069 quos
3269 1000 3558 1056 Cassianus
3602 1017 3694 1056 ex~

2117 1069 2294 1135 primit
2337 1067 2417 1121 bis
2464 1068 2641 1140 verbis
2678 1067 2899 1140 .(Callat.
2929 1069 2984 1135 5,
3011 1067 3248 1140 cupii):
3307 1088 3326 1122 ι
3364 1070 3576 1126 Primus
3628 1089 3698 1126 ex

2121 1140 2227 1191 Ileo
2250 1149 2362 1202 εει,
2392 1139 2656 1194 secundus
2685 1139 2780 1208 per
2807 1139 3102 1207 hominem,
3133 1139 3319 1196 tertius
3349 1157 3418 1196 ex
3458 1143 3700 1195 necessi-

2118 1219 2245 1262 tate.
2295 1208 2371 1263 Ex
2406 1210 2514 1263 Deo
2549 1210 2760 1278 quidem
2793 1223 2874 1264 est
2911 1213 3117 1280 quoties
3147 1211 3426 1278 inspiratio
3451 1213 3703 1279 qua-dam

2119 1279 2356 1333 immissa
2406 1281 2457 1334 in
2507 1296 2602 1334 cor
2648 1293 2888 1336 nostrum
2929 1279 3320 1350 nonnunquam
3361 1283 3525 1338 etiam
3574 1284 3704 1337 dor-

2120 1352 2348 1404 mientes
2391 1365 2490 1405 nos
2529 1353 2592 1404 ad
2645 1352 2966 1406 desiderium
3013 1352 3135 1407 vine
3166 1362 3380 1408 mterme
3419 1363 3474 1410 et
3509 1354 3705 1407 salutis

2119 1422 2434 1484 cx-uscitat,
2465 1420 2738 1494 Deumque
2767 1423 2944 1494 sequi,
2973 1433 3025 1477 et
3052 1423 3173 1494 ejus
3206 1423 3468 1482 inluerere
3497 1439 3704 1492 praece-

2123 1494 2225 1558 ptis
2252 1491 2664 1560 compunctione
2685 1493 3036 1547 saluberrima
3063 1491 3394 1548 cohortatur.
3416 1491 3704 1548 Secundus

2123 1564 2414 1616 vocationis
2457 1565 2648 1615 modus
2679 1574 2780 1634 est,
2811 1577 2968 1633 quem
3001 1565 3112 1616 lieri
3145 1579 3238 1632 per
3265 1565 3534 1618 humilium
3558 1566 3705 1618 dixi-

2122 1649 2260 1700 inus,
2287 1648 2406 1686 cum
2433 1634 2516 1687 vel
2545 1635 2808 1700 exemplis
2848 1635 3206 1702 quorumdam
3247 1646 3585 1700 sanctorum,
3617 1637 3704 1692 vel

2123 1703 2337 1758 monitis
2365 1704 2617 1774 instigati,
2651 1706 3068 1774 addesiderium
3108 1706 3295 1761 salutis
3333 1713 3700 1761 accendimur.

2125 1775 2342 1829 Tertius
2371 1775 2663 1830 vocationis
2687 1777 2880 1845 modus
2909 1785 3012 1844 est,
3042 1776 3133 1845 qui
3162 1793 3228 1832 ex
3259 1779 3580 1832 necessitate
3610 1780 3706 1832 de-

2124 1845 2349 1918 scendit,
2381 1860 2500 1918 cum
2543 1843 2744 1900 divitiis
2789 1843 2988 1900 mundi
3015 1843 3201 1916 hujus,
3233 1849 3313 1910 vel
3345 1851 3707 1918 voluptatibus

2123 1915 2391 1989 obligati,_
2421 1916 2788 1989 ingruentibus
2848 1915 3097 1986 repente
3135 1915 3537 1982 mutationibus,
3584 1936 3708 1989 quae

2129 1989 2212 2040 vel
2239 1987 2425 2041 mortis
2463 1987 2694 2056 pericula
2730 1998 3140 2054 comminantur,
3177 1992 3257 2044 vel
3289 1991 3579 2046 amissione
3605 1987 3709 2044 ibo-

2127 2072 2351 2122 norum,
2395 2072 2460 2112 ac
2509 2059 2895 2128 proscriptione
2941 2062 3260 2127 percutiunt,
3287 2063 3367 2114 vel
3413 2061 3706 2115 cbarorum

2127 2138 2298 2182 morte
2325 2127 2722 2198 compungunt,
2741 2130 2806 2184 ad
2837 2127 3140 2196 Dominum,
3169 2148 3326 2198 quem
3351 2134 3501 2199 sequi
3534 2135 3587 2185 in
3617 2149 3709 2185 re-

2127 2214 2244 2251 rum
2277 2201 2632 2273 prosperitate
2671 2205 3108 2270 contempsimus,
3148 2207 3337 2255 saltem
3383 2204 3534 2256 inviti
3578 2220 3709 2273 pro-

2130 2284 2316 2337 perare
2343 2270 2732 2338 compellimur.
2765 2290 2784 2322 ι

2197 2342 2525 2410 Quocunque
2554 2357 2652 2413 nos
2684 2343 2842 2396 modo
2873 2341 3014 2397 Deus
3043 2352 3216 2408 vocet,
3246 2357 3435 2413 magna
3463 2358 3598 2398 sane
3625 2354 3712 2398 est

2129 2413 2370 2465 v0cautis
2399 2412 2644 2480 dignatio
2674 2429 2687 2464 :
2720 2423 2774 2467 at
2820 2415 2954 2467 nibil
2993 2429 3209 2482 prorsus
3253 2416 3321 2468 ita
3347 2412 3714 2470 commendat

2129 2482 2425 2555 vocationis
2453 2485 2763 2555 iuonastica:
2789 2485 3030 2554 gratiam,
3061 2501 3125 2537 ac
3150 2485 3280 2538 illud
3308 2493 3444 2555 quod
3469 2488 3714 2540 insinuat

2129 2554 2184 2606 ὃ.
2213 2554 2527 2625 llenedictus
2559 2554 2638 2625 bis
2671 2557 2848 2609 verbis
2890 2573 2902 2605 :
2935 2555 3000 2607 In
3026 2554 3350 2609 multitudine
3380 2558 3554 2625 populi
3585 2574 3716 2624 ope-
3763 2585 3769 2589 ι

2129 2624 2518 2677 rariumsuum.
2562 2623 2872 2692 Operariuui
2918 2641 3070 2679 suum
3121 2628 3286 2696 inquit
3329 2623 3388 2680 iii
3419 2623 3710 2694 singulari,

2131 2698 2282 2762 quasi
2310 2711 2436 2758 nos,
2466 2711 2570 2750 non
2605 2711 2850 2764 tanquam
2884 2712 3078 2764 paucos
3101 2713 3164 2751 ex
3199 2701 3405 2766 paucis,
3436 2703 3532 2752 sed
3565 2701 3716 2753 velut

2133 2781 2294 2820 unum
2325 2781 2391 2820 ex
2423 2776 2528 2820 tata
2564 2771 2742 2835 pepuli
2774 2775 2904 2820 mult
2927 2767 3128 2827 tudine,
3171 2783 3291 2834 quae
3321 2778 3488 2822 totum
3533 2777 3716 2823 terra-

2135 2851 2251 2888 rum
2291 2839 2477 2891 orbem
2509 2839 2700 2904 replet,
2733 2840 2953 2907 elegerit
2983 2854 2997 2891 :
3029 2841 3180 2907 cujus
3207 2840 3420 2909 quidem
3460 2841 3716 2894 lienelicri

2135 2910 2550 2975 magnitudinem
2591 2913 2958 2976 contemplans
2988 2911 3174 2964 Petrus
3206 2913 3444 2964 Damiaui
3486 2926 3567 2964 suc
3606 2927 3716 2964 cx-

2133 2979 2328 3050 clamat
2376 2979 2592 3048 (‘Upum
2617 2980 2712 3050 59.,
2745 2995 2858 3047 cap.
2888 2982 2946 3048 ιι)
2979 2996 2992 3031 :
3031 2999 3048 3031 ι
3081 2985 3214 3034 Cum
3245 2997 3338 3033 vos
3367 2982 3717 3050 omnipotens

2142 3049 2284 3102 Deus
2318 3047 2520 3102 mundo
2547 3047 2835 3113 subtraxit,
2868 3047 2936 3104 ac
2960 3056 3061 3106 sub
3098 3062 3388 3106 moiiastica
3417 3047 3718 3106 sibi'disci-

458 3137 543 3179 tus
567 3141 686 3180 eum
720 3120 972 3176 inanima
997 3120 1348 3197 possidemus,
1374 3133 1426 3174 ct
1458 3121 1842 3197 perstat-eram
1867 3121 2026 3197 animi
2061 3135 2104 3197 ί]
2139 3122 2279 3188 plina
2315 3123 2848 3197 seu_~wre__eonstitiiit,
2878 3122 3001 3190 quid
3041 3122 3185 3176 aliud
3225 3123 3414 3197 fecisse
3448 3123 3711 3188 cernitur,

456 3197 918 3250 conversationem
961 3192 1076 3259 ejus
1117 3201 1388 3247 sectamur
1431 3192 1687 3258 vestigia,
1730 3191 1871 3244 sicut
1918 3193 2031 3259 ipse

457 3268 587 3322 dicit
619 3285 630 3318 :
667 3266 770 3330 Qui
810 3265 1142 3334 sequituriiie
1181 3277 1279 3334 non
1311 3259 1538 3315 ambulat
1582 3265 1634 3314 in
1674 3263 1914 3330 tenebris,
1943 3267 2030 3316 sed

458 3338 657 3392 habebit
683 3343 852 3389 lumen
877 3332 1016 3388 ὐιιιυ.
1053 3332 1312 3387 'l‘cnebra:
1334 3341 1520 3388 autem
1552 3335 1736 3386 mortis
1765 3345 1889 3387 sunt
1918 3337 2029 3403 ipsa

459 3411 672 3464 czecitas
693 3407 892 3472 cordis,
920 3423 1013 3473 per
1038 3421 1195 3473 quam
1225 3403 1277 3456 in
1306 3405 1566 3458 infelicem
1597 3409 1797 3472 peccati
1824 3403 2030 3460 foveam

459 3490 796 3549 mortemque
826 3486 1218 3549 consequenter
1255 3485 1508 3549 aeternam
1552 3477 1730 3528 miseri
1773 3477 2030 3549 cadimns,

460 3562 680 3621 propter
710 3547 852 3617 quod
883 3559 938 3602 et
966 3551 1154 3621 mortis
1188 3548 1422 3601 tenebrae
1451 3555 1813 3621 nuncupatur;
1843 3547 1927 3601 vel
1960 3559 2036 3602 te-

461 3620 639 3678 πει-ω
679 3621 866 3674 mortis
903 3628 1030 3674 Sunt
1057 3620 1169 3686 ipsa
1200 3631 1344 3671 mors
1386 3620 1578 3672 animze
1621 3630 1914 3686 peccatum.
1956 3621 2035 3672 sic

459 3697 683 3762 dictum,
725 3692 864 3761 quod
913 3690 1150 3762 infelices
1191 3702 1289 3742 nos
1335 3687 1389 3762 in
1429 3692 1688 3762 tenebras
1711 3689 2032 3753 exterioies,

460 3767 549 3820 ubi
584 3759 685 3821 erit
726 3759 881 3817 lletus
925 3773 979 3815 et
1012 3761 1210 3814 stridor
1231 3761 1490 3826 dentium,
1518 3759 1773 3827 expellat,
1810 3772 1967 3829 atque
2005 3778 2032 3812 :i

466 3853 590 3891 vera
623 3838 739 3891 luce
761 3833 975 3887 Christo
1001 3840 1242 3901 separet;
1273 3831 1355 3886 vel
1387 3829 1598 3901 tandem
1628 3831 1865 3884 teucbra:
1893 3847 2037 3884 mor-

464 3913 531 3961 tis
575 3919 697 3962 sunt
745 3904 1030 3972 diabolus,
1062 3900 1206 3969 nam,
1261 3911 1318 3955 ut
1364 3900 1440 3955 ait
1489 3901 1899 3970 S.Augustiuus
1946 3901 2036 3972 (In

463 3979 596 4048 psul.
625 3993 779 4033 vam
824 3989 976 4030 serm.
1008 3971 1091 4048 2),
1145 3991 1174 4048 ι
1200 3973 1338 4027 Mors
1366 3972 1608 4048 diabolus
1645 3985 1748 4037 est,
1781 3975 2034 4048 nonquia

463 4043 577 4116 ipse
606 4055 753 4103 inors
800 4056 914 4112 cst,
958 4047 1050 4098 sed
1089 4045 1211 4113 quia
1257 4059 1364 4116 per,
1389 4045 1538 4097 illum
1583 4058 1748 4116 mors.
1784 4064 1802 4095 ι
1838 4043 2040 4116 Dicitur

463 4114 642 4172 autem
695 4118 928 4172 tenebrae
974 4116 1183 4176 mortis,
1227 4114 1368 4184 quod
1419 4124 1560 4168 totus
1607 4115 1678 4168 sit
1723 4115 2034 4182 teuebril'er,

465 4187 715 4259 ipsasque
762 4189 1054 4259 iul‘ermum
1103 4187 1364 4259 inhabitet
1407 4191 1687 4259 tenebras;
1729 4195 1790 4259 et
1825 4187 1899 4259 ita
1939 4191 2040 4242 lioe

465 4257 776 4315 iens-ticam
808 4258 865 4312 S.
894 4259 949 4310 l’.
973 4258 1289 4309 Benedictus
1317 4258 1392 4309 ait
1422 4272 1435 4308 :
1465 4257 1678 4310 Cuirite
1708 4257 1832 4312 dum
1861 4258 2038 4314 lumen

465 4335 587 4384 \‘ilm
611 4332 842 4390 habetis,
871 4344 943 4383 ne.
966 4329 1196 4380 tenebrae
1227 4327 1414 4380 mortis
1437 4342 1532 4380 vos
1560 4328 2037 4397 coiupreliendaut,

469 4407 605 4457 idem
643 4417 722 4456 est
761 4416 824 4454 ac
865 4401 906 4452 si
949 4399 1190 4451 diceret:
1233 4400 1356 4450 dum
1403 4401 1552 4452 vobis
1589 4399 1766 4452 divma
1807 4401 2042 4469 suppetit

466 4487 634 4541 gratia
655 4517 669 4537 ,
698 4475 820 4525 dum
855 4470 1006 4524 atlc5t
1033 4469 1280 4522 Christus
1313 4469 1566 4541 habitans
1593 4469 1647 4521 in
1677 4471 1927 4524 cordibus
1950 4485 2043 4524 ve-

465 4540 594 4599 stris
645 4560 737 4613 per
779 4543 1032 4610 Spiritum
1079 4553 1350 4603 sanctum,
1403 4541 1491 4609 qui
1539 4540 1696 4613 datus
1737 4550 1820 4594 est
1867 4542 2037 4607 vobis,

467 4611 664 4670 currite
695 4630 788 4686 per
817 4615 953 4686 bona
992 4626 1176 4680 opera,
1209 4621 1408 4662 certain
1449 4611 1777 4686 vocationem
1811 4623 2039 4667 vestram

469 4682 744 4750 lactentis,
779 4703 844 4739 ne
869 4682 1006 4738 forte
1035 4699 1128 4749 per
1158 4693 1386 4734 vestram
1414 4691 1622 4750 culpam
1657 4682 1894 4752 neglecta
1923 4701 2042 4752 gra-

393 4789 396 4798 ι
472 4773 538 4810 ua
577 4756 943 4816 subtrahatur,
979 4764 1191 4822 atquca
1230 4754 1382 4805 Vobis
1405 4766 1625 4822 prorsus
1652 4750 1895 4808 Christus
1923 4750 2045 4808 abs-

467 4830 646 4893 cedat,
699 4830 884 4897 siCque
911 4825 1204 4897 viiseordis
1231 4823 1443 4897 caecitas
1469 4824 1522 4878 in
1547 4824 1864 4888 pralondum
1889 4825 2038 4878 vitio-

427 4910 430 4922 '
469 4915 586 4952 rum
635 4895 856 4968 mergat,
910 4907 966 4953 ct
1001 4895 1264 4958 diabolus,
1303 4896 1582 4965 ipsumque
1628 4905 1901 4962 peccatum
1947 4910 2042 4950 vos

467 4967 946 5039 i-oinprebeiidens,
974 4981 1222 5036 tanquam
1255 4968 1498 5022 iultdeles
1525 4979 1716 5020 servos
1737 4967 1789 5020 in
1813 4978 2042 5021 aeternas

467 5042 646 5112 cjiriat
673 5041 940 5104 tenebras,
967 5045 1110 5107 quod
1135 5039 1273 5090 Deus
1299 5046 1522 5112 avertat.

537 5111 691 5168 Juxta
722 5111 1002 5165 litteralem
1035 5124 1159 5162 vero
1185 5123 1422 5170 sensum,
1451 5111 1626 5163 lumen
1651 5108 1772 5163 vita:
1799 5117 1881 5162 est
1907 5123 2042 5176 prie-

466 5202 594 5239 sens
639 5195 870 5252 tempus,
915 5196 1007 5235 seu
1053 5182 1162 5241 ιιτειι
1204 5195 1307 5247 qua
1358 5179 1582 5234 vivimus
1630 5179 1766 5245 vita;
1808 5181 2042 5233 tenebrat

467 5255 658 5311 muttis
706 5271 852 5307 mors
903 5252 1183 5317 naturalis,
1239 5264 1356 5318 quae
1400 5252 1459 5304 lit
1506 5266 1602 5319 per
1648 5255 2036 5320 separatiouem

467 5329 658 5381 anima:
705 5341 735 5378 a
780 5337 1033 5390 Corpore;
1081 5333 1136 5374 et
1177 5323 1254 5374 sic
1294 5323 1491 5380 currite
1533 5323 1657 5376 dtiiii
1702 5326 1879 5376 lumen
1920 5326 2040 5376 vita:

469 5400 699 5462 habetis,
729 5413 796 5450 ne
825 5395 1056 5448 tenebra:
1083 5394 1270 5447 mortis
1297 5407 1392 5446 vos
1417 5394 1888 5462 comprehendant,
1920 5407 2038 5447 cum

469 5473 553 5522 illa
583 5477 844 5524 sententia
880 5465 1115 5519 concutit
1144 5478 1158 5516 :
1189 5463 1324 5516 Dum
1367 5475 1578 5533 tempus
1618 5467 1878 5520 habemus
1908 5477 2038 5532 ope-

467 5556 646 5593 t-i-mur
670 5542 886 5599 boiium,
921 5553 987 5589 ne
1015 5535 1152 5587 inite
1179 5537 1458 5588 immatura
1487 5548 1660 5590 morte
1689 5534 2041 5605 praeoccupati

466 5612 658 5662 ii-usti'a
691 5613 1016 5678 pmiiitentia:
1046 5609 1218 5657 locum
1249 5620 1570 5672 quaii'amus.

544 5682 642 5748 ΕΘ
674 5677 735 5732 [ιι
762 5695 987 5747 (piari-eas
1015 5678 1262 5728 Dominus
1299 5693 1352 5748 ιιι
1380 5677 1706 5730 multitudine
1734 5679 1929 5748 papuli,
1963 5677 2044 5728 cui

467 5743 803 5810 ιιιῖὗὶιιιλιιῖ,
827 5752 1109 5816 (προτιειήιληι
1132 5743 1323 5800 διιιιιιι.¹
1347 5747 1442 5801 ilic
1463 5743 2043 5804 coriiliit'titlutS.l’.Dc-

2070 4512 2122 4570 D

2135 3206 2292 3259 quam
2320 3192 2464 3245 velut
2485 3192 2614 3245 olim
2640 3193 2692 3246 in
2717 3197 3040 3262 cataclysmo
3061 3199 3128 3246 de
3154 3194 3335 3247 multis
3357 3198 3713 3262 pereuntibus

2137 3277 2231 3315 vos
2259 3277 2453 3330 paucos
2491 3263 2678 3331 elegit,
2717 3278 2778 3316 ac
2809 3263 2860 3316 in
2894 3263 3224 3318 bituminatie
3260 3280 3399 3318 arca:
3429 3267 3712 3318 latibulum

2138 3345 2194 3404 ut
2223 3334 2472 3388 viveretis
2501 3334 2748 3388 induxit?
2777 3352 2796 3384 ι
2829 3333 3012 3403 Magna
3043 3347 3124 3389 est
3149 3337 3393 3404 equidem
3431 3349 3540 3398 tua,
3569 3337 3715 3390 Deus

2136 3403 2298 3470 bone,
2335 3405 2720 3470 misericordia,
2761 3407 2902 3472 quod
2930 3407 3138 3460 animas
3177 3403 3302 3460 octo
3331 3421 3400 3460 ex
3430 3409 3575 3459 omni
3618 3423 3716 3475 pc—

2137 3489 2324 3530 reunte
2365 3478 2639 3528 hominum
2685 3476 3022 3530 multitudine
3058 3481 3266 3532 salvaie
3307 3480 3553 3546 dignatus
3597 3493 3714 3542 sis;

2138 3562 2350 3614 magna,
2388 3548 2528 3615 quod
2565 3549 2776 3602 unicum
2802 3547 2940 3602 Lolli
2980 3563 3082 3600 una
3109 3561 3230 3602 cum
3267 3549 3467 3600 duabus
3495 3549 3616 3600 liiiis
3643 3566 3715 3602 ex

2136 3618 2586 3686 conllagrantibus
2617 3619 2968 3674 Sodomorum
3000 3618 3228 3672 ﬂammis
3266 3619 3553 3687 eripueiis;
3597 3636 3715 3671 uia-

2137 3703 2262 3756 gna,
2301 3691 2442 3758 quod
2473 3694 2605 3743 duos
2651 3693 2895 3746 homines
2940 3705 3005 3743 ex
3055 3701 3162 3743 tota
3211 3695 3386 3759 populi
3434 3691 3714 3744 istaclitici

2139 3772 2316 3828 gente,
2353 3761 2695 3828 pereuntibus
2722 3761 2843 3814 aliis
2887 3760 2938 3814 iu
2969 3761 3274 3829 solitudine,
3307 3763 3622 3830 promissam
3658 3763 3712 3814 in

2143 3843 2336 3885 terrain
2370 3833 2736 3885 introduxeris
2770 3849 2784 3884 :
2814 3841 2868 3884 at
2896 3836 3066 3899 major
3105 3834 3274 3885 ausint
3305 3835 3508 3894 dicere,
3540 3848 3715 3896 major

2140 3901 2296 3971 longe
2325 3912 2408 3957 est
2433 3916 2497 3956 ea
2528 3902 2916 3966 misericordia,
2947 3920 3047 3970 qua
3078 3919 3175 3956 nos
3204 3918 3314 3972 prai
3343 3917 3535 3970 magno
3575 3906 3715 3956 alio-

2142 3988 2260 4026 rum
2310 3988 2535 4028 numero
2587 3974 2790 4027 electos
2847 3974 2896 4027 in
2947 3989 3114 4028 sacra:
3163 3975 3436 4042 religionis
3479 3977 3715 4029 claustra

2142 4045 2481 4100 transtulisti.
2513 4044 2590 4098 llli
2617 4047 2814 4097 etenim
2840 4053 2894 4098 et
2914 4047 3041 4111 justi
3073 4057 3243 4108 erant,
3272 4056 3324 4098 et
3356 4046 3400 4097 si
3425 4046 3608 4098 dicere
3635 4049 3718 4099 las

2139 4119 2230 4174 sit,
2259 4115 2327 4168 de
2365 4130 2416 4170 te
2445 4131 2656 4182 semper
2697 4119 2830 4180 lit-ue
2859 4116 3064 4180 meriti,
3098 4116 3152 4169 in
3182 4117 3427 4168 omnibus
3459 4118 3719 4170 hactenus

2143 4187 2348 4252 lideles,
2378 4198 2434 4241 et
2473 4186 2673 4256 majora
2703 4188 2768 4257 in
2793 4198 3064 4254 posterum
3087 4187 3422 4257 pollicentes;
3456 4201 3556 4240 nos
3585 4202 3719 4240 vero

2145 4269 2474 4324 peccatores,
2523 4258 2724 4324 itijusti,
2758 4256 3018 4324 iiilideles,
3069 4256 3198 4312 nillil
3231 4259 3332 4311 nisi
3361 4269 3635 4326 peccatum
3665 4268 3721 4312 et

2142 4328 2416 4382 miseriam
2466 4331 2857 4394 promittentes.
2913 4329 3046 4396 Quid
3091 4329 3444 4383 retribuemus
3490 4328 3722 4382 Domino

2144 4416 2240 4468 pro
2272 4401 2520 4453 munibus
2547 4415 2665 4467 qua:
2693 4400 2936 4452 retribuit
2962 4401 3161 4452 nobis?
3204 4401 3346 4453 Ultra
3378 4415 3482 4451 non
3515 4405 3718 4453 servia-

2149 4486 2266 4523 mus
2306 4474 2400 4540 17
2438 4483 2672 4538 peccatu,
2702 4478 2794 4524 sed
2839 4487 2888 4524 ιιι
2929 4473 3159 4525 novitate
3197 4471 3317 4525 vitae
3343 4472 3638 4525 serviamus
3667 4473 3718 4524 ei

2146 4559 2234 4610 qui
2269 4557 2365 4613 nus
2391 4541 2513 4595 ideo
2551 4542 2815 4610 quaesivit,
2847 4545 3070 4606 viicavit,
3103 4544 3282 4613 elegit,
3315 4553 3372 4594 ut
3399 4557 3568 4596 sacra:
3596 4545 3722 4595 reli—

2145 4612 2320 4682 gionis
2362 4615 2571 4667 liortum
2617 4623 2954 4678 exco:entes,
2997 4614 3171 4667 omnis
3203 4612 3360 4682 gener
3378 4614 3421 4665 is
3467 4617 3722 4667 virtutum

2147 4691 2330 4747 tiores,
2364 4686 2634 4751 bonosque
2673 4682 2883 4736 tandem
2920 4687 3208 4752 aliquando
3238 4684 3464 4750 fructus,
3498 4687 3550 4738 iu
3595 4685 3723 4740 lior-

2146 4771 2238 4808 reo
2267 4755 2472 4808 caelesti
2505 4755 2875 4808 recmidendos
2907 4758 3283 4823 producamus.

2219 4825 2411 4897 lterum
2439 4827 2560 4878 dicit
2589 4840 2608 4878 :
2641 4825 2764 4888 Quis
2790 4834 2861 4879 est
2884 4825 3034 4879 homo
3061 4828 3144 4896 qui
3173 4828 3278 4879 ruit
3305 4825 3504 4897 vitam]
3545 4825 3723 4881 Vitam

2149 4901 2330 4966 utique
2359 4896 2588 4961 beatam,
2641 4914 2864 4965 eamque
2891 4911 3176 4962 aeternam;
3219 4912 3364 4961 nam,
3395 4911 3444 4948 ut
3490 4896 3619 4952 dicit
3659 4903 3724 4953 ὃ.

2155 4970 2482 5037 Augustinus
2512 4969 2704 5038 (Serm.
2745 4968 2859 5038 84),
2896 4986 2913 5018 ι
2941 4971 3041 5022 vita
3073 4984 3177 5022 non
3209 4983 3286 5023 εει
3321 4970 3418 5022 nisi
3449 4979 3595 5022 beata
3623 4985 3637 5033 ;
3668 4985 3728 5025 et

2152 5042 2304 5094 beata
2341 5044 2445 5092 vita
2475 5055 2595 5093 esse
2623 5055 2726 5092 nou
2757 5049 2952 5108 potest,
2978 5041 3074 5092 nisi
3104 5039 3432 5108 :eterua,ubi
3459 5051 3580 5093 sunt
3606 5040 3726 5096 dies

2151 5112 2298 5172 lieni,
2330 5127 2428 5164 nec
2458 5111 2629 5176 multi,
2660 5112 2753 5162 sed
2786 5126 2948 5176 unus;
2981 5128 3000 5162 ι
3049 5112 3134 5163 vel
3163 5112 3322 5164 etiam
3353 5113 3531 5173 \iinm,
3565 5111 3614 5166 id
3642 5125 3728 5166 cst

2151 5182 2420 5236 Clit-istum
2456 5182 2755 5245 Dominum,
2787 5185 2876 5250 qui
2905 5193 2987 5235 est
3041 5183 3144 5248 via,
3183 5184 3462 5250 veritasirt
3495 5184 3619 5249 vita,
3655 5185 3729 5238 de

2151 5269 2258 5319 quo
2301 5254 2492 5306 devote
2519 5254 2576 5305 δ.
2624 5249 2924 5324 Bernardus
2955 5253 3148 5323 (Serm.
3185 5253 3252 5308 75
3276 5253 3330 5306 in
3363 5249 3540 5324 Cant.)
3566 5271 3577 5305 :
3608 5255 3728 5324 (Et

2151 5327 2275 5393 quid
2307 5334 2390 5379 est
2417 5333 2518 5376 tam
2555 5324 2792 5376 cordium
2818 5323 2953 5387 vita,
2972 5340 3129 5392 quam
3164 5327 3415 5377 Dominus
3457 5323 3604 5379 meus
3629 5323 3726 5380 Je-

2149 5410 2240 5449 sus
2265 5393 2528 5458 Christus,
2559 5399 2750 5458 dequo
2781 5394 2955 5448 aiebat
2982 5397 3070 5462 qui
3098 5412 3164 5449 eo
3185 5396 3394 5450 vivebat
3419 5412 3430 5447 :
3454 5400 3574 5464 quia
3605 5414 3724 5450 cum

2145 5466 2374 5520 Christus
2395 5465 2688 5533 apparuerit
2728 5467 2828 5517 vita
2855 5478 3034 5532 vestra,
3068 5478 3189 5519 tunc
3207 5479 3255 5520 et
3287 5482 3371 5519 vos
3411 5469 3727 5537 apparebit»

2144 5554 2260 5590 cum
2281 5553 2338 5590 eo
2363 5539 2418 5589 in
2443 5538 2608 5605 gloria
2622 5541 2644 5587 ζ’
2681 5555 2698 5586 ι

2221 5607 2286 5660 Et
2302 5609 2438 5675 cupit
2463 5609 2629 5680 videre
2649 5607 2754 5660 dies
2785 5606 2984 5680 bonos.]
3002 5607 3122 5661 Dies
3153 5608 3276 5662 boni
3307 5620 3431 5663 sont
3452 5613 3725 5667 mlernitas

2149 5679 2324 5744 beata,
2356 5682 2422 5731 de
2450 5693 2551 5744 qua
2590 5678 2646 5730 S.
2686 5678 3007 5747 Augustinus
3054 5680 3248 5748 (St-rm.
3281 5681 3390 5749 Μ),
3431 5701 3446 5732 ι
3473 5685 3592 5736 Dies
3637 5684 3726 5738 ille

2153 5754 2319 5804 ιιι-εειι
2347 5761 2544 5815 ortum,
2595 5751 2759 5805 nescit
2793 5765 3070 5817 occasum,
3105 5751 3178 5805 illi
3217 5751 3319 5806 dici
3352 5771 3457 5808 non
3487 5756 3723 5810 succedit
