3960 6178
319 232 423 286 29⁸.)

1302 224 1591 311 REGULA
1630 219 2093 278 COMMENTATA
2106 261 2118 272 .
2163 220 2539 279 PROLOGUS.

3455 228 3563 284 230

319 344 606 408 crastinus,
637 343 759 407 quia
807 355 910 393 non
942 338 1194 413 prmtedit
1226 339 1534 413 hesteruus;
1549 357 1574 413 ρ
1610 353 1728 413 nam
1762 352 1897 405 prze-
1926 340 1973 396 Α
2008 335 2095 390 Dei
2126 352 2227 413 non
2262 338 2553 413 membrum
2609 353 2954 413 corporeum,
3001 341 3094 413 Sed
3123 341 3431 413 poten'iam,
3456 357 3565 413 qua

320 416 486 468 sentis
512 407 627 466 dics
658 413 912 477 temporis
948 412 1113 464 malos
1144 418 1298 463 vocat
1344 409 1631 477 Apostolus
1659 407 1845 477 dicens,
1875 425 1886 459 :

325 486 644 538 liedtmentcs
675 476 864 550 tempus
884 482 1123 549 quoniam
1147 481 1251 533 dies
1272 478 1396 532 ntali
1423 488 1539 532 sunt
1558 476 1772 547 (Epltes.
1802 476 1892 550 v)»;

322 567 377 609 et
401 569 570 616 certe,
617 564 673 604 ut
713 548 786 605 ait
829 548 1309 621 SJAuguStiuusu
1337 563 1440 621 non
1471 564 1597 621 ergo
1618 558 1740 621 sunt
1771 548 1894 601 ntali

324 628 438 680 dies
464 638 599 691 quos
627 626 828 690 agimus
860 622 911 675 in
940 618 1240 689 corruptela
1272 618 1426 689 hujus
1448 620 1645 691 carnis,
1672 618 1725 672 in
1750 627 1894 671 tanta

325 712 375 750 et
406 689 506 749 sub
540 689 684 747 tanta
713 692 918 747 sarcina
940 690 1302 759 corruptibilis
1332 689 1594 757 corporis,
1616 691 1752 759 inter
1777 700 1894 741 tan-

326 778 406 819 tas
427 771 774 828 tentationes,
806 764 942 816 inter
967 758 1135 815 tantas
1157 761 1518 823 dillicultates,
1546 758 1633 814 ubi
1656 758 1783 813 falsa
1806 773 1898 811 vo-

326 838 527 900 luntas,
569 835 709 887 nulla
741 834 999 886 securitas
1027 831 1223 900 gaudii,
1255 832 1412 884 timor
1451 839 1724 898 torquens,
1753 828 1900 900 cupi-

327 909 463 961 ditas
492 899 672 970 avida,
697 904 907 957 tristitia
924 899 1301 958 arid’a‘hUnde
1320 910 1373 954 et
1400 901 1557 968 paulo
1578 908 1695 968 post
1717 899 1863 970 addit
1883 916 1896 952 :

333 997 352 1028 ι
378 978 510 1044 Quid
543 987 626 1029 est
654 976 743 1028 diu
771 977 970 1039 vivere,
1014 974 1113 1028 nisi
1152 973 1321 1027 malos
1360 970 1475 1025 dies
1522 971 1675 1024 malis
1713 969 1899 1024 diebus

328 1048 562 1101 addere?
590 1064 610 1097 ι

403 1118 553 1183 Quod
580 1117 621 1169 si
651 1125 703 1169 tu
752 1115 965 1167 audiens
993 1112 1294 1182 respondeas
1320 1126 1338 1165 :
1370 1108 1524 1234 Ego?
1558 1108 1623 1164 Et
1667 1108 1787 1179 quis
1815 1109 1898 1191 _ita

407 1206 436 1234 ιι
469 1186 848 1234 resmnderel?
887 1204 904 1234 ‹
928 1185 1004 1234 Da
1047 1184 1172 1234 mihi
1207 1182 1474 1234 hominem
1520 1189 1785 1234 atronem.
1815 1196 1897 1233 tti-

335 1180 436 1241 nou
469 1186 848 1254 responderet?
887 1204 904 1234 ‹
928 1185 1004 1237 Da
1047 1180 1172 1237 mihi
1207 1180 1474 1254 hominem
1500 1180 1897 1254 latrone-main-

335 1262 439 1325 quit
477 1257 535 1311 8.
564 1248 1104 1325 Ἀυωιειωυςβσηι.
1129 1253 1280 1322 231),
1308 1248 1905 1325 scelerattttn,_fornica—

336 1319 524 1391 torem,
560 1319 878 1389 maleficum,
914 1319 1250 1394 sacrilegum,
1282 1321 1534 1394 omnibus
1556 1319 1698 1394 vitiis
1728 1321 1903 1389 inqui-

335 1390 537 1462 natum,
572 1400 819 1451 omnibus
869 1396 1083 1464 flagitiis
1112 1390 1224 1448 'seu
1274 1391 1602 1464 facinoribus
1630 1390 1903 1456 obrutum,

336 1472 419 1537 qui
468 1461 576 1521 non
626 1468 752 1522 velit
809 1461 1019 1537 beatam
1050 1462 1465 1537 vitam’vivere?
1518 1461 1664 1537 Scio,
1720 1475 1907 1537 omnes

337 1532 494 1592 vultis
528 1541 679 1592 beate
705 1537 905 1603 vivere,
932 1536 1027 1590 sed
1055 1536 1195 1590 unde
1222 1534 1381 1588 homo
1408 1533 1562 1588 beate
1591 1532 1756 1598 vivat,
1807 1533 1907 1587 hoc

340 1626 439 1664 non
472 1609 632 1662 vultis
664 1609 860 1662 vivere.
899 1627 918 1660 ι

408 1678 543 1731 Dicit
590 1680 676 1731 tibi
728 1678 906 1732 Deus:
942 1675 1160 1729 Prohibe
1209 1673 1433 1744 linguam
1464 1682 1604 1727 tuam
1647 1689 1679 1725 a
1726 1670 1906 1744 malm]

342 1750 500 1804 Recte
535 1754 752 1803 mnuLno
802 1760 959 1802 vitam
1006 1748 1224 1815 diesque
1268 1742 1434 1798 bonos
1463 1743 1693 1811 cupienti
1725 1742 1911 1797 indicit

378 1819 622 1873 rohibere
649 1821 879 1887 linguam
911 1834 939 1872 a
973 1817 1132 1880 male,
1174 1817 1297 1887 quia
1324 1830 1366 1868 st
1397 1815 1516 1884 quis
1551 1823 1696 1887 putat
1734 1828 1793 1867 se
1822 1829 1905 1868 re-

363 1891 583 1954 igiosum
625 1883 749 1944 esse
788 1906 894 1943 non
936 1883 1209 1942 refrenans
1256 1883 1526 1954 linguam,
1564 1883 1909 1954 hujusgvana

342 1952 419 2015 est
459 1961 666 2031 religio,
708 1970 762 2015 et
802 1961 893 2030 qui
920 1959 1083 2013 verbo
1113 1972 1215 2011 non
1245 1952 1485 2021 offendit,
1518 1953 1605 2009 hic
1638 1952 1910 2023 perfectus

342 2044 423 2086 εει
452 2048 553 2086 Vir.

413 2100 474 2153 Et
495 2101 634 2155 labia
661 2110 747 2154 tua
785 2118 846 2154 ne
875 2098 1148 2168 loquantur
1176 2097 1356 2168 dolum,
1378 2093 1425 2166 :]
1455 2113 1473 2145 t
1497 2093 1762 2168 Disperdet
1783 2096 1914 2168 enim

347 2170 479 2224 Deus
509 2175 741 2225 universa
772 2173 905 2225 labia
934 2164 1132 2231 dolosa,
1163 2187 1180 2218 ι
1216 2167 1385 2235 inquit
1412 2164 1697 2235 propheta;
1729 2173 1783 2219 et
1816 2164 1912 2219 Sa-

347 2241 520 2294 lomon
547 2261 563 2297 :
588 2245 781 2296 Anima:
809 2241 998 2294 dolosae
1023 2248 1192 2292 errant
1218 2239 1269 2290 in
1294 2233 1515 2308 peccatis
1558 2233 1739 2308 (Prov.
1773 2235 1913 2308 xm).

350 2313 503 2365 Dolus
527 2324 726 2370 autem.
756 2322 811 2365 ut
835 2312 962 2365 dicit
989 2310 1046 2364 8.
1091 2307 1417 2378 Augustinus
1444 2305 1536 2430 gn
1562 2305 1694 2376 psal.
1735 2305 1811 2429 ῃ,
1844 2317 1916 2359 est

350 2398 457 2430 cum
487 2383 632 2430 aliud
659 2384 847 2430 aaitur-
878 2391 923 2430 et
952 2380 1092 2430 aliud
1119 2377 1409 2430 simulatur.
1496 2377 1580 2430 inc
1614 2394 1631 2426 ι
1657 2376 1743 2430 aui
1807 2386 1907 2430 est.

349 2398 457 2434 cum
487 2383 632 2435 aliud
659 2384 848 2451 agitur,
878 2391 923 2433 et
952 2380 1092 2433 aliud
1119 2376 1409 2451 simulatur.
1436 2376 1580 2451 Hinc
1612 2394 1631 2451 ς
1657 2376 1781 2451 quid
1807 2386 1907 2451 est,

351 2454 515 2520 inquit
532 2454 669 2523 (Lib.
692 2446 739 2506 L
764 2446 985 2516 Ποικίλη
1013 2452 1157 2523 hom.
1180 2446 1413 2523 i),a_littd
1436 2446 1573 2523 loqui
1596 2446 1797 2509 dolum,
1818 2447 1918 2523 nisi

352 2516 485 2576 aliud
505 2516 656 2579 labiis
675 2538 939 2591 promere,
954 2537 1073 2574 cum
1093 2519 1234 2591 aliud
1258 2517 1534 2591 claudatur
1556 2516 1605 2571 in
1634 2518 1913 2591 pectore?»

421 2593 622 2648 Diverte
643 2586 922 2657 a'malo,-et
965 2593 1046 2661 [ac
1094 2586 1331 2661 bonum.1
1373 2588 1492 2661 Hoc
1511 2596 1591 2640 est
1620 2589 1761 2661 enim
1797 2586 1916 2641 bre-

356 2666 573 2717 viaritim
608 2678 803 2718 nosu-te
842 2656 1053 2729 'salu'tis,
1082 2672 1139 2714 ut
1184 2660 1256 2712 ait
1303 2656 1581 2729 Dohcrius,
1622 2656 1689 2711 de
1728 2668 1920 2729 quoet

354 2734 408 2787 8.
438 2734 760 2790 Benedictus
789 2733 951 2787 abbas
982 2727 1316 2792 At'tianensis,
1350 2737 1405 2781 ut
1432 2727 1617 2781 scribit
1654 2727 1796 2781 Ardo
1834 2727 1919 2781 di-

354 2804 579 2870 seipulus
600 2805 889 2872 ejus(Sarc.
910 2819 959 2855 tv
988 2801 1203 2872 Bened.,
1226 2810 1366 2872 part.
1398 2796 1435 2865 I)
1456 2799 1507 2852 in
1529 2797 1672 2872 illius
1703 2796 1842 2862 Vita,
1866 2814 1919 2851 n.

355 2868 462 2926 3d:
502 2868 871 2943 tQuibusdam
902 2888 1031 2928 vero
1077 2871 1177 2943 hoc
1223 2868 1492 2923 inculcare
1535 2868 1726 2922 solitus
1752 2878 1865 2922 erat
1907 2887 1919 2919 :

356 2944 405 2998 Si
437 2947 655 3012 pluruua
710 2947 798 2999 tibi
831 2942 1176 3010 impossibilia
1214 2955 1333 2995 esse
1374 2948 1640 3012 prmcepta
1688 2952 1923 3012 noscun-

362 3009 461 3077 tul",
492 3018 592 3071 hoc
614 3018 860 3085 exiguum
893 3009 1046 3069 Serva
1086 3018 1449 3085 prieceptumA:
1478 3009 1694 3085 Declina
1723 3023 1750 3060 a
1784 3010 1925 3085 malo

2000 407 2233 483 exaudit,
2268 409 2574 483 regulariter
2611 407 2865 483 debemus
2903 407 3197 481 accipere,»
3230 407 3563 483 inquitpr'azj

1996 480 2134 535 fatus
2164 478 2600 551 Augusdnuslln
2626 484 2756 548 psal.
2789 482 2900 551 ix);
2938 494 2993 537 et
3021 478 3107 537 Vsic
3135 497 3290 537 aures
3306 478 3455 537 ‘mee
3495 481 3564 536 ad

1999 564 2182 621 [voces
2217 562 2424 605 veStras
2456 548 2595 605 idem
2634 561 2788 606 sonat
2815 548 2876 606 ac
2918 553 3193 607 exaudiam
3231 567 3418 621 preces
3471 567 3564 608 ve-

1996 631 2157 677 stras.

2070 690 2145 764 Et
2160 699 2426 764 antequam
2448 690 2789 764 meinvocetis
2811 693 2976 764 dicam
3001 692 3135 746 vobis
3149 708 3167 747 :
3183 690 3312 746 Ecce
3332 692 3570 764 adsum]

2005 761 2183 833 «Quid
2215 771 2298 833 est
2328 761 2706 833 ecce_adsum?
2736 762 2905 833 inquit
2932 765 3120 818 iterum
3149 764 3209 818 8.
3237 761 3567 833 Augustinus

2000 831 2092 904 (In
2122 829 2252 895 psal.
2287 831 2508 904 xxxiii);
2543 846 2668 904 ecce
2695 829 2941 904 praesens
2968 848 3106 904 sum,
3138 833 3263 903 quid
3293 829 3414 888 vis?
3444 833 3569 901 quid

2000 902 2029 957 a
2062 916 2146 956 me
2190 902 2423 973 qumris?
2451 902 2707 973 quidquid
2741 903 2835 957 tibi
2883 903 3077 958 dedero
3110 902 3260 957 vilius
3288 912 3375 957 est
3411 918 3569 973 quam

2000 988 2106 1044 ego
2127 988 2143 1028 :
2165 972 2429 1044 meipsum
2459 972 2613 1044 habe,
2649 989 2732 1044 me
2760 973 2953 1036 fruere,
2986 988 3071 1029 me
3101 972 3439 1041 amplectere;
3474 994 3493 1026 ι

2074 1042 2210 1107 Quid
2249 1043 2449 1096 dulcius
2476 1043 2617 1096 nobis
2659 1042 2753 1096 hac
2779 1060 2897 1097 voce
2937 1043 3144 1097 Domini
3172 1044 3425 1098 invitantis
3453 1061 3569 1113 nos,

2004 1114 2186 1183 fratres
2213 1113 2535 1167 charissimi?
2567 1113 2659 1166 Hic
2684 1115 2924 1181 apposite
2964 1115 3297 1168 llildemarus
3326 1133 3339 1166 :
3379 1130 3399 1165 t
3430 1114 3570 1170 Cen—

2005 1183 2230 1239 suetudo
2268 1192 2370 1249 est,
2394 1185 2488 1246 ait,
2521 1192 2826 1237 sanctorum
2876 1184 3277 1252 praedicatorum
3323 1194 3441 1253 post
3475 1185 3572 1240 do-

2006 1254 2229 1309 ctrinam
2259 1264 2348 1307 aut
2391 1254 2841 1318 exhortationem,
2876 1263 2966 1309 aut
3007 1255 3324 1321 orationem,
3355 1255 3574 1321 subjun-

2004 1340 2152 1393 gere,
2185 1326 2322 1393 quod
2355 1322 2785 1393 frequentissime
2815 1326 3008 1379 Paulus
3054 1324 3327 1393 apostolus
3376 1323 3572 1379 fecisse

2004 1395 2231 1465 legitur;
2265 1394 2321 1450 S.
2355 1409 2482 1449 vero
2511 1395 2849 1457 Benedictus,
2874 1395 3019 1465 quia,
3050 1396 3186 1449 sicut
3212 1410 3316 1448 non
3346 1394 3571 1465 distabat

2007 1464 2211 1534 longea
2244 1472 2547 1519 sanctorum
2593 1466 2800 1530 merito,
2854 1464 2924 1518 ita
2966 1465 3127 1520 etiam
3171 1466 3340 1519 noluit
3376 1464 3576 1520 distare

2006 1536 2279 1601 doctrina,
2321 1545 2605 1603 propterea
2642 1544 2755 1603 post
2804 1536 3091 1589 doctrinam
3144 1535 3574 1590 exhortationem

2008 1606 2313 1674 subjuuxit;
2353 1625 2370 1657 ι
2408 1621 2638 1674 nempe:
2672 1605 2808 1671 Quid
2840 1606 3048 1660 dulcius
3077 1607 3227 1661 nobis
3268 1607 3367 1660 hac
3414 1621 3571 1673 voce,

2014 1676 2201 1731 fratres
2226 1675 2546 1738 cbarissimi,
2575 1684 2680 1730 etc.

2086 1743 2296 1801 Fratres
2320 1744 2651 1816 charissimi.]
2679 1745 3033 1800 Charissimos
3069 1744 3260 1800 fratres
3291 1746 3375 1801 hic
3402 1755 3576 1809 vocat,

2013 1832 2147 1886 quos
2179 1816 2322 1886 prius
2347 1816 2486 1870 filios
2526 1816 2903 1884 appellaverat,
2938 1824 2995 1869 ut
3032 1830 3092 1870 se
3138 1828 3385 1883 tanquam
3416 1832 3581 1886 unum

2012 1885 2076 1942 ex
2111 1889 2212 1941 illis
2242 1902 2361 1941 esse
2402 1888 2537 1940 velle
2568 1886 2983 1951 demonstraret,
3022 1886 3166 1953 juxta
3207 1886 3331 1940 tlltid
3360 1889 3415 1940 8.
3448 1885 3579 1941 Gre-

2013 1958 2144 2026 gorii
2170 1972 2317 2027 papae
2343 1956 2479 2026 (Lib.
2502 1972 2541 2023 ι,
2568 1959 2725 2026 epist.
2758 1956 2877 2027 24):
2899 1955 3153 2011 Prmlatus
3187 1974 3206 2008 ι
3239 1960 3436 2011 lionore
3466 1970 3585 2009 sus~

2015 2044 2181 2097 penso
2228 2031 2484 2097 aequalem
2537 2041 2596 2082 se
2660 2027 2887 2082 subditis
2936 2027 3071 2082 bene
3135 2028 3434 2083 viventibus
3490 2029 3581 2081 de-

2056 2108 2181 2153 utet.
2214 2118 2232 2150 ι

2016 2114 2614 2240 pl“163’EceeJiietate
2656 2168 3101 2240 suardemonstrat
3140 2168 3287 2240 nobis
3331 2166 3584 2223 Dominus

2018 2236 2344 2309 viantium]
2376 2236 2578 2292 Pietate
2606 2251 2731 2303 sna,
2763 2237 2814 2293 id
2845 2246 2924 2292 est
2963 2238 3323 2309 misericordia
3370 2254 3497 2305 sua;
3521 2250 3577 2295 et

2018 2311 2153 2365 bene
2182 2308 2393 2379 quidem
2414 2350 2428 2370 ,
2462 2325 2479 2357 t
2510 2309 2629 2375 quia
2653 2323 2757 2363 non
2793 2317 3000 2362 tenetur
3031 2308 3098 2363 de
3128 2310 3444 2379 necessitate
3484 2326 3580 2364 no-

2020 2382 2102 2435 bis
2138 2378 2506 2433 de’monstrare
2545 2379 2681 2431 viam
2727 2380 2878 2439 vitae.
2922 2397 2939 2429 ι
2975 2379 3145 2444 inquit
3190 2378 3487 2433 Ricltardus
3515 2380 3583 2434 de

2029 2452 2089 2506 8.
2119 2449 2359 2518 Angela;
2400 2460 2454 2502 et
2489 2454 2640 2517 quia,
2679 2457 2735 2502 tit
2769 2448 2897 2503 dicit
2934 2447 3265 2502 llildemarus
3288 2489 3303 2515 ,
3358 2469 3376 2503 t
3413 2450 3586 2504 nullus

2020 2535 2118 2574 suo
2150 2521 2339 2573 merito
2366 2522 2633 2583 salvator,
2664 2522 2755 2572 sed
2788 2520 2982 2587 pietate
3018 2531 3070 2573 et
3095 2519 3457 2573 misericordia
3489 2521 3580 2574 Dei

2024 2591 2295 2655 salvatur;
2334 2608 2352 2641 ι
2388 2589 2470 2642 vel
2512 2602 2636 2643 ccce
2668 2592 2860 2657 pietate
2907 2602 3028 2650 sua,
3062 2603 3216 2655 quam
3247 2588 3449 2645 scilicet
3480 2600 3583 2644 tam

2024 2660 2261 2714 suaviter
2274 2674 2388 2717 nos
2410 2659 2474 2712 ad
2506 2659 2664 2713 vitam
2687 2660 2946 2723 vocando,
2978 2659 3148 2712 media
3175 2658 3241 2712 ad
3270 2659 3435 2726 ipsam
3459 2677 3586 2715 cou-

2024 2731 2267 2785 ducentia
2292 2729 2533 2783 docendo
2553 2771 2568 2793 ,
2593 2744 2755 2800 seque
2785 2731 2953 2799 ip~nm
2983 2728 3370 2800 promittendo,
3403 2739 3586 2786 osten-

2025 2802 2135 2855 dit:
2171 2801 2283 2854 lucc
2313 2801 2452 2855 enim
2490 2801 2553 2853 ad
2598 2802 2873 2870 praemissa
2918 2799 3078 2854 verba
3122 2801 3308 2857 referri
3354 2801 3588 2857 declarat

2026 2887 2124 2925 vox
2161 2870 2572 2925 demonstrativa
2600 2888 2729 2923 ecce.

2108 2940 2257 2995 Viam
2283 2940 2438 3012 vitm]
2472 2940 2587 2994 Vita
2616 2941 2751 2995 Deus
2775 2949 2857 2995 est
2881 2980 2895 3003 ,
2928 2940 3008 2993 via
3042 2940 3107 3012 ad
3135 2940 3295 2996 vitam
3324 2940 3582 3009 Charitas,

2030 3029 2059 3067 a
2084 3028 2187 3082 qua
2213 3011 2705 3079 Utinam’nunquam
2742 3027 2815 3065 ret
2832 3011 3079 3065 edamus!

361 3095 408 3137 et
432 3074 511 3139 fac
542 3074 774 3146 bonum;
800 3101 917 3152 quae
942 3074 1199 3137 sententia
1224 3074 1277 3134 ei
1299 3080 1370 3152 ita
1399 3079 1672 3152 familiaris
1697 3080 1922 3143 exstitit,
1951 3074 1997 3137 C
2101 3074 2387 3137 Succinctis
2415 3097 2543 3152 ergo,
2560 3074 2659 3150 [ide
2685 3083 2760 3134 vel
2781 3082 3092 3134 observantia
3115 3080 3355 3135 bonorum
3384 3094 3576 3136 ιιι-ιω

362 3165 415 3206 ut
451 3166 687 3224 tempore
722 3151 906 3210 mortis
930 3153 1166 3209 collectis
1191 3151 1425 3224 omnium
1458 3151 1670 3203 Patrum
1710 3161 1927 3205 senten-

367 3226 449 3279 tiis
478 3222 638 3280 unum
671 3243 733 3281 ex
763 3241 823 3280 ea
847 3227 1004 3280 vellet
1024 3224 1285 3277 conficere
1315 3222 1527 3276 librum.
1568 3240 1585 3271 ι

433 3299 533 3368 18
563 3298 774 3368 lnquire
802 3312 975 3368 pacem
1007 3303 1053 3346 et
1078 3308 1280 3368 sequere
1299 3290 1764 3368 eam._|_'l‘an_quat_n
1812 3292 1927 3368 uui-

365 3359 568 3422 run—i'ac
598 3359 864 3437 singulare
885 3366 1079 3419 bonum
1107 3359 1164 3417 8⁷.
1194 3363 1348 3416 Pater
1369 3359 1641 3437 subjungit
1672 3377 1685 3415 :
1714 3359 1930 3437 Inquire

365 3453 566 3504 pacem;
602 3432 850 3507 maguum
898 3436 1043 3507 enim
1077 3442 1159 3507 est
1207 3448 1309 3507 pix
1328 3446 1452 3485 vera
1492 3432 1795 3507 et_s_incer_a
1836 3434 1929 3507 bo-

365 3502 506 3573 num,
537 3502 715 3577 cujus'
742 3521 843 3576 ope
899 3507 987 3559 lilii
1022 3504 1133 3577 Dei”
1162 3503 1457 3577 evadimus,
1499 3502 1572 3555 uti
1606 3502 1718 3570 ipse
1745 3502 1910 3555 dicit:

364 3584 502 3637 Beati
532 3574 756 3650 paciﬁci,
781 3574 1038 3650 quoniam
1058 3574 1163 3650 ﬁlii
1180 3574 1275 3650 Dei
1316 3577 1662 3650 vocabuntur;
1690 3580 1743 3626 et
1774 3588 1794 3622 ι
1821 3586 1928 3650 inec

365 3658 482 3717 rito,
518 3642 689 3717 inquit
716 3651 773 3703 8.
808 3642 1107 3701 Bernardus
1147 3643 1385 3717 (SermJ
1419 3642 1484 3717 de
1510 3658 1650 3717 omn.
1692 3644 1928 3717 sanctis),

365 3728 447 3779 lilii
471 3712 694 3775 nomine
723 3718 1049 3771 vocabuntur
1075 3712 1163 3783 qui
1201 3713 1291 3767 lilii
1313 3727 1445 3781 opus
1466 3712 1831 3783 impleverim.
1870 3732 1887 3761 ι

436 3795 500 3848 Et
526 3806 731 3859 sequere
759 3787 914 3857 cann]
937 3787 1124 3859 Neque
1138 3784 1278 3859 enim
1310 3799 1545 3850 quaerere
1570 3782 1786 3859 sullicit,
1804 3782 1934 3859 niet

365 3852 634 3919 inventam
664 3852 935 3927 sequaris;
967 3852 1073 3909 imo
1103 3855 1385 3927 fugientem
1420 3855 1778 3927 persequaris.
1836 3852 1931 3906 Vel

366 3948 571 4005 sequere
595 3946 707 3983 eam
730 3924 781 3982 iu
806 3938 1042 3995 tempore
1058 3927 1265 4005 futuro,
1284 3924 1335 3976 id
1365 3935 1445 3977 est
1467 3926 1717 4004 sequeris
1733 3939 1825 3977 seu
1849 3937 1934 4003 as:

364 3994 602 4075 seliueris
626 4015 743 4075 eam
778 4010 1022 4075 tanquam
1055 3997 1282 4050 fructum
1310 4006 1364 4048 et
1390 4010 1658 4058 prmtnaum
1710 3994 1932 4075 itiipeusi

366 4078 415 4129 in
439 4064 755 4143 'quaerendo
784 4068 977 4122 laboris
1002 4082 1017 4143 ς
1052 4083 1157 4143 quo
1185 4081 1346 4143 sensu
1380 4074 1627 4143 usurpata
1681 4079 1709 4116 a
1731 4066 1806 4143 ⁸8.

367 4134 578 4200 nedicto
607 4140 879 4209 prephette
905 4134 1081 4209 verba
1120 4136 1441 4209 ititellexisse
1483 4135 1691 4209 videtur
1713 4134 1786 4209 8.
1828 4139 1934 4209 Ati-

366 4202 749 4282 gustiuus'cuni
798 4209 930 4262 dixit
963 4207 1117 4282 (Lib.
1160 4205 1196 4258 L
1230 4202 1451 4282 llo_ntit'.,
1500 4205 1636 4256 Itoni.
1676 4206 1774 4272 l):
1822 4224 1838 4255 ι
1872 4203 1937 4257 lit

367 4276 666 4355 quaeramus
696 4295 886 4355 pacem
908 4276 1211 4355 priecipitur
1239 4276 1412 4339 nobis,
1450 4287 1504 4327 ut
1534 4286 1711 4328 autem
1745 4289 1953 4351 sequa-_

369 4348 483 4410 titur
503 4370 623 4409 eam
656 4348 977 4420 promittitur
1007 4348 1178 4400 nobis.
1204 4366 1220 4396 ι

439 4426 505 4479 Et
554 4414 671 4476 cuni
702 4422 818 4474 alith
859 4419 1097 4488 feceritis,
1145 4417 1277 4469 oculi
1316 4416 1411 4466 mei
1457 4431 1605 4488 super
1631 4414 1759 4485 vos]
1808 4415 1934 4481 Qua:

370 4498 584 4566 quidem
613 4508 717 4546 non
747 4492 837 4566 sic_
859 4485 1180 4556 accipienda
1227 4497 1376 4566 Sil-lit,
1407 4488 1551 4566 quasi
1593 4485 1934 4566 incorporeus

370 4555 462 4632 per
508 4575 751 4618 naturam
807 4561 947 4632 Deus
993 4555 1816 4632 oorporcababeret_mcmbra,
1874 4567 1931 4609 ut

369 4624 494 4690 olim
524 4635 809 4687 voluerunt
830 4625 1422 4696 AnthrOpnmorphitaa;
1448 4625 1539 4678 sed
1573 4627 1687 4678 ba-c
1712 4624 1933 4695 figurate

370 4709 506 4761 dicta
538 4716 683 4765 sunt,
713 4710 765 4755 et
810 4699 1100 4753 secundum
1134 4708 1371 4751 nostrum
1414 4696 1659 4763 loquendi
1687 4698 1934 4757 modum;

378 4778 709 4843 tquibusque
746 4782 920 4823 autem
968 4768 1248 4821 nominatis
1293 4767 1387 4818 Dei
1436 4767 1703 4843 membris,
1737 4770 1933 4843 quzein

376 4839 524 4900 uultis
554 4839 783 4896 visibilia
814 4851 865 4893 et
893 4854 1146 4905 corporea
1195 4849 1337 4900 sunt,
1374 4839 1635 4900 potentias
1664 4840 1934 4900 operatio-

373 4935 493 4970 Itum
544 4921 758 4984 opmtet
801 4909 1088 4984 ititeliigi,_i
1112 4910 1290 4984 inquit
1321 4906 1646 4984 Augustinus
1678 4906 1769 4974 (In
1804 4907 1934 4984 psal.

378 4990 491 5055 ix);
544 4975 599 5038 ei
633 4983 711 5037 sic
738 4982 875 5055 ocul_i
919 4975 1124 5055 Domini
1169 4975 1447 5055 aliquando
1476 4990 1571 5055 pro
1599 4975 1716 5055 ejus
1751 4978 1934 5055 cogni-

378 5045 535 5117 tione,
568 5065 627 5109 ut
669 5068 789 5106 cum
837 5051 893 5104 S.
928 5047 1243 5103 Benedictus
1263 5045 1392 5100 dicit
1433 5045 1617 5117 oculos
1648 5046 1851 5099 Domini
1885 5050 1936 5100 iu

378 5116 664 5179 onmiloco
694 5122 954 5192 speculari
1001 5122 1167 5192 bonos
1192 5130 1245 5172 et
1276 5116 1807 5192 tnalos_;_aliq_uando_
1844 5132 1938 5185 pro

374 5196 516 5266 justo
536 5195 654 5265 ejus
676 5187 738 5246 in'
756 5193 923 5266 malos
940 5190 1157 5266 judicio,
1175 5197 1376 5266 uacum
1404 5187 1594 5266 dicitur
1621 5188 1671 5239 in
1701 5189 1933 5266 psalmo:

392 5257 584 5320 Vultus.
603 5275 770 5317 autem
802 5257 1005 5314 Domini
1030 5275 1187 5329 super
1224 5260 1464 5329 facientes
1491 5257 1647 5329 mala,
1678 5269 1734 5309 ut
1761 5259 1939 5327 perdat

379 5340 437 5390 de
484 5351 620 5391 terra
676 5334 972 5387 memoriam
1025 5326 1236 5392 eorum;
1280 5326 1561 5395 aliquando
1610 5343 1706 5394 pro
1759 5328 1838 5394 pia
1886 5332 1937 5382 in

380 5409 543 5461 bonos
585 5401 979 5465 misericordia,
1012 5411 1069 5455 ut
1114 5414 1233 5455 cum
1277 5397 1532 5467 propheta
1578 5396 1748 5450 dicit:
1793 5398 1939 5451 Oculi

383 5478 581 5531 flamini
619 5488 771 5543 super
798 5474 988 5543 justas,
1034 5479 1164 5535 etc.,
1194 5484 1299 5543 quo
1343 5481 1502 5543 sensu
1549 5467 1684 5520 oculi
1728 5467 1939 5521 Domini

380 5547 460 5603 hic
487 5539 780 5612 accipiendi
798 5539 950 5610 sunt,
982 5543 1171 5609 quibus
1196 5540 1393 5593 utinam
1434 5539 1662 5591 miseros
1696 5554 1791 5592 nos
1817 5553 1940 5607 pec-

382 5630 584 5673 catores
608 5615 881 5686 respiciat!

444 5687 505 5743 Et
530 5705 675 5743 aures
699 5679 824 5740 ineas
870 5682 932 5737 ad
961 5698 1132 5746 preces
1168 5679 1398 5747 νοεῖται]
1427 5679 1681 5735 Similiter
1711 5698 1727 5729 t
1760 5695 1934 5733 aurem

2030 3154 2211 3207 lumbis
2242 3150 2470 3222 nostris.]
2520 3151 2890 3206 DemonStrata
2931 3152 3010 3205 via
3058 3154 3176 3206 vita:
3202 3193 3217 3217 ,
3249 3153 3371 3219 quid
3418 3153 3590 3207 adhuc

2032 3224 2294 3277 hmremus
2324 3222 2525 3276 immoti
2545 3263 2559 3287 ,
2590 3232 2679 3274 aut
2708 3222 2831 3291 quid
2858 3232 3100 3291 superest
3125 3263 3140 3285 ,
3190 3222 3290 3276 nisi
3319 3232 3378 3277 ut
3404 3223 3591 3278 alacri-

2033 3306 2112 3348 ter
2139 3293 2472 3346 ambulemus
2511 3292 2561 3344 in
2593 3293 2695 3345 ea?
2722 3293 2862 3360 quod
2890 3305 2946 3361 ut
2979 3294 3211 3360 expediti
3245 3305 3590 3361 praestemus,

2032 3374 2175 3418 recte
2200 3363 2417 3415 omnino
2442 3361 2845 3434 S.Benedicttts
2870 3360 2981 3416 ait:
3009 3360 3305 3418 Succinctis
3331 3379 3458 3434 ergo
3488 3366 3592 3419 fide

2031 3436 2113 3487 vel
2144 3434 2476 3487 observantia
2508 3433 2764 3485 bonorum
2796 3447 3017 3502 operum
3043 3434 3234 3488 lumbis
3262 3433 3482 3497 vestris,
3514 3434 3592 3488 al-

2036 3505 2224 3558 ludens
2248 3504 2313 3557 ad
2346 3503 2473 3556 illud
2506 3502 2743 3569 Apostoli
2775 3503 2841 3556 ad
2871 3503 3167 3570 Ephesios:
3196 3503 3341 3559 State
3354 3506 3595 3557 succincti

2032 3575 2226 3628 lumbos
2247 3583 2435 3627 vestros
2464 3574 2515 3625 in
2542 3574 2768 3639 veritate,
2797 3583 2902 3627 etc.
2936 3574 3042 3628 Sed
3066 3576 3186 3641 quia
3210 3574 3274 3627 ad
3297 3573 3591 3642 spiritalem

2033 3646 2119 3699 hic
2142 3659 2351 3698 cursum
2388 3657 2483 3697 nos
2519 3645 2699 3697 invitat
2721 3686 2735 3708 ,
2770 3644 2841 3696 ita
2872 3655 2924 3697 et
2958 3645 3022 3697 ad
3054 3643 3344 3712 spiritalem
3380 3644 3591 3699 lumbu-

2034 3732 2148 3769 rum
2178 3715 2639 3784 prtecinctionem:
2672 3724 2726 3767 et
2751 3715 2999 3782 quoniam
3023 3729 3086 3768 es
3105 3726 3174 3767 eo
3198 3715 3336 3783 quod
3360 3728 3423 3769 ex
3457 3715 3594 3769 lum-

2038 3788 2117 3839 bis
2159 3786 2400 3839 carnales
2446 3784 2824 3837 delectationes
2868 3784 3165 3853 prodeunt,
3208 3784 3307 3841 SS.
3358 3785 3599 3840 Patribus

2034 3855 2293 3909 luxuriam
2336 3854 2497 3908 lumbi
2537 3854 2833 3922 szepissituc
2874 3855 3199 3922 signiﬁcant,
3252 3871 3345 3923 per
3391 3855 3599 3909 lumbo-

2036 3943 2150 3980 rmu
2185 3925 2606 3993 praecinctionem
2630 3925 2917 3979 carnalium
2950 3927 3274 3994 voluptatum
3307 3928 3598 3980 mortiﬁca-

2038 4000 2274 4056 tionem,
2329 3998 2598 4063 ipsumque
2647 3994 3003 4057 virginitatem
3063 3996 3215 4065 vulgo
3264 3996 3597 4061 intelligunt,

2032 4067 2179 4135 justa
2206 4065 2335 4119 illud
2359 4064 2670 4133 S.Gregorii
2697 4066 2918 4134 (Ilontil.
2952 4067 3011 4120 l5
3035 4067 3085 4119 in
3108 4064 3326 4137 Eirang.)
3355 4085 3366 4118 :
3400 4086 3418 4117 t
3445 4067 3600 4120 Lum-

2036 4143 2132 4189 bos
2162 4137 2530 4202 praecingimus
2558 4152 2675 4189 cum
2704 4137 2878 4190 carnis
2907 4138 3170 4191 luxuriam
3200 4153 3291 4206 per
3322 4138 3596 4191 Continen-

2040 4207 2160 4258 tiam
2193 4216 2544 4277 com-clamos.
2586 4224 2605 4259 ι
2642 4207 2745 4261 Sed
2776 4209 2934 4277 quia,
2970 4218 3023 4261 ut
3075 4208 3214 4262 idem
3260 4208 3316 4261 S.
3361 4207 3600 4277 pontifex

2039 4278 2271 4347 loquitur
2295 4276 2430 4343 (Lib.
2467 4293 2626 4330 xxviii
2657 4276 2815 4340 Maia,
2845 4293 2960 4345 t‘ttp.
2994 4280 3070 4347 4),
3106 4296 3125 4329 ι
3155 4279 3255 4331 alia
3280 4276 3371 4331 est
3393 4279 3603 4334 luxuria

2038 4346 2233 4409 carnis,
2259 4363 2359 4412 qua
2388 4358 2682 4401 castitatem
2715 4348 3107 4415 corrumpimus
3132 4365 3144 4411 ;
3171 4349 3270 4402 alia
3294 4364 3422 4402 vero
3449 4351 3602 4402 luxu-

1964 4454 2016 4512 D
2040 4419 2359 4512 qian'cordisn
2375 4429 2488 4512 est,
2524 4419 3032 4512 -(]'l:a“:lEAFaslliilf?
3061 4420 3358 4512 .glonriat'r’tur
3381 4437 3447 4512 ,ιξ
3482 4420 3604 4512 ideo

2039 4489 2236 4557 duplici
2266 4503 2362 4541 nos
2402 4490 2610 4554 cingulo
2640 4490 2895 4556 praecingi
2930 4490 3094 4543 voluit
3140 4490 3195 4544 S.
3247 4490 3601 4552 Benedictus,

2042 4560 2142 4612 litle
2174 4559 2415 4625 scilicet,
2450 4568 2503 4610 et
2533 4557 2791 4611 bonorum
2823 4574 3041 4626 operum
3069 4563 3397 4613 observantia
3429 4576 3442 4612 :
3480 4560 3607 4624 lide,

2040 4644 2141 4696 qua
2190 4630 2354 4682 Deum
2404 4629 2664 4682 bonorum
2710 4629 2945 4683 omnium
2978 4641 3287 4687 auctorem.
3335 4630 3607 4698 ipsiusque

2043 4699 2264 4765 proinde
2315 4700 2575 4753 castitatis
2638 4713 3024 4767 agnoscamus;
3076 4700 3333 4753 bonorum
3383 4715 3605 4768 operum

2040 4768 2407 4831 observantia,
2458 4769 2976 4839 quibuspetulautcs
3011 4769 3187 4822 carnis
3226 4779 3398 4839 motus
3438 4776 3610 4839 repri-

2045 4854 2251 4893 mamus
2279 4880 2291 4903 ,
2323 4840 2457 4893 forte
2481 4838 2774 4907 respiciens
2804 4840 2867 4891 ad
2900 4839 3029 4892 illud
3056 4839 3204 4893 Isaiae
3234 4857 3247 4893 ε
3276 4838 3342 4893 Et
3370 4843 3462 4893 erit
3480 4838 3602 4909 jus-

2044 4910 2154 4961 tilia
2185 4908 2456 4982 cingulum
2474 4910 2756 4982 lumborum
2776 4912 2926 4982 ejus,
2961 4918 3006 4962 et
3044 4910 3167 4978 ﬁdes
3197 4908 3496 4964 cinctoriunt
3521 4928 3606 4965 re-

2042 4996 2163 5032 num
2191 4979 2298 5050 ejus
2326 4979 2477 5047 (Isai.
2511 4980 2588 5047 χι)
2615 4996 2627 5031 :
2662 4995 2753 5047 per
2774 4979 3031 5033 bonorum
3062 4995 3282 5048 operum
3314 4984 3607 5036 observan-

2043 5051 2165 5103 tiam
2189 5051 2480 5119 justitiam,
2513 5064 2769 5120 quaenon
2805 5051 2903 5104 nisi
2929 5050 3083 5105 bonis
3112 5054 3359 5120 operibus
3387 5068 3609 5107 exerce-

2044 5130 2129 5173 tur
2148 5161 2163 5184 ,
2196 5123 2485 5182 denotatis;
2516 5119 2657 5187 quod
2692 5130 2746 5174 et
2771 5120 2889 5175 aliis
2914 5120 3089 5175 verbis
3112 5119 3165 5177 in
3193 5123 3476 5190 Evangelio
3506 5122 3609 5173 Do-

2042 5191 2221 5244 minus
2253 5191 2728 5259 praacipitnicens:
2762 5190 2879 5243 Sint
2911 5191 3068 5244 lumbi
3109 5195 3260 5246 ταδ’νὶ
3304 5195 3564 5259 prwcincti
3586 5234 3603 5257 ,

2044 5272 2089 5313 et
2132 5263 2351 5314 lucernis
2378 5260 2610 5313 ardentes
2653 5261 2709 5312 in
2761 5262 2986 5314 manibus
3030 5265 3233 5325 vestris;
3272 5280 3290 5311 ε
3338 5263 3387 5314 in
3420 5264 3609 5316 'umhis

2050 5332 2189 5384 enim
2217 5331 2465 5385 accinctis
2496 5330 2767 5400 virginitas
2790 5371 2804 5397 ,
2844 5332 2894 5384 in
2924 5332 3153 5387 lucernis
3181 5333 3487 5387 ardentibus
3518 5335 3610 5388 bo~

2050 5416 2116 5454 na
2149 5416 2308 5471 opera
2349 5419 2368 5452 ι
2401 5401 2749 5469 designantur
2770 5441 2785 5466 ,
2819 5401 2985 5471 inquit
3010 5404 3067 5456 8.
3094 5403 3438 5469 Augustinus.

2118 5471 2373 5537 Apposite
2396 5478 2571 5524 autem
2598 5472 2749 5524 bonis
2779 5474 3026 5540 operibus
3054 5473 3279 5539 praefixit
3307 5474 3461 5527 tidem
3487 5515 3500 5534 ,
3529 5472 3609 5541 ip-

2048 5540 2198 5613 sique
2222 5541 2337 5594 lidel
2365 5542 2619 5613 bonorum
2646 5557 2867 5604 cperunt
2890 5542 3279 5598 observantiam
3303 5540 3569 5613 subjuuxtt
3594 5561 3608 5597 :

2050 5612 2392 5676 ltedcmptori
2421 5612 2614 5665 ctenim
2646 5624 2831 5667 nostro
2860 5628 3021 5666 unum
3051 5614 3167 5668 sine
3202 5615 3371 5669 altero
3402 5616 3611 5680 placere

2050 5697 2377 5751 nequaquam
2409 5689 2606 5751 potest;
2641 5683 2779 5738 unde
2802 5694 2855 5738 et
2876 5697 3069 5753 Sponsa
3097 5684 3150 5741 in
3173 5687 3404 5744 Cauticis
3431 5702 3443 5739 :
3478 5682 3607 5738 Ful-
