3960 6178
321 269 419 326 ΞΜ

325 384 422 438 cite
451 419 464 440 ,
496 375 708 452 inquit,
751 398 830 436 nte

319 451 484 513 verba
512 450 586 508 S.’
620 450 917 508 Bernartius
955 453 1147 520 (Serm.
1182 453 1244 507 5i
1283 452 1334 504 in
1363 450 1538 518 Cant.)
1585 469 1596 502 :
1640 472 1655 501 t
1707 452 1887 505 Fidem

320 525 539 590 liorem,
571 526 792 578 fructum
824 534 998 577 actum
1031 523 1298 592 intellige;
1331 537 1428 576 nec
1459 523 1752 588 incongrue
1775 563 1788 580 .
1831 534 1888 573 ιιι

323 597 546 663 opinor,
579 597 630 648 id
657 594 747 648 tibi
777 595 1068 658 videbitur,
1101 594 1143 646 si
1175 595 1416 663 advertas
1437 593 1701 661 quomodo
1726 593 1894 646 instar

324 662 474 720 libris
499 665 802 718 necessario
841 663 1191 730 praecedentis
1218 662 1479 724 fructum,
1520 663 1713 716 bonum
1761 681 1891 732 quo-

324 749 428 805 que
453 743 584 798 opus
617 734 718 788 ﬁde
747 743 988 800 uitat-teat
1015 734 1338 804 pra-veniri;
1373 735 1608 802 alioquin
1641 733 1756 786 sine
1789 734 1891 786 lide

325 806 656 871 impossibile
679 815 761 858 est
784 807 990 872 placere
1031 807 1166 864 Deo.
1198 805 1360 857 l’aulo
1383 815 1694 866 attestante,
1729 807 1892 857 mauis

327 884 501 929 autem
535 891 679 943 aeque
703 877 817 942 ipso
842 877 1097 929 docente:
1134 877 1294 928 Omne
1315 876 1449 943 quod
1481 891 1581 927 non
1610 887 1680 928 est
1711 891 1772 927 ex
1792 875 1894 941 [ide

325 959 575 1016 peccatum
620 957 712 999 est.
753 946 930 1013 itaque
972 962 1069 1000 nec
1111 949 1226 999 sine
1253 945 1384 998 llore
1408 947 1629 1004 fructus,
1658 962 1754 998 nec
1779 947 1892 997 sine

326 1017 429 1069 lide
474 1031 604 1082 opus
648 1017 841 1070 bonum
869 1033 880 1067 :
913 1019 1004 1070 sed
1058 1027 1110 1070 et
1154 1018 1281 1069 tides
1315 1017 1429 1068 sine
1486 1017 1733 1082 operibus
1787 1018 1894 1085 20

326 1100 528 1142 inouua
563 1096 665 1148 est,
700 1088 832 1139 sicut
861 1087 1117 1140 inutiliter
1149 1087 1246 1140 illis
1275 1097 1520 1152 apparet,
1555 1088 1642 1138 ubi
1675 1103 1777 1139 non
1807 1104 1891 1139 se-

325 1156 501 1226 quitur
532 1156 751 1212 fruetus.
794 1177 812 1208 ι
853 1159 913 1210 Et
965 1158 1090 1210 item
1135 1158 1257 1210 alibi
1301 1158 1573 1224 Scriptura
1622 1174 1633 1208 :
1672 1157 1730 1211 Si
1760 1167 1893 1210 recte

325 1228 499 1294 offers,
533 1238 577 1280 et
604 1236 736 1280 recte
775 1245 875 1280 non
914 1229 1098 1281 dividis
1127 1269 1140 1291 ,
1171 1229 1426 1294 peccasti:
1459 1229 1522 1280 ad
1555 1241 1671 1296 quia
1701 1229 1890 1282 iterum

324 1298 386 1352 S.
418 1299 744 1360 Bernartius,
777 1314 895 1352 cum
941 1299 1084 1366 prius
1126 1299 1346 1351 dixisset
1395 1298 1513 1352 lidei
1563 1315 1724 1364 opera
1774 1315 1892 1353 esse

321 1368 610 1437 iungentia,
634 1371 842 1435 subiicit
872 1368 1064 1439 (Serm.
1094 1369 1161 1422 9-4
1191 1371 1241 1420 in
1275 1369 1448 1438 Cant.)
1484 1386 1495 1421 :
1532 1389 1548 1419 ι
1591 1371 1754 1422 Mente
1775 1371 1892 1437 qni-

326 1440 446 1492 dem
480 1443 830 1508 quodcunque
859 1442 1044 1492 borum
1086 1441 1281 1503 ollers;
1312 1449 1455 1493 recte
1497 1453 1675 1492 autem
1717 1439 1783 1492 ab
1814 1440 1890 1492 al-

327 1520 529 1562 terutro
557 1527 618 1563 ea
652 1526 754 1562 non
787 1511 1013 1564 dividis:
1047 1512 1150 1562 noli
1188 1526 1305 1564 csse.
1345 1519 1523 1564 rectus
1553 1512 1795 1574 oblator,
1840 1521 1894 1564 et

322 1595 519 1647 pravus
552 1580 778 1633 divisor.
833 1583 966 1649 Quid
997 1581 1186 1634 dividis
1234 1591 1407 1634 actum
1452 1597 1479 1633 a
1531 1581 1666 1633 ﬁde?
1713 1581 1892 1649 inique

323 1651 519 1704 dividis
551 1651 706 1704 ﬁdem
741 1654 1007 1718 perinteus
1041 1664 1182 1704 luant
1211 1670 1224 1712 ;
1269 1668 1386 1704 nam
1423 1653 1552 1705 ﬁdes
1579 1655 1693 1704 sine
1717 1655 1890 1718 operi-

323 1721 422 1774 bus
450 1732 652 1774 mortua
678 1733 778 1786 est,
815 1739 1005 1775 munus
1030 1731 1292 1775 tiiortuum
1324 1722 1483 1775 oll'crs
1509 1727 1634 1774 Deo.
1667 1721 1720 1774 Si
1747 1723 1895 1776 enim

324 1790 564 1857 qtliPdilltl
589 1795 762 1845 anima
791 1795 906 1846 lidei
940 1794 1052 1860 ipsii
1091 1794 1300 1846 devotio
1325 1803 1405 1845 est
1428 1834 1440 1853 ,
1465 1794 1587 1858 quid
1615 1792 1744 1846 lides
1771 1809 1890 1860 qua:

322 1877 427 1914 non
457 1874 707 1926 operatur
735 1880 798 1916 ex
833 1863 1117 1918 dilectione
1138 1905 1153 1925 ,
1185 1863 1284 1917 nisi
1325 1863 1554 1917 cadaver
1599 1865 1889 1917 exanime?

327 1933 466 1984 lli-ne
497 1935 725 1986 ltonoras
755 1939 915 1986 Deum
962 1949 1180 1987 munere
1215 1934 1416 1987 fetido?
1445 1937 1584 1988 liene
1626 1935 1800 2001 placas
1833 1937 1892 1984 li-

321 2004 405 2056 dei
431 2004 769 2056 interfector?
798 2003 984 2058 Credis
1009 2004 1060 2057 iii
1093 2005 1398 2058 Cbri~tuut?
1429 2004 1506 2058 iac
1535 2005 1731 2058 Cill'iSli
1755 2021 1888 2072 ope-

324 2089 412 2134 ra;
442 2084 498 2126 ut
540 2075 678 2126 vivat
707 2077 835 2128 fides
879 2086 986 2138 tua,
1022 2076 1176 2128 tidem
1228 2086 1366 2127 tuam
1412 2076 1626 2129 dilectio
1665 2077 1888 2136 animet,

325 2145 515 2210 probet
553 2145 718 2198 aetio.
757 2149 858 2198 Sel
893 2162 990 2199 nec
1031 2162 1190 2213 opera
1224 2147 1465 2213 quamvis
1494 2162 1635 2199 reeta
1684 2159 1885 2199 rectum

322 2228 416 2266 cor
445 2213 660 2267 efﬁcere
697 2219 964 2269 sufﬁciunt
1011 2220 1127 2269 sine
1167 2218 1269 2268 fide
1303 2235 1315 2268 ι
1349 2216 1466 2283 quis
1513 2219 1653 2269 enim
1689 2228 1888 2270 rectum

323 2286 466 2336 ditat
496 2288 761 2340 hominem
791 2305 893 2340 non
928 2289 1219 2354 placentem
1253 2289 1396 2341 Deo?
1427 2288 1554 2341 Sine
1586 2287 1688 2342 ﬁde
1715 2299 1888 2340 autem

324 2356 649 2420 impassibi.’e
675 2369 755 2410 est
788 2362 996 2426 placere
1028 2359 1134 2410 Deo
1162 2375 1174 2410 :
1198 2359 1284 2426 qui
1315 2373 1415 2410 non
1451 2359 1620 2425 plaeet
1647 2362 1751 2412 lteo
1786 2376 1886 2407 non

326 2435 498 2490 potest
528 2426 603 2479 illi
651 2422 863 2495 placere
891 2429 1058 2489 Deus;
1094 2422 1328 2480 natu'cui
1365 2422 1534 2495 placet
1569 2429 1736 2490 Deus,
1783 2429 1886 2481 Deo
1924 2422 1947 2449 ⁶

323 2495 609 2560 disitlicere
637 2514 741 2552 non
774 2508 964 2567 potest.
1001 2519 1016 2549 ι
1049 2500 1275 2566 ldipsuni
1303 2501 1578 2552 eonlirniat
1601 2499 1659 2554 S.
1693 2501 1886 2566 Grego-

323 2567 434 2639 rius
455 2583 582 2634 papa
604 2570 699 2621 hac
723 2569 1253 2639 sitniiitudine(Libro
1276 2585 1328 2622 lll
1355 2568 1598 2637 liegistri,
1637 2587 1751 2638 cap.
1777 2571 1886 2637 55):

327 2655 346 2687 ι
381 2638 529 2691 Sicut
557 2640 689 2692 rami
719 2641 834 2693 sine
873 2642 1066 2693 virtute
1089 2638 1289 2694 radicis
1316 2645 1544 2694 areliunt
1567 2681 1580 2704 ,
1628 2642 1696 2694 ita
1728 2657 1888 2703 opera

321 2710 706 2775 quantumlibet
732 2710 865 2763 bona
911 2711 1184 2764 videantur
1207 2750 1221 2776 ,
1255 2711 1397 2765 nulla
1425 2722 1586 2774 sunt,
1620 2711 1665 2764 si
1696 2726 1726 2764 a
1756 2710 1886 2765 soli-

321 2781 486 2848 ditate
521 2781 641 2834 lidei
669 2780 1063 2848 disiunguntur.
1106 2799 1123 2832 ι

395 2846 462 2921 Et
488 2849 720 2921 calceatis
752 2846 1005 2921 pedibnsJ
1037 2850 1205 2906 Pedes
1233 2851 1426 2905 animae
1447 2850 1755 2905 allectiones
1781 2850 1891 2905 vui-

321 2933 391 2986 go
415 2918 758 2989 signiﬁcant,
800 2935 933 2988 quos
979 2918 1219 2975 calceare
1248 2922 1513 2985 dli'illllﬂ',
1567 2938 1684 2974 cum
1729 2923 1890 2977 variis

321 2989 604 3061 virtutibus
633 3006 996 3045 exornamur:
1029 3003 1082 3046 et
1114 2994 1248 3047 bene
1274 2993 1522 3047 calceatis
1547 2992 1790 3061 pedibus,
1825 3008 1891 3048 ne

322 3059 461 3133 forte
484 3062 620 3114 viain
645 3061 768 3115 vita:
798 3077 1145 3132 percurrens,
1174 3061 1413 3117 oll‘endas
1443 3064 1508 3116 ad
1534 3059 1760 3132 lapidem
1793 3079 1886 3133 pe-

323 3131 444 3186 dem
478 3139 656 3198 tuum,
691 3131 970 3187 tentatioui
997 3134 1412 3189 succumbendo.

398 3201 499 3255 Per
519 3203 759 3256 dimatant
793 3204 1106 3275 Evangelia]
1139 3205 1192 3259 ld
1220 3215 1300 3258 est
1328 3205 1621 3259 doctrinam
1651 3203 1890 3276 Evange-

325 3271 381 3325 lii
407 3285 694 3342 sequentes
723 3276 932 3329 ducent.

397 3342 682 3417 Pergamus
706 3345 886 3398 itinera
913 3344 1073 3417 ejus]
1105 3345 1316 3417 Scilicet
1336 3345 1530 3401 Christi
1557 3347 1760 3401 Domini
1783 3354 1889 3402 tam

323 3415 740 3469 misericorditer
773 3432 868 3470 nos
897 3415 1166 3479 vocantis,
1207 3416 1358 3486 enjus
1401 3420 1589 3472 itinera
1627 3430 1748 3472 sunt
1793 3434 1890 3472 vo-

325 3488 550 3556 luntaria
585 3499 904 3554 paupertas:
931 3487 1054 3556 quia
1083 3503 1204 3541 cum
1235 3497 1377 3542 esset
1404 3488 1572 3555 dives,
1606 3505 1700 3554 pro
1730 3489 1888 3544 nobis

324 3555 494 3608 factus
516 3566 598 3610 est
618 3572 852 3625 pauper;
880 3555 1160 3627 abnegatio
1187 3562 1413 3627 propria:
1438 3561 1740 3625 voluntatis,
1768 3563 1888 3626 quia

324 3627 496 3680 lactus
520 3638 602 3680 est
633 3644 726 3694 pro
757 3628 912 3684 nobis
939 3629 1196 3683 obediens
1227 3645 1392 3696 usque
1432 3630 1496 3682 ad
1527 3639 1788 3695 mortem;
1837 3631 1888 3684 in

325 3696 756 3760 tribulationibus
792 3710 847 3753 et
886 3700 1147 3769 angustiis
1196 3700 1412 3754 humilis
1452 3702 1736 3768 patientia,
1768 3703 1888 3769 quia

324 3782 512 3837 passus
536 3779 648 3832 est,
689 3769 842 3825 nobis
883 3773 1190 3840 relinquens
1236 3772 1568 3840 exemplum,
1609 3781 1666 3825 ut
1702 3788 1893 3840 sequa-

324 3841 688 3911 inurfvestigia
721 3843 839 3906 ejus
872 3857 884 3892 :
918 3854 1062 3895 arcta
1097 3843 1312 3909 quidem
1341 3852 1394 3896 et
1426 3857 1612 3911 aspera
1661 3845 1892 3896 homini-

324 3908 426 3962 bus
452 3910 642 3982 itinera
661 3952 672 3967 .
705 3913 798 3965 sed
837 3928 902 3964 eo
931 3908 1127 3966 tutiOra
1149 3952 1164 3976 ,
1194 3929 1298 3982 quo
1321 3908 1656 3981 paucioribus
1686 3915 1888 3982 pervia,

323 3988 379 4033 et
415 3980 486 4053 ad
509 3981 729 4036 caeleste
780 3999 998 4050 regnum
1043 3980 1523 4050 compendiOsiora.
1557 3983 1656 4038 Vel
1688 3980 1893 4053 perga-

324 4065 441 4104 inus
472 4050 659 4124 itinera
693 4053 809 4119 ejus
827 4095 856 4124 ,ί
876 4054 1082 4107 scilicet
1124 4054 1434 4124 Evangelii,
1466 4053 1618 4122 cujus
1667 4050 1892 4108 mentio-

325 4135 446 4174 item
481 4121 607 4175 facit
633 4139 645 4172 :
677 4126 742 4175 de
774 4123 925 4191 cujus
954 4124 1233 4178 itineribus
1263 4121 1336 4178 ita
1369 4121 1549 4178 scribit
1588 4126 1886 4180 Bolierius:

329 4209 347 4240 ι
389 4191 442 4242 in
474 4192 668 4267 ducatu
700 4193 968 4267 Evangelii
997 4205 1223 4264 quatuor
1264 4205 1390 4250 sunt
1429 4197 1615 4249 itinera
1665 4196 1730 4250 ad
1776 4213 1893 4267 reg-

327 4276 452 4336 iiuu:
479 4262 567 4316 Dei
599 4280 824 4336 qumque
853 4262 1142 4330 tendentia,
1168 4277 1430 4336 praecepta
1455 4267 1724 4330 videlicet,
1749 4262 1892 4320 maii-

325 4331 479 4408 data,_
506 4331 829 4408 IeSiitnouia,
873 4338 1111 4405 exempla
1134 4354 1148 4390 :
1171 4331 1231 4389 in
1263 4331 1542 4405 princeptis
1571 4337 1771 4408 justitia
1793 4379 1810 4406 ,
1839 4339 1890 4392 iii

324 4404 539 4485 mandat
562 4421 586 4456 s
609 4405 879 4483 eliaritas,
915 4409 966 4460 iti
991 4404 1310 4463 testimoniis
1339 4404 1500 4473 lides,
1543 4404 1593 4463 in
1629 4404 1890 4478 exemplis

325 4483 575 4543 per'ectio
608 4487 897 4530 invenitur.
937 4496 954 4528 ι

398 4542 465 4597 Ut
487 4561 778 4621 ~mereamur
817 4564 932 4600 eum
960 4550 1046 4616 qui
1090 4566 1180 4602 nos
1208 4551 1394 4603 vocavit
1423 4551 1474 4603 in
1503 4567 1655 4621 regno
1683 4567 1775 4604 suo
1815 4567 1889 4603 rt-

325 4614 462 4678 dere,
487 4613 506 4687 ]
535 4617 687 4682 cujus
723 4618 858 4672 visio
884 4613 1047 4673 t0tatn
1078 4621 1304 4674 hominis
1336 4624 1456 4674 facit
1481 4613 1886 4686 beatitudinem;

328 4687 468 4739 unde
493 4699 547 4759 et
579 4689 637 4743 S.
671 4687 944 4758 Philippus
971 4692 1035 4744 ad
1063 4692 1328 4744 Christum
1360 4695 1570 4747 dicebat
1601 4712 1612 4745 ;
1647 4693 1886 4759 Domine,

322 4758 528 4830 os'eude
559 4760 700 4812 nobis
735 4759 958 4819 Patrem.
989 4773 1034 4814 et
1060 4763 1237 4830 stt/ﬁcit
1265 4764 1427 4815 nobis.

397 4827 457 4878 In
488 4832 635 4889 cuius
664 4832 806 4898 regni
833 4827 1157 4885 tabernaculo
1184 4833 1227 4884 si
1257 4835 1491 4887 coluntur
1521 4833 1764 4897 habitare,
1796 4834 1892 4885 nisi

323 4897 446 4975 illuc
469 4900 609 4950 bonis
627 4897 1074 4968 actituscnrrnnr,
1101 4905 1306 4957 minime
1332 4904 1666 4975 pervenitur.]
1694 4905 1891 4958 Statuit

331 4969 686 5043 iiieboiiorntii
700 4986 920 5037 operum
937 4969 1724 5043 itecessuatent,’sinequibusin
1744 4977 1890 5043 regni

320 5039 555 5112 eteiestts
574 5042 911 5096 tabernaculo
928 5046 1143 5098 minime
1159 5039 1751 5112 perveniturfNotanter
1765 5039 1892 5101 vero

324 5110 545 5185 addidit,
569 5113 841 5179 currendo,
869 5118 971 5184 21
1001 5110 1514 5182 redarguenseoruni
1542 5126 1812 5185 torporem
1838 5129 1890 5169 et

320 5182 578 5234 desidiam
592 5199 677 5251 qtit
691 5182 1083 5238 cotntnunivita
1101 5191 1358 5251 Contenti,
1374 5187 1423 5241 in
1444 5189 1524 5240 via
1542 5182 1662 5241 vita:
1677 5191 1784 5242 cito
1797 5188 1889 5241 de-

321 5253 524 5317 liciunt,
557 5255 746 5321 quibus
762 5272 854 5324 pro
888 5272 1081 5317 magno
1105 5267 1380 5325 reputatur
1406 5260 1449 5311 si
1482 5261 1561 5312 vel
1591 5268 1886 5312 retrorsum

319 5337 424 5397 non
444 5329 678 5388 redeant,
702 5328 892 5390 vixque
921 5327 1000 5380 via
1029 5350 1056 5377 ιι
1083 5331 1329 5396 ingressi,
1355 5330 1504 5397 quasi
1526 5330 1747 5382 nimium
1765 5329 1887 5383 fati-

316 5393 425 5459 gati
448 5397 511 5448 de
522 5397 706 5464 requie
727 5403 980 5463 cogitant.
1003 5402 1067 5450 At
1081 5393 1236 5467 plane
1251 5416 1356 5453 non
1372 5393 1450 5454 sic
1465 5399 1522 5453 S.
1542 5401 1880 5461 Benedictus,

317 5478 424 5546 non
437 5468 533 5530 sic;
549 5470 640 5520 sed
654 5469 751 5546 nisi
763 5470 883 5546 illae
898 5471 1294 5538 cnrritur,inqui
1305 5482 1338 5532 t,
1350 5473 1555 5523 minime
1571 5473 1879 5540 pervcnitur.

315 5536 474 5589 Certe
515 5540 734 5604 granlis
789 5539 943 5594 nobis
990 5551 1158 5593 restat
1203 5536 1310 5604 via,
1340 5556 1369 5593 a
1413 5536 1651 5596 terraad
1683 5545 1880 5596 coelum

315 5619 502 5679 magna
529 5619 611 5660 est
637 5610 913 5674 distantia,
943 5621 1252 5679 tantumque
1280 5612 1344 5663 ad
1376 5612 1767 5666 conﬁciendum
1792 5615 1848 5666 iti
1867 5644 1881 5655 -

318 5675 461 5729 neris
488 5689 714 5743 spatium
746 5683 845 5733 soli
896 5682 1048 5734 nobis
1081 5675 1238 5748 ltuj'ns
1266 5681 1381 5734 dies
1415 5684 1536 5734 vita:
1584 5683 1883 5738 Inevissimi

315 5751 705 5814 coineittitttur,
733 5766 784 5803 ut
816 5753 1142 5806 cxsultemus
1183 5752 1321 5805 sicut
1369 5754 1612 5822 gigantes
1657 5755 1722 5808 ad
1755 5770 1878 5810 cur-

1677 267 1730 320 S.
1775 264 1832 320 P.
1878 259 2228 320 BENEDICTI

863 382 1097 454 ﬂat-ilius,
1131 383 1312 454 stipata
1343 397 1420 454 rn_e
1449 382 1596 454 malis
1629 397 1646 433 :
1680 383 1743 454 ad
1775 397 1890 454 qua:
1921 386 1966 441 Α
2001 383 2216 434 rendam
2252 381 2412 454 viain.
2445 378 2742 454 Almileninr
2785 373 3532 454 eieosanctorumuexenipla
3556 423 3572 446 ,

3423 257 3576 324 ,ἣδε

1996 457 2107 518 qui,
2139 463 2195 506 ut
2217 452 2400 506 scribit
2442 451 2629 505 Petrus
2665 449 2998 502 Venerabilis
3025 446 3162 514 (Lib.
3189 463 3202 499 l
3234 443 3418 500 .‘iiirac.
3451 443 3567 517 rapi

1996 523 2114 591 9.0),
2151 543 2167 572 ι
2210 523 2345 575 bona
2404 538 2523 590 qua:
2578 521 2774 574 faciunt
2817 537 2911 583 pro
2967 520 3130 571 nihilo
3177 518 3468 591 dua-entes,
3499 518 3564 569 ad

1996 589 2194 659 majora
2211 604 2320 646 toto
2335 589 2604 646 deSiderio
2619 592 2980 646 conscendere
2997 604 3210 659 semper
3229 589 3527 646 intendunt.
3545 613 3560 644 t

1999 658 2292 729 chuibus
2340 665 2500 718 etiam
2555 662 2610 717 S.
2665 663 3010 716 Bernartius:
3048 681 3062 707 ι
3115 658 3392 725 Nunqnazii
3420 705 3436 725 ,
3469 665 3568 726 ait,

1994 735 2170 801 justus
2200 735 2487 787 arbitratur
2517 750 2574 787 se
2613 731 3105 796 comprehendisse,
3134 746 3400 795 llllliqtiiltll
3435 732 3569 788 dicit

1996 805 2218 869 sufﬁcit;
2246 807 2340 857 sed
2364 821 2576 873 semper
2605 807 2769 857 esurit
2794 806 3007 868 sititqne
3037 803 3316 873 jtisliti'ttit,
3352 801 3418 854 ita
3454 811 3565 857 utsi

1995 890 2206 942 semper
2235 878 2460 937 viveret,
2483 871 2692 943 Semper
2713 885 2964 942 quantum
2991 873 3110 924 inse
3138 885 3212 924 c3!
3234 871 3428 938 juStior
3449 891 3568 928 esse

1998 946 2368 1006 eonteiideret,
2388 962 2598 1014 semper
2615 947 2679 997 de
2700 946 2833 998 bono
2860 946 2908 997 in
2937 945 3124 994 melius
3155 959 3216 1014 pr
3254 945 3412 995 licere
3439 949 3562 997 tntis

1996 1017 2196 1069 viribus
2223 1012 2530 1071 conaretur.
2562 1035 2579 1067 ι
2611 1017 2901 1068 Audiamus
2927 1024 2980 1067 et
3011 1015 3152 1066 illaut
3181 1012 3444 1066 Guillelmi
3472 1019 3563 1067 :.h-

1999 1088 2136 1140 batis
2164 1088 2220 1142 S.
2258 1088 2574 1141 Theoderici
2603 1087 2666 1138 ad
2705 1090 2893 1139 fratres
2926 1091 2992 1139 de
3037 1086 3211 1137 Monte
3245 1085 3333 1136 Dei
3367 1087 3559 1138 exhor-

1999 1159 2249 1212 tationem
2309 1160 2601 1224 piissimam
2636 1158 2801 1226 (Cap.
2838 1158 2870 1210 ‘2
2902 1157 2918 1225 )
2950 1169 2964 1209 :
3005 1175 3021 1204 ‹
3062 1155 3232 1207 Nolite
3275 1160 3542 1221 negligere

2003 1232 2168 1283 nolite
2202 1231 2443 1289 tardare,
2475 1231 2690 1296 grandis
2721 1229 2858 1280 enim
2896 1228 3041 1278 vobis
3080 1234 3245 1278 restat
3275 1228 3379 1288 via,
3413 1230 3560 1282 :iilis~

1997 1301 2124 1352 siina
2155 1312 2234 1354 est
2267 1300 2525 1367 professio
2557 1311 2727 1353 vestra
2748 1338 2761 1359 ,
2793 1301 2960 1352 cuiius
2998 1307 3204 1354 transit,
3237 1313 3330 1364 par
3356 1301 3561 1367 angeli.-

1996 1381 2096 1431 est,
2125 1373 2379 1439 angelica:
2406 1371 2595 1422 similis
2629 1370 2867 1437 putitati;
2895 1385 2996 1421 non
3039 1368 3180 1421 enim
3212 1371 3432 1421 vovtsus
3472 1387 3564 1421 so-

1998 1443 2101 1493 liiiii
2139 1457 2346 1494 (minem
2376 1444 2732 1504 sanctitati-nt,
2764 1442 2853 1494 sed
2903 1441 3077 1491 omnis
3105 1441 3405 1491 sanctitatis
3438 1456 3562 1503 per-

1999 1514 2276 1564 l'ectit'inent
2301 1526 2354 1564 et
2395 1513 2567 1565 omnis
2598 1511 3072 1564 coitsntiintatimtis
3105 1511 3261 1561 liuent
3298 1528 3308 1562 :
3347 1528 3451 1563 non
3484 1521 3568 1566 est

1997 1595 2228 1635 vestrum
2262 1584 2399 1635 circa
2431 1587 2736 1635 roniutuaia
2780 1594 3040 1648 pra-cepta
3085 1581 3355 1652 languere.
3390 1597 3568 1644 neque

1999 1655 2098 1708 hoc
2127 1656 2295 1706 solum
2329 1656 2604 1707 attendere
2634 1653 2757 1721 quiti
2803 1653 3074 1720 pra-cipiat
3108 1652 3266 1719 Deus,
3298 1654 3390 1705 sed
3437 1653 3563 1720 qud

1997 1727 2140 1784 velit,
2179 1725 2464 1792 probantes
2494 1739 2607 1790 qliil'
2633 1726 2700 1776 sit
2730 1726 2975 1776 voluntas
3024 1725 3112 1774 Dei
3150 1725 3282 1776 bene
3315 1723 3566 1783 benepla-

1993 1811 2143 1855 cens,
2171 1806 2222 1847 et
2259 1796 2484 1857 perfecta
2513 1814 2526 1846 :
2555 1798 2777 1848 aliorum
2813 1804 2892 1846 ist
2927 1798 3033 1847 lico
3066 1795 3290 1855 senire,
3327 1804 3562 1849 ve~trum

1993 1867 2298 1928 :ttiiiil'l‘t'l'e;
2333 1866 2554 1918 aliorum
2583 1880 2661 1918 est
2706 1865 2868 1917 Deum
2900 1867 3140 1924 credere,
3167 1867 3324 1924 scire,
3358 1881 3562 1931 amate,

1996 1937 2258 1996 revereri;
2282 1951 2513 1989 vestrum
2539 1946 2844 2003 e~ts:tp.-re,
2867 1937 3185 2003 intelligere,
3216 1950 3562 2004 cognoscere,

1993 2007 2116 2059 frui.
2155 2025 2171 2056 ι
2211 2007 2374 2059 Porro
2403 2023 2467 2059 ne
2492 2009 2796 2060 delieiantus
2829 2009 2878 2058 in
2915 2023 3018 2069 vta,
3053 2009 3143 2059 sed
3188 2006 3261 2058 sic
3289 2023 3565 2059 curramus

1995 2088 2048 2129 ut
2071 2079 2606 2142 compreliendainus,
2632 2079 2908 2132 sciendum
2938 2090 3016 2130 est
3041 2078 3290 2129 nonnulla
3309 2091 3562 2144 esseqnin

1992 2157 2044 2199 et
2069 2163 2284 2201 cursum
2317 2158 2630 2216 promineat
2655 2161 2706 2202 ct
2736 2148 3008 2217 adjuvant.
3039 2149 3293 2200 nonnulla
3325 2165 3442 2214 qua:
3473 2165 3562 2201 rc-

1957 2269 1964 2278 ,
1994 2221 2203 2270 tardant
2225 2232 2273 2273 et
2308 2220 2618 2284 itiipediunf.
2662 2238 2678 2270 ι
2715 2221 2834 2272 'l'i'ia
2868 2231 2990 2272 Sunt
3014 2236 3130 2287 qua!
3165 2219 3363 2271 faciunt
3384 2234 3565 2272 curre-

1997 2303 2074 2352 re,
2109 2309 2125 2340 t
2159 2292 2325 2358 inquit
2373 2294 2427 2343 S.
2481 2290 2781 2344 liernardus
2814 2293 2864 2343 in
2913 2292 3046 2343 lib.o
3092 2291 3158 2342 de
3213 2295 3407 2343 Amore
3443 2291 3560 2349 Dei,

1996 2373 2152 2422 quem
2199 2362 2532 2415 sermOuibus
2581 2377 2740 2428 super
2796 2362 3015 2414 Cantica
3083 2361 3354 2426 subjunxit
3385 2374 3567 2413 nizsmr

1997 2429 2356 2492 Mabillonius,
2392 2453 2407 2482 ι
2444 2433 2604 2485 timor
2627 2433 2892 2496 videlicet,
2921 2431 3266 2492 desiderium,
3292 2443 3344 2484 et
3372 2445 3564 2484 amor:

1998 2503 2158 2555 timor
2184 2501 2453 2570 lngiendo,
2478 2503 2802 2557 desiderium
2843 2503 3168 2571 appetendo,
3196 2517 3346 2555 amor
3378 2503 3562 2568 proxi~

1995 2589 2136 2626 ntunt
2167 2575 2415 2626 amando.
2445 2575 2684 2640 Quatuor
2705 2589 2919 2641 quoque
2952 2581 3077 2626 stitit
3101 2589 3219 2642 quin
3262 2573 3560 2638 impediunt

1991 2659 2207 2696 cursum
2234 2645 2420 2707 istum;
2462 2646 2644 2714 lrigns,
2678 2648 2844 2708 calor,
2879 2644 2958 2697 via
2994 2645 3280 2714 laboriosa,
3315 2644 3566 2696 nimietas

1993 2715 2288 2778 currentis;
2316 2732 2433 2782 qua:
2462 2713 2586 2768 sinit
2620 2715 2726 2768 alio
2757 2716 2974 2768 nomine
3012 2713 3332 2772 difﬁdentia,
3366 2728 3567 2766 concu-

1995 2785 2274 2854 piSCentia,
2300 2785 2607 2853 asperitatis
2625 2785 2974 2854 impatientia,
2997 2785 3153 2838 nimia
3181 2783 3524 2837 conﬁdentia.
3542 2803 3561 2836 i

2067 2865 2171 2920 Sed
2206 2867 2570 2936 interroyemus
2603 2882 2717 2918 cum
2749 2865 2993 2934 propheta
3024 2863 3302 2918 Dominum
3347 2867 3569 2936 (licentes

1994 2938 2039 2991 ei
2070 2952 2090 2990 .'
2118 2937 2362 3001 Domine,
2396 2935 2506 3000 quia
2531 2937 2778 2990 habitabit
2805 2941 2856 2989 in
2887 2937 3212 2990 tabernaculo
3245 2949 3328 2987 tuo
3342 2935 3387 3004 3’]
3417 2956 3431 2984 t
3466 2935 3571 2990 Tit-

1997 3009 2340 3063 liernaCqum
2365 3024 2482 3062 cum
2509 3025 2723 3077 proprie
2746 3007 3004 3077 accipitur
3019 3007 3142 3060 belli
3171 3021 3256 3059 res
3279 3019 3360 3059 eat
3386 3023 3399 3058 :
3425 3006 3569 3060 unde

2000 3090 2054 3132 et
2099 3079 2511 3132 contubernales
2565 3080 2762 3133 milites
2807 3079 3074 3143 dicuntur,
3107 3087 3354 3144 tanquam
3406 3078 3568 3130 simul

1918 3151 1963 3213 C
2000 3149 2254 3204 habentes
2312 3151 2676 3213 tabernacula,
2713 3169 2730 3201 ι
2767 3149 2936 3218 inquit
2980 3151 3038 3204 S.
3089 3149 3417 3214 Augustinus
3453 3145 3570 3218 (In

1995 3222 2131 3287 psal.
2155 3226 2290 3287 xiv);
2323 3221 2418 3274 sed
2447 3221 2850 3276 tabernaculum
2884 3222 2971 3275 hic
2998 3237 3026 3272 a
3065 3219 3122 3272 S.
3157 3218 3448 3272 Benedicto
3476 3233 3567 3272 su-

1994 3290 2160 3344 mitur
2191 3307 2286 3362 pro
2313 3292 2518 3346 etelesti
2549 3293 2735 3361 patria.

2064 3375 2167 3424 Aut
2216 3374 2328 3440 quis
2375 3375 2653 3440 requiescet
2697 3373 2748 3425 iit
2780 3381 2947 3425 monte
2983 3381 3156 3424 sancta
3185 3367 3386 3442 ejus?]
3417 3369 3568 3437 Quod

1995 3443 2144 3511 prius
2172 3447 2565 3497 tabernaculum
2595 3443 2958 3510 appellaverat
2981 3481 2994 3500 ,
3039 3443 3138 3496 hoc
3166 3452 3402 3494 montem
3445 3455 3572 3494 satis

1994 3523 2138 3566 ctum
2170 3524 2460 3582 nuncupat,
2479 3515 2614 3568 forte
2638 3525 2851 3581 pr0pter
2873 3514 3110 3568 laborem
3135 3513 3568 3567 ctditlicultateut

1995 3584 2284 3657 scandendi
2311 3587 2455 3649 C(Bii,
2488 3603 2607 3638 nam
2633 3601 2843 3657 regnum
2873 3583 3116 3638 caelorum
3143 3588 3241 3637 vim
3269 3584 3459 3653 patitur
3479 3625 3494 3650 ,
3523 3587 3570 3635 et

1994 3655 2202 3710 violenti
2227 3657 2436 3727 rapiunt
2461 3657 2613 3710 illud.

2074 3736 2192 3790 l’ou
2221 3739 2351 3790 lianc
2375 3737 2852 3808 interrogationem,
2897 3736 3104 3808 fratres,
3152 3733 3423 3808 audiamus
3457 3731 3566 3808 Do-

1994 3806 2192 3859 minum
2230 3805 2616 3874 respondentem
2656 3822 2702 3860 et
2742 3807 3086 3870 attendentem
3114 3805 3259 3857 nobis
3300 3809 3433 3858 uiam
3466 3807 3571 3876 22

1993 3877 2152 3944 ipsius
2199 3881 2536 3942 tabernaculi,
2582 3895 2640 3931 ac
2685 3879 2936 3930 dicentem
2966 3892 2983 3929 :
3020 3876 3121 3940 Qui
3156 3877 3442 3943 ingreditur
3465 3880 3572 3928 siit.

1995 3947 2268 4018 macula.]
2317 3950 2522 4008 Mundis
2564 3950 2706 4003 enim
2755 3950 2921 4002 corde
2976 3947 3303 4018 promittitur
3347 3963 3570 4017 regnum

1994 4017 2296 4073 calorum:
2341 4019 2486 4072 Beati
2511 4025 2699 4072 mundo
2728 4022 2898 4082 corde,
2944 4018 3114 4088 inquit
3153 4017 3416 4081 Christus,
3449 4034 3574 4086 quo-

1996 4091 2134 4142 niam
2155 4091 2254 4157 ipsi
2285 4089 2448 4142 Deum
2472 4089 2723 4144 uidebunt.

2070 4168 2136 4222 Et
2180 4178 2423 4241 operatur
2458 4166 2783 4241 ⁸ᾔιι.ςεὶιὶιιιιι.]
2830 4167 3136 4224 Secundum
3164 4167 3222 4222 S.
3256 4169 3570 4241 Anselmnm

1998 4241 2152 4308 (Lib.
2185 4239 2289 4294 Cur
2315 4239 2686 4305 Deus—homo),
2725 4260 2740 4289 ι
2767 4239 2978 4310 ⁷]υειιιὶιι
3017 4250 3099 4293 est
3140 4239 3302 4292 animi
3357 4240 3574 4292 libertas

1999 4312 2240 4366 tribuens
2271 4311 2553 4381 unicuique
2583 4309 2878 4365 secundum
2907 4313 3176 4379 propriam
3209 4309 3568 4381 dignitatem:

1997 4382 2185 4450 majori
2216 4380 2596 4446 reverentiam,
2643 4385 2754 4450 pari
2784 4382 3154 4447 concordiam,
3188 4382 3379 4434 minori
3410 4380 3574 4432 disci-

1999 4454 2214 4521 plinam,
2250 4452 2359 4507 Deo
2381 4454 2762 4516 obedientiam,
2789 4454 2888 4506 sibi
2913 4451 3576 4516 sanctimoniam,inimico

1920 4539 1974 4597 D
2000 4524 2328 4592 patientiam.
2361 4539 2531 4593 egeno
2559 4539 2842 4592 operosam
2877 4522 3332 4577 misericordiam.
3375 4539 3393 4573 ι

2070 4603 2170 4668 Qui
2196 4601 2417 4672 loquitur
2442 4604 2700 4657 veritatem
2725 4603 2778 4656 in
2811 4602 2962 4656 rorde
2985 4599 3136 4673 suo.]
3166 4603 3319 4668 Quia.
3358 4610 3416 4654 iit
3445 4599 3577 4654 dicit

1995 4674 2053 4729 S.
2086 4675 2417 4740 AuguStinus
2447 4674 2535 4744 (in
2564 4675 2695 4744 psal.
2731 4673 2860 4744 itiv),
2894 4691 2912 4723 ι
2947 4673 3189 4726 ηοιιιιιιιιὶ
3217 4676 3268 4726 iii
3303 4675 3314 4725 I
3356 4673 3453 4725 biis
3484 4673 3576 4724 lia-

2002 4747 2128 4798 bent
2159 4745 2460 4812 veritatem,
2488 4756 2545 4799 et
2575 4747 2624 4798 iti
2653 4745 2816 4799 corde
2856 4761 2959 4798 non
2995 4744 3214 4807 habent,
3242 4755 3495 4810 tanquam
3525 4745 3570 4795 si

1996 4816 2191 4885 aliquis
2225 4819 2472 4870 ostendat
2497 4816 2633 4869 viam
2659 4822 2835 4870 sciens
2870 4819 2922 4868 in
2953 4830 3016 4869 ea
3067 4829 3188 4869 esse
3232 4816 3487 4878 latrones,
3521 4823 3578 4866 et

1996 4886 2139 4941 dicit
2168 4905 2182 4940 :
2214 4886 2271 4940 Si
2305 4889 2401 4940 hac
2430 4887 2575 4949 ieris.
2623 4903 2652 4940 a
2685 4887 2984 4941 latronibus
3030 4895 3178 4939 tutus
3205 4889 3332 4944 eris.
3367 4895 3419 4937 et
3445 4898 3575 4936 eon-

2000 4958 2169 5027 tingat
2221 4969 2277 5011 ut
2307 4973 2430 5013 vere
2461 4974 2566 5011 non
2600 4958 2668 5012 ibi
2702 4957 2937 5010 latrones
2970 4957 3347 5016 inveniantur;
3381 4969 3576 5027 verum

1996 5025 2098 5082 ille'
2127 5032 2333 5083 locutus
2365 5039 2468 5092 est,
2500 5029 2593 5081 sed
2641 5045 2748 5082 non
2778 5029 2832 5082 in
2879 5028 3044 5082 corde
3093 5043 3220 5091 suo;
3253 5025 3394 5080 aliud
3426 5025 3576 5079 enim

1997 5101 2236 5166 putabat,
2270 5108 2323 5152 et
2355 5103 2602 5153 nesciens
2629 5114 2812 5153 verum
2863 5099 3007 5151 dixit
3039 5116 3052 5149 :
3085 5113 3215 5166 ergo
3249 5113 3437 5167 parum
3490 5104 3577 5150 est

1992 5185 2178 5224 verum
2204 5171 2366 5238 loqui,
2402 5171 2500 5224 nisi
2532 5175 2690 5223 etiam
2719 5171 2770 5222 iit
2795 5172 2957 5223 corde
2985 5170 3056 5222 ita
3087 5168 3174 5223 sit.
3199 5187 3219 5221 ι

2068 5251 2165 5314 Qui
2196 5267 2297 5304 non
2326 5252 2426 5320 egit
2457 5249 2631 5302 dolum
2657 5250 2708 5302 in
2731 5251 2906 5322 lingua
2937 5266 3050 5302 sua.
3079 5247 3100 5322 ]
3133 5249 3211 5302 Ad
3243 5256 3364 5322 qua:
3410 5247 3572 5302 verba

1993 5322 2186 5374 iterum
2215 5323 2274 5376 ὃ.
2303 5322 2631 5386 Augustinus
2666 5339 2678 5372 :
2718 5339 2736 5372 ι
2779 5320 2977 5389 Lingua
3017 5320 3190 5390 agitur
3238 5321 3414 5384 dolus,
3442 5333 3567 5373 cum

1990 5393 2136 5445 aliud
2165 5407 2258 5446 ore
2288 5395 2557 5460 profertur
2577 5401 2631 5444 et
2652 5390 2793 5445 aliud
2826 5407 3043 5460 peetore
3081 5394 3300 5460 tegitur.
3335 5407 3354 5441 ι

2062 5470 2174 5525 Nec
2200 5473 2315 5541 fecit
2341 5472 2576 5541 proximo
2595 5486 2689 5522 suo
2715 5470 2949 5542 malum.]
2984 5471 3266 5542 Proximus
3295 5480 3378 5524 est
3401 5467 3574 5542 omnis

1993 5544 2157 5598 homo
2178 5583 2192 5606 ,
2224 5558 2380 5610 quem
2409 5557 2526 5596 cum
2561 5542 2784 5608 diligere
2817 5541 3114 5611 teneamur,
3149 5541 3218 5597 ab
3246 5543 3394 5596 omni
3425 5541 3571 5596 malo

1995 5616 2072 5668 illi
2108 5613 2386 5668 inlerendo
2415 5613 2684 5666 abstinere
2722 5611 3000 5665 debemus.

2063 5685 2165 5749 Qui
2207 5685 2535 5751 approbriutn
2581 5699 2680 5735 non
2719 5682 2924 5753 (accepit
2981 5681 3226 5738 adversus
3282 5685 3574 5753 proximum

1992 5773 2160 5810 suum.
2195 5753 2214 5826 1
2265 5755 2316 5809 ld
2367 5765 2445 5810 est
2483 5774 2498 5806 ι
2540 5770 2645 5809 non
2679 5752 2906 5810 libenter
2955 5762 3047 5808 aut
3090 5751 3294 5810 temere
3340 5751 3574 5809 credidit
