  <div class='ocr_page' id='page_1' title='image "/cluster/home/n/w/nwhite01/storage/ocr_20150623/66/hvd.32044054758701/122.png"; bbox 0 0 3960 6178; ppageno 0'>
   <div class='ocr_carea' id='block_1_1' title="bbox 293 251 399 309">
    <p class='ocr_par' dir='ltr' id='par_1_1' title="bbox 293 251 399 309">
     <span class='ocr_line' id='line_1_1' title="bbox 293 251 399 309; baseline 0 0"><span class='ocrx_word' id='word_1_1' title='bbox 293 251 399 309; x_wconf 65' lang='lat'><strong>213</strong></span> 
     </span>
    </p>
   </div>
   <div class='ocr_carea' id='block_1_2' title="bbox 1273 256 2495 318">
    <p class='ocr_par' dir='ltr' id='par_1_2' title="bbox 1273 256 2495 318">
     <span class='ocr_line' id='line_1_2' title="bbox 1273 256 2495 318; baseline 0.003 -5"><span class='ocrx_word' id='word_1_2' title='bbox 1273 256 1549 317; x_wconf 71' lang='lat' dir='ltr'><strong>REGULA</strong></span> <span class='ocrx_word' id='word_1_3' title='bbox 1588 259 2073 318; x_wconf 71' lang='lat' dir='ltr'><strong>CDMMENTATA.</strong></span> <span class='ocrx_word' id='word_1_4' title='bbox 2120 257 2495 317; x_wconf 74' lang='lat' dir='ltr'><strong>PROLOGUS.</strong></span> 
     </span>
    </p>
   </div>
   <div class='ocr_carea' id='block_1_3' title="bbox 3433 265 3536 321">
    <p class='ocr_par' dir='ltr' id='par_1_3' title="bbox 3433 265 3536 321">
     <span class='ocr_line' id='line_1_3' title="bbox 3433 265 3536 321; baseline -0.01 0"><span class='ocrx_word' id='word_1_5' title='bbox 3433 265 3536 321; x_wconf 70' lang='grc'><strong>234</strong></span> 
     </span>
    </p>
   </div>
   <div class='ocr_carea' id='block_1_4' title="bbox 295 374 3530 448">
    <p class='ocr_par' dir='ltr' id='par_1_4' title="bbox 295 374 3530 448">
     <span class='ocr_line' id='line_1_4' title="bbox 295 374 3530 448; baseline 0.002 -25"><span class='ocrx_word' id='word_1_6' title='bbox 295 374 648 448; x_wconf 84' lang='lat' dir='ltr'><strong>i-riminatori,</strong></span> <span class='ocrx_word' id='word_1_7' title='bbox 685 394 702 427; x_wconf 86' lang='lat' dir='ltr'><strong>i</strong></span> <span class='ocrx_word' id='word_1_8' title='bbox 737 383 793 426; x_wconf 88' lang='lat' dir='ltr'><strong>ut</strong></span> <span class='ocrx_word' id='word_1_9' title='bbox 822 376 894 427; x_wconf 80' lang='lat' dir='ltr'><strong>ait</strong></span> <span class='ocrx_word' id='word_1_10' title='bbox 918 378 976 448; x_wconf 15' lang='lat' dir='ltr'><strong>AS.</strong></span> <span class='ocrx_word' id='word_1_11' title='bbox 1012 377 1332 448; x_wconf 73' lang='lat' dir='ltr'><strong>Augustinus</strong></span> <span class='ocrx_word' id='word_1_12' title='bbox 1378 378 1397 447; x_wconf 91' lang='lat'><strong>(</strong></span> <span class='ocrx_word' id='word_1_13' title='bbox 1427 378 1487 430; x_wconf 84' lang='lat' dir='ltr'><strong>tu</strong></span> <span class='ocrx_word' id='word_1_14' title='bbox 1522 382 1655 446; x_wconf 85' lang='lat' dir='ltr'><strong>psat.</strong></span> <span class='ocrx_word' id='word_1_15' title='bbox 1691 393 1780 432; x_wconf 69' lang='lat' dir='ltr'><strong>XIV</strong></span> <span class='ocrx_word' id='word_1_16' title='bbox 1812 379 1847 441; x_wconf 91' lang='lat'><strong>).</strong></span> <span class='ocrx_word' id='word_1_17' title='bbox 1885 380 1932 438; x_wconf 78' lang='grc' dir='ltr'>Α</span> <span class='ocrx_word' id='word_1_18' title='bbox 1959 393 2105 443; x_wconf 88' lang='lat' dir='ltr'><strong>nare,</strong></span> <span class='ocrx_word' id='word_1_19' title='bbox 2132 377 2329 431; x_wconf 88' lang='lat' dir='ltr'><strong>bonum</strong></span> <span class='ocrx_word' id='word_1_20' title='bbox 2354 377 2549 439; x_wconf 77' lang='lat' dir='ltr'><strong>facere,</strong></span> <span class='ocrx_word' id='word_1_21' title='bbox 2568 376 2823 445; x_wconf 70' lang='lat' dir='ltr'><strong>justitiam</strong></span> <span class='ocrx_word' id='word_1_22' title='bbox 2849 377 3061 437; x_wconf 85' lang='lat' dir='ltr'><strong>sectari.</strong></span> <span class='ocrx_word' id='word_1_23' title='bbox 3088 377 3383 448; x_wconf 81' lang='lat' dir='ltr'><strong>diabolicas</strong></span> <span class='ocrx_word' id='word_1_24' title='bbox 3412 392 3530 448; x_wconf 74' lang='grc' dir='ltr'><strong>ως-</strong></span> 
     </span>
    </p>
   </div>
   <div class='ocr_carea' id='block_1_5' title="bbox 300 446 1853 519">
    <p class='ocr_par' dir='ltr' id='par_1_5' title="bbox 300 446 1853 519">
     <span class='ocr_line' id='line_1_5' title="bbox 300 446 1853 519; baseline 0.002 -22"><span class='ocrx_word' id='word_1_25' title='bbox 300 447 469 519; x_wconf 73' lang='lat' dir='ltr'><strong>Atiaui</strong></span> <span class='ocrx_word' id='word_1_26' title='bbox 493 448 661 519; x_wconf 73' lang='lat' dir='ltr'><strong>hujus</strong></span> <span class='ocrx_word' id='word_1_27' title='bbox 687 446 929 499; x_wconf 73' lang='lat' dir='ltr'><strong>versiculi</strong></span> <span class='ocrx_word' id='word_1_28' title='bbox 955 446 1337 519; x_wconf 67' lang='lat' dir='ltr'><strong>espositiooem</strong></span> <span class='ocrx_word' id='word_1_29' title='bbox 1360 446 1421 500; x_wconf 73' lang='lat' dir='ltr'><strong>et</strong></span> <span class='ocrx_word' id='word_1_30' title='bbox 1446 448 1504 502; x_wconf 89' lang='lat' dir='ltr'><strong>S.</strong></span> <span class='ocrx_word' id='word_1_31' title='bbox 1532 450 1853 519; x_wconf 74' lang='lat' dir='ltr'><strong>Hieronymo</strong></span> 
     </span>
    </p>
   </div>
   <div class='ocr_carea' id='block_1_6' title="bbox 299 515 1851 584">
    <p class='ocr_par' dir='ltr' id='par_1_6' title="bbox 299 515 1851 584">
     <span class='ocr_line' id='line_1_6' title="bbox 299 515 1851 584; baseline 0.002 -18"><span class='ocrx_word' id='word_1_32' title='bbox 299 517 459 568; x_wconf 81' lang='lat' dir='ltr'><strong>tradit</strong></span> <span class='ocrx_word' id='word_1_33' title='bbox 491 516 825 568; x_wconf 86' lang='lat' dir='ltr'><strong>Hildemarus</strong></span> <span class='ocrx_word' id='word_1_34' title='bbox 856 534 867 564; x_wconf 85' lang='lat'><strong>:</strong></span> <span class='ocrx_word' id='word_1_35' title='bbox 906 535 922 565; x_wconf 78' lang='grc' dir='ltr'><strong>ι</strong></span> <span class='ocrx_word' id='word_1_36' title='bbox 954 515 1069 578; x_wconf 80' lang='lat' dir='ltr'><strong>Ille,</strong></span> <span class='ocrx_word' id='word_1_37' title='bbox 1095 516 1281 584; x_wconf 89' lang='lat' dir='ltr'><strong>inquit,</strong></span> <span class='ocrx_word' id='word_1_38' title='bbox 1313 532 1416 570; x_wconf 92' lang='lat' dir='ltr'><strong>non</strong></span> <span class='ocrx_word' id='word_1_39' title='bbox 1437 518 1626 584; x_wconf 83' lang='lat' dir='ltr'><strong>accipit</strong></span> <span class='ocrx_word' id='word_1_40' title='bbox 1657 515 1851 584; x_wconf 71' lang='lat' dir='ltr'><strong>oppro-</strong></span> 
     </span>
    </p>
   </div>
   <div class='ocr_carea' id='block_1_7' title="bbox 302 587 1852 653">
    <p class='ocr_par' dir='ltr' id='par_1_7' title="bbox 302 587 1852 653">
     <span class='ocr_line' id='line_1_7' title="bbox 302 587 1852 653; baseline 0.003 -17"><span class='ocrx_word' id='word_1_41' title='bbox 302 587 474 639; x_wconf 82' lang='lat' dir='ltr'><strong>brium</strong></span> <span class='ocrx_word' id='word_1_42' title='bbox 507 587 762 639; x_wconf 78' lang='lat' dir='ltr'><strong>adversus</strong></span> <span class='ocrx_word' id='word_1_43' title='bbox 803 588 1101 653; x_wconf 84' lang='lat' dir='ltr'><strong>proximum</strong></span> <span class='ocrx_word' id='word_1_44' title='bbox 1131 601 1303 647; x_wconf 87' lang='lat' dir='ltr'><strong>suum,</strong></span> <span class='ocrx_word' id='word_1_45' title='bbox 1336 588 1421 653; x_wconf 88' lang='lat' dir='ltr'><strong>qtti</strong></span> <span class='ocrx_word' id='word_1_46' title='bbox 1465 592 1666 641; x_wconf 90' lang='lat' dir='ltr'><strong>nullum</strong></span> <span class='ocrx_word' id='word_1_47' title='bbox 1696 588 1852 651; x_wconf 77' lang='lat' dir='ltr'><strong>lzesit,</strong></span> 
     </span>
    </p>
   </div>
   <div class='ocr_carea' id='block_1_8' title="bbox 302 655 1854 720">
    <p class='ocr_par' dir='ltr' id='par_1_8' title="bbox 302 655 1854 720">
     <span class='ocr_line' id='line_1_8' title="bbox 302 655 1854 720; baseline 0.004 -14"><span class='ocrx_word' id='word_1_48' title='bbox 302 658 568 709; x_wconf 88' lang='lat' dir='ltr'><strong>neminem</strong></span> <span class='ocrx_word' id='word_1_49' title='bbox 601 656 798 713; x_wconf 87' lang='lat' dir='ltr'><strong>nocuit.</strong></span> <span class='ocrx_word' id='word_1_50' title='bbox 848 659 1112 710; x_wconf 72' lang='lat' dir='ltr'><strong>neminem</strong></span> <span class='ocrx_word' id='word_1_51' title='bbox 1151 655 1542 720; x_wconf 79' lang='lat' dir='ltr'><strong>scandalizavit,</strong></span> <span class='ocrx_word' id='word_1_52' title='bbox 1577 670 1634 711; x_wconf 88' lang='lat' dir='ltr'><strong>ut</strong></span> <span class='ocrx_word' id='word_1_53' title='bbox 1670 660 1737 712; x_wconf 86' lang='lat' dir='ltr'><strong>ab</strong></span> <span class='ocrx_word' id='word_1_54' title='bbox 1766 663 1854 712; x_wconf 86' lang='lat' dir='ltr'><strong>illo</strong></span> 
     </span>
    </p>
   </div>
   <div class='ocr_carea' id='block_1_9' title="bbox 302 727 1281 795">
    <p class='ocr_par' dir='ltr' id='par_1_9' title="bbox 302 727 1281 795">
     <span class='ocr_line' id='line_1_9' title="bbox 302 727 1281 795; baseline 0.001 -19"><span class='ocrx_word' id='word_1_55' title='bbox 302 727 572 781; x_wconf 83' lang='lat' dir='ltr'><strong>debuisset</strong></span> <span class='ocrx_word' id='word_1_56' title='bbox 601 728 843 791; x_wconf 81' lang='lat' dir='ltr'><strong>accipere</strong></span> <span class='ocrx_word' id='word_1_57' title='bbox 871 727 1228 795; x_wconf 86' lang='lat' dir='ltr'><strong>opprobrium.</strong></span> <span class='ocrx_word' id='word_1_58' title='bbox 1265 748 1281 777; x_wconf 78' lang='grc' dir='ltr'><strong>ι</strong></span> 
     </span>
    </p>
   </div>
   <div class='ocr_carea' id='block_1_10' title="bbox 374 796 1856 867">
    <p class='ocr_par' dir='ltr' id='par_1_10' title="bbox 374 796 1856 867">
     <span class='ocr_line' id='line_1_10' title="bbox 374 796 1856 867; baseline 0.003 -20"><span class='ocrx_word' id='word_1_59' title='bbox 374 797 477 860; x_wconf 80' lang='lat' dir='ltr'><strong>Qui</strong></span> <span class='ocrx_word' id='word_1_60' title='bbox 518 796 797 867; x_wconf 81' lang='lat' dir='ltr'><strong>malignum</strong></span> <span class='ocrx_word' id='word_1_61' title='bbox 825 798 1081 849; x_wconf 84' lang='lat' dir='ltr'><strong>diabolum</strong></span> <span class='ocrx_word' id='word_1_62' title='bbox 1108 798 1279 863; x_wconf 78' lang='lat' dir='ltr'><strong>aliqua</strong></span> <span class='ocrx_word' id='word_1_63' title='bbox 1306 797 1598 850; x_wconf 76' lang='lat' dir='ltr'><strong>suadentem</strong></span> <span class='ocrx_word' id='word_1_64' title='bbox 1627 798 1722 851; x_wconf 74' lang='lat' dir='ltr'><strong>sibi</strong></span> <span class='ocrx_word' id='word_1_65' title='bbox 1740 815 1856 852; x_wconf 79' lang='lat' dir='ltr'><strong>cum</strong></span> 
     </span>
    </p>
   </div>
   <div class='ocr_carea' id='block_1_11' title="bbox 304 868 1858 935">
    <p class='ocr_par' dir='ltr' id='par_1_11' title="bbox 304 868 1858 935">
     <span class='ocr_line' id='line_1_11' title="bbox 304 868 1858 935; baseline 0.001 -16"><span class='ocrx_word' id='word_1_66' title='bbox 304 870 417 930; x_wconf 77' lang='lat' dir='ltr'><strong>ipsa</strong></span> <span class='ocrx_word' id='word_1_67' title='bbox 446 870 684 919; x_wconf 74' lang='lat' dir='ltr'><strong>suasione</strong></span> <span class='ocrx_word' id='word_1_68' title='bbox 719 884 812 919; x_wconf 85' lang='lat' dir='ltr'><strong>sua</strong></span> <span class='ocrx_word' id='word_1_69' title='bbox 854 884 883 917; x_wconf 74' lang='grc' dir='ltr'><strong>ιι</strong></span> <span class='ocrx_word' id='word_1_70' title='bbox 922 870 1266 935; x_wconf 78' lang='lat' dir='ltr'><strong>conspectibus</strong></span> <span class='ocrx_word' id='word_1_71' title='bbox 1308 868 1475 921; x_wconf 76' lang='lat' dir='ltr'><strong>cordis</strong></span> <span class='ocrx_word' id='word_1_72' title='bbox 1500 869 1579 921; x_wconf 81' lang='lat' dir='ltr'><strong>sui</strong></span> <span class='ocrx_word' id='word_1_73' title='bbox 1617 883 1858 935; x_wconf 77' lang='lat' dir='ltr'><strong>respuens</strong></span> 
     </span>
    </p>
   </div>
   <div class='ocr_carea' id='block_1_12' title="bbox 304 936 1860 1005">
    <p class='ocr_par' dir='ltr' id='par_1_12' title="bbox 304 936 1860 1005">
     <span class='ocr_line' id='line_1_12' title="bbox 304 936 1860 1005; baseline 0.004 -18"><span class='ocrx_word' id='word_1_74' title='bbox 304 939 517 990; x_wconf 75' lang='lat' dir='ltr'><strong>deduxit</strong></span> <span class='ocrx_word' id='word_1_75' title='bbox 536 938 603 989; x_wconf 80' lang='lat' dir='ltr'><strong>ad</strong></span> <span class='ocrx_word' id='word_1_76' title='bbox 624 936 880 1005; x_wconf 76' lang='lat' dir='ltr'><strong>niliilttm.|</strong></span> <span class='ocrx_word' id='word_1_77' title='bbox 913 937 1173 991; x_wconf 81' lang='lat' dir='ltr'><strong>Hactenus</strong></span> <span class='ocrx_word' id='word_1_78' title='bbox 1196 940 1331 990; x_wconf 84' lang='lat' dir='ltr'><strong>viam</strong></span> <span class='ocrx_word' id='word_1_79' title='bbox 1361 939 1593 991; x_wconf 74' lang='lat' dir='ltr'><strong>ccelestis</strong></span> <span class='ocrx_word' id='word_1_80' title='bbox 1615 939 1860 993; x_wconf 85' lang='lat' dir='ltr'><strong>taberna—</strong></span> 
     </span>
    </p>
   </div>
   <div class='ocr_carea' id='block_1_13' title="bbox 307 1007 1856 1075">
    <p class='ocr_par' dir='ltr' id='par_1_13' title="bbox 307 1007 1856 1075">
     <span class='ocr_line' id='line_1_13' title="bbox 307 1007 1856 1075; baseline 0.004 -19"><span class='ocrx_word' id='word_1_81' title='bbox 307 1008 415 1060; x_wconf 75' lang='lat' dir='ltr'><strong>culi</strong></span> <span class='ocrx_word' id='word_1_82' title='bbox 439 1008 823 1061; x_wconf 72' lang='lat' dir='ltr'><strong>demonstravit</strong></span> <span class='ocrx_word' id='word_1_83' title='bbox 860 1009 916 1061; x_wconf 87' lang='lat' dir='ltr'><strong>S.</strong></span> <span class='ocrx_word' id='word_1_84' title='bbox 952 1007 1297 1070; x_wconf 74' lang='lat' dir='ltr'><strong>Benedictus;</strong></span> <span class='ocrx_word' id='word_1_85' title='bbox 1327 1009 1419 1061; x_wconf 82' lang='lat' dir='ltr'><strong>sed</strong></span> <span class='ocrx_word' id='word_1_86' title='bbox 1449 1010 1568 1075; x_wconf 90' lang='lat' dir='ltr'><strong>quia</strong></span> <span class='ocrx_word' id='word_1_87' title='bbox 1598 1018 1856 1063; x_wconf 88' lang='lat' dir='ltr'><strong>armatum</strong></span> 
     </span>
    </p>
   </div>
   <div class='ocr_carea' id='block_1_14' title="bbox 308 1078 1857 1146">
    <p class='ocr_par' dir='ltr' id='par_1_14' title="bbox 308 1078 1857 1146">
     <span class='ocr_line' id='line_1_14' title="bbox 308 1078 1857 1146; baseline 0.001 -15"><span class='ocrx_word' id='word_1_88' title='bbox 308 1078 364 1131; x_wconf 86' lang='lat' dir='ltr'><strong>in</strong></span> <span class='ocrx_word' id='word_1_89' title='bbox 421 1090 657 1131; x_wconf 85' lang='lat' dir='ltr'><strong>nostram</strong></span> <span class='ocrx_word' id='word_1_90' title='bbox 706 1079 992 1146; x_wconf 81' lang='lat' dir='ltr'><strong>perniciem</strong></span> <span class='ocrx_word' id='word_1_91' title='bbox 1042 1078 1307 1130; x_wconf 89' lang='lat' dir='ltr'><strong>diabolum</strong></span> <span class='ocrx_word' id='word_1_92' title='bbox 1354 1083 1633 1132; x_wconf 85' lang='lat' dir='ltr'><strong>continuas</strong></span> <span class='ocrx_word' id='word_1_93' title='bbox 1683 1080 1857 1133; x_wconf 78' lang='lat' dir='ltr'><strong>itineri</strong></span> 
     </span>
    </p>
   </div>
   <div class='ocr_carea' id='block_1_15' title="bbox 312 1148 1859 1216">
    <p class='ocr_par' dir='ltr' id='par_1_15' title="bbox 312 1148 1859 1216">
     <span class='ocr_line' id='line_1_15' title="bbox 312 1148 1859 1216; baseline 0.003 -17"><span class='ocrx_word' id='word_1_94' title='bbox 312 1159 495 1200; x_wconf 88' lang='lat' dir='ltr'><strong>nostro</strong></span> <span class='ocrx_word' id='word_1_95' title='bbox 524 1148 743 1200; x_wconf 69' lang='lat' dir='ltr'><strong>in~idias</strong></span> <span class='ocrx_word' id='word_1_96' title='bbox 770 1158 974 1202; x_wconf 92' lang='lat' dir='ltr'><strong>struere</strong></span> <span class='ocrx_word' id='word_1_97' title='bbox 1017 1160 1236 1201; x_wconf 77' lang='lat' dir='ltr'><strong>noverat</strong></span> <span class='ocrx_word' id='word_1_98' title='bbox 1260 1150 1276 1216; x_wconf 92' lang='lat'><strong>(</strong></span> <span class='ocrx_word' id='word_1_99' title='bbox 1299 1148 1418 1200; x_wconf 89' lang='lat' dir='ltr'><strong>ideo</strong></span> <span class='ocrx_word' id='word_1_100' title='bbox 1447 1151 1587 1203; x_wconf 88' lang='lat' dir='ltr'><strong>enim</strong></span> <span class='ocrx_word' id='word_1_101' title='bbox 1615 1148 1859 1203; x_wconf 73' lang='lat' dir='ltr'><strong>diabolus</strong></span> 
     </span>
    </p>
   </div>
   <div class='ocr_carea' id='block_1_16' title="bbox 313 1217 1859 1285">
    <p class='ocr_par' dir='ltr' id='par_1_16' title="bbox 313 1217 1859 1285">
     <span class='ocr_line' id='line_1_16' title="bbox 313 1217 1859 1285; baseline 0.005 -20"><span class='ocrx_word' id='word_1_102' title='bbox 313 1220 647 1285; x_wconf 79' lang='lat' dir='ltr'><strong>ilicitur,qni</strong></span> <span class='ocrx_word' id='word_1_103' title='bbox 696 1217 880 1272; x_wconf 60' lang='lat' dir='ltr'><strong>Graece</strong></span> <span class='ocrx_word' id='word_1_104' title='bbox 925 1219 1251 1281; x_wconf 82' lang='lat' dir='ltr'><strong>criminator,</strong></span> <span class='ocrx_word' id='word_1_105' title='bbox 1308 1219 1563 1273; x_wconf 82' lang='lat' dir='ltr'><strong>Hebraice</strong></span> <span class='ocrx_word' id='word_1_106' title='bbox 1611 1222 1859 1272; x_wconf 66' lang='lat' dir='ltr'><strong>deorsum</strong></span> 
     </span>
    </p>
   </div>
   <div class='ocr_carea' id='block_1_17' title="bbox 311 1288 1863 1356">
    <p class='ocr_par' dir='ltr' id='par_1_17' title="bbox 311 1288 1863 1356">
     <span class='ocr_line' id='line_1_17' title="bbox 311 1288 1863 1356; baseline 0.001 -16"><span class='ocrx_word' id='word_1_107' title='bbox 311 1288 483 1340; x_wconf 76' lang='lat' dir='ltr'><strong>ﬂuens</strong></span> <span class='ocrx_word' id='word_1_108' title='bbox 524 1288 921 1355; x_wconf 72' lang='lat' dir='ltr'><strong>interpretatur,</strong></span> <span class='ocrx_word' id='word_1_109' title='bbox 954 1301 1003 1340; x_wconf 85' lang='lat' dir='ltr'><strong>ut</strong></span> <span class='ocrx_word' id='word_1_110' title='bbox 1030 1305 1148 1340; x_wconf 87' lang='lat' dir='ltr'><strong>cum</strong></span> <span class='ocrx_word' id='word_1_111' title='bbox 1189 1290 1481 1356; x_wconf 77' lang='lat' dir='ltr'><strong>Smaragdo</strong></span> <span class='ocrx_word' id='word_1_112' title='bbox 1524 1298 1705 1343; x_wconf 84' lang='lat' dir='ltr'><strong>notant</strong></span> <span class='ocrx_word' id='word_1_113' title='bbox 1738 1292 1863 1342; x_wconf 79' lang='lat' dir='ltr'><strong>Ber-</strong></span> 
     </span>
    </p>
   </div>
   <div class='ocr_carea' id='block_1_18' title="bbox 312 1358 1863 1423">
    <p class='ocr_par' dir='ltr' id='par_1_18' title="bbox 312 1358 1863 1423">
     <span class='ocr_line' id='line_1_18' title="bbox 312 1358 1863 1423; baseline 0.001 -13"><span class='ocrx_word' id='word_1_114' title='bbox 312 1360 511 1412; x_wconf 76' lang='lat' dir='ltr'><strong>nardus</strong></span> <span class='ocrx_word' id='word_1_115' title='bbox 538 1358 868 1412; x_wconf 64' lang='lat' dir='ltr'><strong>Cossitiensis</strong></span> <span class='ocrx_word' id='word_1_116' title='bbox 889 1368 941 1410; x_wconf 88' lang='lat' dir='ltr'><strong>et</strong></span> <span class='ocrx_word' id='word_1_117' title='bbox 965 1360 1241 1417; x_wconf 71' lang='lat' dir='ltr'><strong>lioherins,</strong></span> <span class='ocrx_word' id='word_1_118' title='bbox 1262 1364 1403 1423; x_wconf 88' lang='lat' dir='ltr'><strong>qttod</strong></span> <span class='ocrx_word' id='word_1_119' title='bbox 1436 1359 1499 1411; x_wconf 88' lang='lat' dir='ltr'><strong>ad</strong></span> <span class='ocrx_word' id='word_1_120' title='bbox 1521 1360 1743 1414; x_wconf 86' lang='lat' dir='ltr'><strong>crimina</strong></span> <span class='ocrx_word' id='word_1_121' title='bbox 1766 1376 1863 1413; x_wconf 90' lang='lat' dir='ltr'><strong>nos</strong></span> 
     </span>
    </p>
   </div>
   <div class='ocr_carea' id='block_1_19' title="bbox 316 1430 1863 1493">
    <p class='ocr_par' dir='ltr' id='par_1_19' title="bbox 316 1430 1863 1493">
     <span class='ocr_line' id='line_1_19' title="bbox 316 1430 1863 1493; baseline 0.004 -14"><span class='ocrx_word' id='word_1_122' title='bbox 316 1440 587 1493; x_wconf 74' lang='lat' dir='ltr'><strong>provocet,</strong></span> <span class='ocrx_word' id='word_1_123' title='bbox 618 1439 672 1481; x_wconf 88' lang='lat' dir='ltr'><strong>et</strong></span> <span class='ocrx_word' id='word_1_124' title='bbox 702 1441 933 1482; x_wconf 83' lang='lat' dir='ltr'><strong>montem</strong></span> <span class='ocrx_word' id='word_1_125' title='bbox 961 1441 1196 1482; x_wconf 84' lang='lat' dir='ltr'><strong>sanctum</strong></span> <span class='ocrx_word' id='word_1_126' title='bbox 1234 1430 1322 1480; x_wconf 86' lang='lat' dir='ltr'><strong>Dei</strong></span> <span class='ocrx_word' id='word_1_127' title='bbox 1351 1433 1604 1484; x_wconf 71' lang='lat' dir='ltr'><strong>scandere</strong></span> <span class='ocrx_word' id='word_1_128' title='bbox 1627 1434 1863 1485; x_wconf 79' lang='lat' dir='ltr'><strong>volentes</strong></span> 
     </span>
    </p>
   </div>
   <div class='ocr_carea' id='block_1_20' title="bbox 314 1498 1861 1568">
    <p class='ocr_par' dir='ltr' id='par_1_20' title="bbox 314 1498 1861 1568">
     <span class='ocr_line' id='line_1_20' title="bbox 314 1498 1861 1568; baseline 0.004 -21"><span class='ocrx_word' id='word_1_129' title='bbox 314 1507 563 1551; x_wconf 79' lang='lat' dir='ltr'><strong>deorsum</strong></span> <span class='ocrx_word' id='word_1_130' title='bbox 595 1498 757 1551; x_wconf 84' lang='lat' dir='ltr'><strong>ﬂuere</strong></span> <span class='ocrx_word' id='word_1_131' title='bbox 785 1499 1017 1565; x_wconf 85' lang='lat' dir='ltr'><strong>elliciat),</strong></span> <span class='ocrx_word' id='word_1_132' title='bbox 1039 1511 1424 1566; x_wconf 75' lang='lat' dir='ltr'><strong>consequenter</strong></span> <span class='ocrx_word' id='word_1_133' title='bbox 1452 1501 1719 1568; x_wconf 78' lang='lat' dir='ltr'><strong>subjungit</strong></span> <span class='ocrx_word' id='word_1_134' title='bbox 1749 1510 1802 1552; x_wconf 89' lang='lat' dir='ltr'><strong>ut</strong></span> <span class='ocrx_word' id='word_1_135' title='bbox 1830 1517 1861 1554; x_wconf 81' lang='grc' dir='ltr'><strong>ιι</strong></span> 
     </span>
    </p>
   </div>
   <div class='ocr_carea' id='block_1_21' title="bbox 314 1571 1864 1638">
    <p class='ocr_par' dir='ltr' id='par_1_21' title="bbox 314 1571 1864 1638">
     <span class='ocr_line' id='line_1_21' title="bbox 314 1571 1864 1638; baseline 0.003 -18"><span class='ocrx_word' id='word_1_136' title='bbox 314 1571 693 1633; x_wconf 78' lang='lat' dir='ltr'><strong>conspectihus</strong></span> <span class='ocrx_word' id='word_1_137' title='bbox 730 1575 905 1622; x_wconf 86' lang='lat' dir='ltr'><strong>cordis</strong></span> <span class='ocrx_word' id='word_1_138' title='bbox 951 1571 1235 1633; x_wconf 67' lang='lat' dir='ltr'><strong>malignum</strong></span> <span class='ocrx_word' id='word_1_139' title='bbox 1282 1585 1613 1634; x_wconf 83' lang='lat' dir='ltr'><strong>respnanins,</strong></span> <span class='ocrx_word' id='word_1_140' title='bbox 1649 1586 1864 1638; x_wconf 74' lang='lat' dir='ltr'><strong>perver-</strong></span> 
     </span>
    </p>
   </div>
   <div class='ocr_carea' id='block_1_22' title="bbox 315 1638 1861 1707">
    <p class='ocr_par' dir='ltr' id='par_1_22' title="bbox 315 1638 1861 1707">
     <span class='ocr_line' id='line_1_22' title="bbox 315 1638 1861 1707; baseline 0.003 -17"><span class='ocrx_word' id='word_1_141' title='bbox 315 1654 510 1706; x_wconf 76' lang='lat' dir='ltr'><strong>sasque</strong></span> <span class='ocrx_word' id='word_1_142' title='bbox 554 1638 670 1707; x_wconf 77' lang='lat' dir='ltr'><strong>ejus</strong></span> <span class='ocrx_word' id='word_1_143' title='bbox 716 1642 1116 1693; x_wconf 75' lang='lat' dir='ltr'><strong>Sollicitatioiies</strong></span> <span class='ocrx_word' id='word_1_144' title='bbox 1142 1640 1207 1691; x_wconf 86' lang='lat' dir='ltr'><strong>ad</strong></span> <span class='ocrx_word' id='word_1_145' title='bbox 1259 1639 1476 1693; x_wconf 84' lang='lat' dir='ltr'><strong>nihilum</strong></span> <span class='ocrx_word' id='word_1_146' title='bbox 1517 1641 1861 1701; x_wconf 85' lang='lat' dir='ltr'><strong>deducamus.</strong></span> 
     </span>
    </p>
   </div>
   <div class='ocr_carea' id='block_1_23' title="bbox 313 1710 1864 1777">
    <p class='ocr_par' dir='ltr' id='par_1_23' title="bbox 313 1710 1864 1777">
     <span class='ocr_line' id='line_1_23' title="bbox 313 1710 1864 1777; baseline 0.006 -20"><span class='ocrx_word' id='word_1_147' title='bbox 313 1710 627 1777; x_wconf 73' lang='lat' dir='ltr'><strong>deneganda</strong></span> <span class='ocrx_word' id='word_1_148' title='bbox 673 1724 791 1763; x_wconf 87' lang='lat' dir='ltr'><strong>cuni</strong></span> <span class='ocrx_word' id='word_1_149' title='bbox 838 1719 1141 1776; x_wconf 83' lang='lat' dir='ltr'><strong>contempto</strong></span> <span class='ocrx_word' id='word_1_150' title='bbox 1185 1723 1524 1766; x_wconf 88' lang='lat' dir='ltr'><strong>consensum.</strong></span> <span class='ocrx_word' id='word_1_151' title='bbox 1579 1714 1764 1764; x_wconf 63' lang='lat' dir='ltr'><strong>ostend</strong></span> <span class='ocrx_word' id='word_1_152' title='bbox 1803 1728 1864 1766; x_wconf 84' lang='lat' dir='ltr'><strong>ns</strong></span> 
     </span>
    </p>
   </div>
   <div class='ocr_carea' id='block_1_24' title="bbox 320 1780 1860 1850">
    <p class='ocr_par' dir='ltr' id='par_1_24' title="bbox 320 1780 1860 1850">
     <span class='ocr_line' id='line_1_24' title="bbox 320 1780 1860 1850; baseline 0.003 -20"><span class='ocrx_word' id='word_1_153' title='bbox 320 1781 371 1830; x_wconf 88' lang='lat' dir='ltr'><strong>iii</strong></span> <span class='ocrx_word' id='word_1_154' title='bbox 406 1782 635 1832; x_wconf 86' lang='lat' dir='ltr'><strong>hominis</strong></span> <span class='ocrx_word' id='word_1_155' title='bbox 666 1795 783 1832; x_wconf 85' lang='lat' dir='ltr'><strong>esse</strong></span> <span class='ocrx_word' id='word_1_156' title='bbox 811 1789 1069 1847; x_wconf 84' lang='lat' dir='ltr'><strong>potestate</strong></span> <span class='ocrx_word' id='word_1_157' title='bbox 1099 1780 1317 1833; x_wconf 88' lang='lat' dir='ltr'><strong>tentanti</strong></span> <span class='ocrx_word' id='word_1_158' title='bbox 1347 1781 1561 1833; x_wconf 85' lang='lat' dir='ltr'><strong>diabolo</strong></span> <span class='ocrx_word' id='word_1_159' title='bbox 1591 1782 1860 1850; x_wconf 71' lang='lat' dir='ltr'><strong>resistere,</strong></span> 
     </span>
    </p>
   </div>
   <div class='ocr_carea' id='block_1_25' title="bbox 317 1849 1867 1918">
    <p class='ocr_par' dir='ltr' id='par_1_25' title="bbox 317 1849 1867 1918">
     <span class='ocr_line' id='line_1_25' title="bbox 317 1849 1867 1918; baseline 0.003 -17"><span class='ocrx_word' id='word_1_160' title='bbox 317 1866 422 1903; x_wconf 83' lang='lat' dir='ltr'><strong>nec</strong></span> <span class='ocrx_word' id='word_1_161' title='bbox 451 1849 547 1902; x_wconf 81' lang='lat' dir='ltr'><strong>nisi</strong></span> <span class='ocrx_word' id='word_1_162' title='bbox 581 1850 841 1902; x_wconf 83' lang='lat' dir='ltr'><strong>vnlctiteiii</strong></span> <span class='ocrx_word' id='word_1_163' title='bbox 886 1853 952 1901; x_wconf 92' lang='lat' dir='ltr'><strong>ab</strong></span> <span class='ocrx_word' id='word_1_164' title='bbox 1000 1854 1114 1917; x_wconf 75' lang='lat' dir='ltr'><strong>ipso</strong></span> <span class='ocrx_word' id='word_1_165' title='bbox 1150 1852 1409 1917; x_wconf 86' lang='lat' dir='ltr'><strong>superari,</strong></span> <span class='ocrx_word' id='word_1_166' title='bbox 1440 1850 1587 1918; x_wconf 78' lang='lat' dir='ltr'><strong>jima</strong></span> <span class='ocrx_word' id='word_1_167' title='bbox 1635 1852 1759 1904; x_wconf 91' lang='lat' dir='ltr'><strong>illud</strong></span> <span class='ocrx_word' id='word_1_168' title='bbox 1807 1851 1867 1905; x_wconf 90' lang='lat' dir='ltr'><strong>S.</strong></span> 
     </span>
    </p>
   </div>
   <div class='ocr_carea' id='block_1_26' title="bbox 316 1919 1866 1988">
    <p class='ocr_par' dir='ltr' id='par_1_26' title="bbox 316 1919 1866 1988">
     <span class='ocr_line' id='line_1_26' title="bbox 316 1919 1866 1988; baseline 0.001 -15"><span class='ocrx_word' id='word_1_169' title='bbox 316 1919 535 1973; x_wconf 59' lang='lat' dir='ltr'><strong>Caesam</strong></span> <span class='ocrx_word' id='word_1_170' title='bbox 569 1919 776 1987; x_wconf 82' lang='lat' dir='ltr'><strong>(Serm.</strong></span> <span class='ocrx_word' id='word_1_171' title='bbox 809 1921 873 1973; x_wconf 79' lang='lat'><strong>37</strong></span> <span class='ocrx_word' id='word_1_172' title='bbox 917 1921 970 1973; x_wconf 87' lang='lat' dir='ltr'><strong>in</strong></span> <span class='ocrx_word' id='word_1_173' title='bbox 1014 1923 1238 1987; x_wconf 79' lang='lat' dir='ltr'><strong>append.</strong></span> <span class='ocrx_word' id='word_1_174' title='bbox 1270 1921 1436 1973; x_wconf 83' lang='lat' dir='ltr'><strong>Serm.</strong></span> <span class='ocrx_word' id='word_1_175' title='bbox 1470 1919 1532 1975; x_wconf 91' lang='lat' dir='ltr'><strong>S.</strong></span> <span class='ocrx_word' id='word_1_176' title='bbox 1565 1922 1819 1988; x_wconf 75' lang='lat' dir='ltr'><strong>August.)</strong></span> <span class='ocrx_word' id='word_1_177' title='bbox 1851 1938 1866 1974; x_wconf 76' lang='grc' dir='ltr'>ε</span> 
     </span>
    </p>
   </div>
   <div class='ocr_carea' id='block_1_27' title="bbox 324 1989 1873 2059">
    <p class='ocr_par' dir='ltr' id='par_1_27' title="bbox 324 1989 1873 2059">
     <span class='ocr_line' id='line_1_27' title="bbox 324 1989 1873 2059; baseline 0.005 -20"><span class='ocrx_word' id='word_1_178' title='bbox 324 2009 343 2039; x_wconf 78' lang='grc' dir='ltr'><strong>ι</strong></span> <span class='ocrx_word' id='word_1_179' title='bbox 381 1989 444 2043; x_wconf 77' lang='lat' dir='ltr'><strong>Al</strong></span> <span class='ocrx_word' id='word_1_180' title='bbox 468 1989 643 2057; x_wconf 83' lang='lat' dir='ltr'><strong>igatus</strong></span> <span class='ocrx_word' id='word_1_181' title='bbox 693 2001 773 2042; x_wconf 75' lang='lat' dir='ltr'><strong>est</strong></span> <span class='ocrx_word' id='word_1_182' title='bbox 819 2001 1065 2059; x_wconf 87' lang='lat' dir='ltr'><strong>tauquam</strong></span> <span class='ocrx_word' id='word_1_183' title='bbox 1100 1991 1322 2043; x_wconf 77' lang='lat' dir='ltr'><strong>innexus</strong></span> <span class='ocrx_word' id='word_1_184' title='bbox 1352 1991 1499 2043; x_wconf 75' lang='grc' dir='ltr'><strong>οειιιίε</strong></span> <span class='ocrx_word' id='word_1_185' title='bbox 1550 1994 1784 2055; x_wconf 78' lang='lat' dir='ltr'><strong>catenis,</strong></span> <span class='ocrx_word' id='word_1_186' title='bbox 1818 2002 1873 2046; x_wconf 83' lang='lat' dir='ltr'><strong>et</strong></span> 
     </span>
    </p>
   </div>
   <div class='ocr_carea' id='block_1_28' title="bbox 320 2062 1870 2125">
    <p class='ocr_par' dir='ltr' id='par_1_28' title="bbox 320 2062 1870 2125">
     <span class='ocr_line' id='line_1_28' title="bbox 320 2062 1870 2125; baseline 0.001 -11"><span class='ocrx_word' id='word_1_187' title='bbox 320 2076 586 2114; x_wconf 81' lang='lat' dir='ltr'><strong>neminem</strong></span> <span class='ocrx_word' id='word_1_188' title='bbox 613 2071 783 2125; x_wconf 82' lang='lat' dir='ltr'><strong>potest</strong></span> <span class='ocrx_word' id='word_1_189' title='bbox 814 2065 1082 2121; x_wconf 81' lang='lat' dir='ltr'><strong>mordere,</strong></span> <span class='ocrx_word' id='word_1_190' title='bbox 1115 2062 1211 2113; x_wconf 83' lang='lat' dir='ltr'><strong>nisi</strong></span> <span class='ocrx_word' id='word_1_191' title='bbox 1234 2076 1353 2112; x_wconf 89' lang='lat' dir='ltr'><strong>eum</strong></span> <span class='ocrx_word' id='word_1_192' title='bbox 1376 2064 1461 2125; x_wconf 96' lang='lat' dir='ltr'><strong>qui</strong></span> <span class='ocrx_word' id='word_1_193' title='bbox 1484 2077 1542 2115; x_wconf 78' lang='lat' dir='ltr'><strong>se</strong></span> <span class='ocrx_word' id='word_1_194' title='bbox 1581 2064 1653 2113; x_wconf 86' lang='lat' dir='ltr'><strong>illi</strong></span> <span class='ocrx_word' id='word_1_195' title='bbox 1685 2064 1870 2116; x_wconf 57' lang='lat' dir='ltr'><strong>morti.</strong></span> 
     </span>
    </p>
   </div>
   <div class='ocr_carea' id='block_1_29' title="bbox 322 2131 1872 2198">
    <p class='ocr_par' dir='ltr' id='par_1_29' title="bbox 322 2131 1872 2198">
     <span class='ocr_line' id='line_1_29' title="bbox 322 2131 1872 2198; baseline 0.004 -17"><span class='ocrx_word' id='word_1_196' title='bbox 322 2133 430 2183; x_wconf 82' lang='lat' dir='ltr'><strong>tera</strong></span> <span class='ocrx_word' id='word_1_197' title='bbox 458 2131 1107 2198; x_wconf 76' lang='lat' dir='ltr'><strong>securitateconjunxerit.</strong></span> <span class='ocrx_word' id='word_1_198' title='bbox 1132 2132 1347 2184; x_wconf 84' lang='lat' dir='ltr'><strong>Latraie</strong></span> <span class='ocrx_word' id='word_1_199' title='bbox 1368 2142 1562 2198; x_wconf 86' lang='lat' dir='ltr'><strong>potest,</strong></span> <span class='ocrx_word' id='word_1_200' title='bbox 1591 2134 1872 2187; x_wconf 82' lang='lat' dir='ltr'><strong>sollicitare</strong></span> 
     </span>
    </p>
   </div>
   <div class='ocr_carea' id='block_1_30' title="bbox 320 2202 1869 2268">
    <p class='ocr_par' dir='ltr' id='par_1_30' title="bbox 320 2202 1869 2268">
     <span class='ocr_line' id='line_1_30' title="bbox 320 2202 1869 2268; baseline 0.001 -16"><span class='ocrx_word' id='word_1_201' title='bbox 320 2212 518 2265; x_wconf 76' lang='lat' dir='ltr'><strong>potest,</strong></span> <span class='ocrx_word' id='word_1_202' title='bbox 544 2202 789 2254; x_wconf 77' lang='lat' dir='ltr'><strong>mordere</strong></span> <span class='ocrx_word' id='word_1_203' title='bbox 823 2202 1041 2254; x_wconf 89' lang='lat' dir='ltr'><strong>oiiitiioo</strong></span> <span class='ocrx_word' id='word_1_204' title='bbox 1072 2218 1175 2252; x_wconf 86' lang='lat' dir='ltr'><strong>non</strong></span> <span class='ocrx_word' id='word_1_205' title='bbox 1207 2210 1399 2268; x_wconf 84' lang='lat' dir='ltr'><strong>potest,</strong></span> <span class='ocrx_word' id='word_1_206' title='bbox 1437 2204 1535 2253; x_wconf 84' lang='lat' dir='ltr'><strong>nisi</strong></span> <span class='ocrx_word' id='word_1_207' title='bbox 1571 2205 1869 2266; x_wconf 86' lang='lat' dir='ltr'><strong>volentem;</strong></span> 
     </span>
    </p>
   </div>
   <div class='ocr_carea' id='block_1_31' title="bbox 324 2272 1870 2336">
    <p class='ocr_par' dir='ltr' id='par_1_31' title="bbox 324 2272 1870 2336">
     <span class='ocr_line' id='line_1_31' title="bbox 324 2272 1870 2336; baseline 0.003 -14"><span class='ocrx_word' id='word_1_208' title='bbox 324 2288 431 2322; x_wconf 79' lang='lat' dir='ltr'><strong>non</strong></span> <span class='ocrx_word' id='word_1_209' title='bbox 459 2272 600 2324; x_wconf 90' lang='lat' dir='ltr'><strong>enim</strong></span> <span class='ocrx_word' id='word_1_210' title='bbox 642 2273 896 2336; x_wconf 62' lang='lat' dir='ltr'><strong>cogendo.</strong></span> <span class='ocrx_word' id='word_1_211' title='bbox 930 2274 1021 2325; x_wconf 82' lang='lat' dir='ltr'><strong>sed</strong></span> <span class='ocrx_word' id='word_1_212' title='bbox 1067 2273 1334 2324; x_wconf 67' lang='lat' dir='ltr'><strong>suadendo</strong></span> <span class='ocrx_word' id='word_1_213' title='bbox 1357 2286 1505 2325; x_wconf 83' lang='lat' dir='ltr'><strong>nocet</strong></span> <span class='ocrx_word' id='word_1_214' title='bbox 1528 2289 1543 2335; x_wconf 87' lang='lat'><strong>;</strong></span> <span class='ocrx_word' id='word_1_215' title='bbox 1570 2287 1665 2325; x_wconf 80' lang='lat' dir='ltr'><strong>nec</strong></span> <span class='ocrx_word' id='word_1_216' title='bbox 1691 2286 1870 2327; x_wconf 78' lang='lat' dir='ltr'><strong>extor-</strong></span> 
     </span>
    </p>
   </div>
   <div class='ocr_carea' id='block_1_32' title="bbox 264 2323 1383 2409">
    <p class='ocr_par' dir='ltr' id='par_1_32' title="bbox 264 2323 1383 2409">
     <span class='ocr_line' id='line_1_32' title="bbox 264 2323 1383 2409; baseline 0.002 -18"><span class='ocrx_word' id='word_1_217' title='bbox 264 2323 449 2408; x_wconf 72' lang='lat' dir='ltr'><strong>.quel</strong></span> <span class='ocrx_word' id='word_1_218' title='bbox 470 2323 499 2392; x_wconf 63' lang='grc' dir='ltr'><strong>ξι</strong></span> <span class='ocrx_word' id='word_1_219' title='bbox 527 2323 1034 2402; x_wconf 53' lang='grc' dir='ltr'>ιιοιιὶδιῖόιιεειιειιιιι,</span> <span class='ocrx_word' id='word_1_220' title='bbox 1058 2344 1149 2395; x_wconf 78' lang='lat' dir='ltr'><strong>sed</strong></span> <span class='ocrx_word' id='word_1_221' title='bbox 1171 2323 1319 2409; x_wconf 82' lang='lat' dir='ltr'><strong>petit.</strong></span> <span class='ocrx_word' id='word_1_222' title='bbox 1365 2360 1383 2393; x_wconf 82' lang='grc' dir='ltr'><strong>ι</strong></span> 
     </span>
    </p>
   </div>
   <div class='ocr_carea' id='block_1_33' title="bbox 397 2410 1873 2483">
    <p class='ocr_par' dir='ltr' id='par_1_33' title="bbox 397 2410 1873 2483">
     <span class='ocr_line' id='line_1_33' title="bbox 397 2410 1873 2483; baseline 0.001 -22"><span class='ocrx_word' id='word_1_223' title='bbox 397 2410 461 2483; x_wconf 83' lang='lat' dir='ltr'><strong>Et</strong></span> <span class='ocrx_word' id='word_1_224' title='bbox 488 2412 725 2483; x_wconf 59' lang='lat' dir='ltr'><strong>paruulos</strong></span> <span class='ocrx_word' id='word_1_225' title='bbox 753 2413 861 2478; x_wconf 77' lang='lat' dir='ltr'><strong>rogi</strong></span> <span class='ocrx_word' id='word_1_226' title='bbox 884 2421 999 2463; x_wconf 74' lang='lat' dir='ltr'><strong>atus</strong></span> <span class='ocrx_word' id='word_1_227' title='bbox 1028 2415 1137 2477; x_wconf 82' lang='lat' dir='ltr'><strong>ejus</strong></span> <span class='ocrx_word' id='word_1_228' title='bbox 1164 2412 1353 2475; x_wconf 85' lang='lat' dir='ltr'><strong>tenuit,</strong></span> <span class='ocrx_word' id='word_1_229' title='bbox 1394 2421 1443 2463; x_wconf 84' lang='lat' dir='ltr'><strong>et</strong></span> <span class='ocrx_word' id='word_1_230' title='bbox 1470 2410 1627 2465; x_wconf 76' lang='lat' dir='ltr'><strong>allith</strong></span> <span class='ocrx_word' id='word_1_231' title='bbox 1662 2414 1728 2464; x_wconf 84' lang='lat' dir='ltr'><strong>ad</strong></span> <span class='ocrx_word' id='word_1_232' title='bbox 1768 2414 1873 2483; x_wconf 66' lang='lat'><strong>23</strong></span> 
     </span>
    </p>
   </div>
   <div class='ocr_carea' id='block_1_34' title="bbox 320 2479 1873 2552">
    <p class='ocr_par' dir='ltr' id='par_1_34' title="bbox 320 2479 1873 2552">
     <span class='ocr_line' id='line_1_34' title="bbox 320 2479 1873 2552; baseline 0.004 -21"><span class='ocrx_word' id='word_1_233' title='bbox 320 2479 874 2552; x_wconf 78' lang='lat' dir='ltr'><strong>Christum.]Parvulos</strong></span> <span class='ocrx_word' id='word_1_234' title='bbox 894 2484 1171 2549; x_wconf 72' lang='lat' dir='ltr'><strong>cogitatus,</strong></span> <span class='ocrx_word' id='word_1_235' title='bbox 1194 2482 1243 2534; x_wconf 86' lang='lat' dir='ltr'><strong>id</strong></span> <span class='ocrx_word' id='word_1_236' title='bbox 1260 2494 1338 2535; x_wconf 88' lang='lat' dir='ltr'><strong>est</strong></span> <span class='ocrx_word' id='word_1_237' title='bbox 1353 2486 1653 2536; x_wconf 83' lang='lat' dir='ltr'><strong>exorientes</strong></span> <span class='ocrx_word' id='word_1_238' title='bbox 1680 2479 1873 2538; x_wconf 60' lang='grc' dir='ltr'>ίιιιιῶἔι</span> 
     </span>
    </p>
   </div>
   <div class='ocr_carea' id='block_1_35' title="bbox 322 2552 1873 2621">
    <p class='ocr_par' dir='ltr' id='par_1_35' title="bbox 322 2552 1873 2621">
     <span class='ocr_line' id='line_1_35' title="bbox 322 2552 1873 2621; baseline 0.003 -18"><span class='ocrx_word' id='word_1_239' title='bbox 322 2552 689 2621; x_wconf 76' lang='lat' dir='ltr'><strong>suggestioues</strong></span> <span class='ocrx_word' id='word_1_240' title='bbox 707 2553 1040 2619; x_wconf 66' lang='lat' dir='ltr'><strong>compressit,</strong></span> <span class='ocrx_word' id='word_1_241' title='bbox 1065 2569 1127 2604; x_wconf 75' lang='lat' dir='ltr'><strong>ne</strong></span> <span class='ocrx_word' id='word_1_242' title='bbox 1159 2553 1294 2605; x_wconf 74' lang='lat' dir='ltr'><strong>forte</strong></span> <span class='ocrx_word' id='word_1_243' title='bbox 1319 2564 1618 2607; x_wconf 82' lang='lat' dir='ltr'><strong>crescentes</strong></span> <span class='ocrx_word' id='word_1_244' title='bbox 1642 2556 1873 2618; x_wconf 78' lang='lat' dir='ltr'><strong>cumpri-</strong></span> 
     </span>
    </p>
   </div>
   <div class='ocr_carea' id='block_1_36' title="bbox 322 2623 1870 2691">
    <p class='ocr_par' dir='ltr' id='par_1_36' title="bbox 322 2623 1870 2691">
     <span class='ocr_line' id='line_1_36' title="bbox 322 2623 1870 2691; baseline 0.004 -19"><span class='ocrx_word' id='word_1_245' title='bbox 322 2634 555 2684; x_wconf 82' lang='lat' dir='ltr'><strong>tneutur,</strong></span> <span class='ocrx_word' id='word_1_246' title='bbox 588 2638 650 2675; x_wconf 85' lang='lat' dir='ltr'><strong>ac</strong></span> <span class='ocrx_word' id='word_1_247' title='bbox 690 2623 899 2675; x_wconf 81' lang='lat' dir='ltr'><strong>tandem</strong></span> <span class='ocrx_word' id='word_1_248' title='bbox 951 2623 1468 2689; x_wconf 65' lang='lat' dir='ltr'><strong>prait&#39;ali-aiit.juxta</strong></span> <span class='ocrx_word' id='word_1_249' title='bbox 1507 2625 1632 2675; x_wconf 88' lang='lat' dir='ltr'><strong>illud</strong></span> <span class='ocrx_word' id='word_1_250' title='bbox 1666 2635 1870 2691; x_wconf 63' lang='lat' dir='ltr'><strong>poetic:</strong></span> 
     </span>
    </p>
   </div>
   <div class='ocr_carea' id='block_1_37' title="bbox 327 2692 1876 2765">
    <p class='ocr_par' dir='ltr' id='par_1_37' title="bbox 327 2692 1876 2765">
     <span class='ocr_line' id='line_1_37' title="bbox 327 2692 1876 2765; baseline 0.003 -22"><span class='ocrx_word' id='word_1_251' title='bbox 327 2692 599 2765; x_wconf 59' lang='lat' dir='ltr'><strong>Principiis</strong></span> <span class='ocrx_word' id='word_1_252' title='bbox 611 2694 769 2749; x_wconf 84' lang='lat' dir='ltr'><strong>obsta.</strong></span> <span class='ocrx_word' id='word_1_253' title='bbox 787 2709 897 2765; x_wconf 77' lang='lat' dir='ltr'><strong>sera</strong></span> <span class='ocrx_word' id='word_1_254' title='bbox 910 2710 984 2765; x_wconf 73' lang='lat' dir='ltr'><strong>ine</strong></span> <span class='ocrx_word' id='word_1_255' title='bbox 1002 2730 1007 2737; x_wconf 70' lang='grc' dir='ltr'><strong>ι</strong></span> <span class='ocrx_word' id='word_1_256' title='bbox 1022 2694 1153 2765; x_wconf 83' lang='lat' dir='ltr'><strong>icina</strong></span> <span class='ocrx_word' id='word_1_257' title='bbox 1168 2705 1393 2765; x_wconf 75' lang='lat' dir='ltr'><strong>paratur.</strong></span> <span class='ocrx_word' id='word_1_258' title='bbox 1404 2693 1543 2765; x_wconf 81' lang='lat' dir='ltr'><strong>lliuc</strong></span> <span class='ocrx_word' id='word_1_259' title='bbox 1556 2695 1611 2748; x_wconf 88' lang='lat' dir='ltr'><strong>S.</strong></span> <span class='ocrx_word' id='word_1_260' title='bbox 1631 2694 1876 2765; x_wconf 75' lang='lat' dir='ltr'><strong>Hierony-</strong></span> 
     </span>
    </p>
   </div>
   <div class='ocr_carea' id='block_1_38' title="bbox 322 2761 1872 2831">
    <p class='ocr_par' dir='ltr' id='par_1_38' title="bbox 322 2761 1872 2831">
     <span class='ocr_line' id='line_1_38' title="bbox 322 2761 1872 2831; baseline 0.003 -18"><span class='ocrx_word' id='word_1_261' title='bbox 322 2777 441 2814; x_wconf 89' lang='lat' dir='ltr'><strong>mus</strong></span> <span class='ocrx_word' id='word_1_262' title='bbox 459 2761 648 2831; x_wconf 75' lang='lat' dir='ltr'><strong>(Epist.</strong></span> <span class='ocrx_word' id='word_1_263' title='bbox 668 2765 792 2831; x_wconf 60' lang='lat'><strong>:12):</strong></span> <span class='ocrx_word' id='word_1_264' title='bbox 831 2784 847 2813; x_wconf 79' lang='grc' dir='ltr'><strong>ι</strong></span> <span class='ocrx_word' id='word_1_265' title='bbox 882 2763 1015 2816; x_wconf 75' lang='lat' dir='ltr'><strong>Nolo</strong></span> <span class='ocrx_word' id='word_1_266' title='bbox 1042 2764 1184 2815; x_wconf 81' lang='lat' dir='ltr'><strong>siuas</strong></span> <span class='ocrx_word' id='word_1_267' title='bbox 1204 2762 1576 2831; x_wconf 85' lang='lat' dir='ltr'><strong>cogitationem</strong></span> <span class='ocrx_word' id='word_1_268' title='bbox 1602 2761 1872 2828; x_wconf 72' lang='lat' dir='ltr'><strong>crescere;</strong></span> 
     </span>
    </p>
   </div>
   <div class='ocr_carea' id='block_1_39' title="bbox 322 2833 1874 2902">
    <p class='ocr_par' dir='ltr' id='par_1_39' title="bbox 322 2833 1874 2902">
     <span class='ocr_line' id='line_1_39' title="bbox 322 2833 1874 2902; baseline 0.003 -18"><span class='ocrx_word' id='word_1_269' title='bbox 322 2834 451 2886; x_wconf 88' lang='lat' dir='ltr'><strong>dum</strong></span> <span class='ocrx_word' id='word_1_270' title='bbox 478 2849 671 2901; x_wconf 85' lang='lat' dir='ltr'><strong>parvus</strong></span> <span class='ocrx_word' id='word_1_271' title='bbox 693 2844 774 2887; x_wconf 88' lang='lat' dir='ltr'><strong>est</strong></span> <span class='ocrx_word' id='word_1_272' title='bbox 805 2834 989 2895; x_wconf 89' lang='lat' dir='ltr'><strong>hostis,</strong></span> <span class='ocrx_word' id='word_1_273' title='bbox 1013 2833 1283 2897; x_wconf 79' lang='lat' dir='ltr'><strong>interﬁce;</strong></span> <span class='ocrx_word' id='word_1_274' title='bbox 1312 2836 1563 2902; x_wconf 80' lang='lat' dir='ltr'><strong>nequitia.</strong></span> <span class='ocrx_word' id='word_1_275' title='bbox 1591 2853 1654 2887; x_wconf 82' lang='lat' dir='ltr'><strong>iic</strong></span> <span class='ocrx_word' id='word_1_276' title='bbox 1677 2840 1874 2889; x_wconf 61' lang='lat' dir='ltr'><strong>zizania</strong></span> 
     </span>
    </p>
   </div>
   <div class='ocr_carea' id='block_1_40' title="bbox 321 2903 1874 2971">
    <p class='ocr_par' dir='ltr' id='par_1_40' title="bbox 321 2903 1874 2971">
     <span class='ocr_line' id='line_1_40' title="bbox 321 2903 1874 2971; baseline 0.003 -18"><span class='ocrx_word' id='word_1_277' title='bbox 321 2915 607 2965; x_wconf 75' lang='lat' dir='ltr'><strong>crescant,</strong></span> <span class='ocrx_word' id='word_1_278' title='bbox 656 2903 880 2957; x_wconf 81' lang='lat' dir='ltr'><strong>elidatur</strong></span> <span class='ocrx_word' id='word_1_279' title='bbox 921 2904 973 2956; x_wconf 90' lang='lat' dir='ltr'><strong>in</strong></span> <span class='ocrx_word' id='word_1_280' title='bbox 1019 2904 1239 2957; x_wconf 84' lang='lat' dir='ltr'><strong>semine.</strong></span> <span class='ocrx_word' id='word_1_281' title='bbox 1275 2922 1294 2954; x_wconf 78' lang='grc' dir='ltr'><strong>ι</strong></span> <span class='ocrx_word' id='word_1_282' title='bbox 1343 2905 1479 2958; x_wconf 90' lang='lat' dir='ltr'><strong>Istud</strong></span> <span class='ocrx_word' id='word_1_283' title='bbox 1509 2918 1874 2971; x_wconf 82' lang='lat' dir='ltr'><strong>argumentum</strong></span> 
     </span>
    </p>
   </div>
   <div class='ocr_carea' id='block_1_41' title="bbox 321 2972 1876 3044">
    <p class='ocr_par' dir='ltr' id='par_1_41' title="bbox 321 2972 1876 3044">
     <span class='ocr_line' id='line_1_41' title="bbox 321 2972 1876 3044; baseline 0.004 -19"><span class='ocrx_word' id='word_1_284' title='bbox 321 2972 441 3026; x_wconf 74' lang='lat' dir='ltr'><strong>fuse</strong></span> <span class='ocrx_word' id='word_1_285' title='bbox 467 2983 658 3027; x_wconf 78' lang='lat' dir='ltr'><strong>tractat</strong></span> <span class='ocrx_word' id='word_1_286' title='bbox 684 2977 866 3027; x_wconf 79' lang='lat' dir='ltr'><strong>Petrus</strong></span> <span class='ocrx_word' id='word_1_287' title='bbox 912 2974 1148 3027; x_wconf 87' lang='lat' dir='ltr'><strong>Datniaui</strong></span> <span class='ocrx_word' id='word_1_288' title='bbox 1173 2992 1239 3027; x_wconf 90' lang='lat' dir='ltr'><strong>eo</strong></span> <span class='ocrx_word' id='word_1_289' title='bbox 1278 2976 1330 3027; x_wconf 88' lang='lat' dir='ltr'><strong>iit</strong></span> <span class='ocrx_word' id='word_1_290' title='bbox 1367 2977 1618 3044; x_wconf 72' lang='lat' dir='ltr'><strong>upusculo</strong></span> <span class='ocrx_word' id='word_1_291' title='bbox 1643 2976 1781 3044; x_wconf 77' lang='lat' dir='ltr'><strong>quod</strong></span> <span class='ocrx_word' id='word_1_292' title='bbox 1810 2980 1876 3030; x_wconf 86' lang='lat' dir='ltr'><strong>de</strong></span> 
     </span>
    </p>
   </div>
   <div class='ocr_carea' id='block_1_42' title="bbox 322 3043 1870 3114">
    <p class='ocr_par' dir='ltr' id='par_1_42' title="bbox 322 3043 1870 3114">
     <span class='ocr_line' id='line_1_42' title="bbox 322 3043 1870 3114; baseline 0.006 -23"><span class='ocrx_word' id='word_1_293' title='bbox 322 3059 436 3097; x_wconf 71' lang='lat' dir='ltr'><strong>sine</strong></span> <span class='ocrx_word' id='word_1_294' title='bbox 457 3044 879 3110; x_wconf 69' lang='lat' dir='ltr'><strong>congregationis</strong></span> <span class='ocrx_word' id='word_1_295' title='bbox 914 3046 1169 3097; x_wconf 81' lang='lat' dir='ltr'><strong>iit-titulis</strong></span> <span class='ocrx_word' id='word_1_296' title='bbox 1199 3049 1412 3110; x_wconf 26' lang='lat' dir='ltr'><strong>scripsit</strong></span> <span class='ocrx_word' id='word_1_297' title='bbox 1456 3043 1602 3113; x_wconf 88' lang='lat' dir='ltr'><strong>(Cap.</strong></span> <span class='ocrx_word' id='word_1_298' title='bbox 1630 3043 1749 3114; x_wconf 67' lang='lat'><strong>19),</strong></span> <span class='ocrx_word' id='word_1_299' title='bbox 1785 3049 1870 3101; x_wconf 88' lang='lat' dir='ltr'><strong>ubi</strong></span> 
     </span>
    </p>
   </div>
   <div class='ocr_carea' id='block_1_43' title="bbox 1956 447 3531 516">
    <p class='ocr_par' dir='ltr' id='par_1_43' title="bbox 1956 447 3531 516">
     <span class='ocr_line' id='line_1_43' title="bbox 1956 447 3531 516; baseline 0.001 -16"><span class='ocrx_word' id='word_1_300' title='bbox 1956 450 2223 514; x_wconf 82' lang='lat' dir='ltr'><strong>gestiones</strong></span> <span class='ocrx_word' id='word_1_301' title='bbox 2245 462 2521 514; x_wconf 66' lang='lat' dir='ltr'><strong>spernere,</strong></span> <span class='ocrx_word' id='word_1_302' title='bbox 2555 448 2814 501; x_wconf 90' lang='lat' dir='ltr'><strong>volentem</strong></span> <span class='ocrx_word' id='word_1_303' title='bbox 2848 448 3050 516; x_wconf 84' lang='lat' dir='ltr'><strong>ingredi</strong></span> <span class='ocrx_word' id='word_1_304' title='bbox 3083 447 3179 503; x_wconf 90' lang='lat' dir='ltr'><strong>Dci</strong></span> <span class='ocrx_word' id='word_1_305' title='bbox 3216 447 3531 502; x_wconf 75' lang='lat' dir='ltr'><strong>tabernacu-</strong></span> 
     </span>
    </p>
   </div>
   <div class='ocr_carea' id='block_1_44' title="bbox 1960 518 3533 586">
    <p class='ocr_par' dir='ltr' id='par_1_44' title="bbox 1960 518 3533 586">
     <span class='ocr_line' id='line_1_44' title="bbox 1960 518 3533 586; baseline 0.002 -16"><span class='ocrx_word' id='word_1_306' title='bbox 1960 520 2065 570; x_wconf 90' lang='lat' dir='ltr'><strong>ltttn</strong></span> <span class='ocrx_word' id='word_1_307' title='bbox 2099 518 2378 586; x_wconf 72' lang='lat' dir='ltr'><strong>praecepit,</strong></span> <span class='ocrx_word' id='word_1_308' title='bbox 2408 527 2561 570; x_wconf 86' lang='lat' dir='ltr'><strong>caute</strong></span> <span class='ocrx_word' id='word_1_309' title='bbox 2602 518 2818 571; x_wconf 89' lang='lat' dir='ltr'><strong>omnino</strong></span> <span class='ocrx_word' id='word_1_310' title='bbox 2848 518 3113 585; x_wconf 80' lang='lat' dir='ltr'><strong>subjecit:</strong></span> <span class='ocrx_word' id='word_1_311' title='bbox 3158 519 3258 585; x_wconf 79' lang='lat' dir='ltr'><strong>Qui</strong></span> <span class='ocrx_word' id='word_1_312' title='bbox 3298 518 3361 571; x_wconf 83' lang='lat' dir='ltr'><strong>de</strong></span> <span class='ocrx_word' id='word_1_313' title='bbox 3405 518 3533 573; x_wconf 75' lang='lat' dir='ltr'><strong>bona</strong></span> 
     </span>
    </p>
   </div>
   <div class='ocr_carea' id='block_1_45' title="bbox 1960 588 3528 657">
    <p class='ocr_par' dir='ltr' id='par_1_45' title="bbox 1960 588 3528 657">
     <span class='ocr_line' id='line_1_45' title="bbox 1960 588 3528 657; baseline 0.005 -20"><span class='ocrx_word' id='word_1_314' title='bbox 1960 588 2272 641; x_wconf 80' lang='lat' dir='ltr'><strong>observantia</strong></span> <span class='ocrx_word' id='word_1_315' title='bbox 2290 604 2389 640; x_wconf 81' lang='lat' dir='ltr'><strong>non</strong></span> <span class='ocrx_word' id='word_1_316' title='bbox 2406 603 2459 639; x_wconf 80' lang='lat' dir='ltr'><strong>se</strong></span> <span class='ocrx_word' id='word_1_317' title='bbox 2474 588 2692 641; x_wconf 83' lang='lat' dir='ltr'><strong>reddunt</strong></span> <span class='ocrx_word' id='word_1_318' title='bbox 2704 589 2884 646; x_wconf 75' lang='lat' dir='ltr'><strong>elatos.</strong></span> <span class='ocrx_word' id='word_1_319' title='bbox 2902 590 2987 641; x_wconf 83' lang='lat' dir='ltr'><strong>sed</strong></span> <span class='ocrx_word' id='word_1_320' title='bbox 3001 590 3111 657; x_wconf 80' lang='lat' dir='ltr'><strong>ipsa</strong></span> <span class='ocrx_word' id='word_1_321' title='bbox 3125 590 3177 640; x_wconf 87' lang='lat' dir='ltr'><strong>in</strong></span> <span class='ocrx_word' id='word_1_322' title='bbox 3190 605 3243 642; x_wconf 88' lang='lat' dir='ltr'><strong>se</strong></span> <span class='ocrx_word' id='word_1_323' title='bbox 3258 590 3409 655; x_wconf 80' lang='lat' dir='ltr'><strong>bona,</strong></span> <span class='ocrx_word' id='word_1_324' title='bbox 3424 602 3528 645; x_wconf 90' lang='lat' dir='ltr'><strong>etc.</strong></span> 
     </span>
    </p>
   </div>
   <div class='ocr_carea' id='block_1_46' title="bbox 1958 659 3535 724">
    <p class='ocr_par' dir='ltr' id='par_1_46' title="bbox 1958 659 3535 724">
     <span class='ocr_line' id='line_1_46' title="bbox 1958 659 3535 724; baseline 0.002 -15"><span class='ocrx_word' id='word_1_325' title='bbox 1958 659 2160 724; x_wconf 78' lang='lat' dir='ltr'><strong>Quibus</strong></span> <span class='ocrx_word' id='word_1_326' title='bbox 2185 660 2357 711; x_wconf 78' lang='lat' dir='ltr'><strong>verbis</strong></span> <span class='ocrx_word' id='word_1_327' title='bbox 2383 660 2478 710; x_wconf 87' lang='lat' dir='ltr'><strong>tria</strong></span> <span class='ocrx_word' id='word_1_328' title='bbox 2502 659 2658 711; x_wconf 84' lang='lat' dir='ltr'><strong>docet</strong></span> <span class='ocrx_word' id='word_1_329' title='bbox 2685 677 2697 711; x_wconf 92' lang='lat'><strong>:</strong></span> <span class='ocrx_word' id='word_1_330' title='bbox 2721 660 2778 712; x_wconf 85' lang='grc' dir='ltr'>ιο</span> <span class='ocrx_word' id='word_1_331' title='bbox 2809 660 2877 712; x_wconf 89' lang='lat' dir='ltr'><strong>de</strong></span> <span class='ocrx_word' id='word_1_332' title='bbox 2905 661 3037 711; x_wconf 86' lang='lat' dir='ltr'><strong>bona</strong></span> <span class='ocrx_word' id='word_1_333' title='bbox 3058 661 3395 712; x_wconf 81' lang='lat' dir='ltr'><strong>observantia</strong></span> <span class='ocrx_word' id='word_1_334' title='bbox 3422 662 3535 712; x_wconf 87' lang='lat' dir='ltr'><strong>ela-</strong></span> 
     </span>
    </p>
   </div>
   <div class='ocr_carea' id='block_1_47' title="bbox 1960 727 3528 797">
    <p class='ocr_par' dir='ltr' id='par_1_47' title="bbox 1960 727 3528 797">
     <span class='ocr_line' id='line_1_47' title="bbox 1960 727 3528 797; baseline 0.003 -17"><span class='ocrx_word' id='word_1_335' title='bbox 1960 731 2155 782; x_wconf 89' lang='lat' dir='ltr'><strong>tionem</strong></span> <span class='ocrx_word' id='word_1_336' title='bbox 2179 728 2390 796; x_wconf 78' lang='lat' dir='ltr'><strong>fugere;</strong></span> <span class='ocrx_word' id='word_1_337' title='bbox 2413 727 2477 780; x_wconf 69' lang='lat'><strong>2°</strong></span> <span class='ocrx_word' id='word_1_338' title='bbox 2503 728 2690 792; x_wconf 87' lang='lat' dir='ltr'><strong>Deum,</strong></span> <span class='ocrx_word' id='word_1_339' title='bbox 2710 743 2815 782; x_wconf 93' lang='lat' dir='ltr'><strong>non</strong></span> <span class='ocrx_word' id='word_1_340' title='bbox 2832 744 2889 781; x_wconf 76' lang='lat' dir='ltr'><strong>se</strong></span> <span class='ocrx_word' id='word_1_341' title='bbox 2914 728 3036 781; x_wconf 89' lang='lat' dir='ltr'><strong>boni</strong></span> <span class='ocrx_word' id='word_1_342' title='bbox 3058 731 3235 797; x_wconf 83' lang='lat' dir='ltr'><strong>operis</strong></span> <span class='ocrx_word' id='word_1_343' title='bbox 3256 738 3528 784; x_wconf 86' lang='lat' dir='ltr'><strong>auctorem</strong></span> 
     </span>
    </p>
   </div>
   <div class='ocr_carea' id='block_1_48' title="bbox 1958 798 3530 868">
    <p class='ocr_par' dir='ltr' id='par_1_48' title="bbox 1958 798 3530 868">
     <span class='ocr_line' id='line_1_48' title="bbox 1958 798 3530 868; baseline 0.004 -19"><span class='ocrx_word' id='word_1_344' title='bbox 1958 813 2274 867; x_wconf 78' lang='lat' dir='ltr'><strong>agnoscere;</strong></span> <span class='ocrx_word' id='word_1_345' title='bbox 2310 800 2374 853; x_wconf 80' lang='lat'><strong>3°</strong></span> <span class='ocrx_word' id='word_1_346' title='bbox 2416 813 2806 865; x_wconf 82' lang='lat' dir='ltr'><strong>consequenter</strong></span> <span class='ocrx_word' id='word_1_347' title='bbox 2839 801 3000 852; x_wconf 78' lang='lat' dir='ltr'><strong>Deum</strong></span> <span class='ocrx_word' id='word_1_348' title='bbox 3032 798 3086 852; x_wconf 91' lang='lat' dir='ltr'><strong>in</strong></span> <span class='ocrx_word' id='word_1_349' title='bbox 3125 815 3185 854; x_wconf 87' lang='lat' dir='ltr'><strong>se</strong></span> <span class='ocrx_word' id='word_1_350' title='bbox 3220 811 3530 868; x_wconf 80' lang='lat' dir='ltr'><strong>operantem</strong></span> 
     </span>
    </p>
   </div>
   <div class='ocr_carea' id='block_1_49' title="bbox 1962 869 2325 929">
    <p class='ocr_par' dir='ltr' id='par_1_49' title="bbox 1962 869 2325 929">
     <span class='ocr_line' id='line_1_49' title="bbox 1962 869 2325 929; baseline 0.014 -9"><span class='ocrx_word' id='word_1_351' title='bbox 1962 869 2238 929; x_wconf 70' lang='lat' dir='ltr'><strong>niagnilica</strong></span> <span class='ocrx_word' id='word_1_352' title='bbox 2248 883 2325 925; x_wconf 89' lang='lat' dir='ltr'><strong>re.</strong></span> 
     </span>
    </p>
   </div>
   <div class='ocr_carea' id='block_1_50' title="bbox 2033 934 3528 1005">
    <p class='ocr_par' dir='ltr' id='par_1_50' title="bbox 2033 934 3528 1005">
     <span class='ocr_line' id='line_1_50' title="bbox 2033 934 3528 1005; baseline 0.005 -17"><span class='ocrx_word' id='word_1_353' title='bbox 2033 937 2131 1005; x_wconf 81' lang='lat' dir='ltr'><strong>Qui</strong></span> <span class='ocrx_word' id='word_1_354' title='bbox 2153 939 2382 991; x_wconf 64' lang='lat' dir='ltr'><strong>timentes</strong></span> <span class='ocrx_word' id='word_1_355' title='bbox 2416 934 2686 989; x_wconf 83' lang='lat' dir='ltr'><strong>Dominam</strong></span> <span class='ocrx_word' id='word_1_356' title='bbox 2707 936 2770 990; x_wconf 79' lang='lat' dir='ltr'><strong>de</strong></span> <span class='ocrx_word' id='word_1_357' title='bbox 2797 937 2927 990; x_wconf 86' lang='lat' dir='ltr'><strong>bona</strong></span> <span class='ocrx_word' id='word_1_358' title='bbox 2956 939 3273 991; x_wconf 80' lang='lat' dir='ltr'><strong>observantia</strong></span> <span class='ocrx_word' id='word_1_359' title='bbox 3302 955 3395 992; x_wconf 78' lang='lat' dir='ltr'><strong>sua</strong></span> <span class='ocrx_word' id='word_1_360' title='bbox 3424 957 3528 995; x_wconf 71' lang='lat' dir='ltr'><strong>non</strong></span> 
     </span>
    </p>
   </div>
   <div class='ocr_carea' id='block_1_51' title="bbox 1959 1006 3527 1077">
    <p class='ocr_par' dir='ltr' id='par_1_51' title="bbox 1959 1006 3527 1077">
     <span class='ocr_line' id='line_1_51' title="bbox 1959 1006 3527 1077; baseline 0.001 -16"><span class='ocrx_word' id='word_1_361' title='bbox 1959 1024 2011 1061; x_wconf 82' lang='lat' dir='ltr'><strong>se</strong></span> <span class='ocrx_word' id='word_1_362' title='bbox 2042 1008 2259 1061; x_wconf 83' lang='lat' dir='ltr'><strong>reddunt</strong></span> <span class='ocrx_word' id='word_1_363' title='bbox 2286 1006 2462 1077; x_wconf 70' lang='lat' dir='ltr'><strong>elatos]</strong></span> <span class='ocrx_word' id='word_1_364' title='bbox 2482 1052 2495 1073; x_wconf 91' lang='lat'><strong>,</strong></span> <span class='ocrx_word' id='word_1_365' title='bbox 2530 1007 2737 1073; x_wconf 88' lang='lat' dir='ltr'><strong>seipsos</strong></span> <span class='ocrx_word' id='word_1_366' title='bbox 2763 1008 2938 1075; x_wconf 80' lang='lat' dir='ltr'><strong>magni</strong></span> <span class='ocrx_word' id='word_1_367' title='bbox 2967 1009 3164 1075; x_wconf 77' lang='lat' dir='ltr'><strong>aliquid</strong></span> <span class='ocrx_word' id='word_1_368' title='bbox 3194 1024 3314 1063; x_wconf 68' lang='lat' dir='ltr'><strong>eSse</strong></span> <span class='ocrx_word' id='word_1_369' title='bbox 3343 1010 3527 1064; x_wconf 80' lang='lat' dir='ltr'><strong>existi-</strong></span> 
     </span>
    </p>
   </div>
   <div class='ocr_carea' id='block_1_52' title="bbox 1963 1078 3531 1144">
    <p class='ocr_par' dir='ltr' id='par_1_52' title="bbox 1963 1078 3531 1144">
     <span class='ocr_line' id='line_1_52' title="bbox 1963 1078 3531 1144; baseline 0.003 -14"><span class='ocrx_word' id='word_1_370' title='bbox 1963 1091 2189 1141; x_wconf 87' lang='lat' dir='ltr'><strong>inaiites,</strong></span> <span class='ocrx_word' id='word_1_371' title='bbox 2208 1094 2327 1133; x_wconf 89' lang='lat' dir='ltr'><strong>cum</strong></span> <span class='ocrx_word' id='word_1_372' title='bbox 2353 1089 2525 1131; x_wconf 86' lang='lat' dir='ltr'><strong>tamen</strong></span> <span class='ocrx_word' id='word_1_373' title='bbox 2544 1079 2672 1130; x_wconf 86' lang='lat' dir='ltr'><strong>nihil</strong></span> <span class='ocrx_word' id='word_1_374' title='bbox 2692 1089 2848 1141; x_wconf 88' lang='lat' dir='ltr'><strong>sunt;</strong></span> <span class='ocrx_word' id='word_1_375' title='bbox 2876 1078 2971 1131; x_wconf 89' lang='lat' dir='ltr'><strong>sed</strong></span> <span class='ocrx_word' id='word_1_376' title='bbox 2996 1080 3167 1144; x_wconf 88' lang='lat' dir='ltr'><strong>potius</strong></span> <span class='ocrx_word' id='word_1_377' title='bbox 3186 1080 3321 1131; x_wconf 84' lang='lat' dir='ltr'><strong>intra</strong></span> <span class='ocrx_word' id='word_1_378' title='bbox 3342 1094 3531 1135; x_wconf 84' lang='lat' dir='ltr'><strong>omnes</strong></span> 
     </span>
    </p>
   </div>
   <div class='ocr_carea' id='block_1_53' title="bbox 1961 1144 3531 1219">
    <p class='ocr_par' dir='ltr' id='par_1_53' title="bbox 1961 1144 3531 1219">
     <span class='ocr_line' id='line_1_53' title="bbox 1961 1144 3531 1219; baseline -0.003 -16"><span class='ocrx_word' id='word_1_379' title='bbox 1961 1163 2080 1219; x_wconf 70' lang='lat' dir='ltr'><strong>sese</strong></span> <span class='ocrx_word' id='word_1_380' title='bbox 2109 1151 2489 1215; x_wconf 88' lang='lat' dir='ltr'><strong>deprimentes,</strong></span> <span class='ocrx_word' id='word_1_381' title='bbox 2520 1156 2575 1201; x_wconf 92' lang='lat' dir='ltr'><strong>ut</strong></span> <span class='ocrx_word' id='word_1_382' title='bbox 2605 1144 2717 1219; x_wconf 60' lang='lat'><strong>25&#39;</strong></span> <span class='ocrx_word' id='word_1_383' title='bbox 2754 1148 2977 1202; x_wconf 74' lang='lat' dir='ltr'><strong>faciebat</strong></span> <span class='ocrx_word' id='word_1_384' title='bbox 3001 1149 3061 1219; x_wconf 86' lang='lat' dir='ltr'><strong>S.</strong></span> <span class='ocrx_word' id='word_1_385' title='bbox 3090 1148 3412 1213; x_wconf 84' lang='lat' dir='ltr'><strong>Bernardus,</strong></span> <span class='ocrx_word' id='word_1_386' title='bbox 3438 1166 3531 1205; x_wconf 60' lang='lat' dir='ltr'><strong>cu.</strong></span> 
     </span>
    </p>
   </div>
   <div class='ocr_carea' id='block_1_54' title="bbox 1957 1218 3527 1287">
    <p class='ocr_par' dir='ltr' id='par_1_54' title="bbox 1957 1218 3527 1287">
     <span class='ocr_line' id='line_1_54' title="bbox 1957 1218 3527 1287; baseline 0.005 -20"><span class='ocrx_word' id='word_1_387' title='bbox 1957 1218 2045 1287; x_wconf 84' lang='lat' dir='ltr'><strong>jus</strong></span> <span class='ocrx_word' id='word_1_388' title='bbox 2075 1234 2193 1271; x_wconf 89' lang='lat' dir='ltr'><strong>cum</strong></span> <span class='ocrx_word' id='word_1_389' title='bbox 2225 1229 2364 1271; x_wconf 86' lang='lat' dir='ltr'><strong>tanta</strong></span> <span class='ocrx_word' id='word_1_390' title='bbox 2397 1227 2539 1272; x_wconf 89' lang='lat' dir='ltr'><strong>esset</strong></span> <span class='ocrx_word' id='word_1_391' title='bbox 2567 1218 3085 1285; x_wconf 34' lang='lat' dir='ltr'><strong>vit.e’sauctimonia,</strong></span> <span class='ocrx_word' id='word_1_392' title='bbox 3111 1229 3357 1287; x_wconf 84' lang='lat' dir='ltr'><strong>quautam</strong></span> <span class='ocrx_word' id='word_1_393' title='bbox 3383 1223 3433 1274; x_wconf 87' lang='lat' dir='ltr'><strong>iii</strong></span> <span class='ocrx_word' id='word_1_394' title='bbox 3459 1236 3527 1275; x_wconf 87' lang='lat' dir='ltr'><strong>eo</strong></span> 
     </span>
    </p>
   </div>
   <div class='ocr_carea' id='block_1_55' title="bbox 1962 1287 3525 1352">
    <p class='ocr_par' dir='ltr' id='par_1_55' title="bbox 1962 1287 3525 1352">
     <span class='ocr_line' id='line_1_55' title="bbox 1962 1287 3525 1352; baseline 0.002 -10"><span class='ocrx_word' id='word_1_395' title='bbox 1962 1290 2119 1342; x_wconf 88' lang='lat' dir='ltr'><strong>etiam</strong></span> <span class='ocrx_word' id='word_1_396' title='bbox 2153 1305 2290 1342; x_wconf 90' lang='lat' dir='ltr'><strong>nunc</strong></span> <span class='ocrx_word' id='word_1_397' title='bbox 2320 1289 2613 1342; x_wconf 84' lang='lat' dir='ltr'><strong>catholicus</strong></span> <span class='ocrx_word' id='word_1_398' title='bbox 2642 1289 2785 1341; x_wconf 86' lang='lat' dir='ltr'><strong>orbis</strong></span> <span class='ocrx_word' id='word_1_399' title='bbox 2812 1290 3051 1352; x_wconf 85' lang='lat' dir='ltr'><strong>miratur,</strong></span> <span class='ocrx_word' id='word_1_400' title='bbox 3079 1292 3149 1340; x_wconf 87' lang='lat' dir='ltr'><strong>ita</strong></span> <span class='ocrx_word' id='word_1_401' title='bbox 3179 1287 3525 1345; x_wconf 75' lang='lat' dir='ltr'><strong>nihilominus</strong></span> 
     </span>
    </p>
   </div>
   <div class='ocr_carea' id='block_1_56' title="bbox 1962 1357 3519 1429">
    <p class='ocr_par' dir='ltr' id='par_1_56' title="bbox 1962 1357 3519 1429">
     <span class='ocr_line' id='line_1_56' title="bbox 1962 1357 3519 1429; baseline 0.003 -20"><span class='ocrx_word' id='word_1_402' title='bbox 1962 1361 2029 1410; x_wconf 88' lang='lat' dir='ltr'><strong>de</strong></span> <span class='ocrx_word' id='word_1_403' title='bbox 2055 1377 2111 1413; x_wconf 75' lang='lat' dir='ltr'><strong>se</strong></span> <span class='ocrx_word' id='word_1_404' title='bbox 2140 1359 2405 1413; x_wconf 85' lang='lat' dir='ltr'><strong>scribebat</strong></span> <span class='ocrx_word' id='word_1_405' title='bbox 2442 1357 2631 1429; x_wconf 83' lang='lat' dir='ltr'><strong>(Epist.</strong></span> <span class='ocrx_word' id='word_1_406' title='bbox 2662 1359 2790 1427; x_wconf 71' lang='lat'><strong>9.50)</strong></span> <span class='ocrx_word' id='word_1_407' title='bbox 2826 1361 2891 1411; x_wconf 87' lang='lat' dir='ltr'><strong>ad</strong></span> <span class='ocrx_word' id='word_1_408' title='bbox 2935 1362 3162 1412; x_wconf 85' lang='lat' dir='ltr'><strong>alterum</strong></span> <span class='ocrx_word' id='word_1_409' title='bbox 3192 1357 3519 1414; x_wconf 87' lang='lat' dir='ltr'><strong>Bernarduin</strong></span> 
     </span>
    </p>
   </div>
   <div class='ocr_carea' id='block_1_57' title="bbox 1965 1428 3529 1496">
    <p class='ocr_par' dir='ltr' id='par_1_57' title="bbox 1965 1428 3529 1496">
     <span class='ocr_line' id='line_1_57' title="bbox 1965 1428 3529 1496; baseline 0.002 -15"><span class='ocrx_word' id='word_1_410' title='bbox 1965 1432 2194 1496; x_wconf 78' lang='lat' dir='ltr'><strong>priorem</strong></span> <span class='ocrx_word' id='word_1_411' title='bbox 2241 1428 2521 1483; x_wconf 85' lang='lat' dir='ltr'><strong>Portarqu</strong></span> <span class='ocrx_word' id='word_1_412' title='bbox 2562 1447 2574 1480; x_wconf 91' lang='lat'><strong>:</strong></span> <span class='ocrx_word' id='word_1_413' title='bbox 2621 1448 2639 1480; x_wconf 86' lang='lat' dir='ltr'><strong>t</strong></span> <span class='ocrx_word' id='word_1_414' title='bbox 2678 1428 2884 1482; x_wconf 80' lang='lat' dir='ltr'><strong>Clamat</strong></span> <span class='ocrx_word' id='word_1_415' title='bbox 2930 1430 2995 1482; x_wconf 87' lang='lat' dir='ltr'><strong>ad</strong></span> <span class='ocrx_word' id='word_1_416' title='bbox 3046 1444 3140 1482; x_wconf 84' lang='lat' dir='ltr'><strong>vos</strong></span> <span class='ocrx_word' id='word_1_417' title='bbox 3191 1438 3529 1485; x_wconf 70' lang='lat' dir='ltr'><strong>monstruosa</strong></span> 
     </span>
    </p>
   </div>
   <div class='ocr_carea' id='block_1_58' title="bbox 1964 1500 3531 1567">
    <p class='ocr_par' dir='ltr' id='par_1_58' title="bbox 1964 1500 3531 1567">
     <span class='ocr_line' id='line_1_58' title="bbox 1964 1500 3531 1567; baseline 0.002 -17"><span class='ocrx_word' id='word_1_418' title='bbox 1964 1506 2068 1552; x_wconf 85' lang='lat' dir='ltr'><strong>vita</strong></span> <span class='ocrx_word' id='word_1_419' title='bbox 2093 1516 2230 1565; x_wconf 89' lang='lat' dir='ltr'><strong>mea,</strong></span> <span class='ocrx_word' id='word_1_420' title='bbox 2253 1516 2367 1555; x_wconf 87' lang='lat' dir='ltr'><strong>mea</strong></span> <span class='ocrx_word' id='word_1_421' title='bbox 2390 1516 2682 1553; x_wconf 64' lang='lat' dir='ltr'><strong>aerumnosa</strong></span> <span class='ocrx_word' id='word_1_422' title='bbox 2704 1500 3026 1552; x_wconf 80' lang='lat' dir='ltr'><strong>conscientia</strong></span> <span class='ocrx_word' id='word_1_423' title='bbox 3048 1516 3062 1564; x_wconf 88' lang='lat'><strong>;</strong></span> <span class='ocrx_word' id='word_1_424' title='bbox 3093 1514 3191 1567; x_wconf 86' lang='lat' dir='ltr'><strong>ego</strong></span> <span class='ocrx_word' id='word_1_425' title='bbox 3215 1500 3355 1553; x_wconf 89' lang='lat' dir='ltr'><strong>enim</strong></span> <span class='ocrx_word' id='word_1_426' title='bbox 3382 1517 3531 1566; x_wconf 72' lang='lat' dir='ltr'><strong>qua:-</strong></span> 
     </span>
    </p>
   </div>
   <div class='ocr_carea' id='block_1_59' title="bbox 1964 1568 3533 1637">
    <p class='ocr_par' dir='ltr' id='par_1_59' title="bbox 1964 1568 3533 1637">
     <span class='ocr_line' id='line_1_59' title="bbox 1964 1568 3533 1637; baseline 0.003 -17"><span class='ocrx_word' id='word_1_427' title='bbox 1964 1573 2085 1621; x_wconf 83' lang='lat' dir='ltr'><strong>ilam</strong></span> <span class='ocrx_word' id='word_1_428' title='bbox 2114 1573 2363 1622; x_wconf 73' lang='lat' dir='ltr'><strong>cbiiniera</strong></span> <span class='ocrx_word' id='word_1_429' title='bbox 2394 1572 2496 1622; x_wconf 85' lang='lat' dir='ltr'><strong>tnei</strong></span> <span class='ocrx_word' id='word_1_430' title='bbox 2526 1571 2723 1634; x_wconf 73' lang='lat' dir='ltr'><strong>siecnli,</strong></span> <span class='ocrx_word' id='word_1_431' title='bbox 2757 1583 2855 1623; x_wconf 88' lang='lat' dir='ltr'><strong>nec</strong></span> <span class='ocrx_word' id='word_1_432' title='bbox 2874 1568 3127 1622; x_wconf 85' lang='lat' dir='ltr'><strong>clericum</strong></span> <span class='ocrx_word' id='word_1_433' title='bbox 3152 1586 3281 1637; x_wconf 87' lang='lat' dir='ltr'><strong>gero</strong></span> <span class='ocrx_word' id='word_1_434' title='bbox 3313 1586 3410 1623; x_wconf 84' lang='lat' dir='ltr'><strong>nec</strong></span> <span class='ocrx_word' id='word_1_435' title='bbox 3442 1573 3533 1624; x_wconf 83' lang='lat' dir='ltr'><strong>lai-</strong></span> 
     </span>
    </p>
   </div>
   <div class='ocr_carea' id='block_1_60' title="bbox 1966 1639 3527 1707">
    <p class='ocr_par' dir='ltr' id='par_1_60' title="bbox 1966 1639 3527 1707">
     <span class='ocr_line' id='line_1_60' title="bbox 1966 1639 3527 1707; baseline 0 -15"><span class='ocrx_word' id='word_1_436' title='bbox 1966 1656 2119 1704; x_wconf 88' lang='lat' dir='ltr'><strong>cuni;</strong></span> <span class='ocrx_word' id='word_1_437' title='bbox 2151 1657 2269 1693; x_wconf 85' lang='lat' dir='ltr'><strong>nam</strong></span> <span class='ocrx_word' id='word_1_438' title='bbox 2300 1640 2541 1694; x_wconf 87' lang='lat' dir='ltr'><strong>monachi</strong></span> <span class='ocrx_word' id='word_1_439' title='bbox 2565 1642 2873 1707; x_wconf 77' lang='lat' dir='ltr'><strong>jamdudum</strong></span> <span class='ocrx_word' id='word_1_440' title='bbox 2898 1639 3020 1693; x_wconf 76' lang='lat' dir='ltr'><strong>exui</strong></span> <span class='ocrx_word' id='word_1_441' title='bbox 3042 1641 3527 1707; x_wconf 72' lang='lat' dir='ltr'><strong>conversationem,</strong></span> 
     </span>
    </p>
   </div>
   <div class='ocr_carea' id='block_1_61' title="bbox 1899 1710 3529 1799">
    <p class='ocr_par' dir='ltr' id='par_1_61' title="bbox 1899 1710 3529 1799">
     <span class='ocr_line' id='line_1_61' title="bbox 1899 1710 3529 1799; baseline 0.001 -37"><span class='ocrx_word' id='word_1_442' title='bbox 1899 1744 1940 1799; x_wconf 67' lang='grc' dir='ltr'><strong>Β</strong></span> <span class='ocrx_word' id='word_1_443' title='bbox 1973 1728 2073 1799; x_wconf 72' lang='lat' dir='ltr'><strong>non</strong></span> <span class='ocrx_word' id='word_1_444' title='bbox 2110 1710 2366 1789; x_wconf 82' lang='lat' dir='ltr'><strong>habitum.</strong></span> <span class='ocrx_word' id='word_1_445' title='bbox 2406 1713 2525 1791; x_wconf 30' lang='lat' dir='ltr'><strong>[Et</strong></span> <span class='ocrx_word' id='word_1_446' title='bbox 2548 1713 2603 1763; x_wconf 72' lang='lat'><strong>5.</strong></span> <span class='ocrx_word' id='word_1_447' title='bbox 2637 1711 3085 1799; x_wconf 38' lang='lat' dir='ltr'><strong>Gregoriusipapa</strong></span> <span class='ocrx_word' id='word_1_448' title='bbox 3125 1711 3280 1790; x_wconf 31' lang='lat' dir='ltr'><strong>de‘se</strong></span> <span class='ocrx_word' id='word_1_449' title='bbox 3308 1710 3431 1799; x_wconf 76' lang='lat' dir='ltr'><strong>item</strong></span> <span class='ocrx_word' id='word_1_450' title='bbox 3463 1715 3529 1764; x_wconf 90' lang='lat' dir='ltr'><strong>ad</strong></span> 
     </span>
    </p>
   </div>
   <div class='ocr_carea' id='block_1_62' title="bbox 1976 1780 3533 1851">
    <p class='ocr_par' dir='ltr' id='par_1_62' title="bbox 1976 1780 3533 1851">
     <span class='ocr_line' id='line_1_62' title="bbox 1976 1780 3533 1851; baseline 0.001 -18"><span class='ocrx_word' id='word_1_451' title='bbox 1976 1782 2307 1835; x_wconf 72' lang='lat' dir='ltr'><strong>Anastasiuui</strong></span> <span class='ocrx_word' id='word_1_452' title='bbox 2371 1782 2674 1851; x_wconf 81' lang='lat' dir='ltr'><strong>episcopum</strong></span> <span class='ocrx_word' id='word_1_453' title='bbox 2731 1780 3247 1851; x_wconf 64' lang='lat' dir='ltr'><strong>Altlit)CllCltUlll_.~lC</strong></span> <span class='ocrx_word' id='word_1_454' title='bbox 3290 1781 3533 1851; x_wconf 84' lang='lat' dir='ltr'><strong>scribens</strong></span> 
     </span>
    </p>
   </div>
   <div class='ocr_carea' id='block_1_63' title="bbox 1977 1849 3533 1920">
    <p class='ocr_par' dir='ltr' id='par_1_63' title="bbox 1977 1849 3533 1920">
     <span class='ocr_line' id='line_1_63' title="bbox 1977 1849 3533 1920; baseline 0.002 -18"><span class='ocrx_word' id='word_1_455' title='bbox 1977 1852 2113 1920; x_wconf 86' lang='lat' dir='ltr'><strong>(Lib.</strong></span> <span class='ocrx_word' id='word_1_456' title='bbox 2141 1867 2188 1914; x_wconf 87' lang='lat' dir='ltr'><strong>t,</strong></span> <span class='ocrx_word' id='word_1_457' title='bbox 2229 1852 2375 1917; x_wconf 81' lang='lat' dir='ltr'><strong>epist.</strong></span> <span class='ocrx_word' id='word_1_458' title='bbox 2405 1849 2501 1918; x_wconf 80' lang='lat'><strong>7):</strong></span> <span class='ocrx_word' id='word_1_459' title='bbox 2535 1870 2552 1900; x_wconf 83' lang='grc' dir='ltr'><strong>ι</strong></span> <span class='ocrx_word' id='word_1_460' title='bbox 2586 1851 2734 1916; x_wconf 81' lang='lat' dir='ltr'><strong>Quod</strong></span> <span class='ocrx_word' id='word_1_461' title='bbox 2766 1866 2889 1903; x_wconf 88' lang='lat' dir='ltr'><strong>vero</strong></span> <span class='ocrx_word' id='word_1_462' title='bbox 2920 1865 3006 1902; x_wconf 88' lang='lat' dir='ltr'><strong>me</strong></span> <span class='ocrx_word' id='word_1_463' title='bbox 3037 1866 3095 1900; x_wconf 87' lang='lat' dir='ltr'><strong>os</strong></span> <span class='ocrx_word' id='word_1_464' title='bbox 3124 1849 3363 1915; x_wconf 86' lang='lat' dir='ltr'><strong>Domini,</strong></span> <span class='ocrx_word' id='word_1_465' title='bbox 3393 1863 3533 1916; x_wconf 83' lang='lat' dir='ltr'><strong>quod</strong></span> 
     </span>
    </p>
   </div>
   <div class='ocr_carea' id='block_1_64' title="bbox 1976 1920 3532 1989">
    <p class='ocr_par' dir='ltr' id='par_1_64' title="bbox 1976 1920 3532 1989">
     <span class='ocr_line' id='line_1_64' title="bbox 1976 1920 3532 1989; baseline 0 -15"><span class='ocrx_word' id='word_1_466' title='bbox 1976 1923 2242 1976; x_wconf 87' lang='lat' dir='ltr'><strong>lucernam</strong></span> <span class='ocrx_word' id='word_1_467' title='bbox 2269 1923 2477 1983; x_wconf 79' lang='lat' dir='ltr'><strong>dicitis,</strong></span> <span class='ocrx_word' id='word_1_468' title='bbox 2525 1922 2663 1989; x_wconf 88' lang='lat' dir='ltr'><strong>quod</strong></span> <span class='ocrx_word' id='word_1_469' title='bbox 2705 1922 2881 1973; x_wconf 76' lang='lat' dir='ltr'><strong>multis</strong></span> <span class='ocrx_word' id='word_1_470' title='bbox 2912 1920 3162 1988; x_wconf 74' lang='lat' dir='ltr'><strong>prodesse</strong></span> <span class='ocrx_word' id='word_1_471' title='bbox 3209 1921 3532 1987; x_wconf 83' lang='lat' dir='ltr'><strong>perhibetis,</strong></span> 
     </span>
    </p>
   </div>
   <div class='ocr_carea' id='block_1_65' title="bbox 1976 1992 3528 2061">
    <p class='ocr_par' dir='ltr' id='par_1_65' title="bbox 1976 1992 3528 2061">
     <span class='ocr_line' id='line_1_65' title="bbox 1976 1992 3528 2061; baseline 0.002 -18"><span class='ocrx_word' id='word_1_472' title='bbox 1976 1996 2073 2045; x_wconf 90' lang='lat' dir='ltr'><strong>hoc</strong></span> <span class='ocrx_word' id='word_1_473' title='bbox 2102 2008 2311 2061; x_wconf 85' lang='lat' dir='ltr'><strong>quoque</strong></span> <span class='ocrx_word' id='word_1_474' title='bbox 2337 1992 2461 2043; x_wconf 87' lang='lat' dir='ltr'><strong>mihi</strong></span> <span class='ocrx_word' id='word_1_475' title='bbox 2494 1993 2559 2045; x_wconf 85' lang='lat' dir='ltr'><strong>ad</strong></span> <span class='ocrx_word' id='word_1_476' title='bbox 2600 1992 2932 2056; x_wconf 79' lang='lat' dir='ltr'><strong>iniquitatth</strong></span> <span class='ocrx_word' id='word_1_477' title='bbox 2983 2006 3217 2043; x_wconf 85' lang='lat' dir='ltr'><strong>mearum</strong></span> <span class='ocrx_word' id='word_1_478' title='bbox 3258 1995 3528 2046; x_wconf 86' lang='lat' dir='ltr'><strong>cumulum</strong></span> 
     </span>
    </p>
   </div>
   <div class='ocr_carea' id='block_1_66' title="bbox 1983 2062 3526 2129">
    <p class='ocr_par' dir='ltr' id='par_1_66' title="bbox 1983 2062 3526 2129">
     <span class='ocr_line' id='line_1_66' title="bbox 1983 2062 3526 2129; baseline 0 -14"><span class='ocrx_word' id='word_1_479' title='bbox 1983 2065 2219 2129; x_wconf 82' lang='lat' dir='ltr'><strong>accedit,</strong></span> <span class='ocrx_word' id='word_1_480' title='bbox 2249 2073 2304 2115; x_wconf 91' lang='lat' dir='ltr'><strong>nt</strong></span> <span class='ocrx_word' id='word_1_481' title='bbox 2332 2076 2451 2114; x_wconf 87' lang='lat' dir='ltr'><strong>cum</strong></span> <span class='ocrx_word' id='word_1_482' title='bbox 2497 2062 2748 2114; x_wconf 81' lang='lat' dir='ltr'><strong>vindicari</strong></span> <span class='ocrx_word' id='word_1_483' title='bbox 2805 2064 2854 2113; x_wconf 89' lang='lat' dir='ltr'><strong>iit</strong></span> <span class='ocrx_word' id='word_1_484' title='bbox 2902 2075 2985 2113; x_wconf 87' lang='lat' dir='ltr'><strong>tne</strong></span> <span class='ocrx_word' id='word_1_485' title='bbox 3024 2062 3274 2129; x_wconf 81' lang='lat' dir='ltr'><strong>iniquitas</strong></span> <span class='ocrx_word' id='word_1_486' title='bbox 3321 2064 3526 2129; x_wconf 89' lang='lat' dir='ltr'><strong>debuit,</strong></span> 
     </span>
    </p>
   </div>
   <div class='ocr_carea' id='block_1_67' title="bbox 1974 2132 2911 2198">
    <p class='ocr_par' dir='ltr' id='par_1_67' title="bbox 1974 2132 2911 2198">
     <span class='ocr_line' id='line_1_67' title="bbox 1974 2132 2911 2198; baseline -0.005 -13"><span class='ocrx_word' id='word_1_487' title='bbox 1974 2133 2157 2189; x_wconf 82' lang='lat' dir='ltr'><strong>laudes</strong></span> <span class='ocrx_word' id='word_1_488' title='bbox 2187 2148 2280 2198; x_wconf 88' lang='lat' dir='ltr'><strong>pro</strong></span> <span class='ocrx_word' id='word_1_489' title='bbox 2310 2133 2539 2185; x_wconf 67' lang='lat' dir='ltr'><strong>vindicta</strong></span> <span class='ocrx_word' id='word_1_490' title='bbox 2576 2132 2850 2197; x_wconf 80' lang='lat' dir='ltr'><strong>recipiam.</strong></span> <span class='ocrx_word' id='word_1_491' title='bbox 2893 2150 2911 2180; x_wconf 78' lang='grc' dir='ltr'><strong>ι</strong></span> 
     </span>
    </p>
   </div>
   <div class='ocr_carea' id='block_1_68' title="bbox 2046 2196 3531 2272">
    <p class='ocr_par' dir='ltr' id='par_1_68' title="bbox 2046 2196 3531 2272">
     <span class='ocr_line' id='line_1_68' title="bbox 2046 2196 3531 2272; baseline -0.001 -16"><span class='ocrx_word' id='word_1_492' title='bbox 2046 2202 2149 2256; x_wconf 82' lang='lat' dir='ltr'><strong>Sed</strong></span> <span class='ocrx_word' id='word_1_493' title='bbox 2170 2196 2282 2272; x_wconf 82' lang='lat' dir='ltr'><strong>ipsa</strong></span> <span class='ocrx_word' id='word_1_494' title='bbox 2322 2203 2375 2254; x_wconf 83' lang='lat' dir='ltr'><strong>in</strong></span> <span class='ocrx_word' id='word_1_495' title='bbox 2411 2218 2464 2254; x_wconf 84' lang='lat' dir='ltr'><strong>se</strong></span> <span class='ocrx_word' id='word_1_496' title='bbox 2499 2201 2634 2272; x_wconf 3' lang='lat' dir='ltr'><strong>(bona</strong></span> <span class='ocrx_word' id='word_1_497' title='bbox 2664 2196 2763 2253; x_wconf 81' lang='lat' dir='ltr'><strong>non</strong></span> <span class='ocrx_word' id='word_1_498' title='bbox 2793 2219 2823 2251; x_wconf 86' lang='grc' dir='ltr'><strong>ιι</strong></span> <span class='ocrx_word' id='word_1_499' title='bbox 2847 2217 2899 2252; x_wconf 89' lang='lat' dir='ltr'><strong>se</strong></span> <span class='ocrx_word' id='word_1_500' title='bbox 2926 2216 3089 2269; x_wconf 80' lang='lat' dir='ltr'><strong>posse,</strong></span> <span class='ocrx_word' id='word_1_501' title='bbox 3135 2200 3224 2252; x_wconf 84' lang='lat' dir='ltr'><strong>sed</strong></span> <span class='ocrx_word' id='word_1_502' title='bbox 3237 2216 3277 2272; x_wconf 14' lang='lat' dir='ltr'><strong>ra</strong></span> <span class='ocrx_word' id='word_1_503' title='bbox 3308 2196 3531 2272; x_wconf 66' lang='lat' dir='ltr'><strong>Domino</strong></span> 
     </span>
    </p>
   </div>
   <div class='ocr_carea' id='block_1_69' title="bbox 1975 2268 3505 2340">
    <p class='ocr_par' dir='ltr' id='par_1_69' title="bbox 1975 2268 3505 2340">
     <span class='ocr_line' id='line_1_69' title="bbox 1975 2268 3505 2340; baseline 0.001 -17"><span class='ocrx_word' id='word_1_504' title='bbox 1975 2273 2083 2336; x_wconf 78' lang='lat' dir='ltr'><strong>ﬁeri</strong></span> <span class='ocrx_word' id='word_1_505' title='bbox 2126 2268 2507 2340; x_wconf 78' lang='lat' dir='ltr'><strong>existimantes.|</strong></span> <span class='ocrx_word' id='word_1_506' title='bbox 2551 2271 2616 2325; x_wconf 90' lang='lat' dir='ltr'><strong>Ut</strong></span> <span class='ocrx_word' id='word_1_507' title='bbox 2654 2287 2796 2324; x_wconf 73' lang='grc' dir='ltr'>θειιιιι</span> <span class='ocrx_word' id='word_1_508' title='bbox 2822 2268 3033 2340; x_wconf 76' lang='lat' dir='ltr'><strong>egregie</strong></span> <span class='ocrx_word' id='word_1_509' title='bbox 3064 2272 3187 2323; x_wconf 80' lang='lat' dir='ltr'><strong>dicit</strong></span> <span class='ocrx_word' id='word_1_510' title='bbox 3218 2271 3278 2325; x_wconf 84' lang='lat' dir='ltr'><strong>S.</strong></span> <span class='ocrx_word' id='word_1_511' title='bbox 3308 2268 3505 2325; x_wconf 85' lang='lat' dir='ltr'><strong>Bernar</strong></span> 
     </span>
    </p>
   </div>
   <div class='ocr_carea' id='block_1_70' title="bbox 1974 2340 3529 2412">
    <p class='ocr_par' dir='ltr' id='par_1_70' title="bbox 1974 2340 3529 2412">
     <span class='ocr_line' id='line_1_70' title="bbox 1974 2340 3529 2412; baseline 0.001 -18"><span class='ocrx_word' id='word_1_512' title='bbox 1974 2348 2073 2394; x_wconf 90' lang='lat' dir='ltr'><strong>dus</strong></span> <span class='ocrx_word' id='word_1_513' title='bbox 2094 2343 2286 2412; x_wconf 87' lang='lat' dir='ltr'><strong>(Serm.</strong></span> <span class='ocrx_word' id='word_1_514' title='bbox 2321 2344 2387 2396; x_wconf 70' lang='grc'><strong>54</strong></span> <span class='ocrx_word' id='word_1_515' title='bbox 2417 2344 2469 2394; x_wconf 84' lang='lat' dir='ltr'><strong>in</strong></span> <span class='ocrx_word' id='word_1_516' title='bbox 2509 2340 2684 2410; x_wconf 84' lang='lat' dir='ltr'><strong>Cant.)</strong></span> <span class='ocrx_word' id='word_1_517' title='bbox 2720 2356 2733 2391; x_wconf 88' lang='lat'><strong>:</strong></span> <span class='ocrx_word' id='word_1_518' title='bbox 2772 2359 2789 2390; x_wconf 84' lang='lat' dir='ltr'><strong>t</strong></span> <span class='ocrx_word' id='word_1_519' title='bbox 2824 2341 3215 2412; x_wconf 76' lang='lat' dir='ltr'><strong>Qiiiitotliosius</strong></span> <span class='ocrx_word' id='word_1_520' title='bbox 3242 2342 3327 2393; x_wconf 86' lang='lat' dir='ltr'><strong>illa</strong></span> <span class='ocrx_word' id='word_1_521' title='bbox 3351 2356 3478 2395; x_wconf 87' lang='lat' dir='ltr'><strong>voce</strong></span> <span class='ocrx_word' id='word_1_522' title='bbox 3512 2358 3529 2395; x_wconf 91' lang='lat'><strong>:</strong></span> 
     </span>
    </p>
   </div>
   <div class='ocr_carea' id='block_1_71' title="bbox 1976 2411 3532 2474">
    <p class='ocr_par' dir='ltr' id='par_1_71' title="bbox 1976 2411 3532 2474">
     <span class='ocr_line' id='line_1_71' title="bbox 1976 2411 3532 2474; baseline -0.001 -8"><span class='ocrx_word' id='word_1_523' title='bbox 1976 2411 2159 2466; x_wconf 79' lang='lat' dir='ltr'><strong>Manus</strong></span> <span class='ocrx_word' id='word_1_524' title='bbox 2188 2424 2367 2467; x_wconf 65' lang='lat' dir='ltr'><strong>nostra</strong></span> <span class='ocrx_word' id='word_1_525' title='bbox 2396 2416 2645 2474; x_wconf 79' lang='lat' dir='ltr'><strong>excelsa,</strong></span> <span class='ocrx_word' id='word_1_526' title='bbox 2695 2420 2749 2464; x_wconf 90' lang='lat' dir='ltr'><strong>et</strong></span> <span class='ocrx_word' id='word_1_527' title='bbox 2794 2428 2897 2464; x_wconf 91' lang='lat' dir='ltr'><strong>non</strong></span> <span class='ocrx_word' id='word_1_528' title='bbox 2946 2411 3197 2463; x_wconf 82' lang='lat' dir='ltr'><strong>Dominus</strong></span> <span class='ocrx_word' id='word_1_529' title='bbox 3247 2412 3371 2464; x_wconf 89' lang='lat' dir='ltr'><strong>tecit</strong></span> <span class='ocrx_word' id='word_1_530' title='bbox 3419 2414 3532 2465; x_wconf 73' lang='lat' dir='ltr'><strong>haec</strong></span> 
     </span>
    </p>
   </div>
   <div class='ocr_carea' id='block_1_72' title="bbox 1974 2482 3528 2551">
    <p class='ocr_par' dir='ltr' id='par_1_72' title="bbox 1974 2482 3528 2551">
     <span class='ocr_line' id='line_1_72' title="bbox 1974 2482 3528 2551; baseline 0.001 -17"><span class='ocrx_word' id='word_1_531' title='bbox 1974 2484 2179 2536; x_wconf 85' lang='lat' dir='ltr'><strong>omnia!</strong></span> <span class='ocrx_word' id='word_1_532' title='bbox 2208 2503 2225 2534; x_wconf 81' lang='grc' dir='ltr'><strong>ι</strong></span> <span class='ocrx_word' id='word_1_533' title='bbox 2256 2483 2433 2551; x_wconf 84' lang='lat' dir='ltr'><strong>Longe</strong></span> <span class='ocrx_word' id='word_1_534' title='bbox 2452 2484 2603 2536; x_wconf 86' lang='lat' dir='ltr'><strong>aliter</strong></span> <span class='ocrx_word' id='word_1_535' title='bbox 2624 2482 2907 2543; x_wconf 87' lang='lat' dir='ltr'><strong>sentiebat,</strong></span> <span class='ocrx_word' id='word_1_536' title='bbox 2936 2484 3027 2551; x_wconf 83' lang='lat' dir='ltr'><strong>qni-</strong></span> <span class='ocrx_word' id='word_1_537' title='bbox 3048 2491 3223 2533; x_wconf 83' lang='lat' dir='ltr'><strong>tamen</strong></span> <span class='ocrx_word' id='word_1_538' title='bbox 3246 2483 3528 2548; x_wconf 88' lang='lat' dir='ltr'><strong>plurimum</strong></span> 
     </span>
    </p>
   </div>
   <div class='ocr_carea' id='block_1_73' title="bbox 1977 2550 3527 2619">
    <p class='ocr_par' dir='ltr' id='par_1_73' title="bbox 1977 2550 3527 2619">
     <span class='ocr_line' id='line_1_73' title="bbox 1977 2550 3527 2619; baseline 0 -14"><span class='ocrx_word' id='word_1_539' title='bbox 1977 2552 2141 2607; x_wconf 88' lang='lat' dir='ltr'><strong>libero</strong></span> <span class='ocrx_word' id='word_1_540' title='bbox 2171 2550 2396 2607; x_wconf 76' lang='lat' dir='ltr'><strong>hominis</strong></span> <span class='ocrx_word' id='word_1_541' title='bbox 2438 2552 2657 2606; x_wconf 84' lang='lat' dir='ltr'><strong>arbitrio</strong></span> <span class='ocrx_word' id='word_1_542' title='bbox 2705 2551 2905 2619; x_wconf 80' lang='lat' dir='ltr'><strong>tribuit,</strong></span> <span class='ocrx_word' id='word_1_543' title='bbox 2935 2550 3165 2604; x_wconf 77' lang='lat' dir='ltr'><strong>Joannes</strong></span> <span class='ocrx_word' id='word_1_544' title='bbox 3206 2551 3489 2605; x_wconf 73' lang='lat' dir='ltr'><strong>Cassianus</strong></span> <span class='ocrx_word' id='word_1_545' title='bbox 3511 2592 3527 2615; x_wconf 89' lang='lat'><strong>,</strong></span> 
     </span>
    </p>
   </div>
   <div class='ocr_carea' id='block_1_74' title="bbox 1976 2620 3531 2691">
    <p class='ocr_par' dir='ltr' id='par_1_74' title="bbox 1976 2620 3531 2691">
     <span class='ocr_line' id='line_1_74' title="bbox 1976 2620 3531 2691; baseline 0 -16"><span class='ocrx_word' id='word_1_546' title='bbox 1976 2639 2093 2676; x_wconf 89' lang='lat' dir='ltr'><strong>cum</strong></span> <span class='ocrx_word' id='word_1_547' title='bbox 2118 2624 2323 2677; x_wconf 84' lang='lat' dir='ltr'><strong>dicebat</strong></span> <span class='ocrx_word' id='word_1_548' title='bbox 2352 2622 2487 2691; x_wconf 82' lang='lat' dir='ltr'><strong>(Lib.</strong></span> <span class='ocrx_word' id='word_1_549' title='bbox 2519 2638 2618 2685; x_wconf 80' lang='lat' dir='ltr'><strong>xit,</strong></span> <span class='ocrx_word' id='word_1_550' title='bbox 2649 2639 2694 2674; x_wconf 75' lang='grc' dir='ltr'>ε.</span> <span class='ocrx_word' id='word_1_551' title='bbox 2722 2623 2810 2689; x_wconf 77' lang='lat' dir='ltr'><strong>to)</strong></span> <span class='ocrx_word' id='word_1_552' title='bbox 2846 2640 2856 2673; x_wconf 91' lang='lat'><strong>:</strong></span> <span class='ocrx_word' id='word_1_553' title='bbox 2897 2642 2914 2671; x_wconf 80' lang='grc' dir='ltr'><strong>ι</strong></span> <span class='ocrx_word' id='word_1_554' title='bbox 2954 2620 3064 2673; x_wconf 85' lang='lat' dir='ltr'><strong>Non</strong></span> <span class='ocrx_word' id='word_1_555' title='bbox 3095 2630 3265 2674; x_wconf 81' lang='lat' dir='ltr'><strong>Solum</strong></span> <span class='ocrx_word' id='word_1_556' title='bbox 3305 2635 3531 2690; x_wconf 83' lang='lat' dir='ltr'><strong>namque</strong></span> 
     </span>
    </p>
   </div>
   <div class='ocr_carea' id='block_1_75' title="bbox 1979 2691 3532 2763">
    <p class='ocr_par' dir='ltr' id='par_1_75' title="bbox 1979 2691 3532 2763">
     <span class='ocr_line' id='line_1_75' title="bbox 1979 2691 3532 2763; baseline 0.002 -20"><span class='ocrx_word' id='word_1_557' title='bbox 1979 2699 2141 2763; x_wconf 85' lang='lat' dir='ltr'><strong>ipsam</strong></span> <span class='ocrx_word' id='word_1_558' title='bbox 2175 2694 2549 2763; x_wconf 77' lang='lat' dir='ltr'><strong>perfectionem</strong></span> <span class='ocrx_word' id='word_1_559' title='bbox 2580 2703 2790 2759; x_wconf 82' lang='lat' dir='ltr'><strong>oportet</strong></span> <span class='ocrx_word' id='word_1_560' title='bbox 2812 2695 3030 2745; x_wconf 78' lang='lat' dir='ltr'><strong>credere</strong></span> <span class='ocrx_word' id='word_1_561' title='bbox 3063 2703 3243 2745; x_wconf 87' lang='lat' dir='ltr'><strong>nostra</strong></span> <span class='ocrx_word' id='word_1_562' title='bbox 3275 2691 3532 2747; x_wconf 80' lang='lat' dir='ltr'><strong>industria</strong></span> 
     </span>
    </p>
   </div>
   <div class='ocr_carea' id='block_1_76' title="bbox 1979 2711 3532 2831">
    <p class='ocr_par' dir='ltr' id='par_1_76' title="bbox 1979 2711 3532 2831">
     <span class='ocr_line' id='line_1_76' title="bbox 1979 2711 3532 2763; baseline 0.002 -20"><span class='ocrx_word' id='word_1_563' title='bbox 1979 2711 2141 2763; x_wconf 83' lang='lat' dir='ltr'><strong>ipsam</strong></span> <span class='ocrx_word' id='word_1_564' title='bbox 2208 2711 2549 2748; x_wconf 69' lang='lat' dir='ltr'><strong>CI&#39;ICCIIUIICID</strong></span> <span class='ocrx_word' id='word_1_565' title='bbox 2580 2711 2790 2759; x_wconf 64' lang='grc' dir='ltr'>σινοΐιιξι</span> <span class='ocrx_word' id='word_1_566' title='bbox 2812 2711 3030 2745; x_wconf 80' lang='lat' dir='ltr'><strong>credere</strong></span> <span class='ocrx_word' id='word_1_567' title='bbox 3063 2711 3243 2745; x_wconf 72' lang='lat' dir='ltr'><strong>[IUSll&#39;a</strong></span> <span class='ocrx_word' id='word_1_568' title='bbox 3275 2711 3532 2747; x_wconf 69' lang='grc' dir='ltr'><strong>ΙΙΙυυδιΙῚἊ</strong></span> 
     </span>
     <span class='ocr_line' id='line_1_77' title="bbox 1979 2711 3532 2831; baseline -0.005 -14"><span class='ocrx_word' id='word_1_569' title='bbox 1979 2781 2074 2817; x_wconf 82' lang='lat' dir='ltr'><strong>nos</strong></span> <span class='ocrx_word' id='word_1_570' title='bbox 2104 2711 2384 2817; x_wconf 57' lang='lat' dir='ltr'><strong>vertaliore</strong></span> <span class='ocrx_word' id='word_1_571' title='bbox 2415 2764 2685 2831; x_wconf 87' lang='lat' dir='ltr'><strong>possidere</strong></span> <span class='ocrx_word' id='word_1_572' title='bbox 2713 2778 2815 2814; x_wconf 89' lang='lat' dir='ltr'><strong>non</strong></span> <span class='ocrx_word' id='word_1_573' title='bbox 2843 2777 3025 2829; x_wconf 82' lang='lat' dir='ltr'><strong>posse;</strong></span> <span class='ocrx_word' id='word_1_574' title='bbox 3056 2765 3148 2814; x_wconf 88' lang='lat' dir='ltr'><strong>sed</strong></span> <span class='ocrx_word' id='word_1_575' title='bbox 3181 2778 3245 2813; x_wconf 90' lang='lat' dir='ltr'><strong>ne</strong></span> <span class='ocrx_word' id='word_1_576' title='bbox 3273 2765 3385 2814; x_wconf 67' lang='lat' dir='ltr'><strong>haec</strong></span> <span class='ocrx_word' id='word_1_577' title='bbox 3412 2778 3532 2829; x_wconf 84' lang='lat' dir='ltr'><strong>qni-</strong></span> 
     </span>
    </p>
   </div>
   <div class='ocr_carea' id='block_1_77' title="bbox 1976 2830 3531 2904">
    <p class='ocr_par' dir='ltr' id='par_1_77' title="bbox 1976 2830 3531 2904">
     <span class='ocr_line' id='line_1_78' title="bbox 1976 2830 3531 2904; baseline -0.003 -17"><span class='ocrx_word' id='word_1_578' title='bbox 1976 2836 2095 2888; x_wconf 90' lang='lat' dir='ltr'><strong>dein</strong></span> <span class='ocrx_word' id='word_1_579' title='bbox 2117 2835 2252 2904; x_wconf 86' lang='lat' dir='ltr'><strong>ipsa,</strong></span> <span class='ocrx_word' id='word_1_580' title='bbox 2275 2850 2393 2902; x_wconf 77' lang='lat' dir='ltr'><strong>quae</strong></span> <span class='ocrx_word' id='word_1_581' title='bbox 2418 2830 2559 2887; x_wconf 83' lang='lat' dir='ltr'><strong>illius</strong></span> <span class='ocrx_word' id='word_1_582' title='bbox 2587 2846 2896 2886; x_wconf 77' lang='lat' dir='ltr'><strong>exercemus</strong></span> <span class='ocrx_word' id='word_1_583' title='bbox 2926 2836 3165 2904; x_wconf 87' lang='lat' dir='ltr'><strong>obtentu,</strong></span> <span class='ocrx_word' id='word_1_584' title='bbox 3196 2832 3244 2883; x_wconf 89' lang='lat' dir='ltr'><strong>id</strong></span> <span class='ocrx_word' id='word_1_585' title='bbox 3282 2844 3364 2904; x_wconf 76' lang='lat' dir='ltr'><strong>eSt</strong></span> <span class='ocrx_word' id='word_1_586' title='bbox 3386 2830 3531 2884; x_wconf 79' lang='lat' dir='ltr'><strong>lbo-</strong></span> 
     </span>
    </p>
   </div>
   <div class='ocr_carea' id='block_1_78' title="bbox 1978 2900 3529 2969">
    <p class='ocr_par' dir='ltr' id='par_1_78' title="bbox 1978 2900 3529 2969">
     <span class='ocr_line' id='line_1_79' title="bbox 1978 2900 3529 2969; baseline -0.001 -14"><span class='ocrx_word' id='word_1_587' title='bbox 1978 2920 2085 2968; x_wconf 89' lang='lat' dir='ltr'><strong>res,</strong></span> <span class='ocrx_word' id='word_1_588' title='bbox 2118 2900 2443 2969; x_wconf 63' lang='lat' dir='ltr'><strong>conatusque</strong></span> <span class='ocrx_word' id='word_1_589' title='bbox 2470 2915 2699 2966; x_wconf 84' lang='lat' dir='ltr'><strong>nostros,</strong></span> <span class='ocrx_word' id='word_1_590' title='bbox 2720 2917 2781 2954; x_wconf 85' lang='lat' dir='ltr'><strong>ac</strong></span> <span class='ocrx_word' id='word_1_591' title='bbox 2810 2903 3007 2967; x_wconf 71' lang='grc' dir='ltr'>ειιιάικι,</span> <span class='ocrx_word' id='word_1_592' title='bbox 3035 2905 3148 2955; x_wconf 88' lang='lat' dir='ltr'><strong>sine</strong></span> <span class='ocrx_word' id='word_1_593' title='bbox 3187 2900 3380 2955; x_wconf 71' lang='lat' dir='ltr'><strong>divinae</strong></span> <span class='ocrx_word' id='word_1_594' title='bbox 3409 2918 3529 2967; x_wconf 91' lang='lat' dir='ltr'><strong>pro-</strong></span> 
     </span>
    </p>
   </div>
   <div class='ocr_carea' id='block_1_79' title="bbox 1978 2970 3524 3042">
    <p class='ocr_par' dir='ltr' id='par_1_79' title="bbox 1978 2970 3524 3042">
     <span class='ocr_line' id='line_1_80' title="bbox 1978 2970 3524 3042; baseline -0.003 -14"><span class='ocrx_word' id='word_1_595' title='bbox 1978 2975 2220 3028; x_wconf 68' lang='grc' dir='ltr'>ιιιειιοειὶς</span> <span class='ocrx_word' id='word_1_596' title='bbox 2251 2975 2469 3036; x_wconf 81' lang='lat' dir='ltr'><strong>auxilio,</strong></span> <span class='ocrx_word' id='word_1_597' title='bbox 2513 2974 2973 3042; x_wconf 74' lang='lat' dir='ltr'><strong>inspirationisque</strong></span> <span class='ocrx_word' id='word_1_598' title='bbox 3002 2974 3136 3039; x_wconf 74' lang='lat' dir='ltr'><strong>ejus,</strong></span> <span class='ocrx_word' id='word_1_599' title='bbox 3159 2970 3524 3041; x_wconf 74' lang='lat' dir='ltr'><strong>castigatimiis</strong></span> 
     </span>
    </p>
   </div>
   <div class='ocr_carea' id='block_1_80' title="bbox 1977 3044 3525 3113">
    <p class='ocr_par' dir='ltr' id='par_1_80' title="bbox 1977 3044 3525 3113">
     <span class='ocr_line' id='line_1_81' title="bbox 1977 3044 3525 3113; baseline -0.001 -17"><span class='ocrx_word' id='word_1_600' title='bbox 1977 3057 2134 3113; x_wconf 88' lang='lat' dir='ltr'><strong>atque</strong></span> <span class='ocrx_word' id='word_1_601' title='bbox 2173 3045 2555 3100; x_wconf 73' lang='lat' dir='ltr'><strong>exhortationis</strong></span> <span class='ocrx_word' id='word_1_602' title='bbox 2604 3044 2773 3112; x_wconf 86' lang='lat' dir='ltr'><strong>gratia</strong></span> <span class='ocrx_word' id='word_1_603' title='bbox 2808 3044 3088 3105; x_wconf 79' lang='lat' dir='ltr'><strong>peiticere,</strong></span> <span class='ocrx_word' id='word_1_604' title='bbox 3130 3053 3288 3110; x_wconf 74' lang='lat' dir='ltr'><strong>quam</strong></span> <span class='ocrx_word' id='word_1_605' title='bbox 3320 3044 3525 3095; x_wconf 81' lang='lat' dir='ltr'><strong>scilicet</strong></span> 
     </span>
    </p>
   </div>
   <div class='ocr_carea' id='block_1_81' title="bbox 321 3114 3527 3196">
    <p class='ocr_par' dir='ltr' id='par_1_81' title="bbox 321 3114 3527 3196">
     <span class='ocr_line' id='line_1_82' title="bbox 321 3114 3527 3196; baseline -0.001 -30"><span class='ocrx_word' id='word_1_606' title='bbox 321 3115 462 3166; x_wconf 59' lang='lat' dir='ltr'><strong>inter</strong></span> <span class='ocrx_word' id='word_1_607' title='bbox 486 3116 587 3196; x_wconf 77' lang='lat' dir='ltr'><strong>alia</strong></span> <span class='ocrx_word' id='word_1_608' title='bbox 616 3117 726 3196; x_wconf 46' lang='lat' dir='ltr'><strong>haec</strong></span> <span class='ocrx_word' id='word_1_609' title='bbox 752 3115 910 3167; x_wconf 86' lang='lat' dir='ltr'><strong>habet</strong></span> <span class='ocrx_word' id='word_1_610' title='bbox 940 3131 953 3169; x_wconf 88' lang='lat'><strong>;</strong></span> <span class='ocrx_word' id='word_1_611' title='bbox 992 3133 1009 3163; x_wconf 78' lang='grc' dir='ltr'><strong>ι</strong></span> <span class='ocrx_word' id='word_1_612' title='bbox 1036 3115 1088 3167; x_wconf 83' lang='lat' dir='ltr'><strong>lo</strong></span> <span class='ocrx_word' id='word_1_613' title='bbox 1114 3115 1316 3180; x_wconf 85' lang='lat' dir='ltr'><strong>primis,</strong></span> <span class='ocrx_word' id='word_1_614' title='bbox 1338 3114 1409 3166; x_wconf 82' lang='lat' dir='ltr'><strong>liti</strong></span> <span class='ocrx_word' id='word_1_615' title='bbox 1438 3118 1736 3196; x_wconf 79' lang='lat' dir='ltr'><strong>quicunque</strong></span> <span class='ocrx_word' id='word_1_616' title='bbox 1759 3133 1870 3170; x_wconf 76' lang='lat' dir='ltr'><strong>nia-</strong></span> <span class='ocrx_word' id='word_1_617' title='bbox 1897 3124 1941 3185; x_wconf 71' lang='grc' dir='ltr'>ρ</span> <span class='ocrx_word' id='word_1_618' title='bbox 1973 3117 2219 3196; x_wconf 79' lang='lat' dir='ltr'><strong>cordibus</strong></span> <span class='ocrx_word' id='word_1_619' title='bbox 2246 3119 2460 3196; x_wconf 75' lang='lat' dir='ltr'><strong>nostris,</strong></span> <span class='ocrx_word' id='word_1_620' title='bbox 2489 3115 2569 3166; x_wconf 85' lang='lat' dir='ltr'><strong>vel</strong></span> <span class='ocrx_word' id='word_1_621' title='bbox 2603 3130 2695 3196; x_wconf 77' lang='lat' dir='ltr'><strong>per</strong></span> <span class='ocrx_word' id='word_1_622' title='bbox 2721 3116 2881 3166; x_wconf 86' lang='lat' dir='ltr'><strong>alium</strong></span> <span class='ocrx_word' id='word_1_623' title='bbox 2906 3115 3083 3196; x_wconf 57' lang='lat' dir='ltr'><strong>solet,</strong></span> <span class='ocrx_word' id='word_1_624' title='bbox 3104 3121 3181 3165; x_wconf 88' lang='lat' dir='ltr'><strong>vet</strong></span> <span class='ocrx_word' id='word_1_625' title='bbox 3216 3122 3527 3196; x_wconf 59' lang='lat' dir='ltr'><strong>pet-&quot;semet-</strong></span> 
     </span>
    </p>
   </div>
   <div class='ocr_carea' id='block_1_82' title="bbox 320 3184 1869 3252">
    <p class='ocr_par' dir='ltr' id='par_1_82' title="bbox 320 3184 1869 3252">
     <span class='ocr_line' id='line_1_83' title="bbox 320 3184 1869 3252; baseline 0.005 -17"><span class='ocrx_word' id='word_1_626' title='bbox 320 3200 424 3235; x_wconf 85' lang='lat' dir='ltr'><strong>tius</strong></span> <span class='ocrx_word' id='word_1_627' title='bbox 452 3186 517 3238; x_wconf 86' lang='lat' dir='ltr'><strong>ad</strong></span> <span class='ocrx_word' id='word_1_628' title='bbox 544 3184 930 3252; x_wconf 83' lang='lat' dir='ltr'><strong>conﬂigendum</strong></span> <span class='ocrx_word' id='word_1_629' title='bbox 960 3199 1110 3250; x_wconf 82' lang='lat' dir='ltr'><strong>paras</strong></span> <span class='ocrx_word' id='word_1_630' title='bbox 1135 3201 1254 3237; x_wconf 91' lang='lat' dir='ltr'><strong>cuin</strong></span> <span class='ocrx_word' id='word_1_631' title='bbox 1292 3185 1534 3238; x_wconf 80' lang='lat' dir='ltr'><strong>invisibili</strong></span> <span class='ocrx_word' id='word_1_632' title='bbox 1565 3186 1717 3240; x_wconf 84' lang='lat' dir='ltr'><strong>hoste</strong></span> <span class='ocrx_word' id='word_1_633' title='bbox 1741 3202 1869 3242; x_wconf 85' lang='lat' dir='ltr'><strong>eon-</strong></span> 
     </span>
    </p>
   </div>
   <div class='ocr_carea' id='block_1_83' title="bbox 323 3258 1869 3326">
    <p class='ocr_par' dir='ltr' id='par_1_83' title="bbox 323 3258 1869 3326">
     <span class='ocr_line' id='line_1_84' title="bbox 323 3258 1869 3326; baseline 0.004 -21"><span class='ocrx_word' id='word_1_634' title='bbox 323 3271 506 3326; x_wconf 85' lang='lat' dir='ltr'><strong>serere</strong></span> <span class='ocrx_word' id='word_1_635' title='bbox 526 3295 541 3318; x_wconf 94' lang='lat'><strong>,</strong></span> <span class='ocrx_word' id='word_1_636' title='bbox 577 3270 757 3323; x_wconf 78' lang='lat' dir='ltr'><strong>satage</strong></span> <span class='ocrx_word' id='word_1_637' title='bbox 785 3267 1015 3309; x_wconf 87' lang='lat' dir='ltr'><strong>mentem</strong></span> <span class='ocrx_word' id='word_1_638' title='bbox 1046 3267 1184 3307; x_wconf 87' lang='lat' dir='ltr'><strong>tuam</strong></span> <span class='ocrx_word' id='word_1_639' title='bbox 1212 3258 1278 3307; x_wconf 86' lang='lat' dir='ltr'><strong>ab</strong></span> <span class='ocrx_word' id='word_1_640' title='bbox 1307 3259 1448 3306; x_wconf 90' lang='lat' dir='ltr'><strong>omni</strong></span> <span class='ocrx_word' id='word_1_641' title='bbox 1476 3258 1869 3326; x_wconf 73' lang='lat' dir='ltr'><strong>suggestionnin</strong></span> 
     </span>
    </p>
   </div>
   <div class='ocr_carea' id='block_1_84' title="bbox 318 3325 1869 3392">
    <p class='ocr_par' dir='ltr' id='par_1_84' title="bbox 318 3325 1869 3392">
     <span class='ocr_line' id='line_1_85' title="bbox 318 3325 1869 3392; baseline 0.004 -15"><span class='ocrx_word' id='word_1_642' title='bbox 318 3325 693 3392; x_wconf 82' lang='lat' dir='ltr'><strong>obrepenttntn</strong></span> <span class='ocrx_word' id='word_1_643' title='bbox 734 3326 930 3387; x_wconf 62' lang='lat' dir='ltr'><strong>impetu</strong></span> <span class='ocrx_word' id='word_1_644' title='bbox 974 3326 1206 3392; x_wconf 74' lang='lat' dir='ltr'><strong>pervigili</strong></span> <span class='ocrx_word' id='word_1_645' title='bbox 1253 3326 1487 3379; x_wconf 79' lang='lat' dir='ltr'><strong>ettstodia</strong></span> <span class='ocrx_word' id='word_1_646' title='bbox 1521 3325 1869 3392; x_wconf 20' lang='lat' dir='ltr'><strong>toitttninnire,</strong></span> 
     </span>
    </p>
   </div>
   <div class='ocr_carea' id='block_1_85' title="bbox 321 3396 1872 3465">
    <p class='ocr_par' dir='ltr' id='par_1_85' title="bbox 321 3396 1872 3465">
     <span class='ocr_line' id='line_1_86' title="bbox 321 3396 1872 3465; baseline 0.005 -20"><span class='ocrx_word' id='word_1_647' title='bbox 321 3408 374 3446; x_wconf 88' lang='lat' dir='ltr'><strong>et</strong></span> <span class='ocrx_word' id='word_1_648' title='bbox 405 3396 544 3448; x_wconf 79' lang='lat' dir='ltr'><strong>sicut</strong></span> <span class='ocrx_word' id='word_1_649' title='bbox 566 3396 878 3464; x_wconf 76' lang='lat' dir='ltr'><strong>quisquilias</strong></span> <span class='ocrx_word' id='word_1_650' title='bbox 900 3436 914 3457; x_wconf 90' lang='lat'><strong>,</strong></span> <span class='ocrx_word' id='word_1_651' title='bbox 946 3406 999 3449; x_wconf 90' lang='lat' dir='ltr'><strong>et</strong></span> <span class='ocrx_word' id='word_1_652' title='bbox 1028 3411 1247 3464; x_wconf 72' lang='lat' dir='ltr'><strong>qua:th</strong></span> <span class='ocrx_word' id='word_1_653' title='bbox 1275 3408 1632 3464; x_wconf 84' lang='lat' dir='ltr'><strong>purgamenta,</strong></span> <span class='ocrx_word' id='word_1_654' title='bbox 1659 3414 1776 3465; x_wconf 63' lang='lat' dir='ltr'><strong>qum</strong></span> <span class='ocrx_word' id='word_1_655' title='bbox 1806 3405 1872 3453; x_wconf 85' lang='lat' dir='ltr'><strong>de</strong></span> 
     </span>
    </p>
   </div>
   <div class='ocr_carea' id='block_1_86' title="bbox 318 3465 1871 3536">
    <p class='ocr_par' dir='ltr' id='par_1_86' title="bbox 318 3465 1871 3536">
     <span class='ocr_line' id='line_1_87' title="bbox 318 3465 1871 3536; baseline 0.006 -23"><span class='ocrx_word' id='word_1_656' title='bbox 318 3466 573 3531; x_wconf 86' lang='lat' dir='ltr'><strong>operibus</strong></span> <span class='ocrx_word' id='word_1_657' title='bbox 602 3481 849 3519; x_wconf 84' lang='lat' dir='ltr'><strong>uiantium</strong></span> <span class='ocrx_word' id='word_1_658' title='bbox 883 3476 1086 3519; x_wconf 88' lang='lat' dir='ltr'><strong>tuarum</strong></span> <span class='ocrx_word' id='word_1_659' title='bbox 1119 3470 1388 3529; x_wconf 83' lang='lat' dir='ltr'><strong>tleciiluiit,</strong></span> <span class='ocrx_word' id='word_1_660' title='bbox 1430 3465 1481 3519; x_wconf 87' lang='lat' dir='ltr'><strong>in</strong></span> <span class='ocrx_word' id='word_1_661' title='bbox 1504 3466 1673 3533; x_wconf 76' lang='lat' dir='ltr'><strong>ignem</strong></span> <span class='ocrx_word' id='word_1_662' title='bbox 1710 3474 1871 3536; x_wconf 71' lang='lat' dir='ltr'><strong>protio</strong></span> 
     </span>
    </p>
   </div>
   <div class='ocr_carea' id='block_1_87' title="bbox 318 3537 1869 3605">
    <p class='ocr_par' dir='ltr' id='par_1_87' title="bbox 318 3537 1869 3605">
     <span class='ocr_line' id='line_1_88' title="bbox 318 3537 1869 3605; baseline 0.003 -18"><span class='ocrx_word' id='word_1_663' title='bbox 318 3551 425 3588; x_wconf 86' lang='lat' dir='ltr'><strong>nus</strong></span> <span class='ocrx_word' id='word_1_664' title='bbox 448 3538 669 3603; x_wconf 63' lang='lat' dir='ltr'><strong>obiicis,</strong></span> <span class='ocrx_word' id='word_1_665' title='bbox 706 3538 773 3589; x_wconf 89' lang='lat' dir='ltr'><strong>ita</strong></span> <span class='ocrx_word' id='word_1_666' title='bbox 820 3537 1161 3589; x_wconf 77' lang='lat' dir='ltr'><strong>nihilominus</strong></span> <span class='ocrx_word' id='word_1_667' title='bbox 1199 3538 1570 3605; x_wconf 86' lang='lat' dir='ltr'><strong>cogitationum</strong></span> <span class='ocrx_word' id='word_1_668' title='bbox 1603 3553 1777 3592; x_wconf 86' lang='lat' dir='ltr'><strong>motus</strong></span> <span class='ocrx_word' id='word_1_669' title='bbox 1820 3542 1869 3592; x_wconf 91' lang='lat' dir='ltr'><strong>iu</strong></span> 
     </span>
    </p>
   </div>
   <div class='ocr_carea' id='block_1_88' title="bbox 324 3607 1870 3675">
    <p class='ocr_par' dir='ltr' id='par_1_88' title="bbox 324 3607 1870 3675">
     <span class='ocr_line' id='line_1_89' title="bbox 324 3607 1870 3675; baseline 0.004 -18"><span class='ocrx_word' id='word_1_670' title='bbox 324 3610 489 3658; x_wconf 83' lang='lat' dir='ltr'><strong>Dento</strong></span> <span class='ocrx_word' id='word_1_671' title='bbox 520 3607 745 3674; x_wconf 82' lang='lat' dir='ltr'><strong>projice;</strong></span> <span class='ocrx_word' id='word_1_672' title='bbox 775 3617 826 3660; x_wconf 91' lang='lat' dir='ltr'><strong>et</strong></span> <span class='ocrx_word' id='word_1_673' title='bbox 854 3609 1100 3671; x_wconf 85' lang='lat' dir='ltr'><strong>quoniam</strong></span> <span class='ocrx_word' id='word_1_674' title='bbox 1132 3607 1263 3675; x_wconf 82' lang='lat' dir='ltr'><strong>ignis</strong></span> <span class='ocrx_word' id='word_1_675' title='bbox 1306 3624 1621 3661; x_wconf 74' lang='lat' dir='ltr'><strong>consumens</strong></span> <span class='ocrx_word' id='word_1_676' title='bbox 1651 3620 1759 3674; x_wconf 89' lang='lat' dir='ltr'><strong>est,</strong></span> <span class='ocrx_word' id='word_1_677' title='bbox 1795 3610 1870 3663; x_wconf 87' lang='lat' dir='ltr'><strong>illi</strong></span> 
     </span>
    </p>
   </div>
   <div class='ocr_carea' id='block_1_89' title="bbox 318 3677 1871 3744">
    <p class='ocr_par' dir='ltr' id='par_1_89' title="bbox 318 3677 1871 3744">
     <span class='ocr_line' id='line_1_90' title="bbox 318 3677 1871 3744; baseline 0.003 -16"><span class='ocrx_word' id='word_1_678' title='bbox 318 3677 586 3744; x_wconf 85' lang='lat' dir='ltr'><strong>snperllua</strong></span> <span class='ocrx_word' id='word_1_679' title='bbox 619 3680 789 3730; x_wconf 88' lang='lat' dir='ltr'><strong>cordis</strong></span> <span class='ocrx_word' id='word_1_680' title='bbox 821 3677 892 3729; x_wconf 90' lang='lat' dir='ltr'><strong>tui</strong></span> <span class='ocrx_word' id='word_1_681' title='bbox 921 3680 985 3730; x_wconf 88' lang='lat' dir='ltr'><strong>ad</strong></span> <span class='ocrx_word' id='word_1_682' title='bbox 1013 3677 1425 3731; x_wconf 75' lang='lat' dir='ltr'><strong>tonsuiiieodotn</strong></span> <span class='ocrx_word' id='word_1_683' title='bbox 1461 3680 1637 3740; x_wconf 83' lang='lat' dir='ltr'><strong>trade,</strong></span> <span class='ocrx_word' id='word_1_684' title='bbox 1671 3696 1871 3733; x_wconf 85' lang='lat' dir='ltr'><strong>inemo-</strong></span> 
     </span>
    </p>
   </div>
   <div class='ocr_carea' id='block_1_90' title="bbox 321 3747 1871 3814">
    <p class='ocr_par' dir='ltr' id='par_1_90' title="bbox 321 3747 1871 3814">
     <span class='ocr_line' id='line_1_91' title="bbox 321 3747 1871 3814; baseline 0.003 -15"><span class='ocrx_word' id='word_1_685' title='bbox 321 3760 449 3799; x_wconf 82' lang='lat' dir='ltr'><strong>rans</strong></span> <span class='ocrx_word' id='word_1_686' title='bbox 478 3747 603 3799; x_wconf 78' lang='lat' dir='ltr'><strong>illud</strong></span> <span class='ocrx_word' id='word_1_687' title='bbox 647 3756 989 3814; x_wconf 72' lang='lat' dir='ltr'><strong>apostolicum</strong></span> <span class='ocrx_word' id='word_1_688' title='bbox 1024 3765 1035 3799; x_wconf 95' lang='lat'>:</span> <span class='ocrx_word' id='word_1_689' title='bbox 1066 3751 1285 3801; x_wconf 87' lang='lat' dir='ltr'><strong>Uiiinetn</strong></span> <span class='ocrx_word' id='word_1_690' title='bbox 1331 3750 1734 3802; x_wconf 79' lang='lat' dir='ltr'><strong>sollicitudiiicn</strong></span> <span class='ocrx_word' id='word_1_691' title='bbox 1783 3766 1871 3804; x_wconf 82' lang='lat' dir='ltr'><strong>ve-</strong></span> 
     </span>
    </p>
   </div>
   <div class='ocr_carea' id='block_1_91' title="bbox 317 3817 1872 3890">
    <p class='ocr_par' dir='ltr' id='par_1_91' title="bbox 317 3817 1872 3890">
     <span class='ocr_line' id='line_1_92' title="bbox 317 3817 1872 3890; baseline 0.005 -23"><span class='ocrx_word' id='word_1_692' title='bbox 317 3829 488 3869; x_wconf 81' lang='lat' dir='ltr'><strong>stram</strong></span> <span class='ocrx_word' id='word_1_693' title='bbox 522 3817 860 3890; x_wconf 84' lang='lat' dir='ltr'><strong>projicieutes</strong></span> <span class='ocrx_word' id='word_1_694' title='bbox 882 3819 931 3869; x_wconf 90' lang='lat' dir='ltr'><strong>iii</strong></span> <span class='ocrx_word' id='word_1_695' title='bbox 958 3835 1076 3871; x_wconf 89' lang='lat' dir='ltr'><strong>eum</strong></span> <span class='ocrx_word' id='word_1_696' title='bbox 1101 3834 1114 3881; x_wconf 91' lang='lat'><strong>;</strong></span> <span class='ocrx_word' id='word_1_697' title='bbox 1142 3828 1195 3890; x_wconf 89' lang='lat' dir='ltr'><strong>et</strong></span> <span class='ocrx_word' id='word_1_698' title='bbox 1218 3820 1487 3883; x_wconf 60' lang='lat' dir='ltr'><strong>proiiheta:</strong></span> <span class='ocrx_word' id='word_1_699' title='bbox 1512 3835 1522 3868; x_wconf 86' lang='lat'>:</span> <span class='ocrx_word' id='word_1_700' title='bbox 1555 3820 1699 3872; x_wconf 71' lang='lat' dir='ltr'><strong>laeta</strong></span> <span class='ocrx_word' id='word_1_701' title='bbox 1727 3822 1872 3890; x_wconf 83' lang='lat' dir='ltr'><strong>cogi-</strong></span> 
     </span>
    </p>
   </div>
   <div class='ocr_carea' id='block_1_92' title="bbox 320 3889 1870 3953">
    <p class='ocr_par' dir='ltr' id='par_1_92' title="bbox 320 3889 1870 3953">
     <span class='ocr_line' id='line_1_93' title="bbox 320 3889 1870 3953; baseline 0.004 -15"><span class='ocrx_word' id='word_1_702' title='bbox 320 3897 488 3939; x_wconf 78' lang='lat' dir='ltr'><strong>tatum</strong></span> <span class='ocrx_word' id='word_1_703' title='bbox 520 3899 664 3941; x_wconf 85' lang='lat' dir='ltr'><strong>tuum</strong></span> <span class='ocrx_word' id='word_1_704' title='bbox 708 3889 759 3941; x_wconf 90' lang='lat' dir='ltr'><strong>iti</strong></span> <span class='ocrx_word' id='word_1_705' title='bbox 808 3889 1060 3951; x_wconf 87' lang='lat' dir='ltr'><strong>Dotnino,</strong></span> <span class='ocrx_word' id='word_1_706' title='bbox 1092 3902 1144 3941; x_wconf 87' lang='lat' dir='ltr'><strong>et</strong></span> <span class='ocrx_word' id='word_1_707' title='bbox 1173 3889 1284 3953; x_wconf 86' lang='lat' dir='ltr'><strong>ipse</strong></span> <span class='ocrx_word' id='word_1_708' title='bbox 1317 3899 1365 3941; x_wconf 89' lang='lat' dir='ltr'><strong>te</strong></span> <span class='ocrx_word' id='word_1_709' title='bbox 1394 3891 1693 3943; x_wconf 85' lang='lat' dir='ltr'><strong>euiitriei...</strong></span> <span class='ocrx_word' id='word_1_710' title='bbox 1730 3889 1870 3944; x_wconf 81' lang='lat' dir='ltr'><strong>Pone</strong></span> 
     </span>
    </p>
   </div>
   <div class='ocr_carea' id='block_1_93' title="bbox 319 3958 1868 4026">
    <p class='ocr_par' dir='ltr' id='par_1_93' title="bbox 319 3958 1868 4026">
     <span class='ocr_line' id='line_1_94' title="bbox 319 3958 1868 4026; baseline 0.005 -19"><span class='ocrx_word' id='word_1_711' title='bbox 319 3958 666 4011; x_wconf 83' lang='lat' dir='ltr'><strong>tentatioueto</strong></span> <span class='ocrx_word' id='word_1_712' title='bbox 689 3960 836 4023; x_wconf 86' lang='lat' dir='ltr'><strong>quasi</strong></span> <span class='ocrx_word' id='word_1_713' title='bbox 857 3971 1153 4025; x_wconf 74' lang='lat' dir='ltr'><strong>serpentem</strong></span> <span class='ocrx_word' id='word_1_714' title='bbox 1175 3976 1187 4010; x_wconf 88' lang='lat'><strong>:</strong></span> <span class='ocrx_word' id='word_1_715' title='bbox 1206 3975 1393 4026; x_wconf 86' lang='lat' dir='ltr'><strong>nempe</strong></span> <span class='ocrx_word' id='word_1_716' title='bbox 1409 3962 1449 4010; x_wconf 86' lang='lat' dir='ltr'><strong>si</strong></span> <span class='ocrx_word' id='word_1_717' title='bbox 1472 3963 1537 4011; x_wconf 85' lang='lat' dir='ltr'><strong>ab</strong></span> <span class='ocrx_word' id='word_1_718' title='bbox 1560 3976 1669 4026; x_wconf 79' lang='lat' dir='ltr'><strong>ipso</strong></span> <span class='ocrx_word' id='word_1_719' title='bbox 1690 3964 1868 4015; x_wconf 87' lang='lat' dir='ltr'><strong>auditu</strong></span> 
     </span>
    </p>
   </div>
   <div class='ocr_carea' id='block_1_94' title="bbox 318 4029 1872 4095">
    <p class='ocr_par' dir='ltr' id='par_1_94' title="bbox 318 4029 1872 4095">
     <span class='ocr_line' id='line_1_95' title="bbox 318 4029 1872 4095; baseline 0.001 -14"><span class='ocrx_word' id='word_1_720' title='bbox 318 4032 500 4081; x_wconf 82' lang='lat' dir='ltr'><strong>statim</strong></span> <span class='ocrx_word' id='word_1_721' title='bbox 532 4030 817 4095; x_wconf 83' lang='lat' dir='ltr'><strong>repellitur,</strong></span> <span class='ocrx_word' id='word_1_722' title='bbox 844 4044 969 4081; x_wconf 83' lang='lat' dir='ltr'><strong>sana</strong></span> <span class='ocrx_word' id='word_1_723' title='bbox 992 4041 1116 4081; x_wconf 82' lang='lat' dir='ltr'><strong>sunt</strong></span> <span class='ocrx_word' id='word_1_724' title='bbox 1138 4032 1336 4093; x_wconf 89' lang='lat' dir='ltr'><strong>omnia,</strong></span> <span class='ocrx_word' id='word_1_725' title='bbox 1359 4029 1488 4082; x_wconf 87' lang='lat' dir='ltr'><strong>nihil</strong></span> <span class='ocrx_word' id='word_1_726' title='bbox 1516 4034 1730 4082; x_wconf 83' lang='lat' dir='ltr'><strong>oiunino</strong></span> <span class='ocrx_word' id='word_1_727' title='bbox 1751 4047 1872 4085; x_wconf 82' lang='lat' dir='ltr'><strong>cor-</strong></span> 
     </span>
    </p>
   </div>
   <div class='ocr_carea' id='block_1_95' title="bbox 323 4099 1869 4167">
    <p class='ocr_par' dir='ltr' id='par_1_95' title="bbox 323 4099 1869 4167">
     <span class='ocr_line' id='line_1_96' title="bbox 323 4099 1869 4167; baseline 0.003 -16"><span class='ocrx_word' id='word_1_728' title='bbox 323 4102 605 4165; x_wconf 86' lang='lat' dir='ltr'><strong>rumpitur.</strong></span> <span class='ocrx_word' id='word_1_729' title='bbox 637 4099 768 4151; x_wconf 90' lang='lat' dir='ltr'><strong>nihil</strong></span> <span class='ocrx_word' id='word_1_730' title='bbox 798 4116 978 4151; x_wconf 71' lang='lat' dir='ltr'><strong>eorum</strong></span> <span class='ocrx_word' id='word_1_731' title='bbox 1007 4116 1122 4167; x_wconf 77' lang='lat' dir='ltr'><strong>qua:</strong></span> <span class='ocrx_word' id='word_1_732' title='bbox 1152 4100 1290 4152; x_wconf 89' lang='lat' dir='ltr'><strong>intus</strong></span> <span class='ocrx_word' id='word_1_733' title='bbox 1318 4111 1440 4152; x_wconf 87' lang='lat' dir='ltr'><strong>sunt</strong></span> <span class='ocrx_word' id='word_1_734' title='bbox 1461 4100 1791 4166; x_wconf 70' lang='lat' dir='ltr'><strong>inquinatur;</strong></span> <span class='ocrx_word' id='word_1_735' title='bbox 1825 4105 1869 4156; x_wconf 90' lang='lat' dir='ltr'><strong>si</strong></span> 
     </span>
    </p>
   </div>
   <div class='ocr_carea' id='block_1_96' title="bbox 320 4169 1871 4237">
    <p class='ocr_par' dir='ltr' id='par_1_96' title="bbox 320 4169 1871 4237">
     <span class='ocr_line' id='line_1_97' title="bbox 320 4169 1871 4237; baseline 0.004 -19"><span class='ocrx_word' id='word_1_736' title='bbox 320 4180 500 4221; x_wconf 81' lang='lat' dir='ltr'><strong>autem</strong></span> <span class='ocrx_word' id='word_1_737' title='bbox 525 4172 687 4222; x_wconf 62' lang='lat' dir='ltr'><strong>semel</strong></span> <span class='ocrx_word' id='word_1_738' title='bbox 721 4169 875 4223; x_wconf 77' lang='lat' dir='ltr'><strong>fuerit</strong></span> <span class='ocrx_word' id='word_1_739' title='bbox 902 4173 1193 4231; x_wconf 68' lang='lat' dir='ltr'><strong>admissus,</strong></span> <span class='ocrx_word' id='word_1_740' title='bbox 1228 4176 1430 4222; x_wconf 85' lang='lat' dir='ltr'><strong>tametsi</strong></span> <span class='ocrx_word' id='word_1_741' title='bbox 1460 4170 1642 4237; x_wconf 78' lang='lat' dir='ltr'><strong>quavis</strong></span> <span class='ocrx_word' id='word_1_742' title='bbox 1668 4172 1871 4224; x_wconf 81' lang='lat' dir='ltr'><strong>instau-</strong></span> 
     </span>
    </p>
   </div>
   <div class='ocr_carea' id='block_1_97' title="bbox 320 4241 1871 4310">
    <p class='ocr_par' dir='ltr' id='par_1_97' title="bbox 320 4241 1871 4310">
     <span class='ocr_line' id='line_1_98' title="bbox 320 4241 1871 4310; baseline 0.006 -22"><span class='ocrx_word' id='word_1_743' title='bbox 320 4242 391 4291; x_wconf 82' lang='lat' dir='ltr'><strong>tia</strong></span> <span class='ocrx_word' id='word_1_744' title='bbox 426 4243 755 4306; x_wconf 81' lang='lat' dir='ltr'><strong>posmiodum</strong></span> <span class='ocrx_word' id='word_1_745' title='bbox 781 4244 927 4294; x_wconf 83' lang='lat' dir='ltr'><strong>abire</strong></span> <span class='ocrx_word' id='word_1_746' title='bbox 973 4252 1208 4307; x_wconf 86' lang='lat' dir='ltr'><strong>cogatur,</strong></span> <span class='ocrx_word' id='word_1_747' title='bbox 1233 4241 1298 4293; x_wconf 86' lang='lat' dir='ltr'><strong>de</strong></span> <span class='ocrx_word' id='word_1_748' title='bbox 1330 4255 1531 4294; x_wconf 90' lang='lat' dir='ltr'><strong>veneno</strong></span> <span class='ocrx_word' id='word_1_749' title='bbox 1558 4252 1729 4294; x_wconf 88' lang='lat' dir='ltr'><strong>tamen</strong></span> <span class='ocrx_word' id='word_1_750' title='bbox 1757 4246 1871 4310; x_wconf 83' lang='lat' dir='ltr'><strong>ejus</strong></span> 
     </span>
    </p>
   </div>
   <div class='ocr_carea' id='block_1_98' title="bbox 324 4310 1869 4378">
    <p class='ocr_par' dir='ltr' id='par_1_98' title="bbox 324 4310 1869 4378">
     <span class='ocr_line' id='line_1_99' title="bbox 324 4310 1869 4378; baseline 0.006 -21"><span class='ocrx_word' id='word_1_751' title='bbox 324 4310 406 4361; x_wconf 84' lang='lat' dir='ltr'><strong>vel</strong></span> <span class='ocrx_word' id='word_1_752' title='bbox 458 4316 691 4377; x_wconf 76' lang='lat' dir='ltr'><strong>squamis</strong></span> <span class='ocrx_word' id='word_1_753' title='bbox 741 4326 957 4363; x_wconf 85' lang='lat' dir='ltr'><strong>necesse</strong></span> <span class='ocrx_word' id='word_1_754' title='bbox 1003 4312 1101 4363; x_wconf 89' lang='lat' dir='ltr'><strong>erit</strong></span> <span class='ocrx_word' id='word_1_755' title='bbox 1145 4311 1339 4378; x_wconf 88' lang='lat' dir='ltr'><strong>aliquid</strong></span> <span class='ocrx_word' id='word_1_756' title='bbox 1394 4317 1472 4364; x_wconf 86' lang='lat' dir='ltr'><strong>vel</strong></span> <span class='ocrx_word' id='word_1_757' title='bbox 1532 4313 1869 4377; x_wconf 68' lang='lat' dir='ltr'><strong>perexiguum</strong></span> 
     </span>
    </p>
   </div>
   <div class='ocr_carea' id='block_1_99' title="bbox 320 4382 1869 4449">
    <p class='ocr_par' dir='ltr' id='par_1_99' title="bbox 320 4382 1869 4449">
     <span class='ocr_line' id='line_1_100' title="bbox 320 4382 1869 4449; baseline 0.001 -18"><span class='ocrx_word' id='word_1_758' title='bbox 320 4395 599 4432; x_wconf 80' lang='lat' dir='ltr'><strong>remanere</strong></span> <span class='ocrx_word' id='word_1_759' title='bbox 625 4394 637 4432; x_wconf 89' lang='lat'>:</span> <span class='ocrx_word' id='word_1_760' title='bbox 670 4396 797 4447; x_wconf 82' lang='lat' dir='ltr'><strong>ergo</strong></span> <span class='ocrx_word' id='word_1_761' title='bbox 825 4382 1081 4433; x_wconf 87' lang='lat' dir='ltr'><strong>sollicitus</strong></span> <span class='ocrx_word' id='word_1_762' title='bbox 1108 4390 1223 4433; x_wconf 80' lang='lat' dir='ltr'><strong>esto</strong></span> <span class='ocrx_word' id='word_1_763' title='bbox 1246 4422 1260 4444; x_wconf 92' lang='lat'><strong>,</strong></span> <span class='ocrx_word' id='word_1_764' title='bbox 1288 4392 1344 4434; x_wconf 93' lang='lat' dir='ltr'><strong>ut</strong></span> <span class='ocrx_word' id='word_1_765' title='bbox 1374 4382 1646 4435; x_wconf 86' lang='lat' dir='ltr'><strong>tentationi</strong></span> <span class='ocrx_word' id='word_1_766' title='bbox 1680 4383 1869 4449; x_wconf 74' lang='lat' dir='ltr'><strong>prium.</strong></span> 
     </span>
    </p>
   </div>
   <div class='ocr_carea' id='block_1_100' title="bbox 325 4450 1872 4521">
    <p class='ocr_par' dir='ltr' id='par_1_100' title="bbox 325 4450 1872 4521">
     <span class='ocr_line' id='line_1_101' title="bbox 325 4450 1872 4521; baseline 0.004 -20"><span class='ocrx_word' id='word_1_767' title='bbox 325 4450 415 4513; x_wconf 82' lang='lat' dir='ltr'><strong>pio</strong></span> <span class='ocrx_word' id='word_1_768' title='bbox 439 4460 671 4503; x_wconf 81' lang='lat' dir='ltr'><strong>nascenti</strong></span> <span class='ocrx_word' id='word_1_769' title='bbox 696 4452 838 4503; x_wconf 88' lang='lat' dir='ltr'><strong>velut</strong></span> <span class='ocrx_word' id='word_1_770' title='bbox 863 4464 1095 4503; x_wconf 86' lang='lat' dir='ltr'><strong>armatus</strong></span> <span class='ocrx_word' id='word_1_771' title='bbox 1119 4460 1173 4503; x_wconf 88' lang='lat' dir='ltr'><strong>et</strong></span> <span class='ocrx_word' id='word_1_772' title='bbox 1200 4452 1490 4519; x_wconf 83' lang='lat' dir='ltr'><strong>intrepidus</strong></span> <span class='ocrx_word' id='word_1_773' title='bbox 1521 4468 1789 4521; x_wconf 84' lang='lat' dir='ltr'><strong>occurras,</strong></span> <span class='ocrx_word' id='word_1_774' title='bbox 1818 4463 1872 4507; x_wconf 90' lang='lat' dir='ltr'><strong>et</strong></span> 
     </span>
    </p>
   </div>
   <div class='ocr_carea' id='block_1_101' title="bbox 322 4522 1864 4589">
    <p class='ocr_par' dir='ltr' id='par_1_101' title="bbox 322 4522 1864 4589">
     <span class='ocr_line' id='line_1_102' title="bbox 322 4522 1864 4589; baseline 0.003 -18"><span class='ocrx_word' id='word_1_775' title='bbox 322 4524 569 4585; x_wconf 82' lang='lat' dir='ltr'><strong>parvulos</strong></span> <span class='ocrx_word' id='word_1_776' title='bbox 597 4522 876 4573; x_wconf 83' lang='lat' dir='ltr'><strong>orientintn</strong></span> <span class='ocrx_word' id='word_1_777' title='bbox 906 4523 1278 4588; x_wconf 80' lang='lat' dir='ltr'><strong>cogitationum</strong></span> <span class='ocrx_word' id='word_1_778' title='bbox 1325 4535 1497 4575; x_wconf 85' lang='lat' dir='ltr'><strong>motus</strong></span> <span class='ocrx_word' id='word_1_779' title='bbox 1526 4523 1591 4574; x_wconf 74' lang='lat' dir='ltr'><strong>ad</strong></span> <span class='ocrx_word' id='word_1_780' title='bbox 1632 4539 1864 4589; x_wconf 68' lang='lat' dir='ltr'><strong>tie-tant,</strong></span> 
     </span>
    </p>
   </div>
   <div class='ocr_carea' id='block_1_102' title="bbox 321 4592 1868 4659">
    <p class='ocr_par' dir='ltr' id='par_1_102' title="bbox 321 4592 1868 4659">
     <span class='ocr_line' id='line_1_103' title="bbox 321 4592 1868 4659; baseline 0.005 -22"><span class='ocrx_word' id='word_1_781' title='bbox 321 4608 441 4653; x_wconf 72' lang='lat' dir='ltr'><strong>qua:</strong></span> <span class='ocrx_word' id='word_1_782' title='bbox 466 4603 548 4643; x_wconf 83' lang='lat' dir='ltr'><strong>est</strong></span> <span class='ocrx_word' id='word_1_783' title='bbox 584 4593 843 4650; x_wconf 57' lang='grc' dir='ltr'>ιὶιιτιςιιιμ,</span> <span class='ocrx_word' id='word_1_784' title='bbox 879 4594 1094 4651; x_wconf 83' lang='lat' dir='ltr'><strong>albdas,</strong></span> <span class='ocrx_word' id='word_1_785' title='bbox 1132 4611 1149 4641; x_wconf 80' lang='grc' dir='ltr'><strong>ι</strong></span> <span class='ocrx_word' id='word_1_786' title='bbox 1183 4595 1493 4645; x_wconf 80' lang='lat' dir='ltr'><strong>itntneusniii</strong></span> <span class='ocrx_word' id='word_1_787' title='bbox 1523 4592 1638 4659; x_wconf 84' lang='lat' dir='ltr'><strong>ejus</strong></span> <span class='ocrx_word' id='word_1_788' title='bbox 1664 4610 1782 4654; x_wconf 66' lang='lat' dir='ltr'><strong>crga</strong></span> <span class='ocrx_word' id='word_1_789' title='bbox 1817 4610 1868 4649; x_wconf 83' lang='lat' dir='ltr'><strong>te</strong></span> 
     </span>
    </p>
   </div>
   <div class='ocr_carea' id='block_1_103' title="bbox 323 4661 1869 4727">
    <p class='ocr_par' dir='ltr' id='par_1_103' title="bbox 323 4661 1869 4727">
     <span class='ocr_line' id='line_1_104' title="bbox 323 4661 1869 4727; baseline 0.006 -18"><span class='ocrx_word' id='word_1_790' title='bbox 323 4676 556 4714; x_wconf 77' lang='lat' dir='ltr'><strong>amorem</strong></span> <span class='ocrx_word' id='word_1_791' title='bbox 583 4661 874 4727; x_wconf 68' lang='lat' dir='ltr'><strong>stirpissiine</strong></span> <span class='ocrx_word' id='word_1_792' title='bbox 904 4665 1231 4721; x_wconf 80' lang='lat' dir='ltr'><strong>meditando,</strong></span> <span class='ocrx_word' id='word_1_793' title='bbox 1264 4680 1313 4715; x_wconf 78' lang='lat' dir='ltr'><strong>ei</strong></span> <span class='ocrx_word' id='word_1_794' title='bbox 1350 4664 1539 4715; x_wconf 85' lang='lat' dir='ltr'><strong>collata</strong></span> <span class='ocrx_word' id='word_1_795' title='bbox 1570 4664 1869 4718; x_wconf 83' lang='lat' dir='ltr'><strong>hominibus</strong></span> 
     </span>
    </p>
   </div>
   <div class='ocr_carea' id='block_1_104' title="bbox 324 4732 1870 4794">
    <p class='ocr_par' dir='ltr' id='par_1_104' title="bbox 324 4732 1870 4794">
     <span class='ocr_line' id='line_1_105' title="bbox 324 4732 1870 4794; baseline 0.005 -13"><span class='ocrx_word' id='word_1_796' title='bbox 324 4732 573 4782; x_wconf 84' lang='lat' dir='ltr'><strong>beneticia</strong></span> <span class='ocrx_word' id='word_1_797' title='bbox 609 4734 959 4794; x_wconf 71' lang='lat' dir='ltr'><strong>revolvenda;</strong></span> <span class='ocrx_word' id='word_1_798' title='bbox 988 4734 1067 4785; x_wconf 80' lang='lat' dir='ltr'><strong>sic</strong></span> <span class='ocrx_word' id='word_1_799' title='bbox 1094 4734 1231 4785; x_wconf 86' lang='lat' dir='ltr'><strong>enim</strong></span> <span class='ocrx_word' id='word_1_800' title='bbox 1264 4733 1532 4786; x_wconf 82' lang='lat' dir='ltr'><strong>universas</strong></span> <span class='ocrx_word' id='word_1_801' title='bbox 1561 4734 1755 4787; x_wconf 85' lang='lat' dir='ltr'><strong>inimici</strong></span> <span class='ocrx_word' id='word_1_802' title='bbox 1783 4751 1870 4788; x_wconf 83' lang='lat' dir='ltr'><strong>ea-</strong></span> 
     </span>
    </p>
   </div>
   <div class='ocr_carea' id='block_1_105' title="bbox 322 4805 1871 4871">
    <p class='ocr_par' dir='ltr' id='par_1_105' title="bbox 322 4805 1871 4871">
     <span class='ocr_line' id='line_1_106' title="bbox 322 4805 1871 4871; baseline 0.007 -23"><span class='ocrx_word' id='word_1_803' title='bbox 322 4813 495 4852; x_wconf 79' lang='lat' dir='ltr'><strong>teivas</strong></span> <span class='ocrx_word' id='word_1_804' title='bbox 527 4805 759 4854; x_wconf 86' lang='lat' dir='ltr'><strong>tundiius</strong></span> <span class='ocrx_word' id='word_1_805' title='bbox 791 4813 1025 4869; x_wconf 85' lang='lat' dir='ltr'><strong>proteres</strong></span> <span class='ocrx_word' id='word_1_806' title='bbox 1055 4819 1067 4853; x_wconf 89' lang='lat'><strong>:</strong></span> <span class='ocrx_word' id='word_1_807' title='bbox 1103 4823 1119 4853; x_wconf 84' lang='lat' dir='ltr'><strong>t</strong></span> <span class='ocrx_word' id='word_1_808' title='bbox 1156 4805 1305 4869; x_wconf 79' lang='lat' dir='ltr'><strong>Quod</strong></span> <span class='ocrx_word' id='word_1_809' title='bbox 1336 4820 1375 4856; x_wconf 56' lang='grc' dir='ltr'>μι</span> <span class='ocrx_word' id='word_1_810' title='bbox 1407 4818 1555 4871; x_wconf 75' lang='lat' dir='ltr'><strong>lupus</strong></span> <span class='ocrx_word' id='word_1_811' title='bbox 1584 4805 1634 4856; x_wconf 92' lang='lat' dir='ltr'><strong>iii</strong></span> <span class='ocrx_word' id='word_1_812' title='bbox 1661 4817 1710 4858; x_wconf 85' lang='lat' dir='ltr'><strong>te</strong></span> <span class='ocrx_word' id='word_1_813' title='bbox 1736 4806 1871 4859; x_wconf 77' lang='lat' dir='ltr'><strong>forte</strong></span> 
     </span>
    </p>
   </div>
   <div class='ocr_carea' id='block_1_106' title="bbox 323 4874 1870 4941">
    <p class='ocr_par' dir='ltr' id='par_1_106' title="bbox 323 4874 1870 4941">
     <span class='ocr_line' id='line_1_107' title="bbox 323 4874 1870 4941; baseline 0.005 -20"><span class='ocrx_word' id='word_1_814' title='bbox 323 4874 628 4937; x_wconf 61' lang='lat' dir='ltr'><strong>repetitions</strong></span> <span class='ocrx_word' id='word_1_815' title='bbox 658 4875 875 4939; x_wconf 81' lang='lat' dir='ltr'><strong>insurgit</strong></span> <span class='ocrx_word' id='word_1_816' title='bbox 902 4917 916 4935; x_wconf 86' lang='lat'><strong>,</strong></span> <span class='ocrx_word' id='word_1_817' title='bbox 950 4877 1124 4941; x_wconf 82' lang='lat' dir='ltr'><strong>arripe</strong></span> <span class='ocrx_word' id='word_1_818' title='bbox 1172 4883 1369 4940; x_wconf 79' lang='lat' dir='ltr'><strong>petram</strong></span> <span class='ocrx_word' id='word_1_819' title='bbox 1395 4911 1411 4935; x_wconf 87' lang='lat'><strong><em>.</em></strong></span> <span class='ocrx_word' id='word_1_820' title='bbox 1460 4877 1627 4941; x_wconf 72' lang='lat' dir='ltr'><strong>inquit</strong></span> <span class='ocrx_word' id='word_1_821' title='bbox 1680 4886 1870 4929; x_wconf 72' lang='lat' dir='ltr'><strong>iterum</strong></span> 
     </span>
    </p>
   </div>
   <div class='ocr_carea' id='block_1_107' title="bbox 328 4943 1868 5013">
    <p class='ocr_par' dir='ltr' id='par_1_107' title="bbox 328 4943 1868 5013">
     <span class='ocr_line' id='line_1_108' title="bbox 328 4943 1868 5013; baseline 0.005 -22"><span class='ocrx_word' id='word_1_822' title='bbox 328 4943 509 4993; x_wconf 57' lang='lat' dir='ltr'><strong>l’etrits</strong></span> <span class='ocrx_word' id='word_1_823' title='bbox 536 4944 769 4995; x_wconf 83' lang='lat' dir='ltr'><strong>Daiiiiani</strong></span> <span class='ocrx_word' id='word_1_824' title='bbox 795 4947 1007 5010; x_wconf 75' lang='lat' dir='ltr'><strong>(Upusc.</strong></span> <span class='ocrx_word' id='word_1_825' title='bbox 1027 4944 1117 5005; x_wconf 68' lang='lat' dir='ltr'><strong>in,</strong></span> <span class='ocrx_word' id='word_1_826' title='bbox 1136 4963 1251 5008; x_wconf 83' lang='lat' dir='ltr'><strong>cup.</strong></span> <span class='ocrx_word' id='word_1_827' title='bbox 1276 4949 1349 5011; x_wconf 76' lang='lat' dir='ltr'><strong>ti).</strong></span> <span class='ocrx_word' id='word_1_828' title='bbox 1371 4957 1421 4997; x_wconf 87' lang='lat' dir='ltr'><strong>et</strong></span> <span class='ocrx_word' id='word_1_829' title='bbox 1454 4945 1690 5011; x_wconf 88' lang='lat' dir='ltr'><strong>protinus</strong></span> <span class='ocrx_word' id='word_1_830' title='bbox 1722 4945 1868 5013; x_wconf 78' lang='lat' dir='ltr'><strong>fugit.</strong></span> 
     </span>
    </p>
   </div>
   <div class='ocr_carea' id='block_1_108' title="bbox 323 5014 1876 5078">
    <p class='ocr_par' dir='ltr' id='par_1_108' title="bbox 323 5014 1876 5078">
     <span class='ocr_line' id='line_1_109' title="bbox 323 5014 1876 5078; baseline 0.004 -19"><span class='ocrx_word' id='word_1_831' title='bbox 323 5016 450 5075; x_wconf 73' lang='lat' dir='ltr'><strong>Qua:</strong></span> <span class='ocrx_word' id='word_1_832' title='bbox 476 5021 557 5063; x_wconf 56' lang='lat' dir='ltr'><strong>est</strong></span> <span class='ocrx_word' id='word_1_833' title='bbox 581 5027 754 5065; x_wconf 80' lang='lat' dir='ltr'><strong>autem</strong></span> <span class='ocrx_word' id='word_1_834' title='bbox 775 5030 939 5078; x_wconf 82' lang='lat' dir='ltr'><strong>pera.</strong></span> <span class='ocrx_word' id='word_1_835' title='bbox 966 5015 1062 5066; x_wconf 73' lang='lat' dir='ltr'><strong>nisi</strong></span> <span class='ocrx_word' id='word_1_836' title='bbox 1087 5018 1359 5067; x_wconf 68' lang='lat' dir='ltr'><strong>Lbrzsttts‘!</strong></span> <span class='ocrx_word' id='word_1_837' title='bbox 1382 5033 1401 5064; x_wconf 81' lang='grc' dir='ltr'><strong>ι</strong></span> <span class='ocrx_word' id='word_1_838' title='bbox 1434 5014 1629 5069; x_wconf 70' lang='lat' dir='ltr'><strong>Vtiles.</strong></span> <span class='ocrx_word' id='word_1_839' title='bbox 1651 5018 1876 5069; x_wconf 77' lang='lat' dir='ltr'><strong>Anthro-</strong></span> 
     </span>
    </p>
   </div>
   <div class='ocr_carea' id='block_1_109' title="bbox 324 5082 1873 5151">
    <p class='ocr_par' dir='ltr' id='par_1_109' title="bbox 324 5082 1873 5151">
     <span class='ocr_line' id='line_1_110' title="bbox 324 5082 1873 5151; baseline 0.005 -20"><span class='ocrx_word' id='word_1_840' title='bbox 324 5099 484 5144; x_wconf 76' lang='lat' dir='ltr'><strong>simu,</strong></span> <span class='ocrx_word' id='word_1_841' title='bbox 505 5084 595 5134; x_wconf 89' lang='lat' dir='ltr'><strong>lib.</strong></span> <span class='ocrx_word' id='word_1_842' title='bbox 618 5098 667 5134; x_wconf 72' lang='lat' dir='ltr'><strong>Vl</strong></span> <span class='ocrx_word' id='word_1_843' title='bbox 696 5100 745 5133; x_wconf 90' lang='grc' dir='ltr'><strong>ιιι</strong></span> <span class='ocrx_word' id='word_1_844' title='bbox 772 5082 1008 5147; x_wconf 73' lang='lat' dir='ltr'><strong>lli-xatn.,</strong></span> <span class='ocrx_word' id='word_1_845' title='bbox 1039 5084 1228 5151; x_wconf 57' lang='lat' dir='ltr'><strong>caput,</strong></span> <span class='ocrx_word' id='word_1_846' title='bbox 1257 5096 1309 5138; x_wconf 87' lang='lat' dir='ltr'><strong>et</strong></span> <span class='ocrx_word' id='word_1_847' title='bbox 1335 5085 1666 5149; x_wconf 77' lang='lat' dir='ltr'><strong>Cassianum,</strong></span> <span class='ocrx_word' id='word_1_848' title='bbox 1698 5089 1791 5139; x_wconf 89' lang='lat' dir='ltr'><strong>lib.</strong></span> <span class='ocrx_word' id='word_1_849' title='bbox 1826 5102 1873 5139; x_wconf 76' lang='grc' dir='ltr'><strong>ιι</strong></span> 
     </span>
    </p>
   </div>
   <div class='ocr_carea' id='block_1_110' title="bbox 326 5153 853 5219">
    <p class='ocr_par' dir='ltr' id='par_1_110' title="bbox 326 5153 853 5219">
     <span class='ocr_line' id='line_1_111' title="bbox 326 5153 853 5219; baseline 0.004 -18"><span class='ocrx_word' id='word_1_850' title='bbox 326 5153 551 5205; x_wconf 68' lang='grc' dir='ltr'>ιιιειιιιιι.</span> <span class='ocrx_word' id='word_1_851' title='bbox 575 5192 588 5214; x_wconf 88' lang='grc'><em>,</em></span> <span class='ocrx_word' id='word_1_852' title='bbox 618 5167 733 5219; x_wconf 83' lang='lat' dir='ltr'><strong>cap.</strong></span> <span class='ocrx_word' id='word_1_853' title='bbox 775 5156 853 5206; x_wconf 77' lang='lat' dir='ltr'><strong>l5.</strong></span> 
     </span>
    </p>
   </div>
   <div class='ocr_carea' id='block_1_111' title="bbox 399 5222 1876 5284">
    <p class='ocr_par' dir='ltr' id='par_1_111' title="bbox 399 5222 1876 5284">
     <span class='ocr_line' id='line_1_112' title="bbox 399 5222 1876 5284; baseline 0.005 -12"><span class='ocrx_word' id='word_1_854' title='bbox 399 5222 497 5284; x_wconf 75' lang='lat' dir='ltr'><strong>Qui</strong></span> <span class='ocrx_word' id='word_1_855' title='bbox 526 5224 754 5275; x_wconf 77' lang='lat' dir='ltr'><strong>timentes</strong></span> <span class='ocrx_word' id='word_1_856' title='bbox 784 5223 1051 5276; x_wconf 78' lang='lat' dir='ltr'><strong>Dominum</strong></span> <span class='ocrx_word' id='word_1_857' title='bbox 1073 5226 1134 5277; x_wconf 88' lang='lat' dir='ltr'><strong>de</strong></span> <span class='ocrx_word' id='word_1_858' title='bbox 1157 5225 1287 5277; x_wconf 69' lang='lat' dir='ltr'><strong>bene</strong></span> <span class='ocrx_word' id='word_1_859' title='bbox 1313 5225 1625 5278; x_wconf 73' lang='lat' dir='ltr'><strong>observantia</strong></span> <span class='ocrx_word' id='word_1_860' title='bbox 1656 5244 1750 5278; x_wconf 73' lang='lat' dir='ltr'><strong>sua</strong></span> <span class='ocrx_word' id='word_1_861' title='bbox 1776 5243 1876 5280; x_wconf 76' lang='lat' dir='ltr'><strong>non</strong></span> 
     </span>
    </p>
   </div>
   <div class='ocr_carea' id='block_1_112' title="bbox 326 5296 1873 5365">
    <p class='ocr_par' dir='ltr' id='par_1_112' title="bbox 326 5296 1873 5365">
     <span class='ocr_line' id='line_1_113' title="bbox 326 5296 1873 5365; baseline 0.004 -22"><span class='ocrx_word' id='word_1_862' title='bbox 326 5308 382 5343; x_wconf 69' lang='grc' dir='ltr'><strong>ω</strong></span> <span class='ocrx_word' id='word_1_863' title='bbox 400 5296 612 5344; x_wconf 68' lang='lat' dir='ltr'><strong>reddunt</strong></span> <span class='ocrx_word' id='word_1_864' title='bbox 640 5296 818 5356; x_wconf 77' lang='lat' dir='ltr'><strong>elatos,</strong></span> <span class='ocrx_word' id='word_1_865' title='bbox 853 5300 939 5346; x_wconf 72' lang='lat' dir='ltr'><strong>sed</strong></span> <span class='ocrx_word' id='word_1_866' title='bbox 978 5296 1087 5363; x_wconf 77' lang='lat' dir='ltr'><strong>ipsa</strong></span> <span class='ocrx_word' id='word_1_867' title='bbox 1112 5297 1162 5348; x_wconf 86' lang='lat' dir='ltr'><strong>in</strong></span> <span class='ocrx_word' id='word_1_868' title='bbox 1189 5312 1241 5348; x_wconf 80' lang='lat' dir='ltr'><strong>se</strong></span> <span class='ocrx_word' id='word_1_869' title='bbox 1268 5296 1417 5358; x_wconf 86' lang='lat' dir='ltr'><strong>bona,</strong></span> <span class='ocrx_word' id='word_1_870' title='bbox 1448 5313 1545 5347; x_wconf 84' lang='lat' dir='ltr'><strong>non</strong></span> <span class='ocrx_word' id='word_1_871' title='bbox 1571 5315 1601 5345; x_wconf 86' lang='lat' dir='ltr'><strong>u</strong></span> <span class='ocrx_word' id='word_1_872' title='bbox 1626 5313 1678 5347; x_wconf 76' lang='lat' dir='ltr'><strong>se</strong></span> <span class='ocrx_word' id='word_1_873' title='bbox 1705 5313 1873 5365; x_wconf 75' lang='lat' dir='ltr'><strong>posse,</strong></span> 
     </span>
    </p>
   </div>
   <div class='ocr_carea' id='block_1_113' title="bbox 327 5364 1874 5434">
    <p class='ocr_par' dir='ltr' id='par_1_113' title="bbox 327 5364 1874 5434">
     <span class='ocr_line' id='line_1_114' title="bbox 327 5364 1874 5434; baseline 0.005 -23"><span class='ocrx_word' id='word_1_874' title='bbox 327 5364 416 5412; x_wconf 68' lang='lat' dir='ltr'><strong>sed</strong></span> <span class='ocrx_word' id='word_1_875' title='bbox 442 5379 474 5413; x_wconf 78' lang='grc' dir='ltr'><strong>ιι</strong></span> <span class='ocrx_word' id='word_1_876' title='bbox 499 5365 712 5415; x_wconf 77' lang='lat' dir='ltr'><strong>Domino</strong></span> <span class='ocrx_word' id='word_1_877' title='bbox 736 5366 846 5430; x_wconf 74' lang='lat' dir='ltr'><strong>ﬁeri</strong></span> <span class='ocrx_word' id='word_1_878' title='bbox 868 5367 1224 5428; x_wconf 72' lang='lat' dir='ltr'><strong>existimantes.</strong></span> <span class='ocrx_word' id='word_1_879' title='bbox 1248 5381 1530 5434; x_wconf 78' lang='lat' dir='ltr'><strong>operantem</strong></span> <span class='ocrx_word' id='word_1_880' title='bbox 1556 5368 1605 5417; x_wconf 85' lang='lat' dir='ltr'><strong>in</strong></span> <span class='ocrx_word' id='word_1_881' title='bbox 1625 5385 1675 5416; x_wconf 73' lang='lat' dir='ltr'><strong>se</strong></span> <span class='ocrx_word' id='word_1_882' title='bbox 1704 5364 1874 5418; x_wconf 62' lang='grc' dir='ltr'>υυηιιδ</span> 
     </span>
    </p>
   </div>
   <div class='ocr_carea' id='block_1_114' title="bbox 331 5434 1876 5505">
    <p class='ocr_par' dir='ltr' id='par_1_114' title="bbox 331 5434 1876 5505">
     <span class='ocr_line' id='line_1_115' title="bbox 331 5434 1876 5505; baseline 0.005 -25"><span class='ocrx_word' id='word_1_883' title='bbox 331 5449 450 5483; x_wconf 79' lang='lat' dir='ltr'><strong>mini</strong></span> <span class='ocrx_word' id='word_1_884' title='bbox 478 5434 849 5505; x_wconf 58' lang='lat' dir='ltr'><strong>magniﬁcentJ</strong></span> <span class='ocrx_word' id='word_1_885' title='bbox 877 5439 1005 5499; x_wconf 77' lang='lat' dir='ltr'><strong>Quia</strong></span> <span class='ocrx_word' id='word_1_886' title='bbox 1041 5452 1164 5488; x_wconf 82' lang='lat' dir='ltr'><strong>vero</strong></span> <span class='ocrx_word' id='word_1_887' title='bbox 1191 5455 1223 5488; x_wconf 88' lang='grc' dir='ltr'><strong>ιι</strong></span> <span class='ocrx_word' id='word_1_888' title='bbox 1262 5454 1293 5488; x_wconf 90' lang='grc' dir='ltr'><strong>ιι</strong></span> <span class='ocrx_word' id='word_1_889' title='bbox 1323 5437 1519 5491; x_wconf 83' lang='lat' dir='ltr'><strong>dormit</strong></span> <span class='ocrx_word' id='word_1_890' title='bbox 1553 5454 1720 5504; x_wconf 87' lang='lat' dir='ltr'><strong>neque</strong></span> <span class='ocrx_word' id='word_1_891' title='bbox 1750 5441 1876 5489; x_wconf 86' lang='lat' dir='ltr'><strong>dor-</strong></span> 
     </span>
    </p>
   </div>
   <div class='ocr_carea' id='block_1_115' title="bbox 331 5508 1875 5572">
    <p class='ocr_par' dir='ltr' id='par_1_115' title="bbox 331 5508 1875 5572">
     <span class='ocr_line' id='line_1_116' title="bbox 331 5508 1875 5572; baseline 0.005 -21"><span class='ocrx_word' id='word_1_892' title='bbox 331 5511 475 5572; x_wconf 71' lang='lat' dir='ltr'><strong>mitat</strong></span> <span class='ocrx_word' id='word_1_893' title='bbox 507 5508 861 5568; x_wconf 57' lang='lat' dir='ltr'><strong>adversarios,</strong></span> <span class='ocrx_word' id='word_1_894' title='bbox 882 5516 955 5567; x_wconf 82' lang='lat' dir='ltr'><strong>et,</strong></span> <span class='ocrx_word' id='word_1_895' title='bbox 982 5513 1039 5557; x_wconf 93' lang='lat' dir='ltr'><strong>ut</strong></span> <span class='ocrx_word' id='word_1_896' title='bbox 1057 5519 1254 5572; x_wconf 86' lang='lat' dir='ltr'><strong>optime</strong></span> <span class='ocrx_word' id='word_1_897' title='bbox 1277 5521 1429 5558; x_wconf 83' lang='lat' dir='ltr'><strong>notav</strong></span> <span class='ocrx_word' id='word_1_898' title='bbox 1454 5516 1473 5557; x_wconf 92' lang='lat' dir='ltr'><strong>t</strong></span> <span class='ocrx_word' id='word_1_899' title='bbox 1495 5513 1549 5558; x_wconf 74' lang='lat'><strong>:5.</strong></span> <span class='ocrx_word' id='word_1_900' title='bbox 1576 5512 1875 5559; x_wconf 80' lang='lat' dir='ltr'><strong>bernardns</strong></span> 
     </span>
    </p>
   </div>
   <div class='ocr_carea' id='block_1_116' title="bbox 334 5571 1876 5645">
    <p class='ocr_par' dir='ltr' id='par_1_116' title="bbox 334 5571 1876 5645">
     <span class='ocr_line' id='line_1_117' title="bbox 334 5571 1876 5645; baseline 0 -20"><span class='ocrx_word' id='word_1_901' title='bbox 334 5571 523 5637; x_wconf 78' lang='lat' dir='ltr'><strong>(Serm.</strong></span> <span class='ocrx_word' id='word_1_902' title='bbox 543 5575 612 5627; x_wconf 71' lang='grc'><strong>54</strong></span> <span class='ocrx_word' id='word_1_903' title='bbox 638 5591 689 5625; x_wconf 84' lang='grc' dir='ltr'><strong>ιιι</strong></span> <span class='ocrx_word' id='word_1_904' title='bbox 717 5575 885 5643; x_wconf 67' lang='lat' dir='ltr'><strong>Cant.)</strong></span> <span class='ocrx_word' id='word_1_905' title='bbox 919 5594 929 5626; x_wconf 93' lang='lat'><strong>:</strong></span> <span class='ocrx_word' id='word_1_906' title='bbox 966 5594 984 5625; x_wconf 86' lang='lat' dir='ltr'><strong>t</strong></span> <span class='ocrx_word' id='word_1_907' title='bbox 1021 5577 1075 5629; x_wconf 83' lang='lat' dir='ltr'><strong>St</strong></span> <span class='ocrx_word' id='word_1_908' title='bbox 1097 5571 1211 5629; x_wconf 81' lang='lat' dir='ltr'><strong>non</strong></span> <span class='ocrx_word' id='word_1_909' title='bbox 1234 5589 1405 5644; x_wconf 76' lang='lat' dir='ltr'><strong>potest</strong></span> <span class='ocrx_word' id='word_1_910' title='bbox 1434 5580 1686 5645; x_wconf 83' lang='lat' dir='ltr'><strong>impedire</strong></span> <span class='ocrx_word' id='word_1_911' title='bbox 1712 5588 1876 5629; x_wconf 82' lang='lat' dir='ltr'><strong>actin-</strong></span> 
     </span>
    </p>
   </div>
   <div class='ocr_carea' id='block_1_117' title="bbox 335 5647 1874 5715">
    <p class='ocr_par' dir='ltr' id='par_1_117' title="bbox 335 5647 1874 5715">
     <span class='ocr_line' id='line_1_118' title="bbox 335 5647 1874 5715; baseline 0.006 -23"><span class='ocrx_word' id='word_1_912' title='bbox 335 5656 475 5702; x_wconf 88' lang='lat' dir='ltr'><strong>nem,</strong></span> <span class='ocrx_word' id='word_1_913' title='bbox 510 5653 674 5696; x_wconf 86' lang='lat' dir='ltr'><strong>teiitiit</strong></span> <span class='ocrx_word' id='word_1_914' title='bbox 704 5651 1073 5708; x_wconf 77' lang='lat' dir='ltr'><strong>intentionem,</strong></span> <span class='ocrx_word' id='word_1_915' title='bbox 1094 5662 1320 5699; x_wconf 72' lang='lat' dir='ltr'><strong>suadens</strong></span> <span class='ocrx_word' id='word_1_916' title='bbox 1344 5661 1603 5715; x_wconf 72' lang='lat' dir='ltr'><strong>quati-nus</strong></span> <span class='ocrx_word' id='word_1_917' title='bbox 1632 5647 1874 5702; x_wconf 72' lang='lat' dir='ltr'><strong>etlectout</strong></span> 
     </span>
    </p>
   </div>
   <div class='ocr_carea' id='block_1_118' title="bbox 336 5715 1872 5785">
    <p class='ocr_par' dir='ltr' id='par_1_118' title="bbox 336 5715 1872 5785">
     <span class='ocr_line' id='line_1_119' title="bbox 336 5715 1872 5785; baseline 0.006 -24"><span class='ocrx_word' id='word_1_918' title='bbox 336 5715 518 5774; x_wconf 63' lang='lat' dir='ltr'><strong>gratia:</strong></span> <span class='ocrx_word' id='word_1_919' title='bbox 547 5731 761 5778; x_wconf 67' lang='lat' dir='ltr'><strong>arroges</strong></span> <span class='ocrx_word' id='word_1_920' title='bbox 793 5717 913 5775; x_wconf 85' lang='lat' dir='ltr'><strong>tibi;</strong></span> <span class='ocrx_word' id='word_1_921' title='bbox 956 5737 974 5765; x_wconf 77' lang='grc' dir='ltr'><strong>ι</strong></span> <span class='ocrx_word' id='word_1_922' title='bbox 1019 5717 1139 5769; x_wconf 83' lang='lat' dir='ltr'><strong>ideo</strong></span> <span class='ocrx_word' id='word_1_923' title='bbox 1167 5729 1447 5785; x_wconf 77' lang='lat' dir='ltr'><strong>postquam</strong></span> <span class='ocrx_word' id='word_1_924' title='bbox 1479 5734 1508 5769; x_wconf 79' lang='grc' dir='ltr'><strong>ιι</strong></span> <span class='ocrx_word' id='word_1_925' title='bbox 1554 5723 1690 5770; x_wconf 77' lang='lat' dir='ltr'><strong>malo</strong></span> <span class='ocrx_word' id='word_1_926' title='bbox 1715 5722 1872 5772; x_wconf 79' lang='lat' dir='ltr'><strong>decli-</strong></span> 
     </span>
    </p>
   </div>
   <div class='ocr_carea' id='block_1_119' title="bbox 523 5826 1043 5886">
    <p class='ocr_par' dir='ltr' id='par_1_119' title="bbox 523 5826 1043 5886">
     <span class='ocr_line' id='line_1_120' title="bbox 523 5826 1043 5886; baseline 0.008 -4"><span class='ocrx_word' id='word_1_927' title='bbox 523 5826 794 5882; x_wconf 66' lang='lat' dir='ltr'><strong>‘i’e‘ruot.</strong></span> <span class='ocrx_word' id='word_1_928' title='bbox 851 5828 879 5883; x_wconf 43' lang='grc' dir='ltr'><strong>Ι-</strong></span> <span class='ocrx_word' id='word_1_929' title='bbox 903 5826 1043 5886; x_wconf 75' lang='grc' dir='ltr'><strong>ΧΗ</strong></span> 
     </span>
    </p>
   </div>
   <div class='ocr_carea' id='block_1_120' title="bbox 1535 5905 1669 5912">
    <p class='ocr_par' dir='ltr' id='par_1_120' title="bbox 1535 5905 1669 5912">
     <span class='ocr_line' id='line_1_121' title="bbox 1535 5905 1669 5912; baseline 0.007 -2"><span class='ocrx_word' id='word_1_930' title='bbox 1535 5905 1669 5912; x_wconf 66' lang='lat'><strong>__._-._</strong></span> 
     </span>
    </p>
   </div>
   <div class='ocr_carea' id='block_1_121' title="bbox 1975 3181 3530 3253">
    <p class='ocr_par' dir='ltr' id='par_1_121' title="bbox 1975 3181 3530 3253">
     <span class='ocr_line' id='line_1_122' title="bbox 1975 3181 3530 3253; baseline -0.002 -16"><span class='ocrx_word' id='word_1_931' title='bbox 1975 3186 2167 3253; x_wconf 89' lang='lat' dir='ltr'><strong>ipsum,</strong></span> <span class='ocrx_word' id='word_1_932' title='bbox 2199 3201 2294 3239; x_wconf 44' lang='lat' dir='ltr'><strong>nuis</strong></span> <span class='ocrx_word' id='word_1_933' title='bbox 2326 3186 2566 3247; x_wconf 84' lang='lat' dir='ltr'><strong>visitaiis,</strong></span> <span class='ocrx_word' id='word_1_934' title='bbox 2588 3181 2876 3237; x_wconf 85' lang='lat' dir='ltr'><strong>clementer</strong></span> <span class='ocrx_word' id='word_1_935' title='bbox 2906 3182 3199 3235; x_wconf 78' lang='lat' dir='ltr'><strong>infundere.</strong></span> <span class='ocrx_word' id='word_1_936' title='bbox 3225 3199 3244 3232; x_wconf 80' lang='grc' dir='ltr'><strong>ι</strong></span> <span class='ocrx_word' id='word_1_937' title='bbox 3279 3181 3376 3236; x_wconf 85' lang='lat' dir='ltr'><strong>Ubi</strong></span> <span class='ocrx_word' id='word_1_938' title='bbox 3401 3187 3530 3236; x_wconf 73' lang='lat' dir='ltr'><strong>Cas-</strong></span> 
     </span>
    </p>
   </div>
   <div class='ocr_carea' id='block_1_122' title="bbox 1971 3255 3527 3323">
    <p class='ocr_par' dir='ltr' id='par_1_122' title="bbox 1971 3255 3527 3323">
     <span class='ocr_line' id='line_1_123' title="bbox 1971 3255 3527 3323; baseline -0.004 -13"><span class='ocrx_word' id='word_1_939' title='bbox 1971 3270 2153 3310; x_wconf 70' lang='lat' dir='ltr'><strong>sianus</strong></span> <span class='ocrx_word' id='word_1_940' title='bbox 2176 3265 2395 3323; x_wconf 70' lang='lat' dir='ltr'><strong>quatuor</strong></span> <span class='ocrx_word' id='word_1_941' title='bbox 2417 3255 2645 3322; x_wconf 71' lang='lat' dir='ltr'><strong>agnoscit</strong></span> <span class='ocrx_word' id='word_1_942' title='bbox 2667 3258 2951 3323; x_wconf 87' lang='lat' dir='ltr'><strong>gratiarum</strong></span> <span class='ocrx_word' id='word_1_943' title='bbox 2978 3269 3169 3321; x_wconf 86' lang='lat' dir='ltr'><strong>genera</strong></span> <span class='ocrx_word' id='word_1_944' title='bbox 3199 3270 3211 3303; x_wconf 86' lang='lat'><strong>:</strong></span> <span class='ocrx_word' id='word_1_945' title='bbox 3241 3264 3527 3323; x_wconf 80' lang='lat' dir='ltr'><strong>protectio-</strong></span> 
     </span>
    </p>
   </div>
   <div class='ocr_carea' id='block_1_123' title="bbox 1975 3322 3527 3396">
    <p class='ocr_par' dir='ltr' id='par_1_123' title="bbox 1975 3322 3527 3396">
     <span class='ocr_line' id='line_1_124' title="bbox 1975 3322 3527 3396; baseline -0.001 -18"><span class='ocrx_word' id='word_1_946' title='bbox 1975 3329 2077 3393; x_wconf 89' lang='lat' dir='ltr'><strong>nis,</strong></span> <span class='ocrx_word' id='word_1_947' title='bbox 2096 3343 2195 3396; x_wconf 87' lang='lat' dir='ltr'><strong>qua</strong></span> <span class='ocrx_word' id='word_1_948' title='bbox 2227 3342 2320 3379; x_wconf 80' lang='lat' dir='ltr'><strong>nos</strong></span> <span class='ocrx_word' id='word_1_949' title='bbox 2337 3326 2402 3378; x_wconf 83' lang='lat' dir='ltr'><strong>ab</strong></span> <span class='ocrx_word' id='word_1_950' title='bbox 2425 3326 2651 3377; x_wconf 89' lang='lat' dir='ltr'><strong>hostium</strong></span> <span class='ocrx_word' id='word_1_951' title='bbox 2682 3324 2886 3377; x_wconf 90' lang='lat' dir='ltr'><strong>insidiis</strong></span> <span class='ocrx_word' id='word_1_952' title='bbox 2910 3334 3117 3396; x_wconf 82' lang='lat' dir='ltr'><strong>tuetur;</strong></span> <span class='ocrx_word' id='word_1_953' title='bbox 3142 3322 3527 3396; x_wconf 76' lang='lat' dir='ltr'><strong>inspirationis.</strong></span> 
     </span>
    </p>
   </div>
   <div class='ocr_carea' id='block_1_124' title="bbox 1972 3393 3529 3462">
    <p class='ocr_par' dir='ltr' id='par_1_124' title="bbox 1972 3393 3529 3462">
     <span class='ocr_line' id='line_1_125' title="bbox 1972 3393 3529 3462; baseline -0.001 -15"><span class='ocrx_word' id='word_1_954' title='bbox 1972 3412 2075 3462; x_wconf 89' lang='lat' dir='ltr'><strong>qua</strong></span> <span class='ocrx_word' id='word_1_955' title='bbox 2104 3393 2263 3450; x_wconf 79' lang='lat' dir='ltr'><strong>veluti</strong></span> <span class='ocrx_word' id='word_1_956' title='bbox 2303 3399 2526 3460; x_wconf 82' lang='lat' dir='ltr'><strong>supitam</strong></span> <span class='ocrx_word' id='word_1_957' title='bbox 2557 3405 2783 3447; x_wconf 88' lang='lat' dir='ltr'><strong>mentem</strong></span> <span class='ocrx_word' id='word_1_958' title='bbox 2814 3394 3034 3446; x_wconf 82' lang='lat' dir='ltr'><strong>interius</strong></span> <span class='ocrx_word' id='word_1_959' title='bbox 3062 3396 3127 3445; x_wconf 88' lang='lat' dir='ltr'><strong>ad</strong></span> <span class='ocrx_word' id='word_1_960' title='bbox 3164 3394 3358 3447; x_wconf 82' lang='lat' dir='ltr'><strong>bunum</strong></span> <span class='ocrx_word' id='word_1_961' title='bbox 3383 3393 3529 3447; x_wconf 68' lang='lat' dir='ltr'><strong>esci-</strong></span> 
     </span>
    </p>
   </div>
   <div class='ocr_carea' id='block_1_125' title="bbox 1974 3466 3526 3533">
    <p class='ocr_par' dir='ltr' id='par_1_125' title="bbox 1974 3466 3526 3533">
     <span class='ocr_line' id='line_1_126' title="bbox 1974 3466 3526 3533; baseline -0.002 -14"><span class='ocrx_word' id='word_1_962' title='bbox 1974 3478 2040 3519; x_wconf 78' lang='lat' dir='ltr'><strong>tai</strong></span> <span class='ocrx_word' id='word_1_963' title='bbox 2062 3484 2077 3531; x_wconf 91' lang='lat'><strong>;</strong></span> <span class='ocrx_word' id='word_1_964' title='bbox 2103 3466 2458 3533; x_wconf 80' lang='lat' dir='ltr'><strong>castigationis</strong></span> <span class='ocrx_word' id='word_1_965' title='bbox 2483 3505 2497 3526; x_wconf 91' lang='lat'><strong>,</strong></span> <span class='ocrx_word' id='word_1_966' title='bbox 2535 3480 2635 3532; x_wconf 86' lang='lat' dir='ltr'><strong>qua</strong></span> <span class='ocrx_word' id='word_1_967' title='bbox 2669 3475 2903 3517; x_wconf 82' lang='lat' dir='ltr'><strong>uestrum</strong></span> <span class='ocrx_word' id='word_1_968' title='bbox 2948 3482 2976 3515; x_wconf 84' lang='lat' dir='ltr'><strong>a</strong></span> <span class='ocrx_word' id='word_1_969' title='bbox 3010 3467 3233 3517; x_wconf 82' lang='lat' dir='ltr'><strong>terrenis</strong></span> <span class='ocrx_word' id='word_1_970' title='bbox 3277 3470 3526 3517; x_wconf 87' lang='lat' dir='ltr'><strong>omnibus</strong></span> 
     </span>
    </p>
   </div>
   <div class='ocr_carea' id='block_1_126' title="bbox 1972 3534 3528 3602">
    <p class='ocr_par' dir='ltr' id='par_1_126' title="bbox 1972 3534 3528 3602">
     <span class='ocr_line' id='line_1_127' title="bbox 1972 3534 3528 3602; baseline -0.004 -14"><span class='ocrx_word' id='word_1_971' title='bbox 1972 3539 2202 3590; x_wconf 89' lang='lat' dir='ltr'><strong>animum</strong></span> <span class='ocrx_word' id='word_1_972' title='bbox 2234 3541 2448 3598; x_wconf 84' lang='lat' dir='ltr'><strong>avertit;</strong></span> <span class='ocrx_word' id='word_1_973' title='bbox 2481 3534 2898 3596; x_wconf 71' lang='lat' dir='ltr'><strong>CXlIOI&#39;IaIitNIIS,</strong></span> <span class='ocrx_word' id='word_1_974' title='bbox 2941 3548 3042 3602; x_wconf 82' lang='lat' dir='ltr'><strong>qua</strong></span> <span class='ocrx_word' id='word_1_975' title='bbox 3078 3550 3169 3601; x_wconf 89' lang='lat' dir='ltr'><strong>per</strong></span> <span class='ocrx_word' id='word_1_976' title='bbox 3197 3541 3409 3585; x_wconf 89' lang='lat' dir='ltr'><strong>sanctos</strong></span> <span class='ocrx_word' id='word_1_977' title='bbox 3438 3535 3528 3585; x_wconf 84' lang='lat' dir='ltr'><strong>dn-</strong></span> 
     </span>
    </p>
   </div>
   <div class='ocr_carea' id='block_1_127' title="bbox 1972 3605 3526 3670">
    <p class='ocr_par' dir='ltr' id='par_1_127' title="bbox 1972 3605 3526 3670">
     <span class='ocr_line' id='line_1_128' title="bbox 1972 3605 3526 3670; baseline -0.003 -10"><span class='ocrx_word' id='word_1_978' title='bbox 1972 3618 2148 3660; x_wconf 82' lang='lat' dir='ltr'><strong>ctores</strong></span> <span class='ocrx_word' id='word_1_979' title='bbox 2191 3610 2256 3659; x_wconf 91' lang='lat' dir='ltr'><strong>ad</strong></span> <span class='ocrx_word' id='word_1_980' title='bbox 2301 3610 2496 3658; x_wconf 78' lang='lat' dir='ltr'><strong>bonum</strong></span> <span class='ocrx_word' id='word_1_981' title='bbox 2542 3608 2871 3670; x_wconf 82' lang='lat' dir='ltr'><strong>cperandum</strong></span> <span class='ocrx_word' id='word_1_982' title='bbox 2921 3605 3178 3657; x_wconf 76' lang='lat' dir='ltr'><strong>accendit.</strong></span> <span class='ocrx_word' id='word_1_983' title='bbox 3231 3605 3434 3668; x_wconf 76' lang='lat' dir='ltr'><strong>Quibus</strong></span> <span class='ocrx_word' id='word_1_984' title='bbox 3480 3606 3526 3656; x_wconf 85' lang='lat' dir='ltr'><strong>si</strong></span> 
     </span>
    </p>
   </div>
   <div class='ocr_carea' id='block_1_128' title="bbox 1970 3673 3520 3742">
    <p class='ocr_par' dir='ltr' id='par_1_128' title="bbox 1970 3673 3520 3742">
     <span class='ocr_line' id='line_1_129' title="bbox 1970 3673 3520 3742; baseline -0.003 -12"><span class='ocrx_word' id='word_1_985' title='bbox 1970 3680 2274 3738; x_wconf 80' lang='lat' dir='ltr'><strong>creationis,</strong></span> <span class='ocrx_word' id='word_1_986' title='bbox 2304 3675 2698 3742; x_wconf 86' lang='lat' dir='ltr'><strong>redemptionis,</strong></span> <span class='ocrx_word' id='word_1_987' title='bbox 2732 3674 3149 3727; x_wconf 78' lang='lat' dir='ltr'><strong>conserVationis</strong></span> <span class='ocrx_word' id='word_1_988' title='bbox 3178 3673 3520 3735; x_wconf 74' lang='lat' dir='ltr'><strong>beneﬁcium,</strong></span> 
     </span>
    </p>
   </div>
   <div class='ocr_carea' id='block_1_129' title="bbox 1970 3748 3527 3814">
    <p class='ocr_par' dir='ltr' id='par_1_129' title="bbox 1970 3748 3527 3814">
     <span class='ocr_line' id='line_1_130' title="bbox 1970 3748 3527 3814; baseline -0.004 -13"><span class='ocrx_word' id='word_1_989' title='bbox 1970 3748 2308 3814; x_wconf 77' lang='lat' dir='ltr'><strong>divinumque</strong></span> <span class='ocrx_word' id='word_1_990' title='bbox 2337 3749 2400 3798; x_wconf 85' lang='lat' dir='ltr'><strong>ad</strong></span> <span class='ocrx_word' id='word_1_991' title='bbox 2427 3762 2611 3799; x_wconf 87' lang='lat' dir='ltr'><strong>omnes</strong></span> <span class='ocrx_word' id='word_1_992' title='bbox 2640 3748 2796 3797; x_wconf 83' lang='lat' dir='ltr'><strong>etiam</strong></span> <span class='ocrx_word' id='word_1_993' title='bbox 2829 3754 3091 3797; x_wconf 74' lang='lat' dir='ltr'><strong>tt.ilura’es</strong></span> <span class='ocrx_word' id='word_1_994' title='bbox 3121 3759 3267 3796; x_wconf 75' lang='lat' dir='ltr'><strong>uetus</strong></span> <span class='ocrx_word' id='word_1_995' title='bbox 3297 3758 3527 3796; x_wconf 85' lang='lat' dir='ltr'><strong>ioncur-</strong></span> 
     </span>
    </p>
   </div>
   <div class='ocr_carea' id='block_1_130' title="bbox 1972 3814 3526 3885">
    <p class='ocr_par' dir='ltr' id='par_1_130' title="bbox 1972 3814 3526 3885">
     <span class='ocr_line' id='line_1_131' title="bbox 1972 3814 3526 3885; baseline -0.001 -18"><span class='ocrx_word' id='word_1_996' title='bbox 1972 3836 2085 3870; x_wconf 59' lang='lat' dir='ltr'><strong>sum</strong></span> <span class='ocrx_word' id='word_1_997' title='bbox 2110 3819 2397 3879; x_wconf 84' lang='lat' dir='ltr'><strong>addideris,</strong></span> <span class='ocrx_word' id='word_1_998' title='bbox 2426 3833 2531 3885; x_wconf 87' lang='lat' dir='ltr'><strong>quo</strong></span> <span class='ocrx_word' id='word_1_999' title='bbox 2556 3826 2705 3880; x_wconf 68' lang='lat' dir='ltr'><strong>parto</strong></span> <span class='ocrx_word' id='word_1_1000' title='bbox 2728 3831 2835 3880; x_wconf 61' lang='lat' dir='ltr'><strong>iam</strong></span> <span class='ocrx_word' id='word_1_1001' title='bbox 2861 3819 3011 3866; x_wconf 72' lang='lat' dir='ltr'><strong>bonae</strong></span> <span class='ocrx_word' id='word_1_1002' title='bbox 3034 3814 3381 3867; x_wconf 61' lang='lat' dir='ltr'><strong>oliserVan‘tlic</strong></span> <span class='ocrx_word' id='word_1_1003' title='bbox 3409 3815 3526 3884; x_wconf 86' lang='lat' dir='ltr'><strong>glo-</strong></span> 
     </span>
    </p>
   </div>
   <div class='ocr_carea' id='block_1_131' title="bbox 1972 3886 3523 3954">
    <p class='ocr_par' dir='ltr' id='par_1_131' title="bbox 1972 3886 3523 3954">
     <span class='ocr_line' id='line_1_132' title="bbox 1972 3886 3523 3954; baseline -0.003 -13"><span class='ocrx_word' id='word_1_1004' title='bbox 1972 3888 2101 3941; x_wconf 87' lang='lat' dir='ltr'><strong>riam</strong></span> <span class='ocrx_word' id='word_1_1005' title='bbox 2127 3889 2277 3941; x_wconf 89' lang='lat' dir='ltr'><strong>nobis</strong></span> <span class='ocrx_word' id='word_1_1006' title='bbox 2297 3904 2569 3954; x_wconf 81' lang='lat' dir='ltr'><strong>usurpare.</strong></span> <span class='ocrx_word' id='word_1_1007' title='bbox 2587 3886 2691 3939; x_wconf 86' lang='lat' dir='ltr'><strong>Deo</strong></span> <span class='ocrx_word' id='word_1_1008' title='bbox 2709 3900 2922 3953; x_wconf 83' lang='lat' dir='ltr'><strong>negare,</strong></span> <span class='ocrx_word' id='word_1_1009' title='bbox 2944 3887 3351 3951; x_wconf 60' lang='lat' dir='ltr'><strong>pi&#39;arsuiiieinus?</strong></span> <span class='ocrx_word' id='word_1_1010' title='bbox 3375 3890 3523 3937; x_wconf 74' lang='lat' dir='ltr'><strong>Alias</strong></span> 
     </span>
    </p>
   </div>
   <div class='ocr_carea' id='block_1_132' title="bbox 1974 3955 3521 4024">
    <p class='ocr_par' dir='ltr' id='par_1_132' title="bbox 1974 3955 3521 4024">
     <span class='ocr_line' id='line_1_133' title="bbox 1974 3955 3521 4024; baseline -0.001 -15"><span class='ocrx_word' id='word_1_1011' title='bbox 1974 3971 2161 4011; x_wconf 87' lang='lat' dir='ltr'><strong>merito</strong></span> <span class='ocrx_word' id='word_1_1012' title='bbox 2191 3966 2291 4010; x_wconf 84' lang='lat' dir='ltr'><strong>nob</strong></span> <span class='ocrx_word' id='word_1_1013' title='bbox 2313 3973 2339 4011; x_wconf 90' lang='lat' dir='ltr'><strong>s</strong></span> <span class='ocrx_word' id='word_1_1014' title='bbox 2370 3961 2649 4023; x_wconf 71' lang='lat' dir='ltr'><strong>Apostolus</strong></span> <span class='ocrx_word' id='word_1_1015' title='bbox 2681 3958 2879 4023; x_wconf 80' lang='lat' dir='ltr'><strong>inquiet</strong></span> <span class='ocrx_word' id='word_1_1016' title='bbox 2906 3973 2920 4007; x_wconf 83' lang='lat'><strong>:</strong></span> <span class='ocrx_word' id='word_1_1017' title='bbox 2947 3955 3077 4018; x_wconf 80' lang='lat' dir='ltr'><strong>Quid</strong></span> <span class='ocrx_word' id='word_1_1018' title='bbox 3099 3956 3247 4006; x_wconf 82' lang='lat' dir='ltr'><strong>habes</strong></span> <span class='ocrx_word' id='word_1_1019' title='bbox 3269 3957 3399 4024; x_wconf 81' lang='lat' dir='ltr'><strong>quod</strong></span> <span class='ocrx_word' id='word_1_1020' title='bbox 3420 3971 3521 4007; x_wconf 84' lang='lat' dir='ltr'><strong>non</strong></span> 
     </span>
    </p>
   </div>
   <div class='ocr_carea' id='block_1_133' title="bbox 1970 4027 3517 4096">
    <p class='ocr_par' dir='ltr' id='par_1_133' title="bbox 1970 4027 3517 4096">
     <span class='ocr_line' id='line_1_134' title="bbox 1970 4027 3517 4096; baseline -0.001 -17"><span class='ocrx_word' id='word_1_1021' title='bbox 1970 4032 2205 4095; x_wconf 70' lang='lat' dir='ltr'><strong>accepisti</strong></span> <span class='ocrx_word' id='word_1_1022' title='bbox 2226 4048 2242 4079; x_wconf 64' lang='grc' dir='ltr'><strong>,ί</strong></span> <span class='ocrx_word' id='word_1_1023' title='bbox 2275 4045 2317 4080; x_wconf 82' lang='lat' dir='ltr'><strong>st</strong></span> <span class='ocrx_word' id='word_1_1024' title='bbox 2348 4041 2514 4079; x_wconf 85' lang='lat' dir='ltr'><strong>autent</strong></span> <span class='ocrx_word' id='word_1_1025' title='bbox 2542 4028 2797 4095; x_wconf 70' lang='lat' dir='ltr'><strong>accepisti,</strong></span> <span class='ocrx_word' id='word_1_1026' title='bbox 2822 4028 2939 4096; x_wconf 80' lang='lat' dir='ltr'><strong>quia</strong></span> <span class='ocrx_word' id='word_1_1027' title='bbox 2975 4031 3211 4095; x_wconf 82' lang='lat' dir='ltr'><strong>gtorturis</strong></span> <span class='ocrx_word' id='word_1_1028' title='bbox 3237 4027 3383 4096; x_wconf 70' lang='lat' dir='ltr'><strong>quasi</strong></span> <span class='ocrx_word' id='word_1_1029' title='bbox 3416 4040 3517 4078; x_wconf 80' lang='lat' dir='ltr'><strong>non</strong></span> 
     </span>
    </p>
   </div>
   <div class='ocr_carea' id='block_1_134' title="bbox 1970 4094 3523 4168">
    <p class='ocr_par' dir='ltr' id='par_1_134' title="bbox 1970 4094 3523 4168">
     <span class='ocr_line' id='line_1_135' title="bbox 1970 4094 3523 4168; baseline -0.002 -19"><span class='ocrx_word' id='word_1_1030' title='bbox 1970 4094 2261 4168; x_wconf 79' lang='lat' dir='ltr'><strong>acceperis?</strong></span> <span class='ocrx_word' id='word_1_1031' title='bbox 2310 4100 2373 4151; x_wconf 76' lang='lat' dir='ltr'><strong>Et</strong></span> <span class='ocrx_word' id='word_1_1032' title='bbox 2415 4099 2469 4152; x_wconf 75' lang='lat' dir='ltr'><strong>S.</strong></span> <span class='ocrx_word' id='word_1_1033' title='bbox 2519 4094 3067 4168; x_wconf 32' lang='lat' dir='ltr'><strong>Beriiaritiis&#39;(Seriu.</strong></span> <span class='ocrx_word' id='word_1_1034' title='bbox 3094 4097 3161 4168; x_wconf 66' lang='lat' dir='ltr'><strong>l5</strong></span> <span class='ocrx_word' id='word_1_1035' title='bbox 3212 4094 3263 4168; x_wconf 76' lang='lat' dir='ltr'><strong>in</strong></span> <span class='ocrx_word' id='word_1_1036' title='bbox 3308 4094 3523 4165; x_wconf 81' lang='lat' dir='ltr'><strong>Cant.):</strong></span> 
     </span>
    </p>
   </div>
   <div class='ocr_carea' id='block_1_135' title="bbox 1976 4166 3525 4236">
    <p class='ocr_par' dir='ltr' id='par_1_135' title="bbox 1976 4166 3525 4236">
     <span class='ocr_line' id='line_1_136' title="bbox 1976 4166 3525 4236; baseline 0 -17"><span class='ocrx_word' id='word_1_1037' title='bbox 1976 4187 1994 4219; x_wconf 79' lang='grc' dir='ltr'><strong>ι</strong></span> <span class='ocrx_word' id='word_1_1038' title='bbox 2032 4166 2292 4236; x_wconf 71' lang='lat' dir='ltr'><strong>Quidquid</strong></span> <span class='ocrx_word' id='word_1_1039' title='bbox 2336 4171 2419 4220; x_wconf 88' lang='lat' dir='ltr'><strong>hic</strong></span> <span class='ocrx_word' id='word_1_1040' title='bbox 2450 4170 2647 4221; x_wconf 84' lang='lat' dir='ltr'><strong>tavoris</strong></span> <span class='ocrx_word' id='word_1_1041' title='bbox 2688 4180 2903 4235; x_wconf 74' lang='lat' dir='ltr'><strong>captas,</strong></span> <span class='ocrx_word' id='word_1_1042' title='bbox 2934 4167 3071 4235; x_wconf 78' lang='lat' dir='ltr'><strong>quod</strong></span> <span class='ocrx_word' id='word_1_1043' title='bbox 3101 4166 3167 4219; x_wconf 89' lang='lat' dir='ltr'><strong>ad</strong></span> <span class='ocrx_word' id='word_1_1044' title='bbox 3210 4166 3373 4219; x_wconf 71' lang='lat' dir='ltr'><strong>Deum</strong></span> <span class='ocrx_word' id='word_1_1045' title='bbox 3419 4182 3525 4219; x_wconf 89' lang='lat' dir='ltr'><strong>non</strong></span> 
     </span>
    </p>
   </div>
   <div class='ocr_carea' id='block_1_136' title="bbox 1974 4237 3526 4307">
    <p class='ocr_par' dir='ltr' id='par_1_136' title="bbox 1974 4237 3526 4307">
     <span class='ocr_line' id='line_1_137' title="bbox 1974 4237 3526 4307; baseline -0.001 -16"><span class='ocrx_word' id='word_1_1046' title='bbox 1974 4244 2232 4297; x_wconf 83' lang='lat' dir='ltr'><strong>ieiuieris.</strong></span> <span class='ocrx_word' id='word_1_1047' title='bbox 2267 4242 2363 4307; x_wconf 82' lang='lat' dir='ltr'><strong>ipsi</strong></span> <span class='ocrx_word' id='word_1_1048' title='bbox 2400 4240 2622 4299; x_wconf 78' lang='lat' dir='ltr'><strong>iuraris;</strong></span> <span class='ocrx_word' id='word_1_1049' title='bbox 2657 4238 2750 4291; x_wconf 83' lang='lat' dir='ltr'><strong>tibi</strong></span> <span class='ocrx_word' id='word_1_1050' title='bbox 2775 4239 2913 4292; x_wconf 85' lang='lat' dir='ltr'><strong>enim</strong></span> <span class='ocrx_word' id='word_1_1051' title='bbox 2955 4245 3092 4291; x_wconf 86' lang='lat' dir='ltr'><strong>unde</strong></span> <span class='ocrx_word' id='word_1_1052' title='bbox 3120 4237 3311 4305; x_wconf 82' lang='lat' dir='ltr'><strong>gloria,</strong></span> <span class='ocrx_word' id='word_1_1053' title='bbox 3343 4243 3526 4303; x_wconf 75' lang='lat' dir='ltr'><strong>putide</strong></span> 
     </span>
    </p>
   </div>
   <div class='ocr_carea' id='block_1_137' title="bbox 1973 4307 3525 4379">
    <p class='ocr_par' dir='ltr' id='par_1_137' title="bbox 1973 4307 3525 4379">
     <span class='ocr_line' id='line_1_138' title="bbox 1973 4307 3525 4379; baseline -0.002 -17"><span class='ocrx_word' id='word_1_1054' title='bbox 1973 4313 2161 4379; x_wconf 88' lang='lat' dir='ltr'><strong>pulvis,</strong></span> <span class='ocrx_word' id='word_1_1055' title='bbox 2194 4311 2289 4365; x_wconf 88' lang='lat' dir='ltr'><strong>tibi</strong></span> <span class='ocrx_word' id='word_1_1056' title='bbox 2334 4311 2471 4363; x_wconf 89' lang='lat' dir='ltr'><strong>unde</strong></span> <span class='ocrx_word' id='word_1_1057' title='bbox 2492 4312 2513 4351; x_wconf 74' lang='grc' dir='ltr'><strong>ν</strong></span> <span class='ocrx_word' id='word_1_1058' title='bbox 2558 4311 2630 4362; x_wconf 87' lang='lat' dir='ltr'><strong>De</strong></span> <span class='ocrx_word' id='word_1_1059' title='bbox 2657 4309 2777 4362; x_wconf 77' lang='lat' dir='ltr'><strong>vita:</strong></span> <span class='ocrx_word' id='word_1_1060' title='bbox 2807 4308 3115 4363; x_wconf 79' lang='lat' dir='ltr'><strong>sanctitate?</strong></span> <span class='ocrx_word' id='word_1_1061' title='bbox 3144 4310 3246 4361; x_wconf 74' lang='lat' dir='ltr'><strong>Sed</strong></span> <span class='ocrx_word' id='word_1_1062' title='bbox 3296 4307 3525 4379; x_wconf 68' lang='lat' dir='ltr'><strong>Spititus</strong></span> 
     </span>
    </p>
   </div>
   <div class='ocr_carea' id='block_1_138' title="bbox 1970 4377 3519 4450">
    <p class='ocr_par' dir='ltr' id='par_1_138' title="bbox 1970 4377 3519 4450">
     <span class='ocr_line' id='line_1_139' title="bbox 1970 4377 3519 4450; baseline -0.001 -16"><span class='ocrx_word' id='word_1_1063' title='bbox 1970 4377 2050 4434; x_wconf 83' lang='lat' dir='ltr'><strong>est</strong></span> <span class='ocrx_word' id='word_1_1064' title='bbox 2078 4384 2165 4450; x_wconf 89' lang='lat' dir='ltr'><strong>qui</strong></span> <span class='ocrx_word' id='word_1_1065' title='bbox 2193 4383 2507 4444; x_wconf 81' lang='lat' dir='ltr'><strong>satictiticat,</strong></span> <span class='ocrx_word' id='word_1_1066' title='bbox 2537 4380 2764 4444; x_wconf 75' lang='lat' dir='ltr'><strong>Spiritus</strong></span> <span class='ocrx_word' id='word_1_1067' title='bbox 2788 4379 2924 4443; x_wconf 86' lang='lat' dir='ltr'><strong>dico,</strong></span> <span class='ocrx_word' id='word_1_1068' title='bbox 2956 4396 3058 4431; x_wconf 90' lang='lat' dir='ltr'><strong>nou</strong></span> <span class='ocrx_word' id='word_1_1069' title='bbox 3090 4389 3228 4444; x_wconf 87' lang='lat' dir='ltr'><strong>tuus,</strong></span> <span class='ocrx_word' id='word_1_1070' title='bbox 3262 4381 3353 4431; x_wconf 86' lang='lat' dir='ltr'><strong>sed</strong></span> <span class='ocrx_word' id='word_1_1071' title='bbox 3383 4377 3476 4431; x_wconf 89' lang='lat' dir='ltr'><strong>Dei</strong></span> <span class='ocrx_word' id='word_1_1072' title='bbox 3504 4395 3519 4432; x_wconf 90' lang='lat'><strong>:</strong></span> 
     </span>
    </p>
   </div>
   <div class='ocr_carea' id='block_1_139' title="bbox 1971 4449 3519 4521">
    <p class='ocr_par' dir='ltr' id='par_1_139' title="bbox 1971 4449 3519 4521">
     <span class='ocr_line' id='line_1_140' title="bbox 1971 4449 3519 4521; baseline -0.004 -16"><span class='ocrx_word' id='word_1_1073' title='bbox 1971 4462 2023 4505; x_wconf 89' lang='lat' dir='ltr'><strong>et</strong></span> <span class='ocrx_word' id='word_1_1074' title='bbox 2052 4449 2108 4504; x_wconf 89' lang='lat' dir='ltr'><strong>si</strong></span> <span class='ocrx_word' id='word_1_1075' title='bbox 2129 4453 2380 4521; x_wconf 81' lang='lat' dir='ltr'><strong>prodigiis</strong></span> <span class='ocrx_word' id='word_1_1076' title='bbox 2405 4466 2457 4504; x_wconf 90' lang='lat' dir='ltr'><strong>et</strong></span> <span class='ocrx_word' id='word_1_1077' title='bbox 2486 4453 2647 4518; x_wconf 78' lang='lat' dir='ltr'><strong>signis</strong></span> <span class='ocrx_word' id='word_1_1078' title='bbox 2670 4450 2942 4517; x_wconf 71' lang='lat' dir='ltr'><strong>ell’olgeas,</strong></span> <span class='ocrx_word' id='word_1_1079' title='bbox 2980 4449 3033 4501; x_wconf 92' lang='lat' dir='ltr'><strong>in</strong></span> <span class='ocrx_word' id='word_1_1080' title='bbox 3062 4465 3146 4502; x_wconf 85' lang='lat' dir='ltr'><strong>mu</strong></span> <span class='ocrx_word' id='word_1_1081' title='bbox 3171 4464 3218 4521; x_wconf 77' lang='grc' dir='ltr'><strong>ιιι</strong></span> <span class='ocrx_word' id='word_1_1082' title='bbox 3252 4455 3336 4500; x_wconf 82' lang='lat' dir='ltr'><strong>tua</strong></span> <span class='ocrx_word' id='word_1_1083' title='bbox 3368 4456 3519 4513; x_wconf 90' lang='lat' dir='ltr'><strong>tiuut,</strong></span> 
     </span>
    </p>
   </div>
   <div class='ocr_carea' id='block_1_140' title="bbox 1901 4508 3521 4587">
    <p class='ocr_par' dir='ltr' id='par_1_140' title="bbox 1901 4508 3521 4587">
     <span class='ocr_line' id='line_1_141' title="bbox 1901 4508 3521 4587; baseline -0.003 -12"><span class='ocrx_word' id='word_1_1084' title='bbox 1901 4508 1949 4567; x_wconf 76' lang='grc' dir='ltr'><strong>Β</strong></span> <span class='ocrx_word' id='word_1_1085' title='bbox 1973 4524 2067 4575; x_wconf 88' lang='lat' dir='ltr'><strong>sed</strong></span> <span class='ocrx_word' id='word_1_1086' title='bbox 2098 4508 2309 4575; x_wconf 47' lang='lat' dir='ltr'><strong>virtute”</strong></span> <span class='ocrx_word' id='word_1_1087' title='bbox 2328 4521 2440 4575; x_wconf 87' lang='lat' dir='ltr'><strong>Dei.</strong></span> <span class='ocrx_word' id='word_1_1088' title='bbox 2484 4508 2562 4573; x_wconf 71' lang='lat' dir='ltr'><strong>Au</strong></span> <span class='ocrx_word' id='word_1_1089' title='bbox 2598 4508 2860 4573; x_wconf 74' lang='lat' dir='ltr'><strong>blanditur</strong></span> <span class='ocrx_word' id='word_1_1090' title='bbox 2886 4508 3152 4587; x_wconf 76' lang='lat' dir='ltr'><strong>popularis</strong></span> <span class='ocrx_word' id='word_1_1091' title='bbox 3179 4519 3349 4580; x_wconf 78' lang='lat' dir='ltr'><strong>favor.</strong></span> <span class='ocrx_word' id='word_1_1092' title='bbox 3380 4508 3521 4586; x_wconf 76' lang='lat' dir='ltr'><strong>quod</strong></span> 
     </span>
    </p>
   </div>
   <div class='ocr_carea' id='block_1_141' title="bbox 1976 4589 3523 4657">
    <p class='ocr_par' dir='ltr' id='par_1_141' title="bbox 1976 4589 3523 4657">
     <span class='ocr_line' id='line_1_142' title="bbox 1976 4589 3523 4657; baseline -0.001 -14"><span class='ocrx_word' id='word_1_1093' title='bbox 1976 4594 2192 4645; x_wconf 90' lang='lat' dir='ltr'><strong>verbum</strong></span> <span class='ocrx_word' id='word_1_1094' title='bbox 2252 4593 2445 4644; x_wconf 85' lang='lat' dir='ltr'><strong>bonum</strong></span> <span class='ocrx_word' id='word_1_1095' title='bbox 2492 4602 2546 4645; x_wconf 86' lang='lat' dir='ltr'><strong>et</strong></span> <span class='ocrx_word' id='word_1_1096' title='bbox 2575 4592 2708 4644; x_wconf 81' lang='lat' dir='ltr'><strong>forte</strong></span> <span class='ocrx_word' id='word_1_1097' title='bbox 2744 4590 2877 4644; x_wconf 88' lang='lat' dir='ltr'><strong>bene</strong></span> <span class='ocrx_word' id='word_1_1098' title='bbox 2929 4589 3364 4657; x_wconf 70' lang='lat' dir='ltr'><strong>deproiupseris?</strong></span> <span class='ocrx_word' id='word_1_1099' title='bbox 3416 4589 3523 4642; x_wconf 66' lang='lat' dir='ltr'><strong>Sed</strong></span> 
     </span>
    </p>
   </div>
   <div class='ocr_carea' id='block_1_142' title="bbox 1974 4659 3523 4729">
    <p class='ocr_par' dir='ltr' id='par_1_142' title="bbox 1974 4659 3523 4729">
     <span class='ocr_line' id='line_1_143' title="bbox 1974 4659 3523 4729; baseline -0.002 -15"><span class='ocrx_word' id='word_1_1100' title='bbox 1974 4663 2216 4715; x_wconf 74' lang='lat' dir='ltr'><strong>Christus</strong></span> <span class='ocrx_word' id='word_1_1101' title='bbox 2244 4662 2459 4715; x_wconf 88' lang='lat' dir='ltr'><strong>donavit</strong></span> <span class='ocrx_word' id='word_1_1102' title='bbox 2483 4679 2545 4715; x_wconf 83' lang='lat' dir='ltr'><strong>os</strong></span> <span class='ocrx_word' id='word_1_1103' title='bbox 2570 4674 2625 4714; x_wconf 89' lang='lat' dir='ltr'><strong>et</strong></span> <span class='ocrx_word' id='word_1_1104' title='bbox 2652 4664 2998 4729; x_wconf 88' lang='lat' dir='ltr'><strong>sapientiam;</strong></span> <span class='ocrx_word' id='word_1_1105' title='bbox 3050 4674 3169 4711; x_wconf 86' lang='lat' dir='ltr'><strong>nam</strong></span> <span class='ocrx_word' id='word_1_1106' title='bbox 3213 4659 3385 4727; x_wconf 82' lang='lat' dir='ltr'><strong>lingua</strong></span> <span class='ocrx_word' id='word_1_1107' title='bbox 3433 4668 3523 4711; x_wconf 84' lang='lat' dir='ltr'><strong>tua</strong></span> 
     </span>
    </p>
   </div>
   <div class='ocr_carea' id='block_1_143' title="bbox 1976 4732 3525 4803">
    <p class='ocr_par' dir='ltr' id='par_1_143' title="bbox 1976 4732 3525 4803">
     <span class='ocr_line' id='line_1_144' title="bbox 1976 4732 3525 4803; baseline -0.002 -18"><span class='ocrx_word' id='word_1_1108' title='bbox 1976 4734 2119 4799; x_wconf 86' lang='lat' dir='ltr'><strong>quid,</strong></span> <span class='ocrx_word' id='word_1_1109' title='bbox 2150 4735 2247 4785; x_wconf 85' lang='lat' dir='ltr'><strong>nisi</strong></span> <span class='ocrx_word' id='word_1_1110' title='bbox 2288 4734 2522 4785; x_wconf 69' lang='lat' dir='ltr'><strong>calamus</strong></span> <span class='ocrx_word' id='word_1_1111' title='bbox 2549 4732 2781 4785; x_wconf 66' lang='lat' dir='ltr'><strong>scribae?</strong></span> <span class='ocrx_word' id='word_1_1112' title='bbox 2814 4733 2877 4784; x_wconf 72' lang='lat' dir='ltr'><strong>Et</strong></span> <span class='ocrx_word' id='word_1_1113' title='bbox 2909 4738 3007 4784; x_wconf 90' lang='lat' dir='ltr'><strong>hoc</strong></span> <span class='ocrx_word' id='word_1_1114' title='bbox 3033 4732 3200 4797; x_wconf 82' lang='lat' dir='ltr'><strong>ipsum</strong></span> <span class='ocrx_word' id='word_1_1115' title='bbox 3235 4745 3414 4803; x_wconf 80' lang='lat' dir='ltr'><strong>inutno</strong></span> <span class='ocrx_word' id='word_1_1116' title='bbox 3434 4743 3525 4803; x_wconf 75' lang='lat' dir='ltr'><strong>at:-</strong></span> 
     </span>
    </p>
   </div>
   <div class='ocr_carea' id='block_1_144' title="bbox 1976 4799 3524 4869">
    <p class='ocr_par' dir='ltr' id='par_1_144' title="bbox 1976 4799 3524 4869">
     <span class='ocr_line' id='line_1_145' title="bbox 1976 4799 3524 4869; baseline -0.003 -13"><span class='ocrx_word' id='word_1_1117' title='bbox 1976 4806 2180 4866; x_wconf 88' lang='lat' dir='ltr'><strong>cepistt.</strong></span> <span class='ocrx_word' id='word_1_1118' title='bbox 2212 4822 2230 4854; x_wconf 73' lang='grc' dir='ltr'><strong>ι</strong></span> <span class='ocrx_word' id='word_1_1119' title='bbox 2265 4803 2330 4855; x_wconf 81' lang='lat' dir='ltr'><strong>Et</strong></span> <span class='ocrx_word' id='word_1_1120' title='bbox 2353 4815 2510 4857; x_wconf 85' lang='lat' dir='ltr'><strong>antea</strong></span> <span class='ocrx_word' id='word_1_1121' title='bbox 2538 4820 2551 4855; x_wconf 89' lang='lat'>:</span> <span class='ocrx_word' id='word_1_1122' title='bbox 2589 4821 2607 4851; x_wconf 85' lang='lat' dir='ltr'><strong>t</strong></span> <span class='ocrx_word' id='word_1_1123' title='bbox 2646 4806 2772 4867; x_wconf 82' lang='lat' dir='ltr'><strong>Quts</strong></span> <span class='ocrx_word' id='word_1_1124' title='bbox 2793 4808 2975 4855; x_wconf 83' lang='lat' dir='ltr'><strong>credat</strong></span> <span class='ocrx_word' id='word_1_1125' title='bbox 2996 4802 3202 4869; x_wconf 85' lang='lat' dir='ltr'><strong>parieti,</strong></span> <span class='ocrx_word' id='word_1_1126' title='bbox 3231 4800 3274 4851; x_wconf 85' lang='lat' dir='ltr'><strong>si</strong></span> <span class='ocrx_word' id='word_1_1127' title='bbox 3303 4814 3361 4852; x_wconf 72' lang='lat' dir='ltr'><strong>se</strong></span> <span class='ocrx_word' id='word_1_1128' title='bbox 3381 4799 3524 4853; x_wconf 75' lang='lat' dir='ltr'><strong>dicat</strong></span> 
     </span>
    </p>
   </div>
   <div class='ocr_carea' id='block_1_145' title="bbox 1978 4871 3524 4942">
    <p class='ocr_par' dir='ltr' id='par_1_145' title="bbox 1978 4871 3524 4942">
     <span class='ocr_line' id='line_1_146' title="bbox 1978 4871 3524 4942; baseline -0.003 -17"><span class='ocrx_word' id='word_1_1129' title='bbox 1978 4876 2237 4939; x_wconf 83' lang='lat' dir='ltr'><strong>parturire</strong></span> <span class='ocrx_word' id='word_1_1130' title='bbox 2263 4874 2485 4937; x_wconf 87' lang='lat' dir='ltr'><strong>radium,</strong></span> <span class='ocrx_word' id='word_1_1131' title='bbox 2516 4888 2669 4942; x_wconf 82' lang='lat' dir='ltr'><strong>quem</strong></span> <span class='ocrx_word' id='word_1_1132' title='bbox 2695 4873 2914 4939; x_wconf 83' lang='lat' dir='ltr'><strong>suscipit</strong></span> <span class='ocrx_word' id='word_1_1133' title='bbox 2946 4888 3039 4941; x_wconf 85' lang='lat' dir='ltr'><strong>per</strong></span> <span class='ocrx_word' id='word_1_1134' title='bbox 3069 4871 3389 4924; x_wconf 74' lang='lat' dir='ltr'><strong>fenestram?</strong></span> <span class='ocrx_word' id='word_1_1135' title='bbox 3418 4874 3524 4923; x_wconf 71' lang='lat' dir='ltr'><strong>Aut</strong></span> 
     </span>
    </p>
   </div>
   <div class='ocr_carea' id='block_1_146' title="bbox 1977 4946 3521 5013">
    <p class='ocr_par' dir='ltr' id='par_1_146' title="bbox 1977 4946 3521 5013">
     <span class='ocr_line' id='line_1_147' title="bbox 1977 4946 3521 5013; baseline -0.006 -15"><span class='ocrx_word' id='word_1_1136' title='bbox 1977 4946 2021 4998; x_wconf 85' lang='lat' dir='ltr'><strong>si</strong></span> <span class='ocrx_word' id='word_1_1137' title='bbox 2048 4947 2338 5013; x_wconf 86' lang='lat' dir='ltr'><strong>glorientur</strong></span> <span class='ocrx_word' id='word_1_1138' title='bbox 2363 4951 2529 4998; x_wconf 82' lang='lat' dir='ltr'><strong>nubes</strong></span> <span class='ocrx_word' id='word_1_1139' title='bbox 2549 4948 2686 5012; x_wconf 87' lang='lat' dir='ltr'><strong>quod</strong></span> <span class='ocrx_word' id='word_1_1140' title='bbox 2722 4946 2915 4995; x_wconf 82' lang='lat' dir='ltr'><strong>imbres</strong></span> <span class='ocrx_word' id='word_1_1141' title='bbox 2945 4946 3241 5009; x_wconf 84' lang='lat' dir='ltr'><strong>genuerint,</strong></span> <span class='ocrx_word' id='word_1_1142' title='bbox 3264 4952 3383 5010; x_wconf 79' lang='lat' dir='ltr'><strong>quis</strong></span> <span class='ocrx_word' id='word_1_1143' title='bbox 3416 4958 3521 5013; x_wconf 77' lang='lat' dir='ltr'><strong>non</strong></span> 
     </span>
    </p>
   </div>
   <div class='ocr_carea' id='block_1_147' title="bbox 1980 5012 3525 5082">
    <p class='ocr_par' dir='ltr' id='par_1_147' title="bbox 1980 5012 3525 5082">
     <span class='ocr_line' id='line_1_148' title="bbox 1980 5012 3525 5082; baseline -0.002 -16"><span class='ocrx_word' id='word_1_1144' title='bbox 1980 5012 2231 5068; x_wconf 69' lang='lat' dir='ltr'><strong>irrideat?</strong></span> <span class='ocrx_word' id='word_1_1145' title='bbox 2262 5018 2381 5068; x_wconf 78' lang='lat' dir='ltr'><strong>Milli</strong></span> <span class='ocrx_word' id='word_1_1146' title='bbox 2409 5015 2606 5082; x_wconf 84' lang='lat' dir='ltr'><strong>liquido</strong></span> <span class='ocrx_word' id='word_1_1147' title='bbox 2627 5026 2851 5076; x_wconf 84' lang='lat' dir='ltr'><strong>constat,</strong></span> <span class='ocrx_word' id='word_1_1148' title='bbox 2885 5029 2980 5068; x_wconf 87' lang='lat' dir='ltr'><strong>nec</strong></span> <span class='ocrx_word' id='word_1_1149' title='bbox 3010 5014 3073 5066; x_wconf 84' lang='lat' dir='ltr'><strong>de</strong></span> <span class='ocrx_word' id='word_1_1150' title='bbox 3099 5016 3367 5064; x_wconf 69' lang='grc' dir='ltr'>(ιιιωιιιιιι.</span> <span class='ocrx_word' id='word_1_1151' title='bbox 3397 5012 3525 5063; x_wconf 85' lang='lat' dir='ltr'><strong>oriti</strong></span> 
     </span>
    </p>
   </div>
   <div class='ocr_carea' id='block_1_148' title="bbox 1981 5085 3524 5153">
    <p class='ocr_par' dir='ltr' id='par_1_148' title="bbox 1981 5085 3524 5153">
     <span class='ocr_line' id='line_1_149' title="bbox 1981 5085 3524 5153; baseline -0.001 -17"><span class='ocrx_word' id='word_1_1152' title='bbox 1981 5087 2120 5138; x_wconf 86' lang='lat' dir='ltr'><strong>rivos</strong></span> <span class='ocrx_word' id='word_1_1153' title='bbox 2141 5100 2420 5153; x_wconf 78' lang='lat' dir='ltr'><strong>aquai-uin,</strong></span> <span class='ocrx_word' id='word_1_1154' title='bbox 2452 5102 2499 5136; x_wconf 89' lang='lat' dir='ltr'><strong>in</strong></span> <span class='ocrx_word' id='word_1_1155' title='bbox 2519 5099 2550 5137; x_wconf 84' lang='lat' dir='ltr'><strong>e</strong></span> <span class='ocrx_word' id='word_1_1156' title='bbox 2576 5088 2642 5137; x_wconf 86' lang='lat' dir='ltr'><strong>de</strong></span> <span class='ocrx_word' id='word_1_1157' title='bbox 2672 5085 2820 5139; x_wconf 82' lang='lat' dir='ltr'><strong>labiis</strong></span> <span class='ocrx_word' id='word_1_1158' title='bbox 2847 5088 2923 5137; x_wconf 78' lang='lat' dir='ltr'><strong>vel</strong></span> <span class='ocrx_word' id='word_1_1159' title='bbox 2946 5085 3191 5136; x_wconf 66' lang='lat' dir='ltr'><strong>deﬂliblh</strong></span> <span class='ocrx_word' id='word_1_1160' title='bbox 3214 5088 3370 5136; x_wconf 65' lang='lat' dir='ltr'><strong>veitia</strong></span> <span class='ocrx_word' id='word_1_1161' title='bbox 3401 5096 3524 5153; x_wconf 76' lang='lat' dir='ltr'><strong>pro-</strong></span> 
     </span>
    </p>
   </div>
   <div class='ocr_carea' id='block_1_149' title="bbox 1979 5150 3525 5223">
    <p class='ocr_par' dir='ltr' id='par_1_149' title="bbox 1979 5150 3525 5223">
     <span class='ocr_line' id='line_1_150' title="bbox 1979 5150 3525 5223; baseline -0.004 -15"><span class='ocrx_word' id='word_1_1162' title='bbox 1979 5150 2206 5217; x_wconf 52' lang='lat' dir='ltr'><strong>dentia,</strong></span> <span class='ocrx_word' id='word_1_1163' title='bbox 2222 5158 2321 5210; x_wconf 85' lang='lat' dir='ltr'><strong>etsi</strong></span> <span class='ocrx_word' id='word_1_1164' title='bbox 2343 5171 2529 5209; x_wconf 85' lang='lat' dir='ltr'><strong>sensus</strong></span> <span class='ocrx_word' id='word_1_1165' title='bbox 2551 5157 2685 5208; x_wconf 85' lang='lat' dir='ltr'><strong>ultra</strong></span> <span class='ocrx_word' id='word_1_1166' title='bbox 2705 5171 2993 5223; x_wconf 84' lang='lat' dir='ltr'><strong>corporeus</strong></span> <span class='ocrx_word' id='word_1_1167' title='bbox 3024 5171 3126 5207; x_wconf 86' lang='lat' dir='ltr'><strong>non</strong></span> <span class='ocrx_word' id='word_1_1168' title='bbox 3154 5164 3394 5219; x_wconf 73' lang='lat' dir='ltr'><strong>attingat.</strong></span> <span class='ocrx_word' id='word_1_1169' title='bbox 3418 5150 3525 5203; x_wconf 79' lang='lat' dir='ltr'><strong>Nec</strong></span> 
     </span>
    </p>
   </div>
   <div class='ocr_carea' id='block_1_150' title="bbox 1981 5226 3525 5291">
    <p class='ocr_par' dir='ltr' id='par_1_150' title="bbox 1981 5226 3525 5291">
     <span class='ocr_line' id='line_1_151' title="bbox 1981 5226 3525 5291; baseline -0.001 -16"><span class='ocrx_word' id='word_1_1170' title='bbox 1981 5234 2094 5278; x_wconf 82' lang='lat' dir='ltr'><strong>tatis</strong></span> <span class='ocrx_word' id='word_1_1171' title='bbox 2118 5227 2305 5279; x_wconf 88' lang='lat' dir='ltr'><strong>catauii</strong></span> <span class='ocrx_word' id='word_1_1172' title='bbox 2341 5226 2532 5278; x_wconf 81' lang='lat' dir='ltr'><strong>laudab</strong></span> <span class='ocrx_word' id='word_1_1173' title='bbox 2554 5227 2615 5278; x_wconf 86' lang='lat' dir='ltr'><strong>lis</strong></span> <span class='ocrx_word' id='word_1_1174' title='bbox 2642 5236 2725 5279; x_wconf 90' lang='lat' dir='ltr'><strong>est</strong></span> <span class='ocrx_word' id='word_1_1175' title='bbox 2748 5240 2945 5291; x_wconf 84' lang='lat' dir='ltr'><strong>pteiura</strong></span> <span class='ocrx_word' id='word_1_1176' title='bbox 2976 5229 3086 5278; x_wconf 79' lang='lat' dir='ltr'><strong>sive</strong></span> <span class='ocrx_word' id='word_1_1177' title='bbox 3116 5227 3393 5290; x_wconf 74' lang='lat' dir='ltr'><strong>scriptura.</strong></span> <span class='ocrx_word' id='word_1_1178' title='bbox 3430 5237 3525 5271; x_wconf 74' lang='lat' dir='ltr'><strong>nrt:</strong></span> 
     </span>
    </p>
   </div>
   <div class='ocr_carea' id='block_1_151' title="bbox 1980 5296 3527 5364">
    <p class='ocr_par' dir='ltr' id='par_1_151' title="bbox 1980 5296 3527 5364">
     <span class='ocr_line' id='line_1_152' title="bbox 1980 5296 3527 5364; baseline -0.003 -16"><span class='ocrx_word' id='word_1_1179' title='bbox 1980 5299 2142 5362; x_wconf 80' lang='lat' dir='ltr'><strong>gloria</strong></span> <span class='ocrx_word' id='word_1_1180' title='bbox 2172 5298 2361 5364; x_wconf 70' lang='lat' dir='ltr'><strong>linguae</strong></span> <span class='ocrx_word' id='word_1_1181' title='bbox 2381 5306 2469 5348; x_wconf 88' lang='lat' dir='ltr'><strong>aut</strong></span> <span class='ocrx_word' id='word_1_1182' title='bbox 2496 5296 2749 5349; x_wconf 85' lang='lat' dir='ltr'><strong>labioruui</strong></span> <span class='ocrx_word' id='word_1_1183' title='bbox 2772 5312 2952 5349; x_wconf 87' lang='lat' dir='ltr'><strong>sermo</strong></span> <span class='ocrx_word' id='word_1_1184' title='bbox 2979 5298 3146 5348; x_wconf 87' lang='lat' dir='ltr'><strong>bonus</strong></span> <span class='ocrx_word' id='word_1_1185' title='bbox 3172 5310 3185 5345; x_wconf 91' lang='lat'><strong>:</strong></span> <span class='ocrx_word' id='word_1_1186' title='bbox 3221 5304 3426 5356; x_wconf 83' lang='lat' dir='ltr'><strong>tetiipus</strong></span> <span class='ocrx_word' id='word_1_1187' title='bbox 3445 5310 3476 5342; x_wconf 86' lang='lat' dir='ltr'><strong>e</strong></span> <span class='ocrx_word' id='word_1_1188' title='bbox 3506 5301 3527 5344; x_wconf 86' lang='lat' dir='ltr'><strong>t</strong></span> 
     </span>
    </p>
   </div>
   <div class='ocr_carea' id='block_1_152' title="bbox 1982 5366 3526 5435">
    <p class='ocr_par' dir='ltr' id='par_1_152' title="bbox 1982 5366 3526 5435">
     <span class='ocr_line' id='line_1_153' title="bbox 1982 5366 3526 5435; baseline -0.003 -18"><span class='ocrx_word' id='word_1_1189' title='bbox 1982 5376 2037 5419; x_wconf 89' lang='grc' dir='ltr'><strong>ιιι</strong></span> <span class='ocrx_word' id='word_1_1190' title='bbox 2055 5377 2109 5418; x_wconf 87' lang='lat' dir='ltr'><strong>et</strong></span> <span class='ocrx_word' id='word_1_1191' title='bbox 2129 5373 2381 5433; x_wconf 79' lang='lat' dir='ltr'><strong>propheta</strong></span> <span class='ocrx_word' id='word_1_1192' title='bbox 2405 5368 2647 5435; x_wconf 85' lang='lat' dir='ltr'><strong>loquatur</strong></span> <span class='ocrx_word' id='word_1_1193' title='bbox 2669 5383 2680 5417; x_wconf 92' lang='lat'><strong>:</strong></span> <span class='ocrx_word' id='word_1_1194' title='bbox 2704 5370 2961 5435; x_wconf 78' lang='lat' dir='ltr'><strong>t\umqutd</strong></span> <span class='ocrx_word' id='word_1_1195' title='bbox 2986 5366 3309 5433; x_wconf 75' lang='lat' dir='ltr'><strong>gloriabitur.</strong></span> <span class='ocrx_word' id='word_1_1196' title='bbox 3336 5368 3526 5430; x_wconf 77' lang='grc' dir='ltr'>ιιιῳιιι,</span> 
     </span>
    </p>
   </div>
   <div class='ocr_carea' id='block_1_153' title="bbox 1977 5436 3527 5508">
    <p class='ocr_par' dir='ltr' id='par_1_153' title="bbox 1977 5436 3527 5508">
     <span class='ocr_line' id='line_1_154' title="bbox 1977 5436 3527 5508; baseline -0.004 -18"><span class='ocrx_word' id='word_1_1197' title='bbox 1977 5439 2177 5490; x_wconf 73' lang='lat' dir='ltr'><strong>securis</strong></span> <span class='ocrx_word' id='word_1_1198' title='bbox 2353 5449 2535 5490; x_wconf 78' lang='lat' dir='ltr'><strong>contra</strong></span> <span class='ocrx_word' id='word_1_1199' title='bbox 2571 5452 2693 5490; x_wconf 85' lang='lat' dir='ltr'><strong>eum</strong></span> <span class='ocrx_word' id='word_1_1200' title='bbox 2722 5454 2807 5505; x_wconf 83' lang='grc' dir='ltr'><strong>ψιι</strong></span> <span class='ocrx_word' id='word_1_1201' title='bbox 2839 5447 2983 5489; x_wconf 62' lang='lat' dir='ltr'><strong>secat</strong></span> <span class='ocrx_word' id='word_1_1202' title='bbox 3013 5453 3064 5489; x_wconf 72' lang='lat' dir='ltr'><strong>tu</strong></span> <span class='ocrx_word' id='word_1_1203' title='bbox 3090 5452 3151 5489; x_wconf 65' lang='lat' dir='ltr'><strong>est</strong></span> <span class='ocrx_word' id='word_1_1204' title='bbox 3171 5472 3186 5494; x_wconf 84' lang='lat'><strong>.</strong></span> <span class='ocrx_word' id='word_1_1205' title='bbox 3218 5446 3306 5485; x_wconf 82' lang='lat' dir='ltr'><strong>aut</strong></span> <span class='ocrx_word' id='word_1_1206' title='bbox 3328 5436 3527 5508; x_wconf 68' lang='lat' dir='ltr'><strong>exalta-</strong></span> 
     </span>
    </p>
   </div>
   <div class='ocr_carea' id='block_1_154' title="bbox 1980 5504 3528 5576">
    <p class='ocr_par' dir='ltr' id='par_1_154' title="bbox 1980 5504 3528 5576">
     <span class='ocr_line' id='line_1_155' title="bbox 1980 5504 3528 5576; baseline -0.001 -19"><span class='ocrx_word' id='word_1_1207' title='bbox 1980 5515 2115 5559; x_wconf 84' lang='lat' dir='ltr'><strong>littur</strong></span> <span class='ocrx_word' id='word_1_1208' title='bbox 2139 5504 2290 5560; x_wconf 42' lang='lat' dir='ltr'><strong>Seria</strong></span> <span class='ocrx_word' id='word_1_1209' title='bbox 2314 5519 2495 5560; x_wconf 84' lang='lat' dir='ltr'><strong>contra</strong></span> <span class='ocrx_word' id='word_1_1210' title='bbox 2537 5523 2657 5559; x_wconf 79' lang='lat' dir='ltr'><strong>eum</strong></span> <span class='ocrx_word' id='word_1_1211' title='bbox 2689 5523 2717 5558; x_wconf 79' lang='lat' dir='ltr'><strong>tt</strong></span> <span class='ocrx_word' id='word_1_1212' title='bbox 2742 5504 2860 5576; x_wconf 73' lang='lat' dir='ltr'><strong>quo</strong></span> <span class='ocrx_word' id='word_1_1213' title='bbox 2902 5508 3158 5560; x_wconf 76' lang='lat' dir='ltr'><strong>trahitur?</strong></span> <span class='ocrx_word' id='word_1_1214' title='bbox 3184 5504 3459 5576; x_wconf 71' lang='lat' dir='ltr'><strong>Qnmttodo</strong></span> <span class='ocrx_word' id='word_1_1215' title='bbox 3482 5517 3528 5556; x_wconf 77' lang='lat' dir='ltr'><strong>st</strong></span> 
     </span>
    </p>
   </div>
   <div class='ocr_carea' id='block_1_155' title="bbox 1975 5573 3529 5645">
    <p class='ocr_par' dir='ltr' id='par_1_155' title="bbox 1975 5573 3529 5645">
     <span class='ocr_line' id='line_1_156' title="bbox 1975 5573 3529 5645; baseline -0.001 -16"><span class='ocrx_word' id='word_1_1216' title='bbox 1975 5578 2211 5630; x_wconf 79' lang='lat' dir='ltr'><strong>elevctur</strong></span> <span class='ocrx_word' id='word_1_1217' title='bbox 2243 5580 2384 5645; x_wconf 81' lang='lat' dir='ltr'><strong>virga</strong></span> <span class='ocrx_word' id='word_1_1218' title='bbox 2423 5587 2606 5631; x_wconf 81' lang='lat' dir='ltr'><strong>contra</strong></span> <span class='ocrx_word' id='word_1_1219' title='bbox 2632 5573 2925 5632; x_wconf 81' lang='lat' dir='ltr'><strong>elevaiiiein</strong></span> <span class='ocrx_word' id='word_1_1220' title='bbox 2948 5592 3027 5642; x_wconf 77' lang='lat' dir='ltr'><strong>5c,</strong></span> <span class='ocrx_word' id='word_1_1221' title='bbox 3074 5585 3130 5628; x_wconf 82' lang='lat' dir='ltr'><strong>ct</strong></span> <span class='ocrx_word' id='word_1_1222' title='bbox 3154 5590 3253 5628; x_wconf 68' lang='lat' dir='ltr'><strong>exta</strong></span> <span class='ocrx_word' id='word_1_1223' title='bbox 3276 5582 3414 5645; x_wconf 78' lang='lat' dir='ltr'><strong>teter</strong></span> <span class='ocrx_word' id='word_1_1224' title='bbox 3443 5573 3476 5627; x_wconf 89' lang='lat' dir='ltr'><strong>b</strong></span> <span class='ocrx_word' id='word_1_1225' title='bbox 3510 5600 3529 5614; x_wconf 66' lang='grc' dir='ltr'>ε</span> 
     </span>
    </p>
   </div>
   <div class='ocr_carea' id='block_1_156' title="bbox 1976 5644 3528 5716">
    <p class='ocr_par' dir='ltr' id='par_1_156' title="bbox 1976 5644 3528 5716">
     <span class='ocr_line' id='line_1_157' title="bbox 1976 5644 3528 5716; baseline -0.003 -17"><span class='ocrx_word' id='word_1_1226' title='bbox 1976 5649 2144 5708; x_wconf 78' lang='lat' dir='ltr'><strong>cttlus,</strong></span> <span class='ocrx_word' id='word_1_1227' title='bbox 2175 5664 2262 5715; x_wconf 87' lang='lat' dir='ltr'><strong>qui</strong></span> <span class='ocrx_word' id='word_1_1228' title='bbox 2298 5644 2477 5716; x_wconf 82' lang='lat' dir='ltr'><strong>utique</strong></span> <span class='ocrx_word' id='word_1_1229' title='bbox 2521 5651 2715 5715; x_wconf 72' lang='lat' dir='ltr'><strong>lignum</strong></span> <span class='ocrx_word' id='word_1_1230' title='bbox 2759 5660 2867 5709; x_wconf 80' lang='lat' dir='ltr'><strong>est;</strong></span> <span class='ocrx_word' id='word_1_1231' title='bbox 2915 5664 2992 5700; x_wconf 81' lang='lat' dir='ltr'><strong>sic</strong></span> <span class='ocrx_word' id='word_1_1232' title='bbox 3034 5659 3220 5700; x_wconf 59' lang='lat' dir='ltr'><strong>cout&#39;a</strong></span> <span class='ocrx_word' id='word_1_1233' title='bbox 3249 5644 3528 5699; x_wconf 76' lang='lat' dir='ltr'><strong>Domitiqu</strong></span> 
     </span>
    </p>
   </div>
   <div class='ocr_carea' id='block_1_157' title="bbox 1978 5718 3529 5787">
    <p class='ocr_par' dir='ltr' id='par_1_157' title="bbox 1978 5718 3529 5787">
     <span class='ocr_line' id='line_1_158' title="bbox 1978 5718 3529 5787; baseline -0.001 -18"><span class='ocrx_word' id='word_1_1234' title='bbox 1978 5723 2151 5771; x_wconf 83' lang='lat' dir='ltr'><strong>omnis</strong></span> <span class='ocrx_word' id='word_1_1235' title='bbox 2177 5718 2261 5786; x_wconf 80' lang='lat' dir='ltr'><strong>qui</strong></span> <span class='ocrx_word' id='word_1_1236' title='bbox 2292 5721 2574 5787; x_wconf 80' lang='lat' dir='ltr'><strong>gloriatur,</strong></span> <span class='ocrx_word' id='word_1_1237' title='bbox 2615 5722 2659 5771; x_wconf 88' lang='lat' dir='ltr'><strong>si</strong></span> <span class='ocrx_word' id='word_1_1238' title='bbox 2701 5736 2802 5771; x_wconf 89' lang='lat' dir='ltr'><strong>non</strong></span> <span class='ocrx_word' id='word_1_1239' title='bbox 2846 5734 2898 5772; x_wconf 86' lang='lat' dir='ltr'><strong>in</strong></span> <span class='ocrx_word' id='word_1_1240' title='bbox 2943 5718 3161 5772; x_wconf 80' lang='lat' dir='ltr'><strong>Domino</strong></span> <span class='ocrx_word' id='word_1_1241' title='bbox 3189 5720 3465 5781; x_wconf 72' lang='lat' dir='ltr'><strong>glorietur.</strong></span> <span class='ocrx_word' id='word_1_1242' title='bbox 3504 5738 3529 5762; x_wconf 77' lang='grc' dir='ltr'><strong>ι</strong></span> 
     </span>
    </p>
   </div>
   <div class='ocr_carea' id='block_1_158' title="bbox 3211 5830 3249 5885">
    <p class='ocr_par' dir='ltr' id='par_1_158' title="bbox 3211 5830 3249 5885">
     <span class='ocr_line' id='line_1_159' title="bbox 3211 5830 3249 5885; baseline 0 0"><span class='ocrx_word' id='word_1_1243' title='bbox 3211 5830 3249 5885; x_wconf 77' lang='lat'><strong>8</strong></span> 
     </span>
    </p>
   </div>
  </div>
