3960 6178
213 360 316 413 233

1306 356 1579 413 REGULal
1616 355 2107 412 COMMENTATA.
2148 355 2297 411 CAP.
2338 356 2379 410 1.

3328 351 3430 406 εδδ

210 473 349 537 ruitis
371 470 656 533 singularis
682 486 870 539 scopus
905 481 987 527 est
1014 456 1280 541 abnegare
1314 470 1679 540 semetipsum,
1709 478 1763 525 et
1790 474 1839 531 Α
1868 469 2001 524 luis!
2048 468 2248 541 Quanta
2298 466 2585 541 patiuntur
2608 482 2703 537 pro
2740 466 3429 541 suainiquitatelatronee!

209 557 383 595 otttms
416 542 732 593 tnortilicare
756 543 930 595 cordis
955 541 1285 595 voluntates?

278 610 339 663 Ut
383 622 431 661 et
475 612 616 677 regni
652 613 760 679 ejus
799 629 1080 665 mereamur
1108 629 1213 665 esse
1238 607 1536 731 consortes.)
1560 610 1690 677 Quia
1718 609 1764 663 si

278 681 571 731 itioatirour.
602 689 656 731 et
683 684 1150 731 conregnabimns.
1190 692 1242 731 et
1272 683 1315 731 si
1347 681 1478 731 socii
1532 682 1764 731 uerimus

211 681 656 752 ictnpatirour.et
683 684 1150 752 conregnabimus,
1190 692 1242 735 et
1272 683 1315 735 si
1347 681 1478 735 socii
1503 681 1764 752 fuerimus

213 754 525 816 passionum,
556 751 707 803 simul
737 764 787 804 et
816 750 1193 806 consolationis
1233 766 1449 804 i-rimus.
1491 750 1535 804 Ο
1575 765 1764 804 conso-

214 822 350 872 latio!
389 839 409 869 ι
451 820 596 872 Mulli
627 825 786 873 multa
823 825 1088 885 patiuntur
1123 830 1337 889 propter
1369 823 1642 887 pecuniam
1674 835 1763 884 pe-

212 906 442 950 rnurant,
471 900 519 942 et
552 900 602 942 ttt
637 908 739 943 non
767 894 843 945 vis
871 894 975 957 pati
999 902 1213 960 propter
1245 892 1401 944 vitam
1429 891 1757 943 mansuram!

209 962 370 1011 aiebit
400 961 528 1013 olim
560 962 615 1013 S.
656 962 990 1029 Augustinus.
1020 963 1105 1016 Sic
1140 976 1349 1014 recusas
1392 961 1632 1013 laborare
1669 976 1763 1027 pro

214 1031 292 1083 Dei
326 1032 621 1097 promissis,
653 1036 798 1099 quasi
833 1049 935 1085 non
970 1033 1235 1086 laborares
1262 1046 1358 1099 pro
1390 1031 1761 1098 cupiditatibus

1866 551 2057 606 quanta
2091 540 2358 607 patiuntur
2387 554 2482 605 pro
2508 539 2617 592 suis
2647 538 2935 592 sceleribus
2964 537 3177 603 perditi,
3216 553 3311 604 pro
3339 553 3431 591 sua

1869 612 1978 680 38
2003 610 2231 676 nequitia
2262 609 2533 671 luxuriosi,
2567 625 2659 673 pro
2684 624 2777 662 sua
2815 609 3030 661 avaritia
3065 609 3435 675 negotiatores

1868 679 2013 733 mare
2044 689 2449 742 trausmeantes,
2474 681 2663 741 ventis,
2705 679 3103 744 tempestatibus
3139 694 3332 746 corpus
3377 692 3429 733 et

1868 751 2097 803 animam
2132 752 2517 816 permittentes,
2542 765 2633 803 sua
2664 750 3041 813 relinquentes,
3077 750 3249 817 ignota
3282 763 3431 816 qum-

1867 820 2069 875 rentes!
2104 839 2121 870 ι
2154 820 2215 872 Ει
2242 835 2337 872 nos
2360 834 2453 885 pro
2478 829 2677 872 aeterna
2701 819 2970 880 felicitate,
2996 829 3052 871 ut
3077 834 3196 871 cum
3220 819 3433 872 Christo

1870 890 1920 943 itt
1949 901 2253 957 perpetuum
2287 905 2588 956 regnemus,
2620 905 2723 941 non
2753 890 3041 954 patiemur?
3072 889 3210 955 Ergo
3238 904 3431 957 sequa-

1869 976 1988 1013 mur
2032 961 2323 1028 Christum,
2378 968 2434 1013 ut
2476 959 2652 1028 ipsum
2698 958 2980 1027 aliquando
3023 974 3431 1028 consequamur.

1868 1031 2060 1084 Amen.

209 1152 3380 1191 ΞΜ

1303 1267 1690 1351 CAPUT
1763 1268 2239 1352 PRIMUM
2252 1326 2267 1345 .

1206 1429 1292 1488 De
1321 1426 1641 1505 generibus
1676 1428 1779 1488 υειτ
1800 1429 1931 1489 vita
1963 1431 2425 1491 monachorum.

271 1549 644 1603 Monachorum
678 1559 900 1619 quatuor
927 1566 1045 1605 esse
1068 1566 1263 1621 genera
1297 1550 1631 1606 manifestum
1659 1559 1758 1603 est.

210 1639 430 1695 Primum
476 1642 862 1696 ctenobitarum
898 1661 910 1694 :
945 1644 1044 1697 hoc
1084 1654 1166 1697 est
1209 1642 1599 1704 monasteriale,
1631 1641 1769 1694 mili-

210 1743 317 1785 tans
344 1733 444 1786 sub
473 1733 653 1802 regula
684 1734 762 1789 vel
794 1735 1003 1788 abbate.
1036 1733 1256 1797 Deinde,
1287 1733 1577 1787 secundum
1599 1748 1766 1801 genus

210 1833 283 1875 est
320 1825 791 1887 anachoretarum,
834 1825 884 1877 id
924 1836 1004 1878 est
1048 1825 1411 1888 eremitarum,
1453 1826 1637 1879 horum
1677 1825 1774 1892 qui.

1872 1553 2027 1614 terni,
2053 1562 2144 1606 aut
2167 1565 2309 1608 certe
2339 1554 2555 1624 singuli,
2584 1555 2700 1609 sine
2731 1563 2963 1623 pastore,
2995 1568 3099 1608 non
3130 1550 3440 1617 dominicis,

1868 1644 1959 1697 sed
1982 1644 2090 1698 suis
2112 1645 2299 1699 inclusi
2321 1644 2569 1709 ovilibus,
2597 1660 2690 1714 pro
2707 1645 2822 1714 lege
2841 1645 2917 1699 eis
2940 1652 3022 1699 est
3042 1642 3437 1698 desideriorum

1868 1735 2107 1804 voluptas
2131 1751 2146 1790 :
2170 1751 2289 1790 cum
2312 1736 2565 1806 quidquid
2590 1738 2889 1803 putaverint
2917 1734 3001 1790 vel
3029 1734 3307 1803 elegerint,
3334 1732 3432 1786 hoc

1870 1824 2050 1879 dicunt
2078 1814 2346 1891 sanctum;
2380 1835 2433 1881 et
2463 1825 2600 1895 quod
2638 1825 2922 1891 noluerint,
2960 1825 3062 1880 hoc
3105 1831 3289 1894 putant
3332 1839 3439 1882 non

212 1927 308 1965 non
333 1915 707 1967 conversionis
746 1924 771 1948 ⁸
815 1914 1020 1967 fervore
1063 1915 1278 1977 novitio,
1326 1914 1416 1968 sed
1462 1915 1764 1967 monasterii
1802 1956 1846 2013 Β
1872 1916 2050 1970 licere.

212 2002 515 2070 probatione
565 2002 833 2068 diuturna,
881 2003 1178 2057 didicerunt
1214 2003 1240 2040 ι’
1272 2012 1451 2057 contra
1500 2004 1762 2056 diabolum

211 2094 484 2146 multorum
517 2094 706 2145 solatio
732 2093 839 2159 jam
863 2094 1002 2146 docti
1033 2108 1264 2162 pugnare
1294 2111 1306 2144 :
1333 2105 1386 2147 et
1415 2094 1547 2146 bene
1575 2094 1767 2145 instru—

212 2185 272 2236 cti
300 2184 530 2237 fraterna
568 2198 634 2236 ex
677 2184 789 2236 acie
834 2183 898 2236 ad
946 2183 1266 2252 singularem
1314 2197 1538 2251 pugnam
1577 2183 1765 2246 eremi,

211 2274 366 2327 securi
397 2273 507 2340 jam
547 2274 661 2327 sine
689 2274 1052 2327 consolatione
1079 2275 1320 2338 alterius,
1359 2275 1468 2327 sola
1499 2290 1654 2326 manu
1686 2275 1761 2327 vel

212 2364 442 2430 brachio,
480 2379 663 2417 centra
710 2364 829 2417 vitia
881 2366 1054 2417 carnis
1105 2364 1184 2419 vel
1228 2364 1621 2433 cogitationum,
1659 2364 1768 2416 Deo

211 2456 509 2517 auxiliante,
541 2454 802 2509 sufficiunt
836 2470 1092 2525 pugnare.
1142 2466 1145 2467 ⁷

274 2546 512 2598 Tertium
558 2562 685 2600 vero
728 2548 1101 2600 monachorum
1141 2550 1469 2601 teterrimum
1501 2561 1665 2617 genus
1689 2556 1773 2601 e~t

211 2640 609 2701 sarabaitarum,
634 2641 725 2708 qui
752 2642 889 2693 nulla
919 2642 1093 2709 regula
1121 2640 1417 2709 approbati,
1443 2641 1768 2706 experientia

215 2729 440 2791 magistri
483 2740 527 2785 ο.
566 2731 701 2782 sicut
732 2746 916 2784 aurum
956 2732 1215 2795 fornacis;
1248 2731 1338 2784 sed
1371 2734 1420 2784 in
1450 2731 1645 2800 plumbi
1674 2747 1770 2783 na-

214 2831 315 2871 tura
347 2837 436 2871 fllO
463 2820 560 2884 liti,
593 2821 765 2875 adhuc
790 2823 1040 2891 operibus
1062 2834 1334 2877 servantes
1360 2823 1557 2877 saeculo
1588 2822 1771 2886 fidem,

212 2915 413 2968 mentiri
454 2913 557 2967 Dei
600 2930 692 2983 per
724 2925 990 2969 tonsuram
1034 2926 1340 2969 noscuntur.
1385 2915 1482 2981 Qui
1528 2914 1657 2981 bini,
1688 2922 1779 2967 aut

273 3102 294 3125 "
332 3095 504 3147 Oxon.
520 3134 534 3156 ,
565 3095 977 3149 conversationis.

272 3160 296 3198 δ
335 3166 449 3225 AL,
476 3167 560 3229 qui
584 3167 888 3219 didicerunt.

277 3244 297 3270 ‘
335 3235 396 3288 Al
410 3278 424 3289 .
439 3276 454 3297 ,
486 3238 748 3305 magistra.

207 3377 3075 3409 _________________________________________________.

1940 2028 2194 2095 Quartum
2223 2044 2350 2083 vero
2376 2044 2544 2098 genus
2570 2039 2655 2085 est
2683 2029 3063 2084 monachorum
3093 2028 3230 2098 quod
3265 2028 3436 2082 nomi-

1873 2128 2026 2174 natur
2065 2135 2407 2190 gyrovagum,
2438 2121 2527 2190 qui
2574 2129 2680 2176 tota
2726 2122 2829 2175 vita
2874 2137 2968 2175 sua
2997 2119 3024 2158 ἀ
3068 2136 3162 2190 per
3199 2121 3438 2176 diverstis

1876 2212 2173 2278 provincias
2200 2214 2363 2267 ternis
2384 2222 2474 2266 aut
2499 2213 2770 2281 quaternis
2792 2214 2977 2269 diebus
2994 2229 3086 2284 per
3106 2214 3437 2270 diversorum

1873 2303 2033 2357 cellas
2060 2302 2412 2372 bospitantur,
2437 2319 2652 2373 semper
2672 2306 2808 2373 vagi,
2835 2314 2888 2359 et
2911 2321 3173 2373 nunquam
3200 2305 3437 2365 stabiles.

1873 2403 1925 2445 et
1951 2394 2177 2461 propriis
2206 2393 2566 2459 voluptatibus
2593 2403 2639 2458 ε,
2670 2404 2724 2447 et
2752 2393 2885 2459 gula:
2917 2394 3177 2447 illecebris
3206 2394 3438 2447 servien-

1872 2494 1972 2548 tes,
2001 2494 2053 2535 et
2098 2498 2197 2551 per.
2231 2482 2407 2537 omnia
2447 2482 2743 2536 deteriores
2783 2483 3079 2536 sarabaitis.
3111 2482 3185 2537 De
3216 2499 3438 2549 quorutn

1871 2573 2103 2626 omnium
2137 2572 2153 2609 τ
2184 2572 2477 2628 miserrima
2503 2572 2908 2627 conversatione
2938 2574 3127 2627 melius
3167 2582 3249 2628 est
3279 2572 3440 2627 silere

1872 2680 2028 2734 quam
2060 2664 2221 2734 loqui.
2264 2664 2354 2718 llis
2390 2680 2515 2736 ergo
2547 2663 2782 2729 omissis,
2813 2665 2877 2718 ad
2907 2665 3291 2719 cmnobit::rum
3334 2666 3441 2735 39

1875 2758 2220 2813 fortiSsimum
2251 2772 2419 2825 genus
2445 2755 2854 2825 disponendum,
2883 2754 3167 2824 adjuvante
3197 2742 3439 2820 Domino,

1881 2863 2172 2906 veniamus.

1946 3087 1970 3124 ἀ
2011 3089 2117 3153 AL,
2145 3098 2300 3141 totam
2332 3089 2481 3140 vitam
2504 3104 2666 3141 suam.

1953 3170 1983 3203 ες
2016 3164 2209 3219 Uxon.,
2241 3158 2597 3210 voluntatibus.

1951 3229 1969 3268 ί
2017 3232 2124 3294 AL,
2155 3228 2218 3280 de
2242 3227 2421 3280 horum
2451 3230 2689 3280 omnium.

3102 3379 3424 3403 ﬁ

1505 3480 2151 3548 COMMENTARIUS.

276 3625 691 3697 Monachorum.]
720 3627 1009 3681 Monachus
1034 3627 1227 3680 dicitur
1252 3627 1365 3687 _ille
1391 3628 1478 3694 qui
1520 3642 1766 3697 segrega-
1796 3629 1840 3693 C
1876 3626 2244 3697 temporalium
2281 3625 2605 3697 diversitate,
2639 3625 2830 3680 debeat
2851 3641 2968 3680 cum
3006 3640 3073 3680 eo
3106 3627 3243 3695 quod
3276 3643 3436 3682 ttnttm

208 3708 281 3753 tus
306 3706 374 3752 ab
405 3700 549 3751 omni
595 3699 868 3750 hominum
902 3698 1213 3765 frequentia,
1248 3698 1301 3751 in
1346 3698 1625 3752 solitudine
1654 3713 1764 3765 pa)-

207 3770 702 3838 oitentiaelacrymls
731 3779 898 3838 vacat,
924 3778 976 3819 et
1001 3769 1105 3821 Deo
1134 3778 1273 3820 totus
1297 3768 1595 3829 adhzerens,
1626 3784 1762 3823 unus

207 3856 315 3893 cum
344 3856 415 3894 eo
461 3836 675 3906 spiritus
706 3836 931 3892 efficitur
959 3876 974 3900 ,
1034 3852 1087 3889 ttt
1112 3839 1195 3891 vel
1253 3842 1362 3907 ipsa
1396 3838 1622 3892 nominis
1649 3840 1764 3908 ejus

207 3910 517 3979 etymologia
548 3908 744 3961 indicat
792 3925 804 3960 :
837 3923 953 3979 nam
988 3915 1275 3961 monachus
1298 3924 1326 3960 a
1380 3910 1544 3963 verbo
1590 3924 1765 3976 graaco

207 3977 373 4048 μᾶνος,
402 3977 452 4031 id
476 3988 559 4031 est
580 3993 713 4030 unus
740 4017 754 4040 ,
786 3977 982 4031 dicitur
1014 3994 1028 4041 ;
1061 3979 1181 4031 hinc
1208 3995 1376 4032 canon
1420 3979 1507 4033 ille
1547 3981 1760 4032 concilii

205 4051 396 4103 Nicmni
417 4066 444 4100 a
466 4050 720 4102 Gratiano
748 4052 938 4102 citatus
958 4065 998 4099 :t
1016 4048 1215 4101 Placuit
1247 4050 1493 4103 omnibus
1524 4050 1760 4103 residen-

205 4120 336 4173 tibus
367 4121 420 4173 in
447 4129 624 4171 sancta
664 4118 868 4171 Nictena
902 4119 1105 4187 synodo
1143 4129 1199 4172 ut
1230 4121 1605 4174 monachorum
1637 4134 1764 4174 con-

204 4193 432 4243 versatio
451 4198 502 4242 et
527 4192 630 4241 vita
676 4190 964 4240 secundum
994 4191 1365 4257 etymologiam
1414 4189 1641 4242 nominis
1696 4192 1764 4243 ab

204 4261 449 4313 omnibus
492 4259 760 4325 discrepet
807 4258 1118 4324 (Monachus
1162 4262 1299 4312 enim
1332 4260 1546 4323 Graece,
1582 4260 1764 4314 Latine

203 4330 474 4399 singularis
494 4330 563 4382 dif
584 4331 708 4396 itur)
739 4344 751 4381 :
797 4328 936 4382 ttnde
979 4333 1294 4382 monachum
1327 4345 1420 4397 per
1456 4330 1633 4383 omnia
1655 4332 1765 4383 sin-

203 4400 453 4461 gulariter
474 4414 630 4467 agere
662 4408 901 4470 oportet.
928 4418 952 4449 ι.
984 4399 1045 4470 Et
1066 4400 1124 4453 S.
1160 4399 1512 4470 llierOnyinus
1540 4403 1604 4453 ad
1661 4400 1764 4454 He-

205 4470 461 4521 liodorum
492 4471 729 4539 scribens
761 4468 951 4537 (Epist.
985 4468 1027 4539 t)
1058 4486 1070 4521 :
1109 4489 1126 4519 ε
1160 4467 1511 4535 Interpretare
1538 4472 1762 4524 voi-abu-

204 4548 303 4591 lum
341 4539 606 4600 monachi,
630 4538 730 4591 hoc
756 4551 836 4593 est
860 4549 1034 4603 tuum;
1063 4539 1184 4607 quid
1218 4539 1343 4594 facis
1387 4542 1436 4593 in
1477 4541 1646 4606 turba,
1673 4542 1761 4605 qtti

203 4610 343 4680 solus
364 4610 458 4680 es?
494 4628 511 4659 ι
556 4619 611 4662 et
655 4608 719 4661 ad
768 4610 1037 4680 Husticom
1078 4614 1388 4663 monachum
1440 4609 1629 4680 (Epist.
1657 4611 1759 4676 4):

208 4697 226 4727 ι
255 4679 389 4746 Quid
426 4680 789 4732 desideramus
810 4679 1017 4732 urbium
1054 4680 1422 4749 frequentiam,
1443 4679 1529 4749 qui
1562 4681 1628 4733 de
1657 4682 1766 4732 sin-

202 4751 478 4810 gularitate
498 4750 809 4802 censemur?
850 4769 867 4800 ι
903 4761 950 4803 et
989 4751 1053 4801 ad
1088 4749 1361 4803 Paulinum
1413 4750 1599 4819 (Epist.
1625 4749 1712 4819 l5)
1748 4772 1760 4805 :

211 4838 229 4867 ι
263 4819 318 4873 Si
350 4822 500 4884 cupis
524 4834 645 4873 esse
674 4819 817 4883 quod
854 4819 1065 4875 diceris.
1098 4819 1145 4873 id
1183 4831 1262 4872 est
1286 4822 1448 4880 solus,
1479 4819 1604 4889 quid
1633 4821 1761 4874 facis

205 4890 254 4937 in
285 4891 521 4951 urbibus,
557 4904 674 4955 qua:
700 4891 878 4957 utique
903 4905 1005 4941 non
1032 4898 1155 4942 sunt
1176 4891 1407 4943 solorum
1443 4890 1759 4953 habitacula,

203 4958 292 5027 sed
323 4959 607 5012 multorum
624 4960 653 5010 ?-
683 4976 702 5008 ι
759 4960 837 5011 Es
862 4960 1097 5027 Eugenio
1121 4962 1277 5012 etiam
1314 4975 1468 5027 papa,
1492 4975 1521 5013 a
1544 4960 1761 5027 praefato

205 5026 450 5081 Gratiano
478 5032 663 5091 citato,
696 5026 986 5081 monachus
1011 5030 1146 5082 idem
1169 5041 1249 5083 est
1268 5030 1407 5094 quod
1427 5026 1555 5083 unus
1583 5031 1770 5091 tristis;

207 5114 225 5144 σ
261 5100 543 5169 Agnoscat,
577 5099 767 5166 inquit,
799 5114 991 5169 nomen
1022 5115 1211 5163 suum;
1237 5101 1386 5169 μόνος
1440 5102 1580 5154 enim
1612 5099 1760 5154 Grac-

203 5182 282 5229 ce,
332 5167 523 5238 Latine
546 5180 627 5221 est
657 5185 821 5231 unus;
850 5168 987 5238 ἄχος
1008 5170 1190 5222 Grcece
1212 5167 1244 5232 ,”
1275 5169 1460 5225 Latine
1489 5171 1643 5224 tristis
1670 5185 1761 5223 so-

201 5249 288 5290 nat
314 5257 326 5289 :
353 5236 481 5292 lude
510 5240 719 5304 dicitur,
745 5241 795 5292 id
818 5236 1048 5292 est—unus
1074 5238 1469 5294 tristis.'Sede:tt
1489 5254 1613 5308 ergo
1641 5241 1762 5294 tris-

202 5310 403 5379 tis,ret
448 5308 629 5363 officio
679 5318 847 5363 vacet.
889 5328 906 5360 ι
952 5309 1074 5379 ριιί
1112 5311 1528 5379 interpretationi
1580 5310 1764 5363 alludit

205 5378 259 5427 S.
294 5378 640 5449 Hieronymus
670 5380 926 5433 adversus
951 5377 1290 5448 Vigilantiam
1334 5381 1447 5434 lucc
1485 5379 1758 5434 scribens:

212 5463 230 5520 ρ
268 5449 551 5520 Monachus
594 5465 694 5520 noti
726 5449 968 5503 docentis
995 5490 1007 5510 ,
1041 5449 1131 5502 sed
1180 5450 1478 5520 plangentis
1528 5450 1759 5505 officium

206 5514 381 5582 habet,
408 5519 493 5588 qui
524 5519 605 5573 vel
633 5534 710 5582 se,
738 5525 815 5571 vel
848 5520 1097 5572 mundum
1131 5514 1331 5586 lugeat:
1355 5531 1410 5573 et.
1437 5524 1641 5573 lloutitti
1667 5536 1760 5588 pa-

205 5589 355 5641 vidus
407 5591 736 5656 praestoletur
773 5590 1080 5642 adventum.
1123 5608 1140 5640 ι
1177 5591 1343 5644 Aliter
1392 5592 1764 5659 etymologiam

208 5661 441 5711 ttionacbi
461 5659 673 5713 deducit
704 5670 886 5712 auctor
934 5660 1024 5713 lib.
1054 5664 1119 5714 de
1152 5659 1529 5714 Ecclesiastit-a
1556 5664 1767 5714 llierar-

207 5728 319 5777 cbia
351 5726 497 5797 (Cap.
531 5731 607 5797 ti),
639 5729 883 5783 nimirum
911 5744 938 5782 a
972 5730 1131 5782 verbo
1169 5730 1354 5784 Grceou
1388 5733 1563 5800 μόνας,
1599 5733 1645 5784 id
1688 5740 1771 5784 est

209 5808 389 5864 auitas,
427 5822 442 5849 I
470 5802 606 5869 quod
638 5816 700 5853 ex
732 5816 861 5870 pura
891 5800 1141 5856 scriittttc
1173 5801 1286 5867 Dei,
1320 5802 1557 5855 abdit-ala
1590 5817 1765 5855 rerum

1788 5002 1842 5062 D

1871 3706 1955 3750 c~t
1983 3713 2143 3752 unum
2170 3696 2308 3761 ﬁeri,
2336 3706 2389 3751 et
2414 3696 2478 3750 ad
2529 3712 2733 3750 sacram
2790 3697 3043 3749 unitatem
3074 3698 3368 3765 aggregari.
3413 3717 3434 3750 ι

1865 3766 2034 3821 Simili
2059 3766 2215 3821 modo
2228 3776 2284 3822 et
2307 3765 2854 3834 sanctusAuguSIinus
2884 3768 2933 3819 in
2955 3766 3216 3831 psalmum
3235 3784 3435 3834 cxxxtt,

1866 3838 1954 3891 ubi
2002 3853 2231 3908 arguens
2262 3837 2595 3908 Donatistas:
2634 3853 2653 3886 ι
2689 3837 2901 3901 Merito,
2935 3834 3085 3908 iniit,
3120 3836 3226 3891 illis
3250 3838 3436 3905 tliSpliL

1865 3917 1949 3963 cet
1971 3907 2164 3964 nomen
2198 3907 2575 3962 monachorum
2603 3948 2618 3971 ,
2649 3909 2771 3974 quia
2804 3908 2876 3961 illi
2907 3907 3097 3960 nolunt
3121 3909 3357 3963 habitare
3382 3908 3434 3963 in

1865 3995 2027 4034 unum
2052 3994 2170 4034 cum
2203 3977 2475 4036 fratribus.
2507 3977 2598 4032 sed
2637 3987 2918 4045 sequentes
2949 3977 3228 4045 Donatum,
3275 3978 3435 4033 Chri-

1866 4060 2004 4103 stum
2025 4050 2360 4105 dimiserunt.
2387 4067 2406 4100 ι
2439 4048 2583 4102 Alias
2604 4049 2984 4118 monachorum
3012 4049 3364 4118 etymologias
3383 4058 3436 4104 et

1868 4121 2254 4188 appellationes
2302 4119 2500 4173 videsis
2549 4117 2684 4186 apud
2727 4116 3035 4173 Menardum
3072 4116 3327 4188 ’ininoiis
3365 4120 3432 4175 ad

1866 4187 2018 4245 conc.
2055 4190 2237 4257 Regul.
2283 4190 2457 4254 capite
2500 4188 2676 4249 tertio,
2706 4188 2781 4257 δι
2813 4232 2828 4255 ,
2860 4197 2914 4242 et
2950 4188 3089 4254 apud
3120 4187 3432 4244 Haeftenum

1866 4260 1956 4314 lib.
1992 4276 2044 4314 Ill
2074 4262 2302 4329 Disquis.
2332 4269 2587 4320 monast.,
2620 4267 2777 4313 tract.
2804 4261 2827 4313 ‘l
2860 4258 3088 4329 integro.
3382 4316 3385 4321 _

1896 4337 1901 4342 '
1941 4326 2304 4395 Quatuor'esse
2340 4347 2526 4401 genera
2554 4330 2875 4401 manifestum
2899 4326 3019 4399 εει]
3065 4328 3279 4384 Scilicet
3318 4344 3435 4385 cm-

1868 4403 2190 4466 nobitarum,
2221 4399 2682 4463 anachoretarum,
2715 4399 3096 4453 sarabaitarum
3123 4440 3137 4463 ,
3166 4410 3220 4453 et
3261 4415 3432 4468 gyro-

1872 4486 2157 4535 vagorum;
2202 4486 2268 4523 ex
2313 4469 2632 4536 quibustria
2669 4470 2842 4535 priora
2871 4469 3111 4536 agnoscit
3151 4470 3209 4524 S.
3245 4468 3431 4524 lliero-

1865 4541 2160 4611 ny'uusad
2194 4540 2532 4611 Eustochium
2573 4540 2811 4611 scribens
2853 4538 3044 4609 (Epist.
3099 4539 3231 4611 22);
3272 4554 3432 4611 quar-

1869 4608 1976 4663 ttitn
2003 4610 2143 4664 enim
2176 4609 2290 4679 ejus
2310 4618 2546 4677 tempore
2573 4608 2802 4662 nondum
2839 4608 3079 4679 exortum
3111 4609 3297 4679 fuerat.
3327 4610 3430 4663 Ea-

1864 4681 1983 4734 dem
2024 4683 2182 4733 etiatn
2232 4681 2438 4734 videtur
2482 4680 2744 4734 indicasse
2773 4681 2830 4734 S.
2886 4678 3117 4733 Joannes
3167 4678 3432 4733 Clintacus

1864 4766 1984 4804 cum
2015 4750 2146 4803 dixit
2189 4750 2374 4817 (Grad.
2434 4751 2521 4816 ll:
2574 4769 2591 4801 ι
2643 4750 2856 4812 Triplex
2888 4749 3104 4802 omnino
3148 4759 3229 4801 est
3257 4748 3432 4803 omnis

1866 4822 2125 4886 religiosa:
2151 4822 2271 4874 vita:
2293 4819 2466 4874 ratio:
2508 4830 2564 4874 tit
2597 4818 2677 4872 vel
2708 4821 2853 4873 solus
2882 4830 2933 4871 et
2960 4819 3229 4873 solitarius
3249 4820 3431 4873 ducer-

1867 4891 2024 4943 tando
2052 4894 2218 4955 vivas,
2252 4891 2330 4944 vel
2362 4890 2469 4960 40
2495 4905 2612 4944 cum
2643 4904 2747 4942 uno
2786 4890 3022 4960 alterove
3050 4887 3238 4945 sodali.
3268 4888 3433 4944 velut

1866 4962 1916 5013 in
1942 4962 2189 5016 cmoobio
2210 4976 2330 5014 cum
2361 4958 2592 5027 pluribus
2612 4975 2705 5027 per
2732 4958 3035 5026 patientiam
3058 4960 3427 5030 conquiescas.

1868 5032 2044 5085 Primo
2074 5033 2214 5085 enim
2242 5033 2455 5084 denotat
2496 5032 2843 5084 anachoretas
2862 5069 2875 5091 ,
2898 5031 2993 5099 qui
3019 5029 3151 5090 soli:
3194 5030 3432 5084 secundo

1866 5101 2177 5164 sarabaitas,
2208 5101 2293 5170 qui
2324 5100 2430 5155 bini
2476 5113 2563 5153 aut
2594 5101 2758 5161 terni;
2793 5100 2950 5153 tertio
2978 5102 3271 5156 cmnnliitas
3294 5140 3307 5160 ,
3339 5100 3429 5167 qui

1867 5186 1987 5225 cum
2012 5169 2249 5240 pluribus
2274 5171 2488 5239 degunt.
2519 5172 2620 5224 Sed
2656 5182 2706 5221 et
2749 5169 2883 5236 apud
2928 5170 3431 5240 Cassianumiabbas

1868 5239 2087 5296 PiamOn
2108 5241 2292 5295 eadem
2325 5241 2418 5294 tria
2463 5242 2838 5295 tttonacltorum
2865 5254 3057 5307 genera
3100 5242 3150 5293 in
3198 5239 3426 5309 Aigypto

1866 5312 2132 5365 exstitisse
2161 5320 2380 5365 testatur
2411 5312 2614 5380 (Collat.
2650 5312 2731 5372 l8,
2756 5326 2870 5374 cap.
2898 5312 2952 5367 ἁ)
2981 5329 2992 5361 :
3028 5328 3044 5359 ι
3079 5325 3303 5377 quorum
3323 5310 3423 5361 du.

1867 5390 1991 5435 sunt
2015 5382 2232 5449 optima,
2265 5381 2459 5449 inquit,
2512 5383 2722 5435 tertium
2764 5397 2889 5433 vero
2922 5380 3152 5450 tepidum
3182 5388 3230 5432 et
3257 5380 3429 5450 omni-

1872 5447 2400 5506 tnodis'evitandttnt.
2447 5472 2464 5503 ι
2492 5454 2743 5518 Quartum
2769 5451 2913 5503 addit
2942 5447 3178 5519 ejusdem
3195 5447 3432 5502 collatio-

1868 5526 1951 5575 nis
1978 5538 2094 5589 cap.
2134 5523 2166 5576 8
2200 5521 2309 5574 suis
2351 5524 2673 5589 temporibus
2702 5530 2965 5584 exortum,
3006 5535 3189 5574 eorum
3235 5534 3426 5583 nempe

1871 5611 1887 5641 ι
1917 5593 2006 5660 qui
2051 5594 2100 5645 iu
2150 5593 2447 5659 primordiis
2493 5596 2696 5646 fervore
2743 5592 2969 5658 quodam
3016 5591 3160 5660 brevi
3192 5589 3428 5643 cmttobii

1867 5657 2241 5728 perfectionem
2272 5661 2517 5715 videntur
2542 5657 2791 5727 expetere
2821 5703 2835 5723 ,
2869 5661 2961 5715 sed
2992 5657 3247 5715 continuo
3278 5666 3428 5725 tepe-

1864 5733 2009 5793 facti,
2037 5733 2160 5784 dttttt
2194 5732 2440 5790 pristinus
2468 5745 2642 5786 mores
2662 5750 2725 5787 ac
2753 5733 2876 5784 vitia
2908 5744 3164 5784 resecare
3192 5740 3427 5789 content:

1869 5815 2018 5867 nunt,
2050 5804 2146 5857 nec
2172 5800 2351 5871 jugunt
2382 5803 2686 5860 humilitatis
2713 5818 2771 5857 ac
2797 5802 3061 5872 patientia
3096 5801 3291 5858 diutius
3314 5813 3432 5856 sus-
