  <div class='ocr_page' id='page_1' title='image "/cluster/home/n/w/nwhite01/storage/ocr_20150623/66/hvd.32044054758701/132.png"; bbox 0 0 3960 6178; ppageno 0'>
   <div class='ocr_carea' id='block_1_1' title="bbox 258 302 371 364">
    <p class='ocr_par' dir='ltr' id='par_1_1' title="bbox 258 302 371 364">
     <span class='ocr_line' id='line_1_1' title="bbox 258 302 371 364; baseline -0.009 0"><span class='ocrx_word' id='word_1_1' title='bbox 258 302 371 364; x_wconf 67' lang='lat'><strong>9.5.1</strong></span> 
     </span>
    </p>
   </div>
   <div class='ocr_carea' id='block_1_2' title="bbox 1358 278 2443 365">
    <p class='ocr_par' dir='ltr' id='par_1_2' title="bbox 1358 278 2443 365">
     <span class='ocr_line' id='line_1_2' title="bbox 1358 278 2443 365; baseline -0.002 0"><span class='ocrx_word' id='word_1_2' title='bbox 1358 278 1636 365; x_wconf 64' lang='lat' dir='ltr'><strong>necent</strong></span> <span class='ocrx_word' id='word_1_3' title='bbox 1678 307 2170 365; x_wconf 73' lang='lat' dir='ltr'><strong>COMMENTATA.</strong></span> <span class='ocrx_word' id='word_1_4' title='bbox 2212 309 2360 364; x_wconf 83' lang='lat' dir='ltr'><strong>CAP.</strong></span> <span class='ocrx_word' id='word_1_5' title='bbox 2405 310 2443 363; x_wconf 89' lang='lat' dir='ltr'><strong>i.</strong></span> 
     </span>
    </p>
   </div>
   <div class='ocr_carea' id='block_1_3' title="bbox 3414 320 3515 375">
    <p class='ocr_par' dir='ltr' id='par_1_3' title="bbox 3414 320 3515 375">
     <span class='ocr_line' id='line_1_3' title="bbox 3414 320 3515 375; baseline -0.04 0"><span class='ocrx_word' id='word_1_6' title='bbox 3414 320 3515 375; x_wconf 63' lang='grc' dir='ltr'><strong>εςι</strong></span> 
     </span>
    </p>
   </div>
   <div class='ocr_carea' id='block_1_4' title="bbox 262 422 3520 495">
    <p class='ocr_par' dir='ltr' id='par_1_4' title="bbox 262 422 3520 495">
     <span class='ocr_line' id='line_1_4' title="bbox 262 422 3520 495; baseline -0.001 -15"><span class='ocrx_word' id='word_1_7' title='bbox 262 426 459 480; x_wconf 80' lang='lat' dir='ltr'><strong>nedicti</strong></span> <span class='ocrx_word' id='word_1_8' title='bbox 513 426 766 489; x_wconf 86' lang='lat' dir='ltr'><strong>militans,</strong></span> <span class='ocrx_word' id='word_1_9' title='bbox 819 441 941 479; x_wconf 80' lang='lat' dir='ltr'><strong>suos</strong></span> <span class='ocrx_word' id='word_1_10' title='bbox 984 423 1143 480; x_wconf 89' lang='lat' dir='ltr'><strong>habet</strong></span> <span class='ocrx_word' id='word_1_11' title='bbox 1182 426 1452 482; x_wconf 86' lang='lat' dir='ltr'><strong>ereniitas.</strong></span> <span class='ocrx_word' id='word_1_12' title='bbox 1498 424 1625 492; x_wconf 84' lang='lat' dir='ltr'><strong>quin</strong></span> <span class='ocrx_word' id='word_1_13' title='bbox 1676 423 1833 475; x_wconf 87' lang='lat' dir='ltr'><strong>etiam</strong></span> <span class='ocrx_word' id='word_1_14' title='bbox 1866 432 1911 482; x_wconf 75' lang='grc' dir='ltr'><strong>Α</strong></span> <span class='ocrx_word' id='word_1_15' title='bbox 2013 422 2101 475; x_wconf 76' lang='lat' dir='ltr'><strong>Est</strong></span> <span class='ocrx_word' id='word_1_16' title='bbox 2142 422 2561 495; x_wconf 80' lang='lat' dir='ltr'><strong>sarabaitarum.|</strong></span> <span class='ocrx_word' id='word_1_17' title='bbox 2607 424 2703 490; x_wconf 86' lang='lat' dir='ltr'><strong>Qui</strong></span> <span class='ocrx_word' id='word_1_18' title='bbox 2749 441 2767 473; x_wconf 79' lang='grc' dir='ltr'><strong>ι</strong></span> <span class='ocrx_word' id='word_1_19' title='bbox 2812 426 2879 479; x_wconf 87' lang='lat' dir='ltr'><strong>ab</strong></span> <span class='ocrx_word' id='word_1_20' title='bbox 2921 438 2985 478; x_wconf 85' lang='lat' dir='ltr'><strong>eo</strong></span> <span class='ocrx_word' id='word_1_21' title='bbox 3016 424 3157 489; x_wconf 82' lang='lat' dir='ltr'><strong>quod</strong></span> <span class='ocrx_word' id='word_1_22' title='bbox 3197 424 3520 492; x_wconf 66' lang='lat' dir='ltr'><strong>semetipsos</strong></span> 
     </span>
    </p>
   </div>
   <div class='ocr_carea' id='block_1_5' title="bbox 266 497 1836 552">
    <p class='ocr_par' dir='ltr' id='par_1_5' title="bbox 266 497 1836 552">
     <span class='ocr_line' id='line_1_5' title="bbox 266 497 1836 552; baseline -0.002 -2"><span class='ocrx_word' id='word_1_23' title='bbox 266 498 425 552; x_wconf 89' lang='lat' dir='ltr'><strong>hodie</strong></span> <span class='ocrx_word' id='word_1_24' title='bbox 456 499 509 550; x_wconf 87' lang='lat' dir='ltr'><strong>in</strong></span> <span class='ocrx_word' id='word_1_25' title='bbox 557 507 735 551; x_wconf 88' lang='lat' dir='ltr'><strong>monte</strong></span> <span class='ocrx_word' id='word_1_26' title='bbox 771 497 989 552; x_wconf 77' lang='lat' dir='ltr'><strong>Serraio</strong></span> <span class='ocrx_word' id='word_1_27' title='bbox 1014 498 1191 549; x_wconf 74' lang='lat' dir='ltr'><strong>multa:</strong></span> <span class='ocrx_word' id='word_1_28' title='bbox 1224 499 1466 549; x_wconf 89' lang='lat' dir='ltr'><strong>visuntur</strong></span> <span class='ocrx_word' id='word_1_29' title='bbox 1491 497 1836 547; x_wconf 84' lang='lat' dir='ltr'><strong>anachoreta-</strong></span> 
     </span>
    </p>
   </div>
   <div class='ocr_carea' id='block_1_6' title="bbox 264 568 1831 635">
    <p class='ocr_par' dir='ltr' id='par_1_6' title="bbox 264 568 1831 635">
     <span class='ocr_line' id='line_1_6' title="bbox 264 568 1831 635; baseline -0.001 -15"><span class='ocrx_word' id='word_1_30' title='bbox 264 585 381 622; x_wconf 83' lang='lat' dir='ltr'><strong>ruui</strong></span> <span class='ocrx_word' id='word_1_31' title='bbox 437 571 647 622; x_wconf 69' lang='lat' dir='ltr'><strong>cellula:</strong></span> <span class='ocrx_word' id='word_1_32' title='bbox 694 585 812 635; x_wconf 70' lang='lat' dir='ltr'><strong>quin</strong></span> <span class='ocrx_word' id='word_1_33' title='bbox 840 586 867 620; x_wconf 88' lang='lat' dir='ltr'><strong>a</strong></span> <span class='ocrx_word' id='word_1_34' title='bbox 904 568 1259 623; x_wconf 81' lang='lat' dir='ltr'><strong>Benedictiuis</strong></span> <span class='ocrx_word' id='word_1_35' title='bbox 1300 568 1688 628; x_wconf 88' lang='lat' dir='ltr'><strong>inliabilantur;</strong></span> <span class='ocrx_word' id='word_1_36' title='bbox 1739 569 1831 619; x_wconf 84' lang='lat' dir='ltr'><strong>sed</strong></span> 
     </span>
    </p>
   </div>
   <div class='ocr_carea' id='block_1_7' title="bbox 264 637 1833 707">
    <p class='ocr_par' dir='ltr' id='par_1_7' title="bbox 264 637 1833 707">
     <span class='ocr_line' id='line_1_7' title="bbox 264 637 1833 707; baseline -0.001 -16"><span class='ocrx_word' id='word_1_37' title='bbox 264 652 322 691; x_wconf 72' lang='lat' dir='ltr'><strong>et</strong></span> <span class='ocrx_word' id='word_1_38' title='bbox 374 642 569 692; x_wconf 86' lang='lat' dir='ltr'><strong>multos</strong></span> <span class='ocrx_word' id='word_1_39' title='bbox 614 640 739 692; x_wconf 85' lang='lat' dir='ltr'><strong>olim</strong></span> <span class='ocrx_word' id='word_1_40' title='bbox 786 641 835 692; x_wconf 89' lang='lat' dir='ltr'><strong>in</strong></span> <span class='ocrx_word' id='word_1_41' title='bbox 891 651 1070 693; x_wconf 82' lang='lat' dir='ltr'><strong>monte</strong></span> <span class='ocrx_word' id='word_1_42' title='bbox 1114 638 1322 707; x_wconf 85' lang='lat' dir='ltr'><strong>Vosago</strong></span> <span class='ocrx_word' id='word_1_43' title='bbox 1368 637 1720 690; x_wconf 80' lang='lat' dir='ltr'><strong>anachoretas</strong></span> <span class='ocrx_word' id='word_1_44' title='bbox 1770 654 1833 690; x_wconf 78' lang='lat' dir='ltr'><strong>ex</strong></span> 
     </span>
    </p>
   </div>
   <div class='ocr_carea' id='block_1_8' title="bbox 265 708 1834 779">
    <p class='ocr_par' dir='ltr' id='par_1_8' title="bbox 265 708 1834 779">
     <span class='ocr_line' id='line_1_8' title="bbox 265 708 1834 779; baseline 0 -18"><span class='ocrx_word' id='word_1_45' title='bbox 265 715 462 763; x_wconf 77' lang='lat' dir='ltr'><strong>nostris</strong></span> <span class='ocrx_word' id='word_1_46' title='bbox 502 711 677 777; x_wconf 76' lang='lat' dir='ltr'><strong>egisse</strong></span> <span class='ocrx_word' id='word_1_47' title='bbox 719 711 1016 779; x_wconf 77' lang='lat' dir='ltr'><strong>colligimus</strong></span> <span class='ocrx_word' id='word_1_48' title='bbox 1045 727 1113 763; x_wconf 78' lang='lat' dir='ltr'><strong>ex</strong></span> <span class='ocrx_word' id='word_1_49' title='bbox 1146 710 1260 762; x_wconf 79' lang='lat' dir='ltr'><strong>Vita</strong></span> <span class='ocrx_word' id='word_1_50' title='bbox 1304 709 1360 763; x_wconf 90' lang='lat' dir='ltr'><strong>S.</strong></span> <span class='ocrx_word' id='word_1_51' title='bbox 1390 708 1559 779; x_wconf 4' lang='lat' dir='ltr'><strong>(Pauli</strong></span> <span class='ocrx_word' id='word_1_52' title='bbox 1601 710 1834 779; x_wconf 65' lang='lat' dir='ltr'><strong>episcopi</strong></span> 
     </span>
    </p>
   </div>
   <div class='ocr_carea' id='block_1_9' title="bbox 272 777 1831 849">
    <p class='ocr_par' dir='ltr' id='par_1_9' title="bbox 272 777 1831 849">
     <span class='ocr_line' id='line_1_9' title="bbox 272 777 1831 849; baseline 0 -20"><span class='ocrx_word' id='word_1_53' title='bbox 272 781 674 841; x_wconf 65' lang='lat' dir='ltr'><strong>\‘irodnnensis,</strong></span> <span class='ocrx_word' id='word_1_54' title='bbox 695 799 747 834; x_wconf 85' lang='grc' dir='ltr'>η.</span> <span class='ocrx_word' id='word_1_55' title='bbox 771 782 826 845; x_wconf 71' lang='lat'><strong>2,</strong></span> <span class='ocrx_word' id='word_1_56' title='bbox 850 777 939 835; x_wconf 71' lang='lat' dir='ltr'><strong>ubi</strong></span> <span class='ocrx_word' id='word_1_57' title='bbox 961 782 1075 835; x_wconf 69' lang='lat' dir='ltr'><strong>haec</strong></span> <span class='ocrx_word' id='word_1_58' title='bbox 1092 778 1509 849; x_wconf 59' lang='lat' dir='ltr'><strong>leguntur(Saic.</strong></span> <span class='ocrx_word' id='word_1_59' title='bbox 1537 795 1568 831; x_wconf 90' lang='grc' dir='ltr'><strong>ιι</strong></span> <span class='ocrx_word' id='word_1_60' title='bbox 1594 777 1831 846; x_wconf 73' lang='grc' dir='ltr'><strong>Βεηριί.);</strong></span> 
     </span>
    </p>
   </div>
   <div class='ocr_carea' id='block_1_10' title="bbox 270 850 1836 918">
    <p class='ocr_par' dir='ltr' id='par_1_10' title="bbox 270 850 1836 918">
     <span class='ocr_line' id='line_1_10' title="bbox 270 850 1836 918; baseline -0.003 -14"><span class='ocrx_word' id='word_1_61' title='bbox 270 873 288 898; x_wconf 72' lang='grc' dir='ltr'>ί</span> <span class='ocrx_word' id='word_1_62' title='bbox 327 852 552 907; x_wconf 78' lang='lat' dir='ltr'><strong>Domino</strong></span> <span class='ocrx_word' id='word_1_63' title='bbox 582 853 823 917; x_wconf 69' lang='lat' dir='ltr'><strong>przeduce</strong></span> <span class='ocrx_word' id='word_1_64' title='bbox 848 852 1059 907; x_wconf 90' lang='lat' dir='ltr'><strong>tandem</strong></span> <span class='ocrx_word' id='word_1_65' title='bbox 1078 868 1312 906; x_wconf 87' lang='lat' dir='ltr'><strong>ereinum</strong></span> <span class='ocrx_word' id='word_1_66' title='bbox 1338 866 1453 916; x_wconf 71' lang='lat' dir='ltr'><strong>qua:</strong></span> <span class='ocrx_word' id='word_1_67' title='bbox 1479 850 1715 918; x_wconf 79' lang='lat' dir='ltr'><strong>Vosegus</strong></span> <span class='ocrx_word' id='word_1_68' title='bbox 1743 868 1836 901; x_wconf 81' lang='lat' dir='ltr'><strong>uo-</strong></span> 
     </span>
    </p>
   </div>
   <div class='ocr_carea' id='block_1_11' title="bbox 265 920 1833 993">
    <p class='ocr_par' dir='ltr' id='par_1_11' title="bbox 265 920 1833 993">
     <span class='ocr_line' id='line_1_11' title="bbox 265 920 1833 993; baseline 0 -20"><span class='ocrx_word' id='word_1_69' title='bbox 265 925 521 983; x_wconf 71' lang='lat' dir='ltr'><strong>mittatur,</strong></span> <span class='ocrx_word' id='word_1_70' title='bbox 566 923 759 975; x_wconf 80' lang='lat' dir='ltr'><strong>Clirisli</strong></span> <span class='ocrx_word' id='word_1_71' title='bbox 798 938 1076 977; x_wconf 85' lang='lat' dir='ltr'><strong>servus....</strong></span> <span class='ocrx_word' id='word_1_72' title='bbox 1108 923 1422 993; x_wconf 76' lang='lat' dir='ltr'><strong>ingreditur.</strong></span> <span class='ocrx_word' id='word_1_73' title='bbox 1468 920 1833 993; x_wconf 10' lang='lat' dir='ltr'><strong>llujusreremi</strong></span> 
     </span>
    </p>
   </div>
   <div class='ocr_carea' id='block_1_12' title="bbox 265 990 1836 1063">
    <p class='ocr_par' dir='ltr' id='par_1_12' title="bbox 265 990 1836 1063">
     <span class='ocr_line' id='line_1_12' title="bbox 265 990 1836 1063; baseline -0.003 -18"><span class='ocrx_word' id='word_1_74' title='bbox 265 994 608 1047; x_wconf 60' lang='lat' dir='ltr'><strong>solitudinem</strong></span> <span class='ocrx_word' id='word_1_75' title='bbox 634 994 842 1059; x_wconf 79' lang='lat' dir='ltr'><strong>plurimi</strong></span> <span class='ocrx_word' id='word_1_76' title='bbox 867 990 1307 1049; x_wconf 75' lang='lat' dir='ltr'><strong>anaclioretaruiii</strong></span> <span class='ocrx_word' id='word_1_77' title='bbox 1327 992 1531 1046; x_wconf 80' lang='lat' dir='ltr'><strong>cellulis</strong></span> <span class='ocrx_word' id='word_1_78' title='bbox 1554 992 1703 1063; x_wconf 79' lang='lat' dir='ltr'><strong>divisi</strong></span> <span class='ocrx_word' id='word_1_79' title='bbox 1726 990 1836 1063; x_wconf 60' lang='grc' dir='ltr'><em>ηε</em></span> 
     </span>
    </p>
   </div>
   <div class='ocr_carea' id='block_1_13' title="bbox 267 1062 1829 1129">
    <p class='ocr_par' dir='ltr' id='par_1_13' title="bbox 267 1062 1829 1129">
     <span class='ocr_line' id='line_1_13' title="bbox 267 1062 1829 1129; baseline 0.001 -15"><span class='ocrx_word' id='word_1_80' title='bbox 267 1064 510 1117; x_wconf 88' lang='lat' dir='ltr'><strong>feruntur</strong></span> <span class='ocrx_word' id='word_1_81' title='bbox 537 1064 882 1125; x_wconf 84' lang='lat' dir='ltr'><strong>inhabitasse,</strong></span> <span class='ocrx_word' id='word_1_82' title='bbox 914 1076 1103 1127; x_wconf 68' lang='lat' dir='ltr'><strong>printer</strong></span> <span class='ocrx_word' id='word_1_83' title='bbox 1125 1066 1399 1118; x_wconf 85' lang='lat' dir='ltr'><strong>sabbatum</strong></span> <span class='ocrx_word' id='word_1_84' title='bbox 1425 1062 1829 1129; x_wconf 75' lang='grc' dir='ltr'>ειιΙοιιιίιιὶεεοιιι,</span> 
     </span>
    </p>
   </div>
   <div class='ocr_carea' id='block_1_14' title="bbox 267 1133 1833 1202">
    <p class='ocr_par' dir='ltr' id='par_1_14' title="bbox 267 1133 1833 1202">
     <span class='ocr_line' id='line_1_14' title="bbox 267 1133 1833 1202; baseline 0.003 -19"><span class='ocrx_word' id='word_1_85' title='bbox 267 1142 466 1187; x_wconf 83' lang='lat' dir='ltr'><strong>mutuis</strong></span> <span class='ocrx_word' id='word_1_86' title='bbox 508 1135 711 1188; x_wconf 85' lang='lat' dir='ltr'><strong>visibus</strong></span> <span class='ocrx_word' id='word_1_87' title='bbox 756 1147 809 1189; x_wconf 86' lang='lat' dir='ltr'><strong>et</strong></span> <span class='ocrx_word' id='word_1_88' title='bbox 854 1136 1101 1202; x_wconf 75' lang='lat' dir='ltr'><strong>alloquiis</strong></span> <span class='ocrx_word' id='word_1_89' title='bbox 1130 1134 1397 1201; x_wconf 86' lang='lat' dir='ltr'><strong>disjuncti.</strong></span> <span class='ocrx_word' id='word_1_90' title='bbox 1454 1133 1554 1185; x_wconf 90' lang='lat' dir='ltr'><strong>nisi</strong></span> <span class='ocrx_word' id='word_1_91' title='bbox 1586 1148 1718 1200; x_wconf 91' lang='lat' dir='ltr'><strong>quos</strong></span> <span class='ocrx_word' id='word_1_92' title='bbox 1746 1146 1833 1187; x_wconf 88' lang='lat' dir='ltr'><strong>aut</strong></span> 
     </span>
    </p>
   </div>
   <div class='ocr_carea' id='block_1_15' title="bbox 263 1204 1833 1272">
    <p class='ocr_par' dir='ltr' id='par_1_15' title="bbox 263 1204 1833 1272">
     <span class='ocr_line' id='line_1_15' title="bbox 263 1204 1833 1272; baseline 0.001 -15"><span class='ocrx_word' id='word_1_93' title='bbox 263 1207 560 1272; x_wconf 68' lang='lat' dir='ltr'><strong>corporalis</strong></span> <span class='ocrx_word' id='word_1_94' title='bbox 593 1206 889 1269; x_wconf 81' lang='lat' dir='ltr'><strong>infirmitas,</strong></span> <span class='ocrx_word' id='word_1_95' title='bbox 921 1210 999 1260; x_wconf 80' lang='lat' dir='ltr'><strong>vel</strong></span> <span class='ocrx_word' id='word_1_96' title='bbox 1024 1209 1214 1259; x_wconf 70' lang='lat' dir='ltr'><strong>animae</strong></span> <span class='ocrx_word' id='word_1_97' title='bbox 1241 1204 1429 1259; x_wconf 87' lang='lat' dir='ltr'><strong>salutis</strong></span> <span class='ocrx_word' id='word_1_98' title='bbox 1452 1217 1609 1257; x_wconf 87' lang='lat' dir='ltr'><strong>causa</strong></span> <span class='ocrx_word' id='word_1_99' title='bbox 1636 1205 1833 1258; x_wconf 87' lang='lat' dir='ltr'><strong>visitari</strong></span> 
     </span>
    </p>
   </div>
   <div class='ocr_carea' id='block_1_16' title="bbox 266 1276 1834 1345">
    <p class='ocr_par' dir='ltr' id='par_1_16' title="bbox 266 1276 1834 1345">
     <span class='ocr_line' id='line_1_16' title="bbox 266 1276 1834 1345; baseline -0.001 -16"><span class='ocrx_word' id='word_1_100' title='bbox 266 1292 362 1343; x_wconf 87' lang='lat' dir='ltr'><strong>per</strong></span> <span class='ocrx_word' id='word_1_101' title='bbox 406 1278 613 1345; x_wconf 82' lang='lat' dir='ltr'><strong>aliquos</strong></span> <span class='ocrx_word' id='word_1_102' title='bbox 649 1279 947 1345; x_wconf 75' lang='lat' dir='ltr'><strong>coegisset:</strong></span> <span class='ocrx_word' id='word_1_103' title='bbox 982 1293 1203 1345; x_wconf 88' lang='lat' dir='ltr'><strong>quorum</strong></span> <span class='ocrx_word' id='word_1_104' title='bbox 1234 1276 1519 1344; x_wconf 84' lang='lat' dir='ltr'><strong>eptaliilem</strong></span> <span class='ocrx_word' id='word_1_105' title='bbox 1546 1290 1834 1328; x_wconf 72' lang='lat' dir='ltr'><strong>convena—</strong></span> 
     </span>
    </p>
   </div>
   <div class='ocr_carea' id='block_1_17' title="bbox 266 1347 1395 1417">
    <p class='ocr_par' dir='ltr' id='par_1_17' title="bbox 266 1347 1395 1417">
     <span class='ocr_line' id='line_1_17' title="bbox 266 1347 1395 1417; baseline 0 -19"><span class='ocrx_word' id='word_1_106' title='bbox 266 1348 467 1402; x_wconf 88' lang='lat' dir='ltr'><strong>tionem</strong></span> <span class='ocrx_word' id='word_1_107' title='bbox 500 1347 780 1402; x_wconf 65' lang='lat' dir='ltr'><strong>Paulus...</strong></span> <span class='ocrx_word' id='word_1_108' title='bbox 810 1349 1026 1417; x_wconf 80' lang='lat' dir='ltr'><strong>adipisci</strong></span> <span class='ocrx_word' id='word_1_109' title='bbox 1055 1348 1343 1415; x_wconf 76' lang='lat' dir='ltr'><strong>satagebat.</strong></span> <span class='ocrx_word' id='word_1_110' title='bbox 1376 1367 1395 1398; x_wconf 72' lang='grc' dir='ltr'><strong>ι</strong></span> 
     </span>
    </p>
   </div>
   <div class='ocr_carea' id='block_1_18' title="bbox 336 1418 1832 1483">
    <p class='ocr_par' dir='ltr' id='par_1_18' title="bbox 336 1418 1832 1483">
     <span class='ocr_line' id='line_1_18' title="bbox 336 1418 1832 1483; baseline -0.001 -12"><span class='ocrx_word' id='word_1_111' title='bbox 336 1420 423 1471; x_wconf 80' lang='lat' dir='ltr'><strong>Ad</strong></span> <span class='ocrx_word' id='word_1_112' title='bbox 454 1434 689 1472; x_wconf 89' lang='lat' dir='ltr'><strong>ereuinm</strong></span> <span class='ocrx_word' id='word_1_113' title='bbox 740 1428 917 1472; x_wconf 89' lang='lat' dir='ltr'><strong>tamen</strong></span> <span class='ocrx_word' id='word_1_114' title='bbox 951 1419 1126 1472; x_wconf 89' lang='lat' dir='ltr'><strong>nullus</strong></span> <span class='ocrx_word' id='word_1_115' title='bbox 1161 1419 1464 1483; x_wconf 88' lang='lat' dir='ltr'><strong>secedebat,</strong></span> <span class='ocrx_word' id='word_1_116' title='bbox 1498 1418 1595 1471; x_wconf 86' lang='lat' dir='ltr'><strong>nisi</strong></span> <span class='ocrx_word' id='word_1_117' title='bbox 1636 1418 1832 1483; x_wconf 69' lang='lat' dir='ltr'><strong>prmvia</strong></span> 
     </span>
    </p>
   </div>
   <div class='ocr_carea' id='block_1_19' title="bbox 264 1488 1830 1557">
    <p class='ocr_par' dir='ltr' id='par_1_19' title="bbox 264 1488 1830 1557">
     <span class='ocr_line' id='line_1_19' title="bbox 264 1488 1830 1557; baseline 0 -18"><span class='ocrx_word' id='word_1_118' title='bbox 264 1488 475 1542; x_wconf 81' lang='lat' dir='ltr'><strong>abbatis</strong></span> <span class='ocrx_word' id='word_1_119' title='bbox 530 1490 763 1553; x_wconf 72' lang='lat' dir='ltr'><strong>licentia,</strong></span> <span class='ocrx_word' id='word_1_120' title='bbox 818 1489 1144 1557; x_wconf 84' lang='lat' dir='ltr'><strong>fratrumque</strong></span> <span class='ocrx_word' id='word_1_121' title='bbox 1189 1490 1476 1543; x_wconf 80' lang='lat' dir='ltr'><strong>accedente</strong></span> <span class='ocrx_word' id='word_1_122' title='bbox 1525 1504 1830 1551; x_wconf 77' lang='lat' dir='ltr'><strong>consensit;</strong></span> 
     </span>
    </p>
   </div>
   <div class='ocr_carea' id='block_1_20' title="bbox 265 1561 1827 1629">
    <p class='ocr_par' dir='ltr' id='par_1_20' title="bbox 265 1561 1827 1629">
     <span class='ocr_line' id='line_1_20' title="bbox 265 1561 1827 1629; baseline 0.003 -20"><span class='ocrx_word' id='word_1_123' title='bbox 265 1568 549 1629; x_wconf 83' lang='lat' dir='ltr'><strong>utrumque</strong></span> <span class='ocrx_word' id='word_1_124' title='bbox 569 1562 707 1612; x_wconf 87' lang='lat' dir='ltr'><strong>enim</strong></span> <span class='ocrx_word' id='word_1_125' title='bbox 732 1562 1115 1627; x_wconf 78' lang='lat' dir='ltr'><strong>requirebatur,</strong></span> <span class='ocrx_word' id='word_1_126' title='bbox 1149 1572 1202 1612; x_wconf 91' lang='lat' dir='ltr'><strong>ut</strong></span> <span class='ocrx_word' id='word_1_127' title='bbox 1232 1561 1407 1612; x_wconf 91' lang='lat' dir='ltr'><strong>multis</strong></span> <span class='ocrx_word' id='word_1_128' title='bbox 1440 1573 1619 1626; x_wconf 73' lang='lat' dir='ltr'><strong>posset</strong></span> <span class='ocrx_word' id='word_1_129' title='bbox 1639 1577 1827 1614; x_wconf 85' lang='lat' dir='ltr'><strong>exem-</strong></span> 
     </span>
    </p>
   </div>
   <div class='ocr_carea' id='block_1_21' title="bbox 266 1631 1830 1697">
    <p class='ocr_par' dir='ltr' id='par_1_21' title="bbox 266 1631 1830 1697">
     <span class='ocr_line' id='line_1_21' title="bbox 266 1631 1830 1697; baseline 0.001 -16"><span class='ocrx_word' id='word_1_130' title='bbox 266 1632 369 1697; x_wconf 86' lang='lat' dir='ltr'><strong>plis</strong></span> <span class='ocrx_word' id='word_1_131' title='bbox 392 1634 624 1696; x_wconf 86' lang='lat' dir='ltr'><strong>probari.</strong></span> <span class='ocrx_word' id='word_1_132' title='bbox 656 1631 1003 1685; x_wconf 85' lang='lat' dir='ltr'><strong>Luculentum</strong></span> <span class='ocrx_word' id='word_1_133' title='bbox 1024 1632 1175 1685; x_wconf 89' lang='lat' dir='ltr'><strong>nobis</strong></span> <span class='ocrx_word' id='word_1_134' title='bbox 1202 1632 1415 1684; x_wconf 79' lang='lat' dir='ltr'><strong>exhibet</strong></span> <span class='ocrx_word' id='word_1_135' title='bbox 1436 1631 1550 1684; x_wconf 83' lang='lat' dir='ltr'><strong>Vita</strong></span> <span class='ocrx_word' id='word_1_136' title='bbox 1570 1633 1626 1685; x_wconf 90' lang='lat' dir='ltr'><strong>S.</strong></span> <span class='ocrx_word' id='word_1_137' title='bbox 1662 1632 1830 1684; x_wconf 85' lang='lat' dir='ltr'><strong>Bavo-</strong></span> 
     </span>
    </p>
   </div>
   <div class='ocr_carea' id='block_1_22' title="bbox 266 1700 1826 1772">
    <p class='ocr_par' dir='ltr' id='par_1_22' title="bbox 266 1700 1826 1772">
     <span class='ocr_line' id='line_1_22' title="bbox 266 1700 1826 1772; baseline 0.003 -21"><span class='ocrx_word' id='word_1_138' title='bbox 266 1702 349 1753; x_wconf 87' lang='lat' dir='ltr'><strong>uis</strong></span> <span class='ocrx_word' id='word_1_139' title='bbox 378 1703 701 1755; x_wconf 86' lang='lat' dir='ltr'><strong>conlessoris</strong></span> <span class='ocrx_word' id='word_1_140' title='bbox 732 1701 889 1768; x_wconf 68' lang='grc' dir='ltr'><strong>(δατ.</strong></span> <span class='ocrx_word' id='word_1_141' title='bbox 916 1718 948 1755; x_wconf 92' lang='grc' dir='ltr'><strong>ιι</strong></span> <span class='ocrx_word' id='word_1_142' title='bbox 972 1700 1211 1772; x_wconf 77' lang='lat' dir='ltr'><strong>Beiied.),</strong></span> <span class='ocrx_word' id='word_1_143' title='bbox 1229 1702 1315 1766; x_wconf 91' lang='lat' dir='ltr'><strong>qui</strong></span> <span class='ocrx_word' id='word_1_144' title='bbox 1342 1705 1557 1754; x_wconf 80' lang='lat' dir='ltr'><strong>veniens</strong></span> <span class='ocrx_word' id='word_1_145' title='bbox 1579 1702 1643 1755; x_wconf 90' lang='lat' dir='ltr'><strong>ad</strong></span> <span class='ocrx_word' id='word_1_146' title='bbox 1670 1703 1826 1755; x_wconf 84' lang='lat' dir='ltr'><strong>Fror-</strong></span> 
     </span>
    </p>
   </div>
   <div class='ocr_carea' id='block_1_23' title="bbox 265 1773 1907 1856">
    <p class='ocr_par' dir='ltr' id='par_1_23' title="bbox 265 1773 1907 1856">
     <span class='ocr_line' id='line_1_23' title="bbox 265 1773 1907 1856; baseline 0 -32"><span class='ocrx_word' id='word_1_147' title='bbox 265 1773 771 1856; x_wconf 45' lang='lat' dir='ltr'><strong>bertuinabbate‘m,</strong></span> <span class='ocrx_word' id='word_1_148' title='bbox 800 1776 1010 1856; x_wconf 42' lang='lat' dir='ltr'><strong>inpetiit</strong></span> <span class='ocrx_word' id='word_1_149' title='bbox 1033 1789 1151 1856; x_wconf 77' lang='lat' dir='ltr'><strong>eum</strong></span> <span class='ocrx_word' id='word_1_150' title='bbox 1175 1774 1386 1854; x_wconf 77' lang='lat' dir='ltr'><strong>sibimet</strong></span> <span class='ocrx_word' id='word_1_151' title='bbox 1416 1773 1687 1856; x_wconf 63' lang='lat' dir='ltr'><strong>humiliter</strong></span> <span class='ocrx_word' id='word_1_152' title='bbox 1714 1774 1826 1826; x_wconf 84' lang='lat' dir='ltr'><strong>eel-</strong></span> <span class='ocrx_word' id='word_1_153' title='bbox 1860 1798 1907 1856; x_wconf 77' lang='grc' dir='ltr'><strong>Β</strong></span> 
     </span>
    </p>
   </div>
   <div class='ocr_carea' id='block_1_24' title="bbox 265 1843 1829 1911">
    <p class='ocr_par' dir='ltr' id='par_1_24' title="bbox 265 1843 1829 1911">
     <span class='ocr_line' id='line_1_24' title="bbox 265 1843 1829 1911; baseline 0.002 -19"><span class='ocrx_word' id='word_1_154' title='bbox 265 1844 449 1908; x_wconf 82' lang='lat' dir='ltr'><strong>lulam,</strong></span> <span class='ocrx_word' id='word_1_155' title='bbox 479 1843 531 1896; x_wconf 89' lang='lat' dir='ltr'><strong>in</strong></span> <span class='ocrx_word' id='word_1_156' title='bbox 558 1860 658 1911; x_wconf 88' lang='lat' dir='ltr'><strong>qua</strong></span> <span class='ocrx_word' id='word_1_157' title='bbox 690 1843 1019 1898; x_wconf 76' lang='lat' dir='ltr'><strong>familiariter</strong></span> <span class='ocrx_word' id='word_1_158' title='bbox 1049 1844 1252 1896; x_wconf 82' lang='lat' dir='ltr'><strong>Domini</strong></span> <span class='ocrx_word' id='word_1_159' title='bbox 1284 1844 1702 1896; x_wconf 87' lang='lat' dir='ltr'><strong>misericordiam</strong></span> <span class='ocrx_word' id='word_1_160' title='bbox 1735 1860 1829 1909; x_wconf 89' lang='lat' dir='ltr'><strong>pro</strong></span> 
     </span>
    </p>
   </div>
   <div class='ocr_carea' id='block_1_25' title="bbox 265 1913 1831 1983">
    <p class='ocr_par' dir='ltr' id='par_1_25' title="bbox 265 1913 1831 1983">
     <span class='ocr_line' id='line_1_25' title="bbox 265 1913 1831 1983; baseline 0.001 -18"><span class='ocrx_word' id='word_1_161' title='bbox 265 1915 588 1967; x_wconf 78' lang='lat' dir='ltr'><strong>facinoribus</strong></span> <span class='ocrx_word' id='word_1_162' title='bbox 630 1916 742 1966; x_wconf 83' lang='lat' dir='ltr'><strong>Suis</strong></span> <span class='ocrx_word' id='word_1_163' title='bbox 783 1915 1160 1983; x_wconf 76' lang='lat' dir='ltr'><strong>deprecaretur</strong></span> <span class='ocrx_word' id='word_1_164' title='bbox 1210 1914 1405 1981; x_wconf 87' lang='lat' dir='ltr'><strong>largiri.</strong></span> <span class='ocrx_word' id='word_1_165' title='bbox 1453 1913 1519 1968; x_wconf 89' lang='lat' dir='ltr'><strong>Ut</strong></span> <span class='ocrx_word' id='word_1_166' title='bbox 1560 1930 1683 1968; x_wconf 82' lang='lat' dir='ltr'><strong>vero</strong></span> <span class='ocrx_word' id='word_1_167' title='bbox 1714 1916 1831 1982; x_wconf 88' lang='lat' dir='ltr'><strong>pius</strong></span> 
     </span>
    </p>
   </div>
   <div class='ocr_carea' id='block_1_26' title="bbox 265 1984 1831 2054">
    <p class='ocr_par' dir='ltr' id='par_1_26' title="bbox 265 1984 1831 2054">
     <span class='ocr_line' id='line_1_26' title="bbox 265 1984 1831 2054; baseline 0.001 -19"><span class='ocrx_word' id='word_1_168' title='bbox 265 1998 417 2048; x_wconf 83' lang='lat' dir='ltr'><strong>pater</strong></span> <span class='ocrx_word' id='word_1_169' title='bbox 439 1987 745 2039; x_wconf 81' lang='lat' dir='ltr'><strong>monasterii</strong></span> <span class='ocrx_word' id='word_1_170' title='bbox 770 1985 884 2052; x_wconf 84' lang='lat' dir='ltr'><strong>ejus</strong></span> <span class='ocrx_word' id='word_1_171' title='bbox 906 1986 1211 2054; x_wconf 86' lang='lat' dir='ltr'><strong>petitionem</strong></span> <span class='ocrx_word' id='word_1_172' title='bbox 1240 1984 1460 2043; x_wconf 84' lang='lat' dir='ltr'><strong>audivit.</strong></span> <span class='ocrx_word' id='word_1_173' title='bbox 1492 2000 1611 2039; x_wconf 92' lang='lat' dir='ltr'><strong>eum</strong></span> <span class='ocrx_word' id='word_1_174' title='bbox 1641 1985 1831 2051; x_wconf 74' lang='lat' dir='ltr'><strong>gaudio</strong></span> 
     </span>
    </p>
   </div>
   <div class='ocr_carea' id='block_1_27' title="bbox 263 2057 1827 2123">
    <p class='ocr_par' dir='ltr' id='par_1_27' title="bbox 263 2057 1827 2123">
     <span class='ocr_line' id='line_1_27' title="bbox 263 2057 1827 2123; baseline 0.002 -17"><span class='ocrx_word' id='word_1_175' title='bbox 263 2072 385 2108; x_wconf 87' lang='lat' dir='ltr'><strong>eum</strong></span> <span class='ocrx_word' id='word_1_176' title='bbox 419 2060 672 2123; x_wconf 88' lang='lat' dir='ltr'><strong>suscepit,</strong></span> <span class='ocrx_word' id='word_1_177' title='bbox 708 2066 761 2107; x_wconf 85' lang='lat' dir='ltr'><strong>et</strong></span> <span class='ocrx_word' id='word_1_178' title='bbox 802 2059 1037 2119; x_wconf 73' lang='lat' dir='ltr'><strong>ejusdem</strong></span> <span class='ocrx_word' id='word_1_179' title='bbox 1072 2057 1320 2109; x_wconf 83' lang='lat' dir='ltr'><strong>fratribus</strong></span> <span class='ocrx_word' id='word_1_180' title='bbox 1351 2065 1653 2108; x_wconf 87' lang='lat' dir='ltr'><strong>monasterii</strong></span> <span class='ocrx_word' id='word_1_181' title='bbox 1680 2057 1827 2122; x_wconf 77' lang='lat' dir='ltr'><strong>juxta</strong></span> 
     </span>
    </p>
   </div>
   <div class='ocr_carea' id='block_1_28' title="bbox 267 2126 1831 2193">
    <p class='ocr_par' dir='ltr' id='par_1_28' title="bbox 267 2126 1831 2193">
     <span class='ocr_line' id='line_1_28' title="bbox 267 2126 1831 2193; baseline 0.002 -17"><span class='ocrx_word' id='word_1_182' title='bbox 267 2138 587 2192; x_wconf 71' lang='lat' dir='ltr'><strong>prieceptiim</strong></span> <span class='ocrx_word' id='word_1_183' title='bbox 618 2127 685 2193; x_wconf 91' lang='lat' dir='ltr'><strong>pii</strong></span> <span class='ocrx_word' id='word_1_184' title='bbox 717 2127 888 2179; x_wconf 79' lang='lat' dir='ltr'><strong>Patris</strong></span> <span class='ocrx_word' id='word_1_185' title='bbox 919 2126 1186 2180; x_wconf 75' lang='lat' dir='ltr'><strong>Benedicti</strong></span> <span class='ocrx_word' id='word_1_186' title='bbox 1209 2138 1499 2180; x_wconf 74' lang='lat' dir='ltr'><strong>convocata</strong></span> <span class='ocrx_word' id='word_1_187' title='bbox 1530 2132 1671 2178; x_wconf 90' lang='lat' dir='ltr'><strong>omni</strong></span> <span class='ocrx_word' id='word_1_188' title='bbox 1702 2144 1831 2180; x_wconf 82' lang='lat' dir='ltr'><strong>con-</strong></span> 
     </span>
    </p>
   </div>
   <div class='ocr_carea' id='block_1_29' title="bbox 262 2195 1828 2265">
    <p class='ocr_par' dir='ltr' id='par_1_29' title="bbox 262 2195 1828 2265">
     <span class='ocr_line' id='line_1_29' title="bbox 262 2195 1828 2265; baseline 0.002 -19"><span class='ocrx_word' id='word_1_189' title='bbox 262 2201 568 2265; x_wconf 74' lang='lat' dir='ltr'><strong>gregatione</strong></span> <span class='ocrx_word' id='word_1_190' title='bbox 598 2196 714 2264; x_wconf 81' lang='lat' dir='ltr'><strong>ejus</strong></span> <span class='ocrx_word' id='word_1_191' title='bbox 743 2198 987 2265; x_wconf 77' lang='lat' dir='ltr'><strong>patefecit</strong></span> <span class='ocrx_word' id='word_1_192' title='bbox 1020 2213 1225 2264; x_wconf 83' lang='lat' dir='ltr'><strong>preces,</strong></span> <span class='ocrx_word' id='word_1_193' title='bbox 1254 2215 1271 2246; x_wconf 72' lang='grc' dir='ltr'><strong>ι</strong></span> <span class='ocrx_word' id='word_1_194' title='bbox 1298 2195 1448 2265; x_wconf 72' lang='lat' dir='ltr'><strong>Ci&#39;jtls</strong></span> <span class='ocrx_word' id='word_1_195' title='bbox 1476 2198 1609 2251; x_wconf 82' lang='lat' dir='ltr'><strong>votis</strong></span> <span class='ocrx_word' id='word_1_196' title='bbox 1640 2198 1828 2251; x_wconf 88' lang='lat' dir='ltr'><strong>fratres</strong></span> 
     </span>
    </p>
   </div>
   <div class='ocr_carea' id='block_1_30' title="bbox 264 2266 1826 2337">
    <p class='ocr_par' dir='ltr' id='par_1_30' title="bbox 264 2266 1826 2337">
     <span class='ocr_line' id='line_1_30' title="bbox 264 2266 1826 2337; baseline 0.004 -22"><span class='ocrx_word' id='word_1_197' title='bbox 264 2278 587 2320; x_wconf 77' lang='lat' dir='ltr'><strong>annuerant.</strong></span> <span class='ocrx_word' id='word_1_198' title='bbox 618 2271 872 2322; x_wconf 75' lang='lat' dir='ltr'><strong>Similiter</strong></span> <span class='ocrx_word' id='word_1_199' title='bbox 894 2270 951 2322; x_wconf 81' lang='lat' dir='ltr'><strong>S.</strong></span> <span class='ocrx_word' id='word_1_200' title='bbox 982 2269 1241 2321; x_wconf 82' lang='lat' dir='ltr'><strong>Barotiius</strong></span> <span class='ocrx_word' id='word_1_201' title='bbox 1273 2268 1432 2337; x_wconf 72' lang='grc' dir='ltr'><strong>(διεδ.</strong></span> <span class='ocrx_word' id='word_1_202' title='bbox 1461 2284 1492 2320; x_wconf 93' lang='grc' dir='ltr'><strong>ιι</strong></span> <span class='ocrx_word' id='word_1_203' title='bbox 1512 2266 1666 2336; x_wconf 29' lang='lat' dir='ltr'><strong>Ben.)</strong></span> <span class='ocrx_word' id='word_1_204' title='bbox 1698 2288 1715 2319; x_wconf 76' lang='grc' dir='ltr'><strong>ι</strong></span> <span class='ocrx_word' id='word_1_205' title='bbox 1744 2268 1826 2321; x_wconf 90' lang='lat' dir='ltr'><strong>sui</strong></span> 
     </span>
    </p>
   </div>
   <div class='ocr_carea' id='block_1_31' title="bbox 262 2337 1831 2407">
    <p class='ocr_par' dir='ltr' id='par_1_31' title="bbox 262 2337 1831 2407">
     <span class='ocr_line' id='line_1_31' title="bbox 262 2337 1831 2407; baseline 0.001 -18"><span class='ocrx_word' id='word_1_206' title='bbox 262 2337 473 2391; x_wconf 81' lang='lat' dir='ltr'><strong>l‘atiem</strong></span> <span class='ocrx_word' id='word_1_207' title='bbox 505 2340 731 2392; x_wconf 72' lang='lat' dir='ltr'><strong>rmiiobzi</strong></span> <span class='ocrx_word' id='word_1_208' title='bbox 759 2341 955 2393; x_wconf 76' lang='lat' dir='ltr'><strong>sedulis</strong></span> <span class='ocrx_word' id='word_1_209' title='bbox 980 2340 1269 2405; x_wconf 83' lang='lat' dir='ltr'><strong>deposcere</strong></span> <span class='ocrx_word' id='word_1_210' title='bbox 1294 2342 1458 2406; x_wconf 64' lang='lat' dir='ltr'><strong>coepit</strong></span> <span class='ocrx_word' id='word_1_211' title='bbox 1484 2339 1746 2407; x_wconf 71' lang='lat' dir='ltr'><strong>precibus,</strong></span> <span class='ocrx_word' id='word_1_212' title='bbox 1772 2349 1831 2391; x_wconf 91' lang='lat' dir='ltr'><strong>ut</strong></span> 
     </span>
    </p>
   </div>
   <div class='ocr_carea' id='block_1_32' title="bbox 261 2409 1828 2478">
    <p class='ocr_par' dir='ltr' id='par_1_32' title="bbox 261 2409 1828 2478">
     <span class='ocr_line' id='line_1_32' title="bbox 261 2409 1828 2478; baseline 0.004 -21"><span class='ocrx_word' id='word_1_213' title='bbox 261 2411 379 2473; x_wconf 74' lang='lat' dir='ltr'><strong>ejus</strong></span> <span class='ocrx_word' id='word_1_214' title='bbox 419 2413 678 2476; x_wconf 84' lang='lat' dir='ltr'><strong>permissu</strong></span> <span class='ocrx_word' id='word_1_215' title='bbox 725 2410 980 2463; x_wconf 72' lang='lat' dir='ltr'><strong>tiallicum</strong></span> <span class='ocrx_word' id='word_1_216' title='bbox 1035 2411 1267 2478; x_wconf 79' lang='lat' dir='ltr'><strong>genitale</strong></span> <span class='ocrx_word' id='word_1_217' title='bbox 1305 2410 1475 2463; x_wconf 89' lang='lat' dir='ltr'><strong>solum</strong></span> <span class='ocrx_word' id='word_1_218' title='bbox 1507 2409 1605 2462; x_wconf 89' lang='lat' dir='ltr'><strong>sibi</strong></span> <span class='ocrx_word' id='word_1_219' title='bbox 1645 2412 1828 2464; x_wconf 85' lang='lat' dir='ltr'><strong>liceret</strong></span> 
     </span>
    </p>
   </div>
   <div class='ocr_carea' id='block_1_33' title="bbox 260 2480 1825 2546">
    <p class='ocr_par' dir='ltr' id='par_1_33' title="bbox 260 2480 1825 2546">
     <span class='ocr_line' id='line_1_33' title="bbox 260 2480 1825 2546; baseline 0.001 -17"><span class='ocrx_word' id='word_1_220' title='bbox 260 2480 605 2534; x_wconf 83' lang='lat' dir='ltr'><strong>deserere....</strong></span> <span class='ocrx_word' id='word_1_221' title='bbox 634 2496 816 2546; x_wconf 81' lang='lat' dir='ltr'><strong>schiie</strong></span> <span class='ocrx_word' id='word_1_222' title='bbox 852 2484 1061 2534; x_wconf 85' lang='lat' dir='ltr'><strong>demum</strong></span> <span class='ocrx_word' id='word_1_223' title='bbox 1094 2480 1516 2533; x_wconf 82' lang='lat' dir='ltr'><strong>anachoreticam</strong></span> <span class='ocrx_word' id='word_1_224' title='bbox 1552 2480 1707 2533; x_wconf 87' lang='lat' dir='ltr'><strong>vitam</strong></span> <span class='ocrx_word' id='word_1_225' title='bbox 1731 2481 1825 2533; x_wconf 84' lang='lat' dir='ltr'><strong>du-</strong></span> 
     </span>
    </p>
   </div>
   <div class='ocr_carea' id='block_1_34' title="bbox 260 2550 1825 2619">
    <p class='ocr_par' dir='ltr' id='par_1_34' title="bbox 260 2550 1825 2619">
     <span class='ocr_line' id='line_1_34' title="bbox 260 2550 1825 2619; baseline 0.001 -18"><span class='ocrx_word' id='word_1_226' title='bbox 260 2567 405 2603; x_wconf 77' lang='lat' dir='ltr'><strong>cere.</strong></span> <span class='ocrx_word' id='word_1_227' title='bbox 440 2550 566 2603; x_wconf 82' lang='lat' dir='ltr'><strong>Post</strong></span> <span class='ocrx_word' id='word_1_228' title='bbox 594 2556 866 2613; x_wconf 72' lang='lat' dir='ltr'><strong>piuriiiiam</strong></span> <span class='ocrx_word' id='word_1_229' title='bbox 901 2554 1112 2606; x_wconf 85' lang='lat' dir='ltr'><strong>tandem</strong></span> <span class='ocrx_word' id='word_1_230' title='bbox 1158 2552 1650 2618; x_wconf 88' lang='lat' dir='ltr'><strong>indesiiienteinque</strong></span> <span class='ocrx_word' id='word_1_231' title='bbox 1687 2553 1825 2619; x_wconf 84' lang='lat' dir='ltr'><strong>peti—</strong></span> 
     </span>
    </p>
   </div>
   <div class='ocr_carea' id='block_1_35' title="bbox 262 2621 1824 2691">
    <p class='ocr_par' dir='ltr' id='par_1_35' title="bbox 262 2621 1824 2691">
     <span class='ocr_line' id='line_1_35' title="bbox 262 2621 1824 2691; baseline 0.004 -23"><span class='ocrx_word' id='word_1_232' title='bbox 262 2623 423 2672; x_wconf 79' lang='lat' dir='ltr'><strong>tionis</strong></span> <span class='ocrx_word' id='word_1_233' title='bbox 452 2638 563 2675; x_wconf 78' lang='lat' dir='ltr'><strong>sna-</strong></span> <span class='ocrx_word' id='word_1_234' title='bbox 594 2623 919 2682; x_wconf 78' lang='lat' dir='ltr'><strong>inSiautiam,</strong></span> <span class='ocrx_word' id='word_1_235' title='bbox 950 2625 1067 2690; x_wconf 84' lang='lat' dir='ltr'><strong>ejus</strong></span> <span class='ocrx_word' id='word_1_236' title='bbox 1106 2634 1283 2689; x_wconf 72' lang='lat' dir='ltr'><strong>pa~tor</strong></span> <span class='ocrx_word' id='word_1_237' title='bbox 1307 2636 1428 2676; x_wconf 84' lang='lat' dir='ltr'><strong>cum</strong></span> <span class='ocrx_word' id='word_1_238' title='bbox 1466 2621 1609 2674; x_wconf 91' lang='lat' dir='ltr'><strong>omni</strong></span> <span class='ocrx_word' id='word_1_239' title='bbox 1642 2638 1824 2691; x_wconf 81' lang='lat' dir='ltr'><strong>grege,</strong></span> 
     </span>
    </p>
   </div>
   <div class='ocr_carea' id='block_1_36' title="bbox 261 2692 1823 2748">
    <p class='ocr_par' dir='ltr' id='par_1_36' title="bbox 261 2692 1823 2748">
     <span class='ocr_line' id='line_1_36' title="bbox 261 2692 1823 2748; baseline 0.003 -6"><span class='ocrx_word' id='word_1_240' title='bbox 261 2694 383 2746; x_wconf 88' lang='lat' dir='ltr'><strong>licet</strong></span> <span class='ocrx_word' id='word_1_241' title='bbox 418 2693 564 2745; x_wconf 71' lang='lat' dir='ltr'><strong>inriti</strong></span> <span class='ocrx_word' id='word_1_242' title='bbox 608 2708 706 2745; x_wconf 68' lang='lat' dir='ltr'><strong>suo</strong></span> <span class='ocrx_word' id='word_1_243' title='bbox 748 2692 1052 2746; x_wconf 63' lang='lat' dir='ltr'><strong>satisfeeeie</strong></span> <span class='ocrx_word' id='word_1_244' title='bbox 1093 2693 1379 2748; x_wconf 62' lang='lat' dir='ltr'><strong>desiderio.</strong></span> <span class='ocrx_word' id='word_1_245' title='bbox 1416 2712 1433 2743; x_wconf 71' lang='grc' dir='ltr'><strong>ι</strong></span> <span class='ocrx_word' id='word_1_246' title='bbox 1469 2692 1540 2745; x_wconf 87' lang='lat' dir='ltr'><strong>Ita</strong></span> <span class='ocrx_word' id='word_1_247' title='bbox 1571 2693 1727 2746; x_wconf 88' lang='lat' dir='ltr'><strong>etiam</strong></span> <span class='ocrx_word' id='word_1_248' title='bbox 1766 2695 1823 2747; x_wconf 83' lang='lat' dir='ltr'><strong>S.</strong></span> 
     </span>
    </p>
   </div>
   <div class='ocr_carea' id='block_1_37' title="bbox 258 2762 1822 2833">
    <p class='ocr_par' dir='ltr' id='par_1_37' title="bbox 258 2762 1822 2833">
     <span class='ocr_line' id='line_1_37' title="bbox 258 2762 1822 2833; baseline 0.004 -22"><span class='ocrx_word' id='word_1_249' title='bbox 258 2762 585 2815; x_wconf 74' lang='lat' dir='ltr'><strong>Cuthberius</strong></span> <span class='ocrx_word' id='word_1_250' title='bbox 629 2763 893 2817; x_wconf 76' lang='lat' dir='ltr'><strong>referente</strong></span> <span class='ocrx_word' id='word_1_251' title='bbox 944 2764 1081 2817; x_wconf 84' lang='lat' dir='ltr'><strong>Beda</strong></span> <span class='ocrx_word' id='word_1_252' title='bbox 1114 2763 1199 2832; x_wconf 81' lang='lat' dir='ltr'><strong>(Iit</strong></span> <span class='ocrx_word' id='word_1_253' title='bbox 1244 2765 1353 2833; x_wconf 79' lang='lat' dir='ltr'><strong>ejus</strong></span> <span class='ocrx_word' id='word_1_254' title='bbox 1383 2763 1519 2825; x_wconf 76' lang='lat' dir='ltr'><strong>Vita,</strong></span> <span class='ocrx_word' id='word_1_255' title='bbox 1553 2780 1663 2831; x_wconf 87' lang='lat' dir='ltr'><strong>cap.</strong></span> <span class='ocrx_word' id='word_1_256' title='bbox 1700 2764 1822 2825; x_wconf 74' lang='lat'><strong>17):</strong></span> 
     </span>
    </p>
   </div>
   <div class='ocr_carea' id='block_1_38' title="bbox 264 2835 1824 2902">
    <p class='ocr_par' dir='ltr' id='par_1_38' title="bbox 264 2835 1824 2902">
     <span class='ocr_line' id='line_1_38' title="bbox 264 2835 1824 2902; baseline 0.003 -18"><span class='ocrx_word' id='word_1_257' title='bbox 264 2851 282 2884; x_wconf 75' lang='grc' dir='ltr'><strong>ι</strong></span> <span class='ocrx_word' id='word_1_258' title='bbox 324 2835 606 2902; x_wconf 79' lang='lat' dir='ltr'><strong>Postquam</strong></span> <span class='ocrx_word' id='word_1_259' title='bbox 642 2836 692 2886; x_wconf 91' lang='lat' dir='ltr'><strong>iii</strong></span> <span class='ocrx_word' id='word_1_260' title='bbox 727 2836 1050 2887; x_wconf 58' lang='lat' dir='ltr'><strong>monasterio</strong></span> <span class='ocrx_word' id='word_1_261' title='bbox 1083 2836 1244 2887; x_wconf 86' lang='lat' dir='ltr'><strong>multa</strong></span> <span class='ocrx_word' id='word_1_262' title='bbox 1274 2851 1532 2887; x_wconf 89' lang='lat' dir='ltr'><strong>annorum</strong></span> <span class='ocrx_word' id='word_1_263' title='bbox 1564 2836 1824 2889; x_wconf 89' lang='lat' dir='ltr'><strong>curricula</strong></span> 
     </span>
    </p>
   </div>
   <div class='ocr_carea' id='block_1_39' title="bbox 256 2905 1824 2972">
    <p class='ocr_par' dir='ltr' id='par_1_39' title="bbox 256 2905 1824 2972">
     <span class='ocr_line' id='line_1_39' title="bbox 256 2905 1824 2972; baseline 0.001 -16"><span class='ocrx_word' id='word_1_264' title='bbox 256 2905 512 2969; x_wconf 66' lang='lat' dir='ltr'><strong>explevit,</strong></span> <span class='ocrx_word' id='word_1_265' title='bbox 558 2909 767 2958; x_wconf 76' lang='lat' dir='ltr'><strong>tandem</strong></span> <span class='ocrx_word' id='word_1_266' title='bbox 800 2906 889 2958; x_wconf 92' lang='lat' dir='ltr'><strong>diu</strong></span> <span class='ocrx_word' id='word_1_267' title='bbox 934 2908 1231 2970; x_wconf 76' lang='lat' dir='ltr'><strong>concupita,</strong></span> <span class='ocrx_word' id='word_1_268' title='bbox 1277 2907 1517 2970; x_wconf 69' lang='lat' dir='ltr'><strong>quaesita,</strong></span> <span class='ocrx_word' id='word_1_269' title='bbox 1561 2915 1616 2957; x_wconf 90' lang='lat' dir='ltr'><strong>et</strong></span> <span class='ocrx_word' id='word_1_270' title='bbox 1663 2906 1824 2972; x_wconf 90' lang='lat' dir='ltr'><strong>petita</strong></span> 
     </span>
    </p>
   </div>
   <div class='ocr_carea' id='block_1_40' title="bbox 256 2976 1827 3043">
    <p class='ocr_par' dir='ltr' id='par_1_40' title="bbox 256 2976 1827 3043">
     <span class='ocr_line' id='line_1_40' title="bbox 256 2976 1827 3043; baseline -0.002 -16"><span class='ocrx_word' id='word_1_271' title='bbox 256 2976 560 3028; x_wconf 59' lang='lat' dir='ltr'><strong>Shiillltliltis</strong></span> <span class='ocrx_word' id='word_1_272' title='bbox 590 2986 819 3037; x_wconf 71' lang='lat' dir='ltr'><strong>secreti,</strong></span> <span class='ocrx_word' id='word_1_273' title='bbox 851 2976 1137 3030; x_wconf 81' lang='lat' dir='ltr'><strong>comitante</strong></span> <span class='ocrx_word' id='word_1_274' title='bbox 1166 2976 1366 3043; x_wconf 71' lang='lat' dir='ltr'><strong>praefati</strong></span> <span class='ocrx_word' id='word_1_275' title='bbox 1412 2977 1618 3029; x_wconf 82' lang='lat' dir='ltr'><strong>abbatis</strong></span> <span class='ocrx_word' id='word_1_276' title='bbox 1642 2981 1722 3029; x_wconf 85' lang='lat' dir='ltr'><strong>sui</strong></span> <span class='ocrx_word' id='word_1_277' title='bbox 1754 2992 1827 3030; x_wconf 81' lang='lat' dir='ltr'><strong>Sl-</strong></span> 
     </span>
    </p>
   </div>
   <div class='ocr_carea' id='block_1_41' title="bbox 258 3047 1826 3112">
    <p class='ocr_par' dir='ltr' id='par_1_41' title="bbox 258 3047 1826 3112">
     <span class='ocr_line' id='line_1_41' title="bbox 258 3047 1826 3112; baseline 0.003 -15"><span class='ocrx_word' id='word_1_278' title='bbox 258 3048 364 3097; x_wconf 92' lang='lat' dir='ltr'><strong>niul</strong></span> <span class='ocrx_word' id='word_1_279' title='bbox 394 3058 445 3098; x_wconf 87' lang='lat' dir='ltr'><strong>et</strong></span> <span class='ocrx_word' id='word_1_280' title='bbox 478 3050 694 3099; x_wconf 89' lang='lat' dir='ltr'><strong>fratrum</strong></span> <span class='ocrx_word' id='word_1_281' title='bbox 717 3048 903 3112; x_wconf 79' lang='lat' dir='ltr'><strong>gratia.</strong></span> <span class='ocrx_word' id='word_1_282' title='bbox 926 3049 1147 3101; x_wconf 88' lang='lat' dir='ltr'><strong>multum</strong></span> <span class='ocrx_word' id='word_1_283' title='bbox 1172 3047 1499 3100; x_wconf 61' lang='lat' dir='ltr'><strong>nutabundus</strong></span> <span class='ocrx_word' id='word_1_284' title='bbox 1520 3050 1667 3100; x_wconf 87' lang='lat' dir='ltr'><strong>adiit.</strong></span> <span class='ocrx_word' id='word_1_285' title='bbox 1707 3068 1725 3099; x_wconf 70' lang='grc' dir='ltr'><strong>ι</strong></span> <span class='ocrx_word' id='word_1_286' title='bbox 1760 3050 1826 3101; x_wconf 83' lang='grc' dir='ltr'>Ει</span> 
     </span>
    </p>
   </div>
   <div class='ocr_carea' id='block_1_42' title="bbox 252 3117 1820 3187">
    <p class='ocr_par' dir='ltr' id='par_1_42' title="bbox 252 3117 1820 3187">
     <span class='ocr_line' id='line_1_42' title="bbox 252 3117 1820 3187; baseline 0.005 -22"><span class='ocrx_word' id='word_1_287' title='bbox 252 3122 307 3167; x_wconf 63' lang='lat'><strong>5.</strong></span> <span class='ocrx_word' id='word_1_288' title='bbox 365 3117 723 3186; x_wconf 65' lang='lat' dir='ltr'><strong>Madiilgisiltis</strong></span> <span class='ocrx_word' id='word_1_289' title='bbox 771 3117 862 3186; x_wconf 86' lang='lat' dir='ltr'><strong>(In</strong></span> <span class='ocrx_word' id='word_1_290' title='bbox 910 3120 1129 3187; x_wconf 70' lang='lat' dir='ltr'><strong>apponit.</strong></span> <span class='ocrx_word' id='word_1_291' title='bbox 1172 3120 1240 3169; x_wconf 81' lang='lat' dir='ltr'><strong>ad</strong></span> <span class='ocrx_word' id='word_1_292' title='bbox 1268 3134 1386 3170; x_wconf 79' lang='lat' dir='ltr'><strong>su&#39;r.</strong></span> <span class='ocrx_word' id='word_1_293' title='bbox 1430 3125 1505 3186; x_wconf 81' lang='lat' dir='ltr'><strong>iv)</strong></span> <span class='ocrx_word' id='word_1_294' title='bbox 1543 3136 1560 3168; x_wconf 82' lang='lat'><strong>(</strong></span> <span class='ocrx_word' id='word_1_295' title='bbox 1598 3120 1820 3186; x_wconf 86' lang='lat' dir='ltr'><strong>cupiens</strong></span> 
     </span>
    </p>
   </div>
   <div class='ocr_carea' id='block_1_43' title="bbox 1939 494 3521 564">
    <p class='ocr_par' dir='ltr' id='par_1_43' title="bbox 1939 494 3521 564">
     <span class='ocr_line' id='line_1_43' title="bbox 1939 494 3521 564; baseline 0.003 -18"><span class='ocrx_word' id='word_1_296' title='bbox 1939 510 1966 546; x_wconf 89' lang='lat' dir='ltr'><strong>a</strong></span> <span class='ocrx_word' id='word_1_297' title='bbox 2002 494 2366 548; x_wconf 72' lang='lat' dir='ltr'><strong>C(BIIOblOI&#39;tllll</strong></span> <span class='ocrx_word' id='word_1_298' title='bbox 2412 494 2910 562; x_wconf 71' lang='lat' dir='ltr'><strong>congregationibus</strong></span> <span class='ocrx_word' id='word_1_299' title='bbox 2957 504 3396 564; x_wconf 82' lang='lat' dir='ltr'><strong>sequestraient,</strong></span> <span class='ocrx_word' id='word_1_300' title='bbox 3458 513 3521 551; x_wconf 78' lang='lat' dir='ltr'><strong>ac</strong></span> 
     </span>
    </p>
   </div>
   <div class='ocr_carea' id='block_1_44' title="bbox 1938 565 3514 637">
    <p class='ocr_par' dir='ltr' id='par_1_44' title="bbox 1938 565 3514 637">
     <span class='ocr_line' id='line_1_44' title="bbox 1938 565 3514 637; baseline 0.003 -21"><span class='ocrx_word' id='word_1_301' title='bbox 1938 565 2205 637; x_wconf 64' lang='lat' dir='ltr'><strong>sigillatim</strong></span> <span class='ocrx_word' id='word_1_302' title='bbox 2261 580 2385 618; x_wconf 88' lang='lat' dir='ltr'><strong>suas</strong></span> <span class='ocrx_word' id='word_1_303' title='bbox 2441 574 2687 618; x_wconf 81' lang='lat' dir='ltr'><strong>curarent</strong></span> <span class='ocrx_word' id='word_1_304' title='bbox 2741 566 3082 621; x_wconf 67' lang='lat' dir='ltr'><strong>necessitates</strong></span> <span class='ocrx_word' id='word_1_305' title='bbox 3114 608 3129 629; x_wconf 89' lang='lat'><strong>,</strong></span> <span class='ocrx_word' id='word_1_306' title='bbox 3184 567 3514 637; x_wconf 65' lang='lat' dir='ltr'><strong>Aigypbaca:</strong></span> 
     </span>
    </p>
   </div>
   <div class='ocr_carea' id='block_1_45' title="bbox 1940 635 3509 706">
    <p class='ocr_par' dir='ltr' id='par_1_45' title="bbox 1940 635 3509 706">
     <span class='ocr_line' id='line_1_45' title="bbox 1940 635 3509 706; baseline 0.002 -19"><span class='ocrx_word' id='word_1_307' title='bbox 1940 635 2130 706; x_wconf 68' lang='lat' dir='ltr'><strong>lingua:</strong></span> <span class='ocrx_word' id='word_1_308' title='bbox 2189 637 2539 703; x_wconf 87' lang='lat' dir='ltr'><strong>proprietate,</strong></span> <span class='ocrx_word' id='word_1_309' title='bbox 2594 637 2873 691; x_wconf 73' lang='lat' dir='ltr'><strong>sarabaitie</strong></span> <span class='ocrx_word' id='word_1_310' title='bbox 2925 641 3211 706; x_wconf 83' lang='lat' dir='ltr'><strong>nuncupati</strong></span> <span class='ocrx_word' id='word_1_311' title='bbox 3267 635 3429 700; x_wconf 83' lang='lat' dir='ltr'><strong>sunt,</strong></span> <span class='ocrx_word' id='word_1_312' title='bbox 3493 659 3509 683; x_wconf 76' lang='grc' dir='ltr'><strong>ι</strong></span> 
     </span>
    </p>
   </div>
   <div class='ocr_carea' id='block_1_46' title="bbox 1939 705 3515 777">
    <p class='ocr_par' dir='ltr' id='par_1_46' title="bbox 1939 705 3515 777">
     <span class='ocr_line' id='line_1_46' title="bbox 1939 705 3515 777; baseline 0.003 -19"><span class='ocrx_word' id='word_1_313' title='bbox 1939 705 2105 774; x_wconf 85' lang='lat' dir='ltr'><strong>inquit</strong></span> <span class='ocrx_word' id='word_1_314' title='bbox 2132 706 2417 760; x_wconf 86' lang='lat' dir='ltr'><strong>Cassianus</strong></span> <span class='ocrx_word' id='word_1_315' title='bbox 2450 706 2604 777; x_wconf 86' lang='lat' dir='ltr'><strong>(Coll.</strong></span> <span class='ocrx_word' id='word_1_316' title='bbox 2635 708 2723 770; x_wconf 77' lang='lat'><strong>18,</strong></span> <span class='ocrx_word' id='word_1_317' title='bbox 2753 725 2796 760; x_wconf 85' lang='lat' dir='ltr'><strong>c.</strong></span> <span class='ocrx_word' id='word_1_318' title='bbox 2833 710 2908 775; x_wconf 88' lang='lat'><strong>7);</strong></span> <span class='ocrx_word' id='word_1_319' title='bbox 2937 724 3019 762; x_wconf 90' lang='lat' dir='ltr'><strong>eiu</strong></span> <span class='ocrx_word' id='word_1_320' title='bbox 3050 705 3334 763; x_wconf 78' lang='lat' dir='ltr'><strong>concinere</strong></span> <span class='ocrx_word' id='word_1_321' title='bbox 3368 710 3515 763; x_wconf 89' lang='lat' dir='ltr'><strong>vide-</strong></span> 
     </span>
    </p>
   </div>
   <div class='ocr_carea' id='block_1_47' title="bbox 1940 776 3512 848">
    <p class='ocr_par' dir='ltr' id='par_1_47' title="bbox 1940 776 3512 848">
     <span class='ocr_line' id='line_1_47' title="bbox 1940 776 3512 848; baseline 0.003 -19"><span class='ocrx_word' id='word_1_322' title='bbox 1940 786 2028 830; x_wconf 90' lang='lat' dir='ltr'><strong>tur</strong></span> <span class='ocrx_word' id='word_1_323' title='bbox 2055 776 2145 830; x_wconf 90' lang='lat' dir='ltr'><strong>illa</strong></span> <span class='ocrx_word' id='word_1_324' title='bbox 2191 778 2344 830; x_wconf 88' lang='lat' dir='ltr'><strong>lectio</strong></span> <span class='ocrx_word' id='word_1_325' title='bbox 2370 776 2525 847; x_wconf 88' lang='lat' dir='ltr'><strong>quam</strong></span> <span class='ocrx_word' id='word_1_326' title='bbox 2560 794 2624 833; x_wconf 77' lang='lat' dir='ltr'><strong>ex</strong></span> <span class='ocrx_word' id='word_1_327' title='bbox 2660 781 2913 847; x_wconf 82' lang='lat' dir='ltr'><strong>Apologia</strong></span> <span class='ocrx_word' id='word_1_328' title='bbox 2939 780 3145 833; x_wconf 85' lang='lat' dir='ltr'><strong>llenriei</strong></span> <span class='ocrx_word' id='word_1_329' title='bbox 3185 780 3246 833; x_wconf 84' lang='lat' dir='ltr'><strong>IV</strong></span> <span class='ocrx_word' id='word_1_330' title='bbox 3282 781 3512 848; x_wconf 85' lang='lat' dir='ltr'><strong>impera-</strong></span> 
     </span>
    </p>
   </div>
   <div class='ocr_carea' id='block_1_48' title="bbox 1940 849 3509 917">
    <p class='ocr_par' dir='ltr' id='par_1_48' title="bbox 1940 849 3509 917">
     <span class='ocr_line' id='line_1_48' title="bbox 1940 849 3509 917; baseline 0.003 -18"><span class='ocrx_word' id='word_1_331' title='bbox 1940 849 2107 909; x_wconf 88' lang='lat' dir='ltr'><strong>toris,</strong></span> <span class='ocrx_word' id='word_1_332' title='bbox 2174 849 2260 901; x_wconf 88' lang='lat' dir='ltr'><strong>ubi</strong></span> <span class='ocrx_word' id='word_1_333' title='bbox 2309 850 2393 902; x_wconf 88' lang='lat' dir='ltr'><strong>hic</strong></span> <span class='ocrx_word' id='word_1_334' title='bbox 2434 850 2581 901; x_wconf 87' lang='lat' dir='ltr'><strong>locus</strong></span> <span class='ocrx_word' id='word_1_335' title='bbox 2627 850 2851 915; x_wconf 89' lang='lat' dir='ltr'><strong>citatur,</strong></span> <span class='ocrx_word' id='word_1_336' title='bbox 2911 850 3112 917; x_wconf 78' lang='lat' dir='ltr'><strong>profert</strong></span> <span class='ocrx_word' id='word_1_337' title='bbox 3167 852 3450 904; x_wconf 81' lang='lat' dir='ltr'><strong>Menardns</strong></span> <span class='ocrx_word' id='word_1_338' title='bbox 3496 869 3509 904; x_wconf 88' lang='lat'><strong>:</strong></span> 
     </span>
    </p>
   </div>
   <div class='ocr_carea' id='block_1_49' title="bbox 1943 918 3514 989">
    <p class='ocr_par' dir='ltr' id='par_1_49' title="bbox 1943 918 3514 989">
     <span class='ocr_line' id='line_1_49' title="bbox 1943 918 3514 989; baseline 0.001 -17"><span class='ocrx_word' id='word_1_339' title='bbox 1943 918 2402 989; x_wconf 60' lang='lat' dir='ltr'><strong>(Sarabaitaruni,</strong></span> <span class='ocrx_word' id='word_1_340' title='bbox 2434 921 2481 972; x_wconf 87' lang='lat' dir='ltr'><strong>id</strong></span> <span class='ocrx_word' id='word_1_341' title='bbox 2511 929 2593 973; x_wconf 88' lang='lat' dir='ltr'><strong>est</strong></span> <span class='ocrx_word' id='word_1_342' title='bbox 2628 920 2724 972; x_wconf 89' lang='lat' dir='ltr'><strong>sibi</strong></span> <span class='ocrx_word' id='word_1_343' title='bbox 2755 922 3083 982; x_wconf 81' lang='lat' dir='ltr'><strong>viventium;</strong></span> <span class='ocrx_word' id='word_1_344' title='bbox 3119 938 3141 973; x_wconf 74' lang='grc' dir='ltr'><strong>ι</strong></span> <span class='ocrx_word' id='word_1_345' title='bbox 3185 934 3237 975; x_wconf 87' lang='lat' dir='ltr'><strong>et</strong></span> <span class='ocrx_word' id='word_1_346' title='bbox 3266 922 3514 989; x_wconf 81' lang='lat' dir='ltr'><strong>Smarag-</strong></span> 
     </span>
    </p>
   </div>
   <div class='ocr_carea' id='block_1_50' title="bbox 1936 988 3511 1057">
    <p class='ocr_par' dir='ltr' id='par_1_50' title="bbox 1936 988 3511 1057">
     <span class='ocr_line' id='line_1_50' title="bbox 1936 988 3511 1057; baseline 0.004 -18"><span class='ocrx_word' id='word_1_347' title='bbox 1936 988 2035 1041; x_wconf 91' lang='lat' dir='ltr'><strong>dus</strong></span> <span class='ocrx_word' id='word_1_348' title='bbox 2070 1008 2083 1041; x_wconf 89' lang='lat'><strong>:</strong></span> <span class='ocrx_word' id='word_1_349' title='bbox 2120 1008 2137 1039; x_wconf 86' lang='grc' dir='ltr'><strong>ι</strong></span> <span class='ocrx_word' id='word_1_350' title='bbox 2171 992 2462 1043; x_wconf 67' lang='lat' dir='ltr'><strong>Sarabaita:</strong></span> <span class='ocrx_word' id='word_1_351' title='bbox 2505 1003 2678 1044; x_wconf 88' lang='lat' dir='ltr'><strong>autem</strong></span> <span class='ocrx_word' id='word_1_352' title='bbox 2710 992 3124 1057; x_wconf 75' lang='lat' dir='ltr'><strong>interpretantur</strong></span> <span class='ocrx_word' id='word_1_353' title='bbox 3153 996 3400 1055; x_wconf 64' lang='lat' dir='ltr'><strong>renuitaa,</strong></span> <span class='ocrx_word' id='word_1_354' title='bbox 3445 988 3511 1045; x_wconf 82' lang='lat' dir='ltr'><strong>eo</strong></span> 
     </span>
    </p>
   </div>
   <div class='ocr_carea' id='block_1_51' title="bbox 1936 1060 3507 1131">
    <p class='ocr_par' dir='ltr' id='par_1_51' title="bbox 1936 1060 3507 1131">
     <span class='ocr_line' id='line_1_51' title="bbox 1936 1060 3507 1131; baseline 0.004 -21"><span class='ocrx_word' id='word_1_355' title='bbox 1936 1061 2074 1131; x_wconf 86' lang='lat' dir='ltr'><strong>quod</strong></span> <span class='ocrx_word' id='word_1_356' title='bbox 2100 1060 2356 1128; x_wconf 81' lang='lat' dir='ltr'><strong>majorum</strong></span> <span class='ocrx_word' id='word_1_357' title='bbox 2378 1064 2619 1127; x_wconf 79' lang='lat' dir='ltr'><strong>exempla</strong></span> <span class='ocrx_word' id='word_1_358' title='bbox 2643 1071 2694 1116; x_wconf 91' lang='lat' dir='ltr'><strong>et</strong></span> <span class='ocrx_word' id='word_1_359' title='bbox 2721 1062 2967 1115; x_wconf 84' lang='lat' dir='ltr'><strong>virtutem</strong></span> <span class='ocrx_word' id='word_1_360' title='bbox 3014 1068 3160 1131; x_wconf 89' lang='lat' dir='ltr'><strong>sequi</strong></span> <span class='ocrx_word' id='word_1_361' title='bbox 3187 1076 3412 1116; x_wconf 82' lang='lat' dir='ltr'><strong>renuant</strong></span> <span class='ocrx_word' id='word_1_362' title='bbox 3437 1081 3452 1116; x_wconf 88' lang='lat'><strong>:</strong></span> <span class='ocrx_word' id='word_1_363' title='bbox 3486 1084 3507 1116; x_wconf 72' lang='grc' dir='ltr'><strong>ι</strong></span> 
     </span>
    </p>
   </div>
   <div class='ocr_carea' id='block_1_52' title="bbox 1937 1130 3507 1198">
    <p class='ocr_par' dir='ltr' id='par_1_52' title="bbox 1937 1130 3507 1198">
     <span class='ocr_line' id='line_1_52' title="bbox 1937 1130 3507 1198; baseline 0.004 -17"><span class='ocrx_word' id='word_1_364' title='bbox 1937 1130 2069 1183; x_wconf 84' lang='lat' dir='ltr'><strong>Hinc</strong></span> <span class='ocrx_word' id='word_1_365' title='bbox 2093 1135 2147 1184; x_wconf 67' lang='grc' dir='ltr'>ὃ.</span> <span class='ocrx_word' id='word_1_366' title='bbox 2174 1134 2287 1185; x_wconf 84' lang='lat' dir='ltr'><strong>Udo</strong></span> <span class='ocrx_word' id='word_1_367' title='bbox 2331 1135 2492 1187; x_wconf 86' lang='lat' dir='ltr'><strong>abbas</strong></span> <span class='ocrx_word' id='word_1_368' title='bbox 2531 1134 2893 1187; x_wconf 76' lang='lat' dir='ltr'><strong>Cluniacensis</strong></span> <span class='ocrx_word' id='word_1_369' title='bbox 2932 1130 3141 1197; x_wconf 81' lang='lat' dir='ltr'><strong>(Co/lat.</strong></span> <span class='ocrx_word' id='word_1_370' title='bbox 3174 1136 3228 1198; x_wconf 86' lang='lat'><strong>&#39;5,</strong></span> <span class='ocrx_word' id='word_1_371' title='bbox 3266 1152 3319 1187; x_wconf 80' lang='grc' dir='ltr'>η.</span> <span class='ocrx_word' id='word_1_372' title='bbox 3363 1135 3459 1196; x_wconf 69' lang='lat'><strong>2‘2)</strong></span> <span class='ocrx_word' id='word_1_373' title='bbox 3495 1154 3507 1186; x_wconf 85' lang='grc'>;</span> 
     </span>
    </p>
   </div>
   <div class='ocr_carea' id='block_1_53' title="bbox 1944 1201 3511 1269">
    <p class='ocr_par' dir='ltr' id='par_1_53' title="bbox 1944 1201 3511 1269">
     <span class='ocr_line' id='line_1_53' title="bbox 1944 1201 3511 1269; baseline 0.004 -18"><span class='ocrx_word' id='word_1_374' title='bbox 1944 1218 1963 1251; x_wconf 81' lang='grc' dir='ltr'><strong>ι</strong></span> <span class='ocrx_word' id='word_1_375' title='bbox 1993 1201 2100 1254; x_wconf 85' lang='lat' dir='ltr'><strong>Nos</strong></span> <span class='ocrx_word' id='word_1_376' title='bbox 2131 1202 2339 1263; x_wconf 89' lang='lat' dir='ltr'><strong>miseri,</strong></span> <span class='ocrx_word' id='word_1_377' title='bbox 2376 1204 2577 1261; x_wconf 85' lang='lat' dir='ltr'><strong>aiebat;</strong></span> <span class='ocrx_word' id='word_1_378' title='bbox 2612 1218 2718 1256; x_wconf 87' lang='lat' dir='ltr'><strong>non</strong></span> <span class='ocrx_word' id='word_1_379' title='bbox 2752 1219 2934 1257; x_wconf 83' lang='lat' dir='ltr'><strong>Sumus</strong></span> <span class='ocrx_word' id='word_1_380' title='bbox 2969 1204 3246 1269; x_wconf 75' lang='lat' dir='ltr'><strong>monachi,</strong></span> <span class='ocrx_word' id='word_1_381' title='bbox 3292 1217 3340 1257; x_wconf 92' lang='lat' dir='ltr'><strong>ul</strong></span> <span class='ocrx_word' id='word_1_382' title='bbox 3377 1205 3511 1259; x_wconf 87' lang='lat' dir='ltr'><strong>falso</strong></span> 
     </span>
    </p>
   </div>
   <div class='ocr_carea' id='block_1_54' title="bbox 1939 1273 3506 1344">
    <p class='ocr_par' dir='ltr' id='par_1_54' title="bbox 1939 1273 3506 1344">
     <span class='ocr_line' id='line_1_54' title="bbox 1939 1273 3506 1344; baseline 0.002 -21"><span class='ocrx_word' id='word_1_383' title='bbox 1939 1273 2307 1331; x_wconf 87' lang='lat' dir='ltr'><strong>nominamur:</strong></span> <span class='ocrx_word' id='word_1_384' title='bbox 2331 1277 2422 1327; x_wconf 80' lang='lat' dir='ltr'><strong>sed</strong></span> <span class='ocrx_word' id='word_1_385' title='bbox 2448 1275 2744 1339; x_wconf 69' lang='lat' dir='ltr'><strong>Sarabaitar,</strong></span> <span class='ocrx_word' id='word_1_386' title='bbox 2777 1276 2825 1327; x_wconf 89' lang='lat' dir='ltr'><strong>id</strong></span> <span class='ocrx_word' id='word_1_387' title='bbox 2850 1284 2930 1328; x_wconf 87' lang='lat' dir='ltr'><strong>est</strong></span> <span class='ocrx_word' id='word_1_388' title='bbox 2955 1277 3195 1335; x_wconf 69' lang='lat' dir='ltr'><strong>renuitaa,</strong></span> <span class='ocrx_word' id='word_1_389' title='bbox 3219 1276 3305 1341; x_wconf 91' lang='lat' dir='ltr'><strong>qui</strong></span> <span class='ocrx_word' id='word_1_390' title='bbox 3324 1276 3506 1344; x_wconf 87' lang='lat' dir='ltr'><strong>juguni</strong></span> 
     </span>
    </p>
   </div>
   <div class='ocr_carea' id='block_1_55' title="bbox 1937 1344 3513 1411">
    <p class='ocr_par' dir='ltr' id='par_1_55' title="bbox 1937 1344 3513 1411">
     <span class='ocr_line' id='line_1_55' title="bbox 1937 1344 3513 1411; baseline 0.003 -18"><span class='ocrx_word' id='word_1_391' title='bbox 1937 1344 2199 1409; x_wconf 72' lang='lat' dir='ltr'><strong>regulars</strong></span> <span class='ocrx_word' id='word_1_392' title='bbox 2239 1345 2531 1411; x_wconf 71' lang='lat' dir='ltr'><strong>disciplina:</strong></span> <span class='ocrx_word' id='word_1_393' title='bbox 2565 1348 2863 1408; x_wconf 77' lang='lat' dir='ltr'><strong>renuiiuiis;</strong></span> <span class='ocrx_word' id='word_1_394' title='bbox 2919 1366 2936 1395; x_wconf 74' lang='grc' dir='ltr'><strong>ι</strong></span> <span class='ocrx_word' id='word_1_395' title='bbox 2973 1358 3026 1399; x_wconf 92' lang='lat' dir='ltr'><strong>et</strong></span> <span class='ocrx_word' id='word_1_396' title='bbox 3059 1348 3358 1400; x_wconf 81' lang='lat' dir='ltr'><strong>Bernardus</strong></span> <span class='ocrx_word' id='word_1_397' title='bbox 3384 1356 3513 1399; x_wconf 74' lang='lat' dir='ltr'><strong>Las-</strong></span> 
     </span>
    </p>
   </div>
   <div class='ocr_carea' id='block_1_56' title="bbox 1934 1412 3509 1484">
    <p class='ocr_par' dir='ltr' id='par_1_56' title="bbox 1934 1412 3509 1484">
     <span class='ocr_line' id='line_1_56' title="bbox 1934 1412 3509 1484; baseline 0.003 -19"><span class='ocrx_word' id='word_1_398' title='bbox 1934 1412 2164 1468; x_wconf 86' lang='lat' dir='ltr'><strong>sinensis</strong></span> <span class='ocrx_word' id='word_1_399' title='bbox 2210 1431 2224 1469; x_wconf 91' lang='lat'>:</span> <span class='ocrx_word' id='word_1_400' title='bbox 2273 1434 2291 1466; x_wconf 82' lang='lat' dir='ltr'><strong>i</strong></span> <span class='ocrx_word' id='word_1_401' title='bbox 2324 1417 2615 1470; x_wconf 73' lang='lat' dir='ltr'><strong>Sarabaita:</strong></span> <span class='ocrx_word' id='word_1_402' title='bbox 2639 1418 2786 1483; x_wconf 88' lang='lat' dir='ltr'><strong>quasi</strong></span> <span class='ocrx_word' id='word_1_403' title='bbox 2818 1418 3039 1469; x_wconf 73' lang='lat' dir='ltr'><strong>renuitm</strong></span> <span class='ocrx_word' id='word_1_404' title='bbox 3067 1418 3337 1480; x_wconf 89' lang='lat' dir='ltr'><strong>dicuntur,</strong></span> <span class='ocrx_word' id='word_1_405' title='bbox 3377 1433 3509 1484; x_wconf 84' lang='lat' dir='ltr'><strong>quo-</strong></span> 
     </span>
    </p>
   </div>
   <div class='ocr_carea' id='block_1_57' title="bbox 1936 1485 3509 1555">
    <p class='ocr_par' dir='ltr' id='par_1_57' title="bbox 1936 1485 3509 1555">
     <span class='ocr_line' id='line_1_57' title="bbox 1936 1485 3509 1555; baseline 0.004 -20"><span class='ocrx_word' id='word_1_406' title='bbox 1936 1485 2078 1537; x_wconf 89' lang='lat' dir='ltr'><strong>niani</strong></span> <span class='ocrx_word' id='word_1_407' title='bbox 2131 1486 2355 1553; x_wconf 84' lang='lat' dir='ltr'><strong>gloriam</strong></span> <span class='ocrx_word' id='word_1_408' title='bbox 2390 1502 2626 1540; x_wconf 82' lang='lat' dir='ltr'><strong>sanetam</strong></span> <span class='ocrx_word' id='word_1_409' title='bbox 2667 1499 2978 1555; x_wconf 86' lang='lat' dir='ltr'><strong>respuentes</strong></span> <span class='ocrx_word' id='word_1_410' title='bbox 3008 1489 3236 1543; x_wconf 87' lang='lat' dir='ltr'><strong>militare</strong></span> <span class='ocrx_word' id='word_1_411' title='bbox 3282 1500 3509 1542; x_wconf 82' lang='lat' dir='ltr'><strong>renuunt</strong></span> 
     </span>
    </p>
   </div>
   <div class='ocr_carea' id='block_1_58' title="bbox 1934 1556 2355 1623">
    <p class='ocr_par' dir='ltr' id='par_1_58' title="bbox 1934 1556 2355 1623">
     <span class='ocr_line' id='line_1_58' title="bbox 1934 1556 2355 1623; baseline 0.005 -16"><span class='ocrx_word' id='word_1_412' title='bbox 1934 1556 2034 1609; x_wconf 85' lang='lat' dir='ltr'><strong>sub</strong></span> <span class='ocrx_word' id='word_1_413' title='bbox 2065 1567 2290 1623; x_wconf 87' lang='lat' dir='ltr'><strong>pastore.</strong></span> <span class='ocrx_word' id='word_1_414' title='bbox 2336 1577 2355 1609; x_wconf 75' lang='grc' dir='ltr'><strong>ι</strong></span> 
     </span>
    </p>
   </div>
   <div class='ocr_carea' id='block_1_59' title="bbox 2010 1625 3503 1699">
    <p class='ocr_par' dir='ltr' id='par_1_59' title="bbox 2010 1625 3503 1699">
     <span class='ocr_line' id='line_1_59' title="bbox 2010 1625 3503 1699; baseline 0.003 -22"><span class='ocrx_word' id='word_1_415' title='bbox 2010 1625 2115 1699; x_wconf 80' lang='lat' dir='ltr'><strong>Qui</strong></span> <span class='ocrx_word' id='word_1_416' title='bbox 2164 1628 2307 1680; x_wconf 82' lang='lat' dir='ltr'><strong>nulla</strong></span> <span class='ocrx_word' id='word_1_417' title='bbox 2334 1628 2508 1699; x_wconf 81' lang='lat' dir='ltr'><strong>regula</strong></span> <span class='ocrx_word' id='word_1_418' title='bbox 2546 1628 2859 1699; x_wconf 79' lang='lat' dir='ltr'><strong>approbati.]</strong></span> <span class='ocrx_word' id='word_1_419' title='bbox 2904 1628 2973 1683; x_wconf 90' lang='lat' dir='ltr'><strong>Ut</strong></span> <span class='ocrx_word' id='word_1_420' title='bbox 3004 1638 3123 1695; x_wconf 87' lang='lat' dir='ltr'><strong>pote</strong></span> <span class='ocrx_word' id='word_1_421' title='bbox 3172 1631 3259 1699; x_wconf 91' lang='lat' dir='ltr'><strong>qui</strong></span> <span class='ocrx_word' id='word_1_422' title='bbox 3307 1630 3503 1683; x_wconf 83' lang='lat' dir='ltr'><strong>nullam</strong></span> 
     </span>
    </p>
   </div>
   <div class='ocr_carea' id='block_1_60' title="bbox 1936 1698 3504 1770">
    <p class='ocr_par' dir='ltr' id='par_1_60' title="bbox 1936 1698 3504 1770">
     <span class='ocr_line' id='line_1_60' title="bbox 1936 1698 3504 1770; baseline 0.004 -23"><span class='ocrx_word' id='word_1_423' title='bbox 1936 1698 2251 1770; x_wconf 76' lang='lat' dir='ltr'><strong>approbant,</strong></span> <span class='ocrx_word' id='word_1_424' title='bbox 2281 1702 2371 1752; x_wconf 86' lang='lat' dir='ltr'><strong>sed</strong></span> <span class='ocrx_word' id='word_1_425' title='bbox 2406 1700 2578 1768; x_wconf 86' lang='lat' dir='ltr'><strong>potius</strong></span> <span class='ocrx_word' id='word_1_426' title='bbox 2609 1715 2676 1754; x_wconf 90' lang='lat' dir='ltr'><strong>ne</strong></span> <span class='ocrx_word' id='word_1_427' title='bbox 2702 1698 2989 1769; x_wconf 79' lang='lat' dir='ltr'><strong>arguantur</strong></span> <span class='ocrx_word' id='word_1_428' title='bbox 3017 1716 3135 1754; x_wconf 87' lang='lat' dir='ltr'><strong>eam</strong></span> <span class='ocrx_word' id='word_1_429' title='bbox 3169 1698 3373 1770; x_wconf 82' lang='lat' dir='ltr'><strong>fugiunt</strong></span> <span class='ocrx_word' id='word_1_430' title='bbox 3399 1745 3413 1767; x_wconf 93' lang='lat'><strong>,</strong></span> <span class='ocrx_word' id='word_1_431' title='bbox 3446 1712 3504 1753; x_wconf 90' lang='lat' dir='ltr'><strong>ut</strong></span> 
     </span>
    </p>
   </div>
   <div class='ocr_carea' id='block_1_61' title="bbox 1936 1768 2397 1822">
    <p class='ocr_par' dir='ltr' id='par_1_61' title="bbox 1936 1768 2397 1822">
     <span class='ocr_line' id='line_1_61' title="bbox 1936 1768 2397 1822; baseline 0.011 -5"><span class='ocrx_word' id='word_1_432' title='bbox 1936 1768 2091 1819; x_wconf 78' lang='lat' dir='ltr'><strong>tradit</strong></span> <span class='ocrx_word' id='word_1_433' title='bbox 2125 1770 2397 1822; x_wconf 83' lang='lat' dir='ltr'><strong>Bolieriiis.</strong></span> 
     </span>
    </p>
   </div>
   <div class='ocr_carea' id='block_1_62' title="bbox 2008 1835 3506 1912">
    <p class='ocr_par' dir='ltr' id='par_1_62' title="bbox 2008 1835 3506 1912">
     <span class='ocr_line' id='line_1_62' title="bbox 2008 1835 3506 1912; baseline 0.003 -23"><span class='ocrx_word' id='word_1_434' title='bbox 2008 1835 2331 1912; x_wconf 64' lang='lat' dir='ltr'><strong>Experiendo</strong></span> <span class='ocrx_word' id='word_1_435' title='bbox 2380 1840 2654 1912; x_wconf 54' lang='lat' dir='ltr'><strong>magistri]</strong></span> <span class='ocrx_word' id='word_1_436' title='bbox 2706 1842 2837 1895; x_wconf 83' lang='lat' dir='ltr'><strong>Nam</strong></span> <span class='ocrx_word' id='word_1_437' title='bbox 2895 1850 2947 1894; x_wconf 91' lang='lat' dir='ltr'><strong>et</strong></span> <span class='ocrx_word' id='word_1_438' title='bbox 3002 1842 3098 1910; x_wconf 90' lang='lat' dir='ltr'><strong>ipsi</strong></span> <span class='ocrx_word' id='word_1_439' title='bbox 3122 1842 3252 1895; x_wconf 82' lang='lat' dir='ltr'><strong>’sine</strong></span> <span class='ocrx_word' id='word_1_440' title='bbox 3293 1851 3506 1909; x_wconf 80' lang='lat' dir='ltr'><strong>pastore</strong></span> 
     </span>
    </p>
   </div>
   <div class='ocr_carea' id='block_1_63' title="bbox 1934 1908 3501 1981">
    <p class='ocr_par' dir='ltr' id='par_1_63' title="bbox 1934 1908 3501 1981">
     <span class='ocr_line' id='line_1_63' title="bbox 1934 1908 3501 1981; baseline 0.002 -21"><span class='ocrx_word' id='word_1_441' title='bbox 1934 1908 2139 1981; x_wconf 81' lang='lat' dir='ltr'><strong>vivunt,</strong></span> <span class='ocrx_word' id='word_1_442' title='bbox 2176 1911 2226 1962; x_wconf 93' lang='lat' dir='ltr'><strong>in</strong></span> <span class='ocrx_word' id='word_1_443' title='bbox 2257 1928 2361 1976; x_wconf 89' lang='lat' dir='ltr'><strong>quo</strong></span> <span class='ocrx_word' id='word_1_444' title='bbox 2392 1908 2603 1966; x_wconf 83' lang='lat' dir='ltr'><strong>omnem</strong></span> <span class='ocrx_word' id='word_1_445' title='bbox 2631 1908 3048 1971; x_wconf 56' lang='lat' dir='ltr'><strong>emnobitarum,</strong></span> <span class='ocrx_word' id='word_1_446' title='bbox 3081 1914 3170 1981; x_wconf 85' lang='lat' dir='ltr'><strong>qui</strong></span> <span class='ocrx_word' id='word_1_447' title='bbox 3197 1908 3301 1964; x_wconf 86' lang='lat' dir='ltr'><strong>sub</strong></span> <span class='ocrx_word' id='word_1_448' title='bbox 3328 1914 3501 1977; x_wconf 79' lang='lat' dir='ltr'><strong>regula</strong></span> 
     </span>
    </p>
   </div>
   <div class='ocr_carea' id='block_1_64' title="bbox 1934 1980 3499 2053">
    <p class='ocr_par' dir='ltr' id='par_1_64' title="bbox 1934 1980 3499 2053">
     <span class='ocr_line' id='line_1_64' title="bbox 1934 1980 3499 2053; baseline 0.001 -21"><span class='ocrx_word' id='word_1_449' title='bbox 1934 1987 1989 2032; x_wconf 89' lang='lat' dir='ltr'><strong>et</strong></span> <span class='ocrx_word' id='word_1_450' title='bbox 2016 1980 2206 2053; x_wconf 74' lang='lat' dir='ltr'><strong>abbate</strong></span> <span class='ocrx_word' id='word_1_451' title='bbox 2254 1982 2513 2045; x_wconf 89' lang='lat' dir='ltr'><strong>militant,</strong></span> <span class='ocrx_word' id='word_1_452' title='bbox 2546 1984 2875 2053; x_wconf 83' lang='lat' dir='ltr'><strong>disciplinain</strong></span> <span class='ocrx_word' id='word_1_453' title='bbox 2916 1980 3148 2052; x_wconf 84' lang='lat' dir='ltr'><strong>abjicere</strong></span> <span class='ocrx_word' id='word_1_454' title='bbox 3193 1993 3499 2045; x_wconf 63' lang='grc' dir='ltr'>ιιιιεοιιιιιιινς</span> 
     </span>
    </p>
   </div>
   <div class='ocr_carea' id='block_1_65' title="bbox 1935 2051 3501 2122">
    <p class='ocr_par' dir='ltr' id='par_1_65' title="bbox 1935 2051 3501 2122">
     <span class='ocr_line' id='line_1_65' title="bbox 1935 2051 3501 2122; baseline 0.004 -21"><span class='ocrx_word' id='word_1_455' title='bbox 1935 2052 2074 2122; x_wconf 86' lang='lat' dir='ltr'><strong>unde</strong></span> <span class='ocrx_word' id='word_1_456' title='bbox 2107 2051 2391 2107; x_wconf 66' lang='lat' dir='ltr'><strong>C(hSiHIIIIS</strong></span> <span class='ocrx_word' id='word_1_457' title='bbox 2439 2070 2621 2108; x_wconf 90' lang='lat' dir='ltr'><strong>eorum</strong></span> <span class='ocrx_word' id='word_1_458' title='bbox 2669 2051 2845 2109; x_wconf 86' lang='lat' dir='ltr'><strong>mores</strong></span> <span class='ocrx_word' id='word_1_459' title='bbox 2882 2051 3121 2122; x_wconf 84' lang='lat' dir='ltr'><strong>apprime</strong></span> <span class='ocrx_word' id='word_1_460' title='bbox 3150 2055 3501 2107; x_wconf 69' lang='lat' dir='ltr'><strong>describens:</strong></span> 
     </span>
    </p>
   </div>
   <div class='ocr_carea' id='block_1_66' title="bbox 1939 2120 3504 2194">
    <p class='ocr_par' dir='ltr' id='par_1_66' title="bbox 1939 2120 3504 2194">
     <span class='ocr_line' id='line_1_66' title="bbox 1939 2120 3504 2194; baseline 0 -19"><span class='ocrx_word' id='word_1_461' title='bbox 1939 2120 2404 2194; x_wconf 68' lang='lat' dir='ltr'><strong>I__C(ntiobi0rttiti,</strong></span> <span class='ocrx_word' id='word_1_462' title='bbox 2466 2128 2663 2192; x_wconf 87' lang='lat' dir='ltr'><strong>inquit,</strong></span> <span class='ocrx_word' id='word_1_463' title='bbox 2713 2120 3011 2178; x_wconf 73' lang='lat' dir='ltr'><strong>nullatenus</strong></span> <span class='ocrx_word' id='word_1_464' title='bbox 3052 2133 3307 2194; x_wconf 58' lang='lat' dir='ltr'><strong>expetunt</strong></span> <span class='ocrx_word' id='word_1_465' title='bbox 3343 2126 3504 2177; x_wconf 71' lang='grc' dir='ltr'><strong>ἀιδίοι-</strong></span> 
     </span>
    </p>
   </div>
   <div class='ocr_carea' id='block_1_67' title="bbox 1935 2191 3499 2259">
    <p class='ocr_par' dir='ltr' id='par_1_67' title="bbox 1935 2191 3499 2259">
     <span class='ocr_line' id='line_1_67' title="bbox 1935 2191 3499 2259; baseline 0.003 -16"><span class='ocrx_word' id='word_1_466' title='bbox 1935 2191 2152 2257; x_wconf 86' lang='lat' dir='ltr'><strong>plinam,</strong></span> <span class='ocrx_word' id='word_1_467' title='bbox 2182 2210 2278 2248; x_wconf 88' lang='lat' dir='ltr'><strong>nec</strong></span> <span class='ocrx_word' id='word_1_468' title='bbox 2305 2191 2572 2248; x_wconf 85' lang='lat' dir='ltr'><strong>seniorum</strong></span> <span class='ocrx_word' id='word_1_469' title='bbox 2599 2197 2896 2250; x_wconf 79' lang='lat' dir='ltr'><strong>subdantur</strong></span> <span class='ocrx_word' id='word_1_470' title='bbox 2926 2191 3165 2259; x_wconf 84' lang='lat' dir='ltr'><strong>arbitrio,</strong></span> <span class='ocrx_word' id='word_1_471' title='bbox 3197 2209 3283 2248; x_wconf 90' lang='lat' dir='ltr'><strong>aut</strong></span> <span class='ocrx_word' id='word_1_472' title='bbox 3312 2210 3499 2248; x_wconf 89' lang='lat' dir='ltr'><strong>eorum</strong></span> 
     </span>
    </p>
   </div>
   <div class='ocr_carea' id='block_1_68' title="bbox 1935 2263 3497 2327">
    <p class='ocr_par' dir='ltr' id='par_1_68' title="bbox 1935 2263 3497 2327">
     <span class='ocr_line' id='line_1_68' title="bbox 1935 2263 3497 2327; baseline 0.002 -14"><span class='ocrx_word' id='word_1_473' title='bbox 1935 2263 2305 2318; x_wconf 86' lang='lat' dir='ltr'><strong>traditionibus</strong></span> <span class='ocrx_word' id='word_1_474' title='bbox 2326 2268 2543 2319; x_wconf 85' lang='lat' dir='ltr'><strong>instituti</strong></span> <span class='ocrx_word' id='word_1_475' title='bbox 2570 2283 2693 2320; x_wconf 84' lang='lat' dir='ltr'><strong>suas</strong></span> <span class='ocrx_word' id='word_1_476' title='bbox 2716 2269 2922 2319; x_wconf 70' lang='lat' dir='ltr'><strong>discunt</strong></span> <span class='ocrx_word' id='word_1_477' title='bbox 2946 2271 3154 2320; x_wconf 84' lang='lat' dir='ltr'><strong>vincere</strong></span> <span class='ocrx_word' id='word_1_478' title='bbox 3180 2268 3497 2327; x_wconf 86' lang='lat' dir='ltr'><strong>voluntates,</strong></span> 
     </span>
    </p>
   </div>
   <div class='ocr_carea' id='block_1_69' title="bbox 1935 2336 3502 2412">
    <p class='ocr_par' dir='ltr' id='par_1_69' title="bbox 1935 2336 3502 2412">
     <span class='ocr_line' id='line_1_69' title="bbox 1935 2336 3502 2412; baseline 0.001 -30"><span class='ocrx_word' id='word_1_479' title='bbox 1935 2347 2033 2412; x_wconf 80' lang='lat' dir='ltr'><strong>nec</strong></span> <span class='ocrx_word' id='word_1_480' title='bbox 2062 2336 2395 2412; x_wconf 71' lang='lat' dir='ltr'><strong>ullamsanie</strong></span> <span class='ocrx_word' id='word_1_481' title='bbox 2423 2338 2758 2391; x_wconf 84' lang='lat' dir='ltr'><strong>discretionis</strong></span> <span class='ocrx_word' id='word_1_482' title='bbox 2787 2339 3019 2408; x_wconf 75' lang='lat' dir='ltr'><strong>regulam</strong></span> <span class='ocrx_word' id='word_1_483' title='bbox 3055 2340 3284 2408; x_wconf 84' lang='lat' dir='ltr'><strong>legitima</strong></span> <span class='ocrx_word' id='word_1_484' title='bbox 3322 2336 3502 2389; x_wconf 82' lang='lat' dir='ltr'><strong>erodi-</strong></span> 
     </span>
    </p>
   </div>
   <div class='ocr_carea' id='block_1_70' title="bbox 1932 2407 2473 2474">
    <p class='ocr_par' dir='ltr' id='par_1_70' title="bbox 1932 2407 2473 2474">
     <span class='ocr_line' id='line_1_70' title="bbox 1932 2407 2473 2474; baseline 0.011 -19"><span class='ocrx_word' id='word_1_485' title='bbox 1932 2407 2074 2455; x_wconf 78' lang='lat' dir='ltr'><strong>tione</strong></span> <span class='ocrx_word' id='word_1_486' title='bbox 2105 2407 2414 2474; x_wconf 64' lang='lat' dir='ltr'><strong>SUrCipiUlit.</strong></span> <span class='ocrx_word' id='word_1_487' title='bbox 2457 2428 2473 2460; x_wconf 78' lang='grc' dir='ltr'><strong>ι</strong></span> 
     </span>
    </p>
   </div>
   <div class='ocr_carea' id='block_1_71' title="bbox 2012 2474 3499 2550">
    <p class='ocr_par' dir='ltr' id='par_1_71' title="bbox 2012 2474 3499 2550">
     <span class='ocr_line' id='line_1_71' title="bbox 2012 2474 3499 2550; baseline 0.003 -25"><span class='ocrx_word' id='word_1_488' title='bbox 2012 2474 2156 2550; x_wconf 73' lang='lat' dir='ltr'><strong>Velut</strong></span> <span class='ocrx_word' id='word_1_489' title='bbox 2187 2494 2368 2529; x_wconf 83' lang='lat' dir='ltr'><strong>aurum</strong></span> <span class='ocrx_word' id='word_1_490' title='bbox 2422 2477 2690 2550; x_wconf 39' lang='lat' dir='ltr'><strong>[ortinam]</strong></span> <span class='ocrx_word' id='word_1_491' title='bbox 2735 2479 2785 2532; x_wconf 90' lang='lat' dir='ltr'><strong>id</strong></span> <span class='ocrx_word' id='word_1_492' title='bbox 2826 2488 2903 2531; x_wconf 81' lang='lat' dir='ltr'><strong>est</strong></span> <span class='ocrx_word' id='word_1_493' title='bbox 2940 2478 3277 2550; x_wconf 81' lang='lat' dir='ltr'><strong>monasterii,</strong></span> <span class='ocrx_word' id='word_1_494' title='bbox 3313 2478 3364 2530; x_wconf 90' lang='lat' dir='ltr'><strong>in</strong></span> <span class='ocrx_word' id='word_1_495' title='bbox 3393 2492 3499 2547; x_wconf 86' lang='lat' dir='ltr'><strong>quc</strong></span> 
     </span>
    </p>
   </div>
   <div class='ocr_carea' id='block_1_72' title="bbox 1929 2547 3499 2618">
    <p class='ocr_par' dir='ltr' id='par_1_72' title="bbox 1929 2547 3499 2618">
     <span class='ocr_line' id='line_1_72' title="bbox 1929 2547 3499 2618; baseline 0.003 -22"><span class='ocrx_word' id='word_1_496' title='bbox 1929 2547 2212 2618; x_wconf 66' lang='lat' dir='ltr'><strong>eoenobitm</strong></span> <span class='ocrx_word' id='word_1_497' title='bbox 2251 2550 2368 2617; x_wconf 86' lang='lat' dir='ltr'><strong>igne</strong></span> <span class='ocrx_word' id='word_1_498' title='bbox 2398 2547 2747 2603; x_wconf 60' lang='lat' dir='ltr'><strong>observan-iiii</strong></span> <span class='ocrx_word' id='word_1_499' title='bbox 2776 2551 3031 2618; x_wconf 82' lang='lat' dir='ltr'><strong>regularis</strong></span> <span class='ocrx_word' id='word_1_500' title='bbox 3072 2549 3381 2617; x_wconf 83' lang='lat' dir='ltr'><strong>probantur,</strong></span> <span class='ocrx_word' id='word_1_501' title='bbox 3442 2557 3499 2601; x_wconf 83' lang='lat' dir='ltr'><strong>ut</strong></span> 
     </span>
    </p>
   </div>
   <div class='ocr_carea' id='block_1_73' title="bbox 1928 2616 2591 2682">
    <p class='ocr_par' dir='ltr' id='par_1_73' title="bbox 1928 2616 2591 2682">
     <span class='ocr_line' id='line_1_73' title="bbox 1928 2616 2591 2682; baseline 0.002 -14"><span class='ocrx_word' id='word_1_502' title='bbox 1928 2616 2052 2669; x_wconf 90' lang='lat' dir='ltr'><strong>inde</strong></span> <span class='ocrx_word' id='word_1_503' title='bbox 2085 2616 2322 2682; x_wconf 80' lang='lat' dir='ltr'><strong>puriores</strong></span> <span class='ocrx_word' id='word_1_504' title='bbox 2352 2621 2591 2672; x_wconf 76' lang='lat' dir='ltr'><strong>evadant.</strong></span> 
     </span>
    </p>
   </div>
   <div class='ocr_carea' id='block_1_74' title="bbox 1940 2688 3499 2761">
    <p class='ocr_par' dir='ltr' id='par_1_74' title="bbox 1940 2688 3499 2761">
     <span class='ocr_line' id='line_1_74' title="bbox 1940 2688 3499 2761; baseline 0.001 -21"><span class='ocrx_word' id='word_1_505' title='bbox 1940 2690 1970 2761; x_wconf 45' lang='lat'><strong>‘_</strong></span> <span class='ocrx_word' id='word_1_506' title='bbox 2002 2688 2106 2761; x_wconf 70' lang='lat' dir='ltr'><strong>sed</strong></span> <span class='ocrx_word' id='word_1_507' title='bbox 2134 2689 2186 2740; x_wconf 81' lang='lat' dir='ltr'><strong>in</strong></span> <span class='ocrx_word' id='word_1_508' title='bbox 2226 2693 2414 2754; x_wconf 79' lang='lat' dir='ltr'><strong>plumbi</strong></span> <span class='ocrx_word' id='word_1_509' title='bbox 2450 2702 2629 2742; x_wconf 78' lang='lat' dir='ltr'><strong>natura</strong></span> <span class='ocrx_word' id='word_1_510' title='bbox 2658 2689 2887 2761; x_wconf 54' lang='lat' dir='ltr'><strong>molliti]</strong></span> <span class='ocrx_word' id='word_1_511' title='bbox 2932 2690 3234 2745; x_wconf 66' lang='lat' dir='ltr'><strong>Sarabaitas</strong></span> <span class='ocrx_word' id='word_1_512' title='bbox 3284 2690 3499 2757; x_wconf 83' lang='lat' dir='ltr'><strong>plumbo</strong></span> 
     </span>
    </p>
   </div>
   <div class='ocr_carea' id='block_1_75' title="bbox 1928 2757 3498 2831">
    <p class='ocr_par' dir='ltr' id='par_1_75' title="bbox 1928 2757 3498 2831">
     <span class='ocr_line' id='line_1_75' title="bbox 1928 2757 3498 2831; baseline 0.002 -21"><span class='ocrx_word' id='word_1_513' title='bbox 1928 2757 2131 2831; x_wconf 88' lang='lat' dir='ltr'><strong>similes</strong></span> <span class='ocrx_word' id='word_1_514' title='bbox 2156 2760 2296 2820; x_wconf 84' lang='lat' dir='ltr'><strong>facit,</strong></span> <span class='ocrx_word' id='word_1_515' title='bbox 2320 2764 2458 2826; x_wconf 89' lang='lat' dir='ltr'><strong>quod</strong></span> <span class='ocrx_word' id='word_1_516' title='bbox 2487 2764 2803 2829; x_wconf 72' lang='lat' dir='ltr'><strong>applicatum</strong></span> <span class='ocrx_word' id='word_1_517' title='bbox 2841 2757 2944 2831; x_wconf 80' lang='lat' dir='ltr'><strong>igni</strong></span> <span class='ocrx_word' id='word_1_518' title='bbox 2987 2779 3086 2813; x_wconf 87' lang='lat' dir='ltr'><strong>non</strong></span> <span class='ocrx_word' id='word_1_519' title='bbox 3122 2763 3278 2823; x_wconf 77' lang='lat' dir='ltr'><strong>modo</strong></span> <span class='ocrx_word' id='word_1_520' title='bbox 3311 2762 3498 2813; x_wconf 84' lang='lat' dir='ltr'><strong>molle-</strong></span> 
     </span>
    </p>
   </div>
   <div class='ocr_carea' id='block_1_76' title="bbox 1929 2830 3494 2902">
    <p class='ocr_par' dir='ltr' id='par_1_76' title="bbox 1929 2830 3494 2902">
     <span class='ocr_line' id='line_1_76' title="bbox 1929 2830 3494 2902; baseline 0.001 -22"><span class='ocrx_word' id='word_1_521' title='bbox 1929 2830 2053 2902; x_wconf 80' lang='lat' dir='ltr'><strong>seit,</strong></span> <span class='ocrx_word' id='word_1_522' title='bbox 2078 2831 2170 2883; x_wconf 83' lang='lat' dir='ltr'><strong>sed</strong></span> <span class='ocrx_word' id='word_1_523' title='bbox 2196 2839 2249 2883; x_wconf 87' lang='lat' dir='ltr'><strong>et</strong></span> <span class='ocrx_word' id='word_1_524' title='bbox 2276 2843 2439 2884; x_wconf 91' lang='lat' dir='ltr'><strong>totum</strong></span> <span class='ocrx_word' id='word_1_525' title='bbox 2465 2836 2660 2894; x_wconf 89' lang='lat' dir='ltr'><strong>elllnit;</strong></span> <span class='ocrx_word' id='word_1_526' title='bbox 2681 2835 2799 2902; x_wconf 88' lang='lat' dir='ltr'><strong>quia</strong></span> <span class='ocrx_word' id='word_1_527' title='bbox 2826 2830 2977 2885; x_wconf 88' lang='lat' dir='ltr'><strong>simul</strong></span> <span class='ocrx_word' id='word_1_528' title='bbox 3012 2848 3071 2884; x_wconf 82' lang='lat' dir='ltr'><strong>ac</strong></span> <span class='ocrx_word' id='word_1_529' title='bbox 3097 2834 3174 2884; x_wconf 86' lang='lat' dir='ltr'><strong>vel</strong></span> <span class='ocrx_word' id='word_1_530' title='bbox 3203 2847 3374 2899; x_wconf 69' lang='lat' dir='ltr'><strong>parvae</strong></span> <span class='ocrx_word' id='word_1_531' title='bbox 3396 2832 3494 2883; x_wconf 87' lang='lat' dir='ltr'><strong>dif-</strong></span> 
     </span>
    </p>
   </div>
   <div class='ocr_carea' id='block_1_77' title="bbox 1930 2898 3497 2968">
    <p class='ocr_par' dir='ltr' id='par_1_77' title="bbox 1930 2898 3497 2968">
     <span class='ocr_line' id='line_1_77' title="bbox 1930 2898 3497 2968; baseline 0.003 -18"><span class='ocrx_word' id='word_1_532' title='bbox 1930 2898 2177 2951; x_wconf 79' lang='lat' dir='ltr'><strong>ﬁcultatis</strong></span> <span class='ocrx_word' id='word_1_533' title='bbox 2214 2901 2388 2968; x_wconf 87' lang='lat' dir='ltr'><strong>ignem</strong></span> <span class='ocrx_word' id='word_1_534' title='bbox 2419 2898 2929 2967; x_wconf 49' lang='lat' dir='ltr'><strong>sentiunt,&#39;omiiiu/i</strong></span> <span class='ocrx_word' id='word_1_535' title='bbox 2962 2898 3316 2961; x_wconf 44' lang='lat' dir='ltr'><strong>resolvuntur,</strong></span> <span class='ocrx_word' id='word_1_536' title='bbox 3348 2913 3402 2954; x_wconf 88' lang='lat' dir='ltr'><strong>et</strong></span> <span class='ocrx_word' id='word_1_537' title='bbox 3445 2906 3497 2954; x_wconf 90' lang='lat' dir='ltr'><strong>iu</strong></span> 
     </span>
    </p>
   </div>
   <div class='ocr_carea' id='block_1_78' title="bbox 1929 2971 3498 3043">
    <p class='ocr_par' dir='ltr' id='par_1_78' title="bbox 1929 2971 3498 3043">
     <span class='ocr_line' id='line_1_78' title="bbox 1929 2971 3498 3043; baseline 0.004 -24"><span class='ocrx_word' id='word_1_538' title='bbox 1929 2984 2091 3043; x_wconf 83' lang='lat' dir='ltr'><strong>vanas</strong></span> <span class='ocrx_word' id='word_1_539' title='bbox 2116 2971 2669 3043; x_wconf 83' lang='lat' dir='ltr'><strong>ellluuntvoluptates,</strong></span> <span class='ocrx_word' id='word_1_540' title='bbox 2690 2977 2827 3029; x_wconf 89' lang='lat' dir='ltr'><strong>unde</strong></span> <span class='ocrx_word' id='word_1_541' title='bbox 2851 2985 2903 3027; x_wconf 86' lang='lat' dir='ltr'><strong>et</strong></span> <span class='ocrx_word' id='word_1_542' title='bbox 2932 2989 3027 3043; x_wconf 82' lang='lat' dir='ltr'><strong>pio</strong></span> <span class='ocrx_word' id='word_1_543' title='bbox 3059 2976 3171 3042; x_wconf 87' lang='lat' dir='ltr'><strong>lege</strong></span> <span class='ocrx_word' id='word_1_544' title='bbox 3195 2972 3271 3025; x_wconf 54' lang='lat' dir='ltr'><strong>eis</strong></span> <span class='ocrx_word' id='word_1_545' title='bbox 3298 2982 3380 3025; x_wconf 88' lang='lat' dir='ltr'><strong>est</strong></span> <span class='ocrx_word' id='word_1_546' title='bbox 3404 2972 3498 3025; x_wconf 88' lang='lat' dir='ltr'><strong>de-</strong></span> 
     </span>
    </p>
   </div>
   <div class='ocr_carea' id='block_1_79' title="bbox 1927 3041 2543 3111">
    <p class='ocr_par' dir='ltr' id='par_1_79' title="bbox 1927 3041 2543 3111">
     <span class='ocr_line' id='line_1_79' title="bbox 1927 3041 2543 3111; baseline 0.008 -17"><span class='ocrx_word' id='word_1_547' title='bbox 1927 3041 2248 3096; x_wconf 80' lang='lat' dir='ltr'><strong>sideriorum</strong></span> <span class='ocrx_word' id='word_1_548' title='bbox 2281 3041 2543 3111; x_wconf 75' lang='lat' dir='ltr'><strong>voluptas.</strong></span> 
     </span>
    </p>
   </div>
   <div class='ocr_carea' id='block_1_80' title="bbox 1998 3112 3494 3182">
    <p class='ocr_par' dir='ltr' id='par_1_80' title="bbox 1998 3112 3494 3182">
     <span class='ocr_line' id='line_1_80' title="bbox 1998 3112 3494 3182; baseline 0.001 -19"><span class='ocrx_word' id='word_1_549' title='bbox 1998 3112 2182 3165; x_wconf 84' lang='lat' dir='ltr'><strong>Adliuc</strong></span> <span class='ocrx_word' id='word_1_550' title='bbox 2210 3114 2444 3177; x_wconf 80' lang='lat' dir='ltr'><strong>operibus</strong></span> <span class='ocrx_word' id='word_1_551' title='bbox 2478 3126 2725 3169; x_wconf 74' lang='lat' dir='ltr'><strong>servantes</strong></span> <span class='ocrx_word' id='word_1_552' title='bbox 2766 3119 2952 3169; x_wconf 64' lang='lat' dir='ltr'><strong>circulo</strong></span> <span class='ocrx_word' id='word_1_553' title='bbox 2994 3113 3191 3182; x_wconf 74' lang='lat' dir='ltr'><strong>ﬁdem]</strong></span> <span class='ocrx_word' id='word_1_554' title='bbox 3230 3114 3396 3179; x_wconf 85' lang='lat' dir='ltr'><strong>Quem</strong></span> <span class='ocrx_word' id='word_1_555' title='bbox 3442 3114 3494 3165; x_wconf 91' lang='lat' dir='ltr'><strong>in</strong></span> 
     </span>
    </p>
   </div>
   <div class='ocr_carea' id='block_1_81' title="bbox 251 3182 3495 3256">
    <p class='ocr_par' dir='ltr' id='par_1_81' title="bbox 251 3182 3495 3256">
     <span class='ocr_line' id='line_1_81' title="bbox 251 3182 3495 3256; baseline 0 -19"><span class='ocrx_word' id='word_1_556' title='bbox 251 3182 561 3240; x_wconf 47' lang='lat' dir='ltr'><strong>arctioreiii&#39;</strong></span> <span class='ocrx_word' id='word_1_557' title='bbox 593 3182 957 3255; x_wconf 70' lang='lat' dir='ltr'><strong>reniouimqne</strong></span> <span class='ocrx_word' id='word_1_558' title='bbox 980 3182 1225 3255; x_wconf 80' lang='lat' dir='ltr'><strong>arripere</strong></span> <span class='ocrx_word' id='word_1_559' title='bbox 1256 3189 1464 3243; x_wconf 83' lang='lat' dir='ltr'><strong>vivendi</strong></span> <span class='ocrx_word' id='word_1_560' title='bbox 1488 3182 1815 3253; x_wconf 46' lang='lat' dir='ltr'><strong>&#39;l&#39;ormiilani,</strong></span> <span class='ocrx_word' id='word_1_561' title='bbox 1851 3188 1896 3251; x_wconf 84' lang='lat' dir='ltr'>C</span> <span class='ocrx_word' id='word_1_562' title='bbox 1929 3182 2103 3238; x_wconf 81' lang='lat' dir='ltr'><strong>locum</strong></span> <span class='ocrx_word' id='word_1_563' title='bbox 2132 3187 2457 3256; x_wconf 76' lang='lat' dir='ltr'><strong>Smaragdus</strong></span> <span class='ocrx_word' id='word_1_564' title='bbox 2487 3207 2500 3241; x_wconf 85' lang='grc'>;</span> <span class='ocrx_word' id='word_1_565' title='bbox 2538 3207 2555 3238; x_wconf 83' lang='grc' dir='ltr'><strong>ι</strong></span> <span class='ocrx_word' id='word_1_566' title='bbox 2590 3187 2724 3254; x_wconf 83' lang='lat' dir='ltr'><strong>Quid</strong></span> <span class='ocrx_word' id='word_1_567' title='bbox 2751 3199 2831 3241; x_wconf 72' lang='lat' dir='ltr'><strong>est</strong></span> <span class='ocrx_word' id='word_1_568' title='bbox 2860 3190 2999 3239; x_wconf 84' lang='lat' dir='ltr'><strong>enim</strong></span> <span class='ocrx_word' id='word_1_569' title='bbox 3037 3187 3211 3237; x_wconf 87' lang='lat' dir='ltr'><strong>adhuc</strong></span> <span class='ocrx_word' id='word_1_570' title='bbox 3232 3186 3495 3256; x_wconf 83' lang='lat' dir='ltr'><strong>operibus</strong></span> 
     </span>
    </p>
   </div>
   <div class='ocr_carea' id='block_1_82' title="bbox 250 3260 1820 3328">
    <p class='ocr_par' dir='ltr' id='par_1_82' title="bbox 250 3260 1820 3328">
     <span class='ocr_line' id='line_1_82' title="bbox 250 3260 1820 3328; baseline 0.001 -18"><span class='ocrx_word' id='word_1_571' title='bbox 250 3275 374 3310; x_wconf 84' lang='lat' dir='ltr'><strong>cuin</strong></span> <span class='ocrx_word' id='word_1_572' title='bbox 407 3276 598 3328; x_wconf 81' lang='lat' dir='ltr'><strong>magna</strong></span> <span class='ocrx_word' id='word_1_573' title='bbox 631 3260 924 3312; x_wconf 88' lang='lat' dir='ltr'><strong>humilitate</strong></span> <span class='ocrx_word' id='word_1_574' title='bbox 945 3263 1184 3327; x_wconf 74' lang='lat' dir='ltr'><strong>expetiit,</strong></span> <span class='ocrx_word' id='word_1_575' title='bbox 1220 3269 1275 3310; x_wconf 94' lang='lat' dir='ltr'><strong>ut</strong></span> <span class='ocrx_word' id='word_1_576' title='bbox 1309 3260 1410 3312; x_wconf 83' lang='lat' dir='ltr'><strong>Sibi</strong></span> <span class='ocrx_word' id='word_1_577' title='bbox 1438 3262 1620 3312; x_wconf 88' lang='lat' dir='ltr'><strong>liceret</strong></span> <span class='ocrx_word' id='word_1_578' title='bbox 1647 3275 1820 3314; x_wconf 83' lang='lat' dir='ltr'><strong>remo-</strong></span> 
     </span>
    </p>
   </div>
   <div class='ocr_carea' id='block_1_83' title="bbox 253 3330 1819 3400">
    <p class='ocr_par' dir='ltr' id='par_1_83' title="bbox 253 3330 1819 3400">
     <span class='ocr_line' id='line_1_83' title="bbox 253 3330 1819 3400; baseline 0.003 -20"><span class='ocrx_word' id='word_1_579' title='bbox 253 3340 363 3381; x_wconf 91' lang='lat' dir='ltr'><strong>tum</strong></span> <span class='ocrx_word' id='word_1_580' title='bbox 411 3340 469 3383; x_wconf 88' lang='lat' dir='ltr'><strong>et</strong></span> <span class='ocrx_word' id='word_1_581' title='bbox 508 3332 744 3397; x_wconf 83' lang='lat' dir='ltr'><strong>quietum</strong></span> <span class='ocrx_word' id='word_1_582' title='bbox 800 3331 972 3384; x_wconf 89' lang='lat' dir='ltr'><strong>locum</strong></span> <span class='ocrx_word' id='word_1_583' title='bbox 1013 3331 1406 3397; x_wconf 66' lang='lat' dir='ltr'><strong>prrqiiirerc....</strong></span> <span class='ocrx_word' id='word_1_584' title='bbox 1444 3330 1639 3397; x_wconf 82' lang='lat' dir='ltr'><strong>quique</strong></span> <span class='ocrx_word' id='word_1_585' title='bbox 1679 3333 1819 3400; x_wconf 77' lang='lat' dir='ltr'><strong>quod</strong></span> 
     </span>
    </p>
   </div>
   <div class='ocr_carea' id='block_1_84' title="bbox 250 3401 1821 3469">
    <p class='ocr_par' dir='ltr' id='par_1_84' title="bbox 250 3401 1821 3469">
     <span class='ocr_line' id='line_1_84' title="bbox 250 3401 1821 3469; baseline 0.004 -20"><span class='ocrx_word' id='word_1_586' title='bbox 250 3403 443 3454; x_wconf 80' lang='lat' dir='ltr'><strong>devote</strong></span> <span class='ocrx_word' id='word_1_587' title='bbox 476 3402 715 3469; x_wconf 74' lang='lat' dir='ltr'><strong>expetiit,</strong></span> <span class='ocrx_word' id='word_1_588' title='bbox 755 3402 979 3469; x_wconf 74' lang='lat' dir='ltr'><strong>gratuita</strong></span> <span class='ocrx_word' id='word_1_589' title='bbox 1025 3401 1245 3454; x_wconf 73' lang='lat' dir='ltr'><strong>fratrum</strong></span> <span class='ocrx_word' id='word_1_590' title='bbox 1288 3401 1585 3467; x_wconf 84' lang='lat' dir='ltr'><strong>benignitas</strong></span> <span class='ocrx_word' id='word_1_591' title='bbox 1611 3402 1656 3454; x_wconf 84' lang='lat' dir='ltr'><strong>ei</strong></span> <span class='ocrx_word' id='word_1_592' title='bbox 1702 3418 1821 3456; x_wconf 86' lang='lat' dir='ltr'><strong>cum</strong></span> 
     </span>
    </p>
   </div>
   <div class='ocr_carea' id='block_1_85' title="bbox 251 3473 1820 3539">
    <p class='ocr_par' dir='ltr' id='par_1_85' title="bbox 251 3473 1820 3539">
     <span class='ocr_line' id='line_1_85' title="bbox 251 3473 1820 3539; baseline 0.004 -17"><span class='ocrx_word' id='word_1_593' title='bbox 251 3486 444 3539; x_wconf 79' lang='lat' dir='ltr'><strong>magna</strong></span> <span class='ocrx_word' id='word_1_594' title='bbox 493 3473 772 3525; x_wconf 83' lang='lat' dir='ltr'><strong>dulcedine</strong></span> <span class='ocrx_word' id='word_1_595' title='bbox 800 3473 1085 3528; x_wconf 83' lang='lat' dir='ltr'><strong>concessit.</strong></span> <span class='ocrx_word' id='word_1_596' title='bbox 1116 3491 1136 3523; x_wconf 73' lang='grc' dir='ltr'><strong>ι</strong></span> <span class='ocrx_word' id='word_1_597' title='bbox 1173 3482 1227 3524; x_wconf 83' lang='lat' dir='ltr'><strong>iit</strong></span> <span class='ocrx_word' id='word_1_598' title='bbox 1257 3474 1445 3525; x_wconf 81' lang='lat' dir='ltr'><strong>scribit</strong></span> <span class='ocrx_word' id='word_1_599' title='bbox 1478 3473 1739 3525; x_wconf 88' lang='lat' dir='ltr'><strong>llariulfus</strong></span> <span class='ocrx_word' id='word_1_600' title='bbox 1769 3476 1820 3528; x_wconf 90' lang='lat' dir='ltr'><strong>in</strong></span> 
     </span>
    </p>
   </div>
   <div class='ocr_carea' id='block_1_86' title="bbox 250 3542 1820 3611">
    <p class='ocr_par' dir='ltr' id='par_1_86' title="bbox 250 3542 1820 3611">
     <span class='ocr_line' id='line_1_86' title="bbox 250 3542 1820 3611; baseline 0.003 -19"><span class='ocrx_word' id='word_1_601' title='bbox 250 3542 367 3606; x_wconf 84' lang='lat' dir='ltr'><strong>ejus</strong></span> <span class='ocrx_word' id='word_1_602' title='bbox 393 3542 534 3605; x_wconf 71' lang='lat' dir='ltr'><strong>Vita,</strong></span> <span class='ocrx_word' id='word_1_603' title='bbox 570 3561 623 3595; x_wconf 92' lang='lat' dir='ltr'><strong>ii.</strong></span> <span class='ocrx_word' id='word_1_604' title='bbox 651 3543 703 3596; x_wconf 71' lang='grc' dir='ltr'>ὕ.</span> <span class='ocrx_word' id='word_1_605' title='bbox 741 3543 971 3611; x_wconf 76' lang='lat' dir='ltr'><strong>Denique</strong></span> <span class='ocrx_word' id='word_1_606' title='bbox 996 3544 1342 3595; x_wconf 70' lang='lat' dir='ltr'><strong>S.\\&#39;iltridus</strong></span> <span class='ocrx_word' id='word_1_607' title='bbox 1372 3544 1650 3610; x_wconf 79' lang='lat' dir='ltr'><strong>episeopus</strong></span> <span class='ocrx_word' id='word_1_608' title='bbox 1682 3546 1820 3597; x_wconf 59' lang='lat' dir='ltr'><strong>Inho-</strong></span> 
     </span>
    </p>
   </div>
   <div class='ocr_carea' id='block_1_87' title="bbox 249 3613 1821 3683">
    <p class='ocr_par' dir='ltr' id='par_1_87' title="bbox 249 3613 1821 3683">
     <span class='ocr_line' id='line_1_87' title="bbox 249 3613 1821 3683; baseline 0.004 -20"><span class='ocrx_word' id='word_1_609' title='bbox 249 3616 510 3683; x_wconf 75' lang='lat' dir='ltr'><strong>ncensis,</strong></span> <span class='ocrx_word' id='word_1_610' title='bbox 535 3626 586 3666; x_wconf 92' lang='lat' dir='ltr'><strong>et</strong></span> <span class='ocrx_word' id='word_1_611' title='bbox 607 3613 769 3666; x_wconf 85' lang='lat' dir='ltr'><strong>abbas</strong></span> <span class='ocrx_word' id='word_1_612' title='bbox 797 3614 1040 3679; x_wconf 76' lang='lat' dir='ltr'><strong>llipcnsis</strong></span> <span class='ocrx_word' id='word_1_613' title='bbox 1065 3615 1250 3668; x_wconf 81' lang='lat' dir='ltr'><strong>Ceiino</strong></span> <span class='ocrx_word' id='word_1_614' title='bbox 1268 3615 1550 3681; x_wconf 70' lang='lat' dir='ltr'><strong>praeposito</strong></span> <span class='ocrx_word' id='word_1_615' title='bbox 1579 3617 1821 3678; x_wconf 74' lang='lat' dir='ltr'><strong>petenda:</strong></span> 
     </span>
    </p>
   </div>
   <div class='ocr_carea' id='block_1_88' title="bbox 248 3685 1821 3751">
    <p class='ocr_par' dir='ltr' id='par_1_88' title="bbox 248 3685 1821 3751">
     <span class='ocr_line' id='line_1_88' title="bbox 248 3685 1821 3751; baseline 0.003 -16"><span class='ocrx_word' id='word_1_616' title='bbox 248 3685 416 3737; x_wconf 86' lang='lat' dir='ltr'><strong>eremi</strong></span> <span class='ocrx_word' id='word_1_617' title='bbox 460 3699 815 3738; x_wconf 79' lang='lat' dir='ltr'><strong>eoiices-urus</strong></span> <span class='ocrx_word' id='word_1_618' title='bbox 863 3688 1158 3747; x_wconf 80' lang='lat' dir='ltr'><strong>licentiam,</strong></span> <span class='ocrx_word' id='word_1_619' title='bbox 1211 3701 1320 3737; x_wconf 92' lang='lat' dir='ltr'><strong>rem</strong></span> <span class='ocrx_word' id='word_1_620' title='bbox 1371 3687 1517 3751; x_wconf 87' lang='lat' dir='ltr'><strong>prius</strong></span> <span class='ocrx_word' id='word_1_621' title='bbox 1567 3685 1821 3740; x_wconf 80' lang='lat' dir='ltr'><strong>fratribus</strong></span> 
     </span>
    </p>
   </div>
   <div class='ocr_carea' id='block_1_89' title="bbox 250 3754 1822 3822">
    <p class='ocr_par' dir='ltr' id='par_1_89' title="bbox 250 3754 1822 3822">
     <span class='ocr_line' id='line_1_89' title="bbox 250 3754 1822 3822; baseline 0.004 -19"><span class='ocrx_word' id='word_1_622' title='bbox 250 3757 455 3817; x_wconf 79' lang='lat' dir='ltr'><strong>retulit,</strong></span> <span class='ocrx_word' id='word_1_623' title='bbox 509 3767 564 3806; x_wconf 92' lang='lat' dir='ltr'><strong>ut</strong></span> <span class='ocrx_word' id='word_1_624' title='bbox 604 3769 787 3808; x_wconf 86' lang='lat' dir='ltr'><strong>aneior</strong></span> <span class='ocrx_word' id='word_1_625' title='bbox 816 3767 894 3809; x_wconf 77' lang='lat' dir='ltr'><strong>e~t</strong></span> <span class='ocrx_word' id='word_1_626' title='bbox 927 3756 1126 3809; x_wconf 80' lang='lat' dir='ltr'><strong>Eddius</strong></span> <span class='ocrx_word' id='word_1_627' title='bbox 1159 3758 1207 3807; x_wconf 91' lang='lat' dir='ltr'><strong>in</strong></span> <span class='ocrx_word' id='word_1_628' title='bbox 1236 3755 1352 3822; x_wconf 90' lang='lat' dir='ltr'><strong>ejus</strong></span> <span class='ocrx_word' id='word_1_629' title='bbox 1386 3754 1523 3818; x_wconf 79' lang='lat' dir='ltr'><strong>Vita,</strong></span> <span class='ocrx_word' id='word_1_630' title='bbox 1557 3772 1610 3809; x_wconf 86' lang='grc' dir='ltr'>ιι.</span> <span class='ocrx_word' id='word_1_631' title='bbox 1638 3758 1723 3809; x_wconf 76' lang='lat'><strong>(50.</strong></span> <span class='ocrx_word' id='word_1_632' title='bbox 1759 3758 1822 3809; x_wconf 83' lang='lat' dir='ltr'><strong>Et</strong></span> 
     </span>
    </p>
   </div>
   <div class='ocr_carea' id='block_1_90' title="bbox 247 3827 1818 3895">
    <p class='ocr_par' dir='ltr' id='par_1_90' title="bbox 247 3827 1818 3895">
     <span class='ocr_line' id='line_1_90' title="bbox 247 3827 1818 3895; baseline 0.003 -19"><span class='ocrx_word' id='word_1_633' title='bbox 247 3839 378 3878; x_wconf 83' lang='lat' dir='ltr'><strong>sane</strong></span> <span class='ocrx_word' id='word_1_634' title='bbox 406 3842 616 3894; x_wconf 73' lang='lat' dir='ltr'><strong>:equum</strong></span> <span class='ocrx_word' id='word_1_635' title='bbox 649 3827 856 3880; x_wconf 85' lang='lat' dir='ltr'><strong>videtur</strong></span> <span class='ocrx_word' id='word_1_636' title='bbox 888 3842 943 3878; x_wconf 84' lang='lat' dir='ltr'><strong>ut</strong></span> <span class='ocrx_word' id='word_1_637' title='bbox 970 3829 1057 3895; x_wconf 88' lang='lat' dir='ltr'><strong>qui</strong></span> <span class='ocrx_word' id='word_1_638' title='bbox 1100 3828 1167 3881; x_wconf 92' lang='lat' dir='ltr'><strong>de</strong></span> <span class='ocrx_word' id='word_1_639' title='bbox 1198 3840 1461 3880; x_wconf 71' lang='lat' dir='ltr'><strong>consensu</strong></span> <span class='ocrx_word' id='word_1_640' title='bbox 1507 3828 1726 3879; x_wconf 83' lang='lat' dir='ltr'><strong>fratrum</strong></span> <span class='ocrx_word' id='word_1_641' title='bbox 1767 3830 1818 3881; x_wconf 91' lang='lat' dir='ltr'><strong>in</strong></span> 
     </span>
    </p>
   </div>
   <div class='ocr_carea' id='block_1_91' title="bbox 248 3898 1819 3965">
    <p class='ocr_par' dir='ltr' id='par_1_91' title="bbox 248 3898 1819 3965">
     <span class='ocr_line' id='line_1_91' title="bbox 248 3898 1819 3965; baseline 0.004 -19"><span class='ocrx_word' id='word_1_642' title='bbox 248 3899 580 3950; x_wconf 63' lang='lat' dir='ltr'><strong>monasterio</strong></span> <span class='ocrx_word' id='word_1_643' title='bbox 601 3900 776 3949; x_wconf 83' lang='lat' dir='ltr'><strong>Solent</strong></span> <span class='ocrx_word' id='word_1_644' title='bbox 802 3900 1028 3962; x_wconf 84' lang='lat' dir='ltr'><strong>admitti,</strong></span> <span class='ocrx_word' id='word_1_645' title='bbox 1046 3899 1115 3951; x_wconf 85' lang='lat' dir='ltr'><strong>ab</strong></span> <span class='ocrx_word' id='word_1_646' title='bbox 1142 3913 1207 3951; x_wconf 90' lang='lat' dir='ltr'><strong>eo</strong></span> <span class='ocrx_word' id='word_1_647' title='bbox 1236 3898 1638 3965; x_wconf 86' lang='lat' dir='ltr'><strong>haudquaquam</strong></span> <span class='ocrx_word' id='word_1_648' title='bbox 1672 3913 1819 3952; x_wconf 87' lang='lat' dir='ltr'><strong>rece-</strong></span> 
     </span>
    </p>
   </div>
   <div class='ocr_carea' id='block_1_92' title="bbox 246 3967 1819 4037">
    <p class='ocr_par' dir='ltr' id='par_1_92' title="bbox 246 3967 1819 4037">
     <span class='ocr_line' id='line_1_92' title="bbox 246 3967 1819 4037; baseline 0.003 -19"><span class='ocrx_word' id='word_1_649' title='bbox 246 3968 375 4019; x_wconf 78' lang='lat' dir='ltr'><strong>dant</strong></span> <span class='ocrx_word' id='word_1_650' title='bbox 421 3970 520 4020; x_wconf 68' lang='lat' dir='ltr'><strong>nisi</strong></span> <span class='ocrx_word' id='word_1_651' title='bbox 568 3971 861 4022; x_wconf 73' lang='lat' dir='ltr'><strong>accedente</strong></span> <span class='ocrx_word' id='word_1_652' title='bbox 894 3969 1051 4021; x_wconf 90' lang='lat' dir='ltr'><strong>totius</strong></span> <span class='ocrx_word' id='word_1_653' title='bbox 1096 3971 1522 4037; x_wconf 81' lang='lat' dir='ltr'><strong>congregationis</strong></span> <span class='ocrx_word' id='word_1_654' title='bbox 1566 3967 1819 4022; x_wconf 86' lang='lat' dir='ltr'><strong>benevola</strong></span> 
     </span>
    </p>
   </div>
   <div class='ocr_carea' id='block_1_93' title="bbox 246 4037 1818 4105">
    <p class='ocr_par' dir='ltr' id='par_1_93' title="bbox 246 4037 1818 4105">
     <span class='ocr_line' id='line_1_93' title="bbox 246 4037 1818 4105; baseline 0.004 -20"><span class='ocrx_word' id='word_1_655' title='bbox 246 4058 259 4085; x_wconf 85' lang='lat' dir='ltr'><strong>i</strong></span> <span class='ocrx_word' id='word_1_656' title='bbox 277 4038 600 4094; x_wconf 72' lang='lat' dir='ltr'><strong>oiicc5sione</strong></span> <span class='ocrx_word' id='word_1_657' title='bbox 618 4054 630 4066; x_wconf 87' lang='grc'><strong>·</strong></span> <span class='ocrx_word' id='word_1_658' title='bbox 655 4042 791 4105; x_wconf 87' lang='lat' dir='ltr'><strong>apud</strong></span> <span class='ocrx_word' id='word_1_659' title='bbox 828 4052 1035 4092; x_wconf 73' lang='lat' dir='ltr'><strong>veteres</strong></span> <span class='ocrx_word' id='word_1_660' title='bbox 1066 4050 1238 4092; x_wconf 90' lang='lat' dir='ltr'><strong>tamen</strong></span> <span class='ocrx_word' id='word_1_661' title='bbox 1263 4045 1432 4091; x_wconf 88' lang='lat' dir='ltr'><strong>solum</strong></span> <span class='ocrx_word' id='word_1_662' title='bbox 1464 4037 1669 4092; x_wconf 78' lang='lat' dir='ltr'><strong>abbatis</strong></span> <span class='ocrx_word' id='word_1_663' title='bbox 1692 4055 1818 4092; x_wconf 85' lang='lat' dir='ltr'><strong>coii-</strong></span> 
     </span>
    </p>
   </div>
   <div class='ocr_carea' id='block_1_94' title="bbox 246 4110 1822 4178">
    <p class='ocr_par' dir='ltr' id='par_1_94' title="bbox 246 4110 1822 4178">
     <span class='ocr_line' id='line_1_94' title="bbox 246 4110 1822 4178; baseline 0 -16"><span class='ocrx_word' id='word_1_664' title='bbox 246 4124 467 4163; x_wconf 80' lang='lat' dir='ltr'><strong>seiiSiiin</strong></span> <span class='ocrx_word' id='word_1_665' title='bbox 498 4111 627 4163; x_wconf 71' lang='lat' dir='ltr'><strong>Satis</strong></span> <span class='ocrx_word' id='word_1_666' title='bbox 654 4110 813 4163; x_wconf 77' lang='lat' dir='ltr'><strong>fuisse</strong></span> <span class='ocrx_word' id='word_1_667' title='bbox 843 4110 1053 4173; x_wconf 87' lang='lat' dir='ltr'><strong>probari</strong></span> <span class='ocrx_word' id='word_1_668' title='bbox 1088 4119 1264 4178; x_wconf 64' lang='lat' dir='ltr'><strong>posset</strong></span> <span class='ocrx_word' id='word_1_669' title='bbox 1296 4126 1363 4162; x_wconf 66' lang='lat' dir='ltr'><strong>ex</strong></span> <span class='ocrx_word' id='word_1_670' title='bbox 1405 4110 1607 4163; x_wconf 85' lang='lat' dir='ltr'><strong>Severo</strong></span> <span class='ocrx_word' id='word_1_671' title='bbox 1643 4110 1822 4176; x_wconf 86' lang='lat' dir='ltr'><strong>Sulpi-</strong></span> 
     </span>
    </p>
   </div>
   <div class='ocr_carea' id='block_1_95' title="bbox 247 4180 1819 4251">
    <p class='ocr_par' dir='ltr' id='par_1_95' title="bbox 247 4180 1819 4251">
     <span class='ocr_line' id='line_1_95' title="bbox 247 4180 1819 4251; baseline 0.002 -19"><span class='ocrx_word' id='word_1_672' title='bbox 247 4183 355 4244; x_wconf 90' lang='lat' dir='ltr'><strong>cio,</strong></span> <span class='ocrx_word' id='word_1_673' title='bbox 402 4181 555 4251; x_wconf 89' lang='lat' dir='ltr'><strong>cujus</strong></span> <span class='ocrx_word' id='word_1_674' title='bbox 609 4180 723 4234; x_wconf 67' lang='lat' dir='ltr'><strong>haec</strong></span> <span class='ocrx_word' id='word_1_675' title='bbox 770 4181 925 4232; x_wconf 74' lang='lat' dir='ltr'><strong>verba</strong></span> <span class='ocrx_word' id='word_1_676' title='bbox 969 4180 1111 4247; x_wconf 80' lang='lat' dir='ltr'><strong>(Lib.</strong></span> <span class='ocrx_word' id='word_1_677' title='bbox 1146 4197 1157 4232; x_wconf 93' lang='grc' dir='ltr'><strong>ι</strong></span> <span class='ocrx_word' id='word_1_678' title='bbox 1188 4180 1352 4241; x_wconf 79' lang='lat' dir='ltr'><strong>Dial.,</strong></span> <span class='ocrx_word' id='word_1_679' title='bbox 1401 4196 1435 4232; x_wconf 66' lang='grc' dir='ltr'>ι.</span> <span class='ocrx_word' id='word_1_680' title='bbox 1471 4180 1529 4249; x_wconf 79' lang='lat'><strong>5)</strong></span> <span class='ocrx_word' id='word_1_681' title='bbox 1566 4198 1578 4232; x_wconf 90' lang='lat'><strong>:</strong></span> <span class='ocrx_word' id='word_1_682' title='bbox 1612 4199 1630 4229; x_wconf 82' lang='grc' dir='ltr'><strong>ι</strong></span> <span class='ocrx_word' id='word_1_683' title='bbox 1673 4180 1819 4235; x_wconf 89' lang='lat' dir='ltr'><strong>Haud</strong></span> 
     </span>
    </p>
   </div>
   <div class='ocr_carea' id='block_1_96' title="bbox 253 4251 1821 4319">
    <p class='ocr_par' dir='ltr' id='par_1_96' title="bbox 253 4251 1821 4319">
     <span class='ocr_line' id='line_1_96' title="bbox 253 4251 1821 4319; baseline 0.002 -16"><span class='ocrx_word' id='word_1_684' title='bbox 253 4253 439 4317; x_wconf 87' lang='lat' dir='ltr'><strong>procul</strong></span> <span class='ocrx_word' id='word_1_685' title='bbox 472 4252 542 4304; x_wconf 76' lang='lat' dir='ltr'><strong>ab</strong></span> <span class='ocrx_word' id='word_1_686' title='bbox 566 4267 745 4305; x_wconf 88' lang='lat' dir='ltr'><strong>eremo</strong></span> <span class='ocrx_word' id='word_1_687' title='bbox 772 4251 891 4305; x_wconf 78' lang='lat' dir='ltr'><strong>Nilo</strong></span> <span class='ocrx_word' id='word_1_688' title='bbox 925 4253 1167 4319; x_wconf 79' lang='lat' dir='ltr'><strong>contigua</strong></span> <span class='ocrx_word' id='word_1_689' title='bbox 1211 4254 1372 4303; x_wconf 89' lang='lat' dir='ltr'><strong>multa</strong></span> <span class='ocrx_word' id='word_1_690' title='bbox 1399 4261 1525 4305; x_wconf 90' lang='lat' dir='ltr'><strong>sunt</strong></span> <span class='ocrx_word' id='word_1_691' title='bbox 1553 4261 1821 4306; x_wconf 85' lang='lat' dir='ltr'><strong>monaste-</strong></span> 
     </span>
    </p>
   </div>
   <div class='ocr_carea' id='block_1_97' title="bbox 254 4323 1817 4390">
    <p class='ocr_par' dir='ltr' id='par_1_97' title="bbox 254 4323 1817 4390">
     <span class='ocr_line' id='line_1_97' title="bbox 254 4323 1817 4390; baseline 0.003 -17"><span class='ocrx_word' id='word_1_692' title='bbox 254 4323 329 4373; x_wconf 85' lang='lat' dir='ltr'><strong>ria</strong></span> <span class='ocrx_word' id='word_1_693' title='bbox 363 4338 377 4374; x_wconf 94' lang='lat'>:</span> <span class='ocrx_word' id='word_1_694' title='bbox 413 4323 655 4375; x_wconf 84' lang='lat' dir='ltr'><strong>habitant</strong></span> <span class='ocrx_word' id='word_1_695' title='bbox 683 4324 733 4374; x_wconf 88' lang='lat' dir='ltr'><strong>in</strong></span> <span class='ocrx_word' id='word_1_696' title='bbox 763 4338 868 4376; x_wconf 88' lang='lat' dir='ltr'><strong>uno</strong></span> <span class='ocrx_word' id='word_1_697' title='bbox 911 4324 1029 4376; x_wconf 91' lang='lat' dir='ltr'><strong>loco</strong></span> <span class='ocrx_word' id='word_1_698' title='bbox 1068 4329 1375 4390; x_wconf 84' lang='lat' dir='ltr'><strong>plerumque</strong></span> <span class='ocrx_word' id='word_1_699' title='bbox 1410 4324 1712 4375; x_wconf 66' lang='lat' dir='ltr'><strong>centeni....</strong></span> <span class='ocrx_word' id='word_1_700' title='bbox 1742 4323 1817 4377; x_wconf 78' lang='lat' dir='ltr'><strong>Ex</strong></span> 
     </span>
    </p>
   </div>
   <div class='ocr_carea' id='block_1_98' title="bbox 250 4392 1820 4461">
    <p class='ocr_par' dir='ltr' id='par_1_98' title="bbox 250 4392 1820 4461">
     <span class='ocr_line' id='line_1_98' title="bbox 250 4392 1820 4461; baseline 0.001 -16"><span class='ocrx_word' id='word_1_701' title='bbox 250 4393 334 4445; x_wconf 69' lang='lat' dir='ltr'><strong>his</strong></span> <span class='ocrx_word' id='word_1_702' title='bbox 374 4395 418 4446; x_wconf 89' lang='lat' dir='ltr'><strong>si</strong></span> <span class='ocrx_word' id='word_1_703' title='bbox 450 4394 535 4460; x_wconf 83' lang='lat' dir='ltr'><strong>qui</strong></span> <span class='ocrx_word' id='word_1_704' title='bbox 568 4392 819 4460; x_wconf 88' lang='lat' dir='ltr'><strong>majorem</strong></span> <span class='ocrx_word' id='word_1_705' title='bbox 851 4394 1099 4447; x_wconf 89' lang='lat' dir='ltr'><strong>virtutem</strong></span> <span class='ocrx_word' id='word_1_706' title='bbox 1135 4402 1312 4445; x_wconf 72' lang='lat' dir='ltr'><strong>mente</strong></span> <span class='ocrx_word' id='word_1_707' title='bbox 1356 4395 1719 4461; x_wconf 86' lang='lat' dir='ltr'><strong>conceperint,</strong></span> <span class='ocrx_word' id='word_1_708' title='bbox 1765 4404 1820 4447; x_wconf 89' lang='lat' dir='ltr'><strong>iit</strong></span> 
     </span>
    </p>
   </div>
   <div class='ocr_carea' id='block_1_99' title="bbox 244 4464 1817 4526">
    <p class='ocr_par' dir='ltr' id='par_1_99' title="bbox 244 4464 1817 4526">
     <span class='ocr_line' id='line_1_99' title="bbox 244 4464 1817 4526; baseline 0.001 -11"><span class='ocrx_word' id='word_1_709' title='bbox 244 4468 414 4517; x_wconf 87' lang='lat' dir='ltr'><strong>acturi</strong></span> <span class='ocrx_word' id='word_1_710' title='bbox 446 4464 734 4519; x_wconf 82' lang='lat' dir='ltr'><strong>solitariam</strong></span> <span class='ocrx_word' id='word_1_711' title='bbox 769 4466 928 4517; x_wconf 90' lang='lat' dir='ltr'><strong>vitam</strong></span> <span class='ocrx_word' id='word_1_712' title='bbox 955 4479 1012 4518; x_wconf 89' lang='lat' dir='ltr'><strong>se</strong></span> <span class='ocrx_word' id='word_1_713' title='bbox 1039 4464 1102 4516; x_wconf 88' lang='lat' dir='ltr'><strong>ad</strong></span> <span class='ocrx_word' id='word_1_714' title='bbox 1126 4479 1363 4517; x_wconf 83' lang='lat' dir='ltr'><strong>eremiim</strong></span> <span class='ocrx_word' id='word_1_715' title='bbox 1391 4465 1687 4526; x_wconf 88' lang='lat' dir='ltr'><strong>conferant,</strong></span> <span class='ocrx_word' id='word_1_716' title='bbox 1711 4479 1817 4518; x_wconf 91' lang='lat' dir='ltr'><strong>nou</strong></span> 
     </span>
    </p>
   </div>
   <div class='ocr_carea' id='block_1_100' title="bbox 244 4533 1813 4600">
    <p class='ocr_par' dir='ltr' id='par_1_100' title="bbox 244 4533 1813 4600">
     <span class='ocr_line' id='line_1_100' title="bbox 244 4533 1813 4600; baseline 0.002 -14"><span class='ocrx_word' id='word_1_717' title='bbox 244 4535 348 4588; x_wconf 85' lang='lat' dir='ltr'><strong>nisi</strong></span> <span class='ocrx_word' id='word_1_718' title='bbox 383 4537 722 4600; x_wconf 83' lang='lat' dir='ltr'><strong>permittente</strong></span> <span class='ocrx_word' id='word_1_719' title='bbox 746 4538 937 4589; x_wconf 87' lang='lat' dir='ltr'><strong>abbate</strong></span> <span class='ocrx_word' id='word_1_720' title='bbox 966 4537 1266 4589; x_wconf 82' lang='lat' dir='ltr'><strong>discedunt.</strong></span> <span class='ocrx_word' id='word_1_721' title='bbox 1303 4553 1321 4584; x_wconf 75' lang='grc' dir='ltr'><strong>ι</strong></span> <span class='ocrx_word' id='word_1_722' title='bbox 1367 4533 1511 4588; x_wconf 81' lang='lat' dir='ltr'><strong>Unus</strong></span> <span class='ocrx_word' id='word_1_723' title='bbox 1537 4550 1567 4587; x_wconf 91' lang='lat' dir='ltr'><strong>e</strong></span> <span class='ocrx_word' id='word_1_724' title='bbox 1596 4536 1813 4599; x_wconf 81' lang='lat' dir='ltr'><strong>n05tris,</strong></span> 
     </span>
    </p>
   </div>
   <div class='ocr_carea' id='block_1_101' title="bbox 246 4604 1817 4671">
    <p class='ocr_par' dir='ltr' id='par_1_101' title="bbox 246 4604 1817 4671">
     <span class='ocr_line' id='line_1_101' title="bbox 246 4604 1817 4671; baseline 0 -12"><span class='ocrx_word' id='word_1_725' title='bbox 246 4608 301 4659; x_wconf 67' lang='grc' dir='ltr'>ὃ.</span> <span class='ocrx_word' id='word_1_726' title='bbox 338 4604 480 4659; x_wconf 84' lang='lat' dir='ltr'><strong>Tillo</strong></span> <span class='ocrx_word' id='word_1_727' title='bbox 527 4606 818 4663; x_wconf 86' lang='lat' dir='ltr'><strong>monachus</strong></span> <span class='ocrx_word' id='word_1_728' title='bbox 868 4605 1335 4667; x_wconf 60' lang='lat' dir='ltr'><strong>Solemuiacensis,</strong></span> <span class='ocrx_word' id='word_1_729' title='bbox 1382 4607 1582 4671; x_wconf 80' lang='lat' dir='ltr'><strong>absque</strong></span> <span class='ocrx_word' id='word_1_730' title='bbox 1610 4608 1817 4661; x_wconf 88' lang='lat' dir='ltr'><strong>abbatis</strong></span> 
     </span>
    </p>
   </div>
   <div class='ocr_carea' id='block_1_102' title="bbox 242 4676 1816 4731">
    <p class='ocr_par' dir='ltr' id='par_1_102' title="bbox 242 4676 1816 4731">
     <span class='ocr_line' id='line_1_102' title="bbox 242 4676 1816 4731; baseline 0.001 -3"><span class='ocrx_word' id='word_1_731' title='bbox 242 4687 333 4728; x_wconf 77' lang='lat' dir='ltr'><strong>aut</strong></span> <span class='ocrx_word' id='word_1_732' title='bbox 352 4676 571 4730; x_wconf 85' lang='lat' dir='ltr'><strong>fratrum</strong></span> <span class='ocrx_word' id='word_1_733' title='bbox 595 4678 864 4731; x_wconf 84' lang='lat' dir='ltr'><strong>voluntate</strong></span> <span class='ocrx_word' id='word_1_734' title='bbox 889 4677 1205 4730; x_wconf 82' lang='lat' dir='ltr'><strong>clandestino</strong></span> <span class='ocrx_word' id='word_1_735' title='bbox 1217 4676 1439 4730; x_wconf 75' lang='lat' dir='ltr'><strong>discessu</strong></span> <span class='ocrx_word' id='word_1_736' title='bbox 1455 4680 1816 4730; x_wconf 75' lang='lat' dir='ltr'><strong>monasterium</strong></span> 
     </span>
    </p>
   </div>
   <div class='ocr_carea' id='block_1_103' title="bbox 245 4749 1020 4814">
    <p class='ocr_par' dir='ltr' id='par_1_103' title="bbox 245 4749 1020 4814">
     <span class='ocr_line' id='line_1_103' title="bbox 245 4749 1020 4814; baseline 0.004 -18"><span class='ocrx_word' id='word_1_737' title='bbox 245 4749 486 4809; x_wconf 71' lang='lat' dir='ltr'><strong>deseruit,</strong></span> <span class='ocrx_word' id='word_1_738' title='bbox 517 4757 571 4802; x_wconf 87' lang='lat' dir='ltr'><strong>et</strong></span> <span class='ocrx_word' id='word_1_739' title='bbox 591 4764 827 4803; x_wconf 89' lang='lat' dir='ltr'><strong>ereinum</strong></span> <span class='ocrx_word' id='word_1_740' title='bbox 854 4749 1020 4814; x_wconf 89' lang='lat' dir='ltr'><strong>petiit.</strong></span> 
     </span>
    </p>
   </div>
   <div class='ocr_carea' id='block_1_104' title="bbox 317 4815 1817 4888">
    <p class='ocr_par' dir='ltr' id='par_1_104' title="bbox 317 4815 1817 4888">
     <span class='ocr_line' id='line_1_104' title="bbox 317 4815 1817 4888; baseline 0.001 -19"><span class='ocrx_word' id='word_1_741' title='bbox 317 4818 542 4871; x_wconf 82' lang='lat' dir='ltr'><strong>Tertium</strong></span> <span class='ocrx_word' id='word_1_742' title='bbox 564 4836 680 4873; x_wconf 87' lang='lat' dir='ltr'><strong>vero</strong></span> <span class='ocrx_word' id='word_1_743' title='bbox 700 4822 1060 4871; x_wconf 79' lang='lat' dir='ltr'><strong>monachorum</strong></span> <span class='ocrx_word' id='word_1_744' title='bbox 1082 4819 1391 4871; x_wconf 86' lang='lat' dir='ltr'><strong>teterrimum</strong></span> <span class='ocrx_word' id='word_1_745' title='bbox 1418 4815 1618 4887; x_wconf 76' lang='lat' dir='ltr'><strong>genus.]</strong></span> <span class='ocrx_word' id='word_1_746' title='bbox 1644 4817 1817 4888; x_wconf 79' lang='lat' dir='ltr'><strong>Nigris</strong></span> 
     </span>
    </p>
   </div>
   <div class='ocr_carea' id='block_1_105' title="bbox 242 4889 1816 4957">
    <p class='ocr_par' dir='ltr' id='par_1_105' title="bbox 242 4889 1816 4957">
     <span class='ocr_line' id='line_1_105' title="bbox 242 4889 1816 4957; baseline 0.001 -16"><span class='ocrx_word' id='word_1_747' title='bbox 242 4889 511 4943; x_wconf 84' lang='lat' dir='ltr'><strong>coloribus</strong></span> <span class='ocrx_word' id='word_1_748' title='bbox 543 4901 749 4943; x_wconf 87' lang='lat' dir='ltr'><strong>tertium</strong></span> <span class='ocrx_word' id='word_1_749' title='bbox 779 4891 1160 4943; x_wconf 86' lang='lat' dir='ltr'><strong>menachorimi</strong></span> <span class='ocrx_word' id='word_1_750' title='bbox 1185 4904 1352 4957; x_wconf 79' lang='lat' dir='ltr'><strong>genus</strong></span> <span class='ocrx_word' id='word_1_751' title='bbox 1374 4890 1609 4957; x_wconf 83' lang='lat' dir='ltr'><strong>depingit</strong></span> <span class='ocrx_word' id='word_1_752' title='bbox 1633 4895 1691 4942; x_wconf 69' lang='grc'>5.</span> <span class='ocrx_word' id='word_1_753' title='bbox 1718 4896 1816 4943; x_wconf 72' lang='lat' dir='ltr'><strong>tte-</strong></span> 
     </span>
    </p>
   </div>
   <div class='ocr_carea' id='block_1_106' title="bbox 246 4961 1817 5023">
    <p class='ocr_par' dir='ltr' id='par_1_106' title="bbox 246 4961 1817 5023">
     <span class='ocr_line' id='line_1_106' title="bbox 246 4961 1817 5023; baseline 0.001 -11"><span class='ocrx_word' id='word_1_754' title='bbox 246 4962 510 5023; x_wconf 86' lang='lat' dir='ltr'><strong>iiedictus,</strong></span> <span class='ocrx_word' id='word_1_755' title='bbox 540 4963 679 5016; x_wconf 86' lang='lat' dir='ltr'><strong>unde</strong></span> <span class='ocrx_word' id='word_1_756' title='bbox 708 4972 761 5015; x_wconf 89' lang='lat' dir='ltr'><strong>et</strong></span> <span class='ocrx_word' id='word_1_757' title='bbox 791 4962 914 5013; x_wconf 91' lang='lat' dir='ltr'><strong>illud</strong></span> <span class='ocrx_word' id='word_1_758' title='bbox 949 4973 1104 5015; x_wconf 86' lang='lat' dir='ltr'><strong>vocat</strong></span> <span class='ocrx_word' id='word_1_759' title='bbox 1128 4962 1460 5023; x_wconf 83' lang='lat' dir='ltr'><strong>teterrimum,</strong></span> <span class='ocrx_word' id='word_1_760' title='bbox 1493 4961 1542 5012; x_wconf 88' lang='lat' dir='ltr'><strong>id</strong></span> <span class='ocrx_word' id='word_1_761' title='bbox 1566 4971 1647 5012; x_wconf 87' lang='lat' dir='ltr'><strong>est</strong></span> <span class='ocrx_word' id='word_1_762' title='bbox 1681 4979 1699 5010; x_wconf 86' lang='grc' dir='ltr'><strong>ι</strong></span> <span class='ocrx_word' id='word_1_763' title='bbox 1737 4962 1817 5013; x_wconf 80' lang='lat' dir='ltr'><strong>iii-</strong></span> 
     </span>
    </p>
   </div>
   <div class='ocr_carea' id='block_1_107' title="bbox 245 5031 1812 5100">
    <p class='ocr_par' dir='ltr' id='par_1_107' title="bbox 245 5031 1812 5100">
     <span class='ocr_line' id='line_1_107' title="bbox 245 5031 1812 5100; baseline 0.001 -17"><span class='ocrx_word' id='word_1_764' title='bbox 245 5032 554 5093; x_wconf 77' lang='lat' dir='ltr'><strong>gerrimum,</strong></span> <span class='ocrx_word' id='word_1_765' title='bbox 604 5033 1066 5096; x_wconf 86' lang='lat' dir='ltr'><strong>obscurissimum,</strong></span> <span class='ocrx_word' id='word_1_766' title='bbox 1126 5031 1399 5095; x_wconf 83' lang='lat' dir='ltr'><strong>horribile,</strong></span> <span class='ocrx_word' id='word_1_767' title='bbox 1448 5043 1676 5100; x_wconf 80' lang='lat' dir='ltr'><strong>agreste.</strong></span> <span class='ocrx_word' id='word_1_768' title='bbox 1730 5036 1812 5085; x_wconf 87' lang='lat' dir='ltr'><strong>vel</strong></span> 
     </span>
    </p>
   </div>
   <div class='ocr_carea' id='block_1_108' title="bbox 246 5102 1814 5172">
    <p class='ocr_par' dir='ltr' id='par_1_108' title="bbox 246 5102 1814 5172">
     <span class='ocr_line' id='line_1_108' title="bbox 246 5102 1814 5172; baseline 0.001 -19"><span class='ocrx_word' id='word_1_769' title='bbox 246 5103 437 5166; x_wconf 85' lang='lat' dir='ltr'><strong>ferum,</strong></span> <span class='ocrx_word' id='word_1_770' title='bbox 475 5121 492 5153; x_wconf 82' lang='lat' dir='ltr'><strong>i</strong></span> <span class='ocrx_word' id='word_1_771' title='bbox 523 5104 689 5168; x_wconf 87' lang='lat' dir='ltr'><strong>inquit</strong></span> <span class='ocrx_word' id='word_1_772' title='bbox 716 5104 1059 5172; x_wconf 70' lang='lat' dir='ltr'><strong>Smiragdus.</strong></span> <span class='ocrx_word' id='word_1_773' title='bbox 1107 5103 1305 5155; x_wconf 77' lang='lat' dir='ltr'><strong>Eodem</strong></span> <span class='ocrx_word' id='word_1_774' title='bbox 1337 5103 1493 5154; x_wconf 85' lang='lat' dir='ltr'><strong>modo</strong></span> <span class='ocrx_word' id='word_1_775' title='bbox 1524 5104 1582 5155; x_wconf 70' lang='grc' dir='ltr'>ὃ.</span> <span class='ocrx_word' id='word_1_776' title='bbox 1624 5102 1814 5155; x_wconf 86' lang='lat' dir='ltr'><strong>Hiero-</strong></span> 
     </span>
    </p>
   </div>
   <div class='ocr_carea' id='block_1_109' title="bbox 248 5173 1815 5243">
    <p class='ocr_par' dir='ltr' id='par_1_109' title="bbox 248 5173 1815 5243">
     <span class='ocr_line' id='line_1_109' title="bbox 248 5173 1815 5243; baseline 0.002 -19"><span class='ocrx_word' id='word_1_777' title='bbox 248 5188 437 5243; x_wconf 79' lang='lat' dir='ltr'><strong>nymus</strong></span> <span class='ocrx_word' id='word_1_778' title='bbox 468 5173 655 5243; x_wconf 72' lang='lat' dir='ltr'><strong>(Epist.</strong></span> <span class='ocrx_word' id='word_1_779' title='bbox 687 5175 778 5243; x_wconf 69' lang='lat'><strong>22)</strong></span> <span class='ocrx_word' id='word_1_780' title='bbox 809 5191 820 5224; x_wconf 91' lang='lat'><strong>:</strong></span> <span class='ocrx_word' id='word_1_781' title='bbox 863 5193 880 5224; x_wconf 87' lang='grc' dir='ltr'><strong>ι</strong></span> <span class='ocrx_word' id='word_1_782' title='bbox 918 5175 1156 5227; x_wconf 77' lang='lat' dir='ltr'><strong>Tertium</strong></span> <span class='ocrx_word' id='word_1_783' title='bbox 1202 5187 1369 5241; x_wconf 75' lang='lat' dir='ltr'><strong>genus</strong></span> <span class='ocrx_word' id='word_1_784' title='bbox 1410 5183 1493 5225; x_wconf 91' lang='lat' dir='ltr'><strong>est</strong></span> <span class='ocrx_word' id='word_1_785' title='bbox 1536 5175 1674 5239; x_wconf 92' lang='lat' dir='ltr'><strong>quod</strong></span> <span class='ocrx_word' id='word_1_786' title='bbox 1709 5173 1815 5227; x_wconf 78' lang='lat' dir='ltr'><strong>Re-</strong></span> 
     </span>
    </p>
   </div>
   <div class='ocr_carea' id='block_1_110' title="bbox 246 5244 1818 5311">
    <p class='ocr_par' dir='ltr' id='par_1_110' title="bbox 246 5244 1818 5311">
     <span class='ocr_line' id='line_1_110' title="bbox 246 5244 1818 5311; baseline 0.001 -15"><span class='ocrx_word' id='word_1_787' title='bbox 246 5245 466 5296; x_wconf 87' lang='lat' dir='ltr'><strong>iuobotli</strong></span> <span class='ocrx_word' id='word_1_788' title='bbox 519 5249 699 5298; x_wconf 89' lang='lat' dir='ltr'><strong>dicunt</strong></span> <span class='ocrx_word' id='word_1_789' title='bbox 754 5246 1083 5299; x_wconf 83' lang='lat' dir='ltr'><strong>teterrimum</strong></span> <span class='ocrx_word' id='word_1_790' title='bbox 1113 5254 1270 5311; x_wconf 88' lang='lat' dir='ltr'><strong>atque</strong></span> <span class='ocrx_word' id='word_1_791' title='bbox 1325 5244 1643 5310; x_wconf 76' lang='lat' dir='ltr'><strong>neglectum.</strong></span> <span class='ocrx_word' id='word_1_792' title='bbox 1688 5263 1707 5295; x_wconf 74' lang='grc' dir='ltr'><strong>ι</strong></span> <span class='ocrx_word' id='word_1_793' title='bbox 1755 5245 1818 5297; x_wconf 80' lang='lat' dir='ltr'><strong>Et</strong></span> 
     </span>
    </p>
   </div>
   <div class='ocr_carea' id='block_1_111' title="bbox 245 5314 1813 5383">
    <p class='ocr_par' dir='ltr' id='par_1_111' title="bbox 245 5314 1813 5383">
     <span class='ocr_line' id='line_1_111' title="bbox 245 5314 1813 5383; baseline 0.002 -19"><span class='ocrx_word' id='word_1_794' title='bbox 245 5314 383 5382; x_wconf 81' lang='lat' dir='ltr'><strong>apud</strong></span> <span class='ocrx_word' id='word_1_795' title='bbox 415 5314 724 5369; x_wconf 70' lang='lat' dir='ltr'><strong>Cassianum</strong></span> <span class='ocrx_word' id='word_1_796' title='bbox 753 5317 917 5369; x_wconf 80' lang='lat' dir='ltr'><strong>abbas</strong></span> <span class='ocrx_word' id='word_1_797' title='bbox 953 5317 1166 5369; x_wconf 83' lang='lat' dir='ltr'><strong>Pianion</strong></span> <span class='ocrx_word' id='word_1_798' title='bbox 1212 5314 1423 5383; x_wconf 85' lang='lat' dir='ltr'><strong>(Collat.</strong></span> <span class='ocrx_word' id='word_1_799' title='bbox 1456 5314 1540 5377; x_wconf 75' lang='lat'><strong>18,</strong></span> <span class='ocrx_word' id='word_1_800' title='bbox 1573 5330 1690 5376; x_wconf 84' lang='lat' dir='ltr'><strong>cap.</strong></span> <span class='ocrx_word' id='word_1_801' title='bbox 1724 5314 1813 5383; x_wconf 87' lang='lat'><strong>7):</strong></span> 
     </span>
    </p>
   </div>
   <div class='ocr_carea' id='block_1_112' title="bbox 248 5386 1816 5456">
    <p class='ocr_par' dir='ltr' id='par_1_112' title="bbox 248 5386 1816 5456">
     <span class='ocr_line' id='line_1_112' title="bbox 248 5386 1816 5456; baseline 0.002 -21"><span class='ocrx_word' id='word_1_802' title='bbox 248 5403 271 5435; x_wconf 71' lang='grc' dir='ltr'><strong><em>ο</em></strong></span> <span class='ocrx_word' id='word_1_803' title='bbox 299 5386 530 5439; x_wconf 68' lang='lat' dir='ltr'><strong>Eniersit</strong></span> <span class='ocrx_word' id='word_1_804' title='bbox 552 5398 670 5456; x_wconf 90' lang='lat' dir='ltr'><strong>post</strong></span> <span class='ocrx_word' id='word_1_805' title='bbox 697 5389 808 5441; x_wconf 72' lang='lat' dir='ltr'><strong>bare</strong></span> <span class='ocrx_word' id='word_1_806' title='bbox 832 5388 959 5439; x_wconf 91' lang='lat' dir='ltr'><strong>illud</strong></span> <span class='ocrx_word' id='word_1_807' title='bbox 985 5387 1313 5441; x_wconf 82' lang='lat' dir='ltr'><strong>teterrimum</strong></span> <span class='ocrx_word' id='word_1_808' title='bbox 1337 5397 1390 5439; x_wconf 91' lang='lat' dir='ltr'><strong>et</strong></span> <span class='ocrx_word' id='word_1_809' title='bbox 1406 5386 1615 5439; x_wconf 87' lang='lat' dir='ltr'><strong>iiilidele</strong></span> <span class='ocrx_word' id='word_1_810' title='bbox 1634 5401 1816 5438; x_wconf 84' lang='lat' dir='ltr'><strong>mona-</strong></span> 
     </span>
    </p>
   </div>
   <div class='ocr_carea' id='block_1_113' title="bbox 244 5456 1818 5529">
    <p class='ocr_par' dir='ltr' id='par_1_113' title="bbox 244 5456 1818 5529">
     <span class='ocr_line' id='line_1_113' title="bbox 244 5456 1818 5529; baseline 0.001 -20"><span class='ocrx_word' id='word_1_811' title='bbox 244 5456 464 5509; x_wconf 83' lang='lat' dir='ltr'><strong>i-horum</strong></span> <span class='ocrx_word' id='word_1_812' title='bbox 488 5474 675 5525; x_wconf 82' lang='lat' dir='ltr'><strong>genus,</strong></span> <span class='ocrx_word' id='word_1_813' title='bbox 707 5459 786 5513; x_wconf 79' lang='lat' dir='ltr'><strong>vel</strong></span> <span class='ocrx_word' id='word_1_814' title='bbox 820 5459 990 5525; x_wconf 83' lang='lat' dir='ltr'><strong>potius</strong></span> <span class='ocrx_word' id='word_1_815' title='bbox 1018 5457 1127 5529; x_wconf 69' lang='grc'><strong>49</strong></span> <span class='ocrx_word' id='word_1_816' title='bbox 1152 5458 1304 5511; x_wconf 76' lang='lat' dir='ltr'><strong>noxia</strong></span> <span class='ocrx_word' id='word_1_817' title='bbox 1328 5457 1415 5510; x_wconf 85' lang='lat' dir='ltr'><strong>illa</strong></span> <span class='ocrx_word' id='word_1_818' title='bbox 1453 5456 1705 5529; x_wconf 81' lang='lat' dir='ltr'><strong>plantatio</strong></span> <span class='ocrx_word' id='word_1_819' title='bbox 1734 5472 1818 5510; x_wconf 83' lang='lat' dir='ltr'><strong>re-</strong></span> 
     </span>
    </p>
   </div>
   <div class='ocr_carea' id='block_1_114' title="bbox 243 5527 1813 5599">
    <p class='ocr_par' dir='ltr' id='par_1_114' title="bbox 243 5527 1813 5599">
     <span class='ocr_line' id='line_1_114' title="bbox 243 5527 1813 5599; baseline 0.001 -20"><span class='ocrx_word' id='word_1_820' title='bbox 243 5529 418 5581; x_wconf 76' lang='lat' dir='ltr'><strong>diviva</strong></span> <span class='ocrx_word' id='word_1_821' title='bbox 463 5531 756 5593; x_wconf 80' lang='lat' dir='ltr'><strong>concrevit,</strong></span> <span class='ocrx_word' id='word_1_822' title='bbox 786 5545 905 5599; x_wconf 73' lang='lat' dir='ltr'><strong>qua:</strong></span> <span class='ocrx_word' id='word_1_823' title='bbox 936 5527 1329 5595; x_wconf 31' lang='lat' dir='ltr'><strong>pei-vAiianiam</strong></span> <span class='ocrx_word' id='word_1_824' title='bbox 1362 5538 1414 5581; x_wconf 92' lang='lat' dir='ltr'><strong>et</strong></span> <span class='ocrx_word' id='word_1_825' title='bbox 1444 5527 1719 5594; x_wconf 82' lang='lat' dir='ltr'><strong>Saphiraiii</strong></span> <span class='ocrx_word' id='word_1_826' title='bbox 1740 5529 1813 5599; x_wconf 3' lang='lat' dir='ltr'><strong>(in</strong></span> 
     </span>
    </p>
   </div>
   <div class='ocr_carea' id='block_1_115' title="bbox 243 5598 1813 5668">
    <p class='ocr_par' dir='ltr' id='par_1_115' title="bbox 243 5598 1813 5668">
     <span class='ocr_line' id='line_1_115' title="bbox 243 5598 1813 5668; baseline 0 -18"><span class='ocrx_word' id='word_1_827' title='bbox 243 5599 463 5652; x_wconf 81' lang='lat' dir='ltr'><strong>exordio</strong></span> <span class='ocrx_word' id='word_1_828' title='bbox 515 5602 768 5655; x_wconf 69' lang='lat' dir='ltr'><strong>Ecclesia:</strong></span> <span class='ocrx_word' id='word_1_829' title='bbox 805 5598 1046 5668; x_wconf 78' lang='lat' dir='ltr'><strong>apostoli</strong></span> <span class='ocrx_word' id='word_1_830' title='bbox 1096 5600 1237 5654; x_wconf 86' lang='lat' dir='ltr'><strong>Petri</strong></span> <span class='ocrx_word' id='word_1_831' title='bbox 1279 5601 1566 5654; x_wconf 87' lang='lat' dir='ltr'><strong>severitate</strong></span> <span class='ocrx_word' id='word_1_832' title='bbox 1607 5598 1813 5651; x_wconf 85' lang='lat' dir='ltr'><strong>succisa</strong></span> 
     </span>
    </p>
   </div>
   <div class='ocr_carea' id='block_1_116' title="bbox 243 5669 1811 5739">
    <p class='ocr_par' dir='ltr' id='par_1_116' title="bbox 243 5669 1811 5739">
     <span class='ocr_line' id='line_1_116' title="bbox 243 5669 1811 5739; baseline 0.001 -22"><span class='ocrx_word' id='word_1_833' title='bbox 243 5681 341 5721; x_wconf 76' lang='lat' dir='ltr'><strong>ost.</strong></span> <span class='ocrx_word' id='word_1_834' title='bbox 378 5688 395 5718; x_wconf 76' lang='grc' dir='ltr'><strong>ι</strong></span> <span class='ocrx_word' id='word_1_835' title='bbox 434 5669 531 5723; x_wconf 77' lang='lat' dir='ltr'><strong>Ubi</strong></span> <span class='ocrx_word' id='word_1_836' title='bbox 576 5676 715 5739; x_wconf 85' lang='lat' dir='ltr'><strong>quod</strong></span> <span class='ocrx_word' id='word_1_837' title='bbox 748 5673 820 5723; x_wconf 87' lang='lat' dir='ltr'><strong>ait</strong></span> <span class='ocrx_word' id='word_1_838' title='bbox 864 5671 932 5723; x_wconf 84' lang='lat' dir='ltr'><strong>ab</strong></span> <span class='ocrx_word' id='word_1_839' title='bbox 976 5671 1172 5723; x_wconf 78' lang='lat' dir='ltr'><strong>Anania</strong></span> <span class='ocrx_word' id='word_1_840' title='bbox 1204 5679 1258 5724; x_wconf 92' lang='lat' dir='ltr'><strong>et</strong></span> <span class='ocrx_word' id='word_1_841' title='bbox 1286 5670 1508 5730; x_wconf 86' lang='lat' dir='ltr'><strong>Sapliira</strong></span> <span class='ocrx_word' id='word_1_842' title='bbox 1555 5670 1811 5738; x_wconf 77' lang='lat' dir='ltr'><strong>originem</strong></span> 
     </span>
    </p>
   </div>
   <div class='ocr_carea' id='block_1_117' title="bbox 244 5739 1807 5799">
    <p class='ocr_par' dir='ltr' id='par_1_117' title="bbox 244 5739 1807 5799">
     <span class='ocr_line' id='line_1_117' title="bbox 244 5739 1807 5799; baseline 0.004 -10"><span class='ocrx_word' id='word_1_843' title='bbox 244 5742 481 5799; x_wconf 67' lang='lat' dir='ltr'><strong>duxisse.</strong></span> <span class='ocrx_word' id='word_1_844' title='bbox 518 5742 655 5796; x_wconf 82' lang='lat' dir='ltr'><strong>idem</strong></span> <span class='ocrx_word' id='word_1_845' title='bbox 686 5752 933 5795; x_wconf 83' lang='lat' dir='ltr'><strong>asserunt</strong></span> <span class='ocrx_word' id='word_1_846' title='bbox 964 5745 1018 5791; x_wconf 61' lang='lat' dir='ltr'><strong>ﬁ.</strong></span> <span class='ocrx_word' id='word_1_847' title='bbox 1056 5743 1286 5795; x_wconf 83' lang='lat' dir='ltr'><strong>Isidorus</strong></span> <span class='ocrx_word' id='word_1_848' title='bbox 1318 5742 1471 5794; x_wconf 82' lang='lat' dir='ltr'><strong>lih.&#39;lt</strong></span> <span class='ocrx_word' id='word_1_849' title='bbox 1504 5739 1570 5793; x_wconf 88' lang='lat' dir='ltr'><strong>tle</strong></span> <span class='ocrx_word' id='word_1_850' title='bbox 1606 5740 1807 5796; x_wconf 83' lang='lat' dir='ltr'><strong>Eccles.</strong></span> 
     </span>
    </p>
   </div>
   <div class='ocr_carea' id='block_1_118' title="bbox 244 5810 1591 5882">
    <p class='ocr_par' dir='ltr' id='par_1_118' title="bbox 244 5810 1591 5882">
     <span class='ocr_line' id='line_1_118' title="bbox 244 5810 1591 5882; baseline 0.001 -18"><span class='ocrx_word' id='word_1_851' title='bbox 244 5810 369 5882; x_wconf 65' lang='lat'><strong>03.,</strong></span> <span class='ocrx_word' id='word_1_852' title='bbox 394 5830 442 5865; x_wconf 86' lang='lat' dir='ltr'><strong>e.</strong></span> <span class='ocrx_word' id='word_1_853' title='bbox 483 5814 571 5877; x_wconf 67' lang='lat' dir='ltr'><strong>lli;</strong></span> <span class='ocrx_word' id='word_1_854' title='bbox 598 5825 650 5867; x_wconf 86' lang='lat' dir='ltr'><strong>et.</strong></span> <span class='ocrx_word' id='word_1_855' title='bbox 681 5814 1008 5869; x_wconf 62' lang='lat' dir='ltr'><strong>\eiiei‘abilis</strong></span> <span class='ocrx_word' id='word_1_856' title='bbox 1025 5814 1161 5869; x_wconf 79' lang='lat' dir='ltr'><strong>Beda</strong></span> <span class='ocrx_word' id='word_1_857' title='bbox 1195 5816 1244 5867; x_wconf 82' lang='grc' dir='ltr'><strong>ιιι</strong></span> <span class='ocrx_word' id='word_1_858' title='bbox 1273 5827 1389 5879; x_wconf 69' lang='lat' dir='ltr'><strong>eap.</strong></span> <span class='ocrx_word' id='word_1_859' title='bbox 1421 5828 1451 5865; x_wconf 86' lang='lat' dir='ltr'><strong>v</strong></span> <span class='ocrx_word' id='word_1_860' title='bbox 1473 5813 1591 5866; x_wconf 77' lang='lat' dir='ltr'><strong>Act.</strong></span> 
     </span>
    </p>
   </div>
   <div class='ocr_carea' id='block_1_119' title="bbox 1843 4577 1896 4636">
    <p class='ocr_par' dir='ltr' id='par_1_119' title="bbox 1843 4577 1896 4636">
     <span class='ocr_line' id='line_1_119' title="bbox 1843 4577 1896 4636; baseline 0 0"><span class='ocrx_word' id='word_1_861' title='bbox 1843 4577 1896 4636; x_wconf 91' lang='lat' dir='ltr'><strong>D</strong></span> 
     </span>
    </p>
   </div>
   <div class='ocr_carea' id='block_1_120' title="bbox 1926 3255 3497 3321">
    <p class='ocr_par' dir='ltr' id='par_1_120' title="bbox 1926 3255 3497 3321">
     <span class='ocr_line' id='line_1_120' title="bbox 1926 3255 3497 3321; baseline -0.001 -15"><span class='ocrx_word' id='word_1_862' title='bbox 1926 3269 2141 3307; x_wconf 75' lang='lat' dir='ltr'><strong>si-rvare</strong></span> <span class='ocrx_word' id='word_1_863' title='bbox 2171 3255 2366 3311; x_wconf 62' lang='lat' dir='ltr'><strong>sarculo</strong></span> <span class='ocrx_word' id='word_1_864' title='bbox 2398 3258 2573 3319; x_wconf 79' lang='lat' dir='ltr'><strong>fidem,</strong></span> <span class='ocrx_word' id='word_1_865' title='bbox 2605 3259 2705 3311; x_wconf 90' lang='lat' dir='ltr'><strong>nisi</strong></span> <span class='ocrx_word' id='word_1_866' title='bbox 2737 3275 2795 3313; x_wconf 89' lang='lat' dir='ltr'><strong>ea</strong></span> <span class='ocrx_word' id='word_1_867' title='bbox 2830 3257 3001 3311; x_wconf 83' lang='lat' dir='ltr'><strong>facere</strong></span> <span class='ocrx_word' id='word_1_868' title='bbox 3036 3255 3350 3310; x_wconf 55' lang='lat' dir='ltr'><strong>monachum</strong></span> <span class='ocrx_word' id='word_1_869' title='bbox 3379 3269 3497 3321; x_wconf 71' lang='lat' dir='ltr'><strong>qua:</strong></span> 
     </span>
    </p>
   </div>
   <div class='ocr_carea' id='block_1_121' title="bbox 1926 3326 3496 3395">
    <p class='ocr_par' dir='ltr' id='par_1_121' title="bbox 1926 3326 3496 3395">
     <span class='ocr_line' id='line_1_121' title="bbox 1926 3326 3496 3395; baseline -0.001 -17"><span class='ocrx_word' id='word_1_870' title='bbox 1926 3335 2035 3393; x_wconf 84' lang='lat' dir='ltr'><strong>egit</strong></span> <span class='ocrx_word' id='word_1_871' title='bbox 2084 3331 2133 3378; x_wconf 89' lang='lat' dir='ltr'><strong>in</strong></span> <span class='ocrx_word' id='word_1_872' title='bbox 2180 3330 2375 3382; x_wconf 69' lang='lat' dir='ltr'><strong>smeulo</strong></span> <span class='ocrx_word' id='word_1_873' title='bbox 2429 3329 2602 3382; x_wconf 86' lang='lat' dir='ltr'><strong>adhuc</strong></span> <span class='ocrx_word' id='word_1_874' title='bbox 2650 3331 2700 3382; x_wconf 91' lang='lat' dir='ltr'><strong>in</strong></span> <span class='ocrx_word' id='word_1_875' title='bbox 2754 3330 2994 3381; x_wconf 69' lang='lat' dir='ltr'><strong>smculari</strong></span> <span class='ocrx_word' id='word_1_876' title='bbox 3043 3329 3221 3379; x_wconf 86' lang='lat' dir='ltr'><strong>habitu</strong></span> <span class='ocrx_word' id='word_1_877' title='bbox 3261 3326 3496 3395; x_wconf 67' lang='lat' dir='ltr'><strong>positus?</strong></span> 
     </span>
    </p>
   </div>
   <div class='ocr_carea' id='block_1_122' title="bbox 1927 3397 3491 3469">
    <p class='ocr_par' dir='ltr' id='par_1_122' title="bbox 1927 3397 3491 3469">
     <span class='ocr_line' id='line_1_122' title="bbox 1927 3397 3491 3469; baseline 0 -20"><span class='ocrx_word' id='word_1_878' title='bbox 1927 3397 2133 3449; x_wconf 73' lang='lat' dir='ltr'><strong>Sareulo</strong></span> <span class='ocrx_word' id='word_1_879' title='bbox 2164 3400 2318 3450; x_wconf 86' lang='lat' dir='ltr'><strong>Iidem</strong></span> <span class='ocrx_word' id='word_1_880' title='bbox 2344 3414 2540 3466; x_wconf 84' lang='lat' dir='ltr'><strong>servat,</strong></span> <span class='ocrx_word' id='word_1_881' title='bbox 2568 3402 2685 3469; x_wconf 78' lang='lat' dir='ltr'><strong>quia</strong></span> <span class='ocrx_word' id='word_1_882' title='bbox 2712 3401 2827 3469; x_wconf 87' lang='lat' dir='ltr'><strong>ejus</strong></span> <span class='ocrx_word' id='word_1_883' title='bbox 2851 3405 3171 3453; x_wconf 88' lang='lat' dir='ltr'><strong>voluntatem</strong></span> <span class='ocrx_word' id='word_1_884' title='bbox 3194 3400 3365 3451; x_wconf 85' lang='lat' dir='ltr'><strong>facere</strong></span> <span class='ocrx_word' id='word_1_885' title='bbox 3388 3412 3491 3449; x_wconf 89' lang='lat' dir='ltr'><strong>non</strong></span> 
     </span>
    </p>
   </div>
   <div class='ocr_carea' id='block_1_123' title="bbox 1926 3469 3492 3540">
    <p class='ocr_par' dir='ltr' id='par_1_123' title="bbox 1926 3469 3492 3540">
     <span class='ocr_line' id='line_1_123' title="bbox 1926 3469 3492 3540; baseline 0.001 -22"><span class='ocrx_word' id='word_1_886' title='bbox 1926 3477 2132 3531; x_wconf 79' lang='lat' dir='ltr'><strong>cessat;</strong></span> <span class='ocrx_word' id='word_1_887' title='bbox 2168 3471 2321 3523; x_wconf 83' lang='lat' dir='ltr'><strong>Iidem</strong></span> <span class='ocrx_word' id='word_1_888' title='bbox 2355 3473 2550 3524; x_wconf 67' lang='lat' dir='ltr'><strong>smceilo</strong></span> <span class='ocrx_word' id='word_1_889' title='bbox 2580 3481 2791 3536; x_wconf 84' lang='lat' dir='ltr'><strong>servat,</strong></span> <span class='ocrx_word' id='word_1_890' title='bbox 2838 3486 2958 3540; x_wconf 81' lang='lat' dir='ltr'><strong>qua</strong></span> <span class='ocrx_word' id='word_1_891' title='bbox 2982 3484 3039 3523; x_wconf 90' lang='lat' dir='ltr'><strong>se</strong></span> <span class='ocrx_word' id='word_1_892' title='bbox 3073 3485 3168 3522; x_wconf 88' lang='lat' dir='ltr'><strong>nec</strong></span> <span class='ocrx_word' id='word_1_893' title='bbox 3204 3469 3492 3525; x_wconf 69' lang='lat' dir='ltr'><strong>desiderio,</strong></span> 
     </span>
    </p>
   </div>
   <div class='ocr_carea' id='block_1_124' title="bbox 1927 3540 3490 3609">
    <p class='ocr_par' dir='ltr' id='par_1_124' title="bbox 1927 3540 3490 3609">
     <span class='ocr_line' id='line_1_124' title="bbox 1927 3540 3490 3609; baseline -0.002 -19"><span class='ocrx_word' id='word_1_894' title='bbox 1927 3552 2025 3591; x_wconf 83' lang='lat' dir='ltr'><strong>nec</strong></span> <span class='ocrx_word' id='word_1_895' title='bbox 2073 3554 2234 3606; x_wconf 89' lang='lat' dir='ltr'><strong>opere</strong></span> <span class='ocrx_word' id='word_1_896' title='bbox 2263 3547 2328 3591; x_wconf 86' lang='lat' dir='ltr'><strong>ab</strong></span> <span class='ocrx_word' id='word_1_897' title='bbox 2356 3540 2445 3594; x_wconf 90' lang='lat' dir='ltr'><strong>illo</strong></span> <span class='ocrx_word' id='word_1_898' title='bbox 2472 3552 2714 3608; x_wconf 88' lang='lat' dir='ltr'><strong>separat;</strong></span> <span class='ocrx_word' id='word_1_899' title='bbox 2748 3542 2841 3595; x_wconf 88' lang='lat' dir='ltr'><strong>sed</strong></span> <span class='ocrx_word' id='word_1_900' title='bbox 2865 3552 3063 3594; x_wconf 84' lang='lat' dir='ltr'><strong>tantum</strong></span> <span class='ocrx_word' id='word_1_901' title='bbox 3093 3556 3186 3609; x_wconf 81' lang='lat' dir='ltr'><strong>per</strong></span> <span class='ocrx_word' id='word_1_902' title='bbox 3221 3549 3490 3591; x_wconf 85' lang='lat' dir='ltr'><strong>tonsuram</strong></span> 
     </span>
    </p>
   </div>
   <div class='ocr_carea' id='block_1_125' title="bbox 1926 3610 3494 3676">
    <p class='ocr_par' dir='ltr' id='par_1_125' title="bbox 1926 3610 3494 3676">
     <span class='ocr_line' id='line_1_125' title="bbox 1926 3610 3494 3676; baseline 0.001 -16"><span class='ocrx_word' id='word_1_903' title='bbox 1926 3616 1979 3660; x_wconf 90' lang='lat' dir='ltr'><strong>et</strong></span> <span class='ocrx_word' id='word_1_904' title='bbox 2008 3610 2278 3676; x_wconf 81' lang='lat' dir='ltr'><strong>religionis</strong></span> <span class='ocrx_word' id='word_1_905' title='bbox 2324 3612 2560 3666; x_wconf 89' lang='lat' dir='ltr'><strong>habitum</strong></span> <span class='ocrx_word' id='word_1_906' title='bbox 2596 3618 2683 3666; x_wconf 78' lang='lat' dir='ltr'><strong>Dei</strong></span> <span class='ocrx_word' id='word_1_907' title='bbox 2724 3628 2843 3667; x_wconf 86' lang='lat' dir='ltr'><strong>sese</strong></span> <span class='ocrx_word' id='word_1_908' title='bbox 2885 3612 3137 3663; x_wconf 84' lang='lat' dir='ltr'><strong>mentitur</strong></span> <span class='ocrx_word' id='word_1_909' title='bbox 3189 3612 3383 3672; x_wconf 86' lang='lat' dir='ltr'><strong>litium;</strong></span> <span class='ocrx_word' id='word_1_910' title='bbox 3444 3611 3494 3661; x_wconf 90' lang='lat' dir='ltr'><strong>in</strong></span> 
     </span>
    </p>
   </div>
   <div class='ocr_carea' id='block_1_126' title="bbox 1929 3679 3497 3753">
    <p class='ocr_par' dir='ltr' id='par_1_126' title="bbox 1929 3679 3497 3753">
     <span class='ocr_line' id='line_1_126' title="bbox 1929 3679 3497 3753; baseline 0.002 -24"><span class='ocrx_word' id='word_1_911' title='bbox 1929 3679 2108 3753; x_wconf 67' lang='lat' dir='ltr'><strong>habitu</strong></span> <span class='ocrx_word' id='word_1_912' title='bbox 2159 3683 2299 3734; x_wconf 90' lang='lat' dir='ltr'><strong>enim</strong></span> <span class='ocrx_word' id='word_1_913' title='bbox 2360 3692 2413 3735; x_wconf 89' lang='lat' dir='ltr'><strong>et</strong></span> <span class='ocrx_word' id='word_1_914' title='bbox 2462 3685 2717 3753; x_wconf 78' lang='lat' dir='ltr'><strong>religioiie</strong></span> <span class='ocrx_word' id='word_1_915' title='bbox 2772 3684 3008 3736; x_wconf 79' lang='lat' dir='ltr'><strong>exterius</strong></span> <span class='ocrx_word' id='word_1_916' title='bbox 3054 3697 3084 3735; x_wconf 90' lang='lat' dir='ltr'><strong>a</strong></span> <span class='ocrx_word' id='word_1_917' title='bbox 3139 3681 3497 3733; x_wconf 71' lang='lat' dir='ltr'><strong>nescientibus</strong></span> 
     </span>
    </p>
   </div>
   <div class='ocr_carea' id='block_1_127' title="bbox 1928 3749 3496 3822">
    <p class='ocr_par' dir='ltr' id='par_1_127' title="bbox 1928 3749 3496 3822">
     <span class='ocr_line' id='line_1_127' title="bbox 1928 3749 3496 3822; baseline 0.003 -21"><span class='ocrx_word' id='word_1_918' title='bbox 1928 3749 2150 3805; x_wconf 86' lang='lat' dir='ltr'><strong>Domino</strong></span> <span class='ocrx_word' id='word_1_919' title='bbox 2185 3754 2387 3806; x_wconf 81' lang='lat' dir='ltr'><strong>videtur</strong></span> <span class='ocrx_word' id='word_1_920' title='bbox 2408 3769 2527 3807; x_wconf 71' lang='lat' dir='ltr'><strong>esse</strong></span> <span class='ocrx_word' id='word_1_921' title='bbox 2564 3749 2837 3809; x_wconf 81' lang='lat' dir='ltr'><strong>mentitus.</strong></span> <span class='ocrx_word' id='word_1_922' title='bbox 2871 3773 2887 3803; x_wconf 77' lang='grc' dir='ltr'><strong>ι</strong></span> <span class='ocrx_word' id='word_1_923' title='bbox 2925 3754 3050 3819; x_wconf 75' lang='lat' dir='ltr'><strong>Qua:</strong></span> <span class='ocrx_word' id='word_1_924' title='bbox 3092 3752 3303 3822; x_wconf 79' lang='lat' dir='ltr'><strong>egregie</strong></span> <span class='ocrx_word' id='word_1_925' title='bbox 3343 3765 3496 3822; x_wconf 81' lang='lat' dir='ltr'><strong>coiti-</strong></span> 
     </span>
    </p>
   </div>
   <div class='ocr_carea' id='block_1_128' title="bbox 1927 3821 3501 3895">
    <p class='ocr_par' dir='ltr' id='par_1_128' title="bbox 1927 3821 3501 3895">
     <span class='ocr_line' id='line_1_128' title="bbox 1927 3821 3501 3895; baseline 0.002 -25"><span class='ocrx_word' id='word_1_926' title='bbox 1927 3832 2115 3887; x_wconf 78' lang='lat' dir='ltr'><strong>petunt</strong></span> <span class='ocrx_word' id='word_1_927' title='bbox 2167 3823 2481 3888; x_wconf 84' lang='lat' dir='ltr'><strong>sarabaitis,</strong></span> <span class='ocrx_word' id='word_1_928' title='bbox 2525 3826 2614 3895; x_wconf 88' lang='lat' dir='ltr'><strong>qui</strong></span> <span class='ocrx_word' id='word_1_929' title='bbox 2660 3841 2764 3878; x_wconf 89' lang='lat' dir='ltr'><strong>non</strong></span> <span class='ocrx_word' id='word_1_930' title='bbox 2807 3826 2959 3877; x_wconf 84' lang='lat' dir='ltr'><strong>aliter</strong></span> <span class='ocrx_word' id='word_1_931' title='bbox 3000 3838 3063 3877; x_wconf 89' lang='lat' dir='ltr'><strong>ac</strong></span> <span class='ocrx_word' id='word_1_932' title='bbox 3106 3821 3156 3876; x_wconf 87' lang='lat' dir='ltr'><strong>in</strong></span> <span class='ocrx_word' id='word_1_933' title='bbox 3195 3821 3393 3876; x_wconf 74' lang='lat' dir='ltr'><strong>saeculo</strong></span> <span class='ocrx_word' id='word_1_934' title='bbox 3421 3824 3501 3873; x_wconf 89' lang='lat' dir='ltr'><strong>vi-</strong></span> 
     </span>
    </p>
   </div>
   <div class='ocr_carea' id='block_1_129' title="bbox 1927 3903 3377 3945">
    <p class='ocr_par' dir='ltr' id='par_1_129' title="bbox 1927 3903 3377 3945">
     <span class='ocr_line' id='line_1_129' title="bbox 1927 3903 3377 3945; baseline 0.003 -3"><span class='ocrx_word' id='word_1_935' title='bbox 1927 3903 2075 3945; x_wconf 81' lang='lat' dir='ltr'><strong>vunt.</strong></span> <span class='ocrx_word' id='word_1_936' title='bbox 3373 3932 3377 3935; x_wconf 31' lang='grc' dir='ltr'><strong>Α</strong></span> 
     </span>
    </p>
   </div>
   <div class='ocr_carea' id='block_1_130' title="bbox 1999 3961 3487 4037">
    <p class='ocr_par' dir='ltr' id='par_1_130' title="bbox 1999 3961 3487 4037">
     <span class='ocr_line' id='line_1_130' title="bbox 1999 3961 3487 4037; baseline 0.002 -24"><span class='ocrx_word' id='word_1_937' title='bbox 1999 3961 2207 4037; x_wconf 73' lang='lat' dir='ltr'><strong>Mentiri</strong></span> <span class='ocrx_word' id='word_1_938' title='bbox 2228 3963 2340 4037; x_wconf 5' lang='lat' dir='ltr'><strong>(Deo</strong></span> <span class='ocrx_word' id='word_1_939' title='bbox 2365 3984 2454 4037; x_wconf 78' lang='lat' dir='ltr'><strong>per</strong></span> <span class='ocrx_word' id='word_1_940' title='bbox 2492 3978 2750 4021; x_wconf 80' lang='lat' dir='ltr'><strong>tonsuram</strong></span> <span class='ocrx_word' id='word_1_941' title='bbox 2776 3964 3093 4036; x_wconf 79' lang='lat' dir='ltr'><strong>uoscuntur.]</strong></span> <span class='ocrx_word' id='word_1_942' title='bbox 3138 3964 3289 4037; x_wconf 83' lang='lat' dir='ltr'><strong>Quia,</strong></span> <span class='ocrx_word' id='word_1_943' title='bbox 3322 3974 3374 4037; x_wconf 83' lang='lat' dir='ltr'><strong>ut</strong></span> <span class='ocrx_word' id='word_1_944' title='bbox 3412 3962 3487 4016; x_wconf 90' lang='lat' dir='ltr'><strong>di-</strong></span> 
     </span>
    </p>
   </div>
   <div class='ocr_carea' id='block_1_131' title="bbox 1924 4032 3495 4103">
    <p class='ocr_par' dir='ltr' id='par_1_131' title="bbox 1924 4032 3495 4103">
     <span class='ocr_line' id='line_1_131' title="bbox 1924 4032 3495 4103; baseline 0.001 -18"><span class='ocrx_word' id='word_1_945' title='bbox 1924 4032 1998 4085; x_wconf 91' lang='lat' dir='ltr'><strong>cit</strong></span> <span class='ocrx_word' id='word_1_946' title='bbox 2035 4036 2171 4102; x_wconf 89' lang='lat' dir='ltr'><strong>apiid</strong></span> <span class='ocrx_word' id='word_1_947' title='bbox 2203 4032 2511 4091; x_wconf 79' lang='lat' dir='ltr'><strong>Cassianum</strong></span> <span class='ocrx_word' id='word_1_948' title='bbox 2550 4040 2713 4093; x_wconf 85' lang='lat' dir='ltr'><strong>abbas</strong></span> <span class='ocrx_word' id='word_1_949' title='bbox 2765 4040 3018 4101; x_wconf 78' lang='lat' dir='ltr'><strong>Piaiiion,</strong></span> <span class='ocrx_word' id='word_1_950' title='bbox 3077 4032 3190 4090; x_wconf 73' lang='lat' dir='ltr'><strong>iad</strong></span> <span class='ocrx_word' id='word_1_951' title='bbox 3232 4036 3495 4103; x_wconf 83' lang='lat' dir='ltr'><strong>publicum</strong></span> 
     </span>
    </p>
   </div>
   <div class='ocr_carea' id='block_1_132' title="bbox 1926 4109 3494 4171">
    <p class='ocr_par' dir='ltr' id='par_1_132' title="bbox 1926 4109 3494 4171">
     <span class='ocr_line' id='line_1_132' title="bbox 1926 4109 3494 4171; baseline 0.001 -16"><span class='ocrx_word' id='word_1_952' title='bbox 1926 4109 2311 4167; x_wconf 84' lang='lat' dir='ltr'><strong>tantummodo,</strong></span> <span class='ocrx_word' id='word_1_953' title='bbox 2338 4111 2387 4161; x_wconf 88' lang='lat' dir='ltr'><strong>id</strong></span> <span class='ocrx_word' id='word_1_954' title='bbox 2410 4122 2491 4163; x_wconf 87' lang='lat' dir='ltr'><strong>est</strong></span> <span class='ocrx_word' id='word_1_955' title='bbox 2513 4114 2576 4162; x_wconf 92' lang='lat' dir='ltr'><strong>ad</strong></span> <span class='ocrx_word' id='word_1_956' title='bbox 2601 4110 2871 4164; x_wconf 88' lang='lat' dir='ltr'><strong>hominum</strong></span> <span class='ocrx_word' id='word_1_957' title='bbox 2896 4110 3083 4163; x_wconf 83' lang='lat' dir='ltr'><strong>faciem</strong></span> <span class='ocrx_word' id='word_1_958' title='bbox 3107 4109 3494 4171; x_wconf 87' lang='lat' dir='ltr'><strong>renuntiantes,</strong></span> 
     </span>
    </p>
   </div>
   <div class='ocr_carea' id='block_1_133' title="bbox 1925 4177 3493 4249">
    <p class='ocr_par' dir='ltr' id='par_1_133' title="bbox 1925 4177 3493 4249">
     <span class='ocr_line' id='line_1_133' title="bbox 1925 4177 3493 4249; baseline -0.001 -21"><span class='ocrx_word' id='word_1_959' title='bbox 1925 4177 2123 4249; x_wconf 23' lang='lat' dir='ltr'><strong>autwin</strong></span> <span class='ocrx_word' id='word_1_960' title='bbox 2153 4178 2265 4231; x_wconf 88' lang='lat' dir='ltr'><strong>suis</strong></span> <span class='ocrx_word' id='word_1_961' title='bbox 2306 4179 2589 4235; x_wconf 84' lang='lat' dir='ltr'><strong>domiciliis</strong></span> <span class='ocrx_word' id='word_1_962' title='bbox 2620 4184 2716 4235; x_wconf 90' lang='lat' dir='ltr'><strong>sub</strong></span> <span class='ocrx_word' id='word_1_963' title='bbox 2746 4181 3019 4249; x_wconf 84' lang='lat' dir='ltr'><strong>privilegio</strong></span> <span class='ocrx_word' id='word_1_964' title='bbox 3068 4179 3225 4247; x_wconf 89' lang='lat' dir='ltr'><strong>hujus</strong></span> <span class='ocrx_word' id='word_1_965' title='bbox 3266 4177 3493 4249; x_wconf 85' lang='lat' dir='ltr'><strong>nominis</strong></span> 
     </span>
    </p>
   </div>
   <div class='ocr_carea' id='block_1_134' title="bbox 1926 4247 3491 4322">
    <p class='ocr_par' dir='ltr' id='par_1_134' title="bbox 1926 4247 3491 4322">
     <span class='ocr_line' id='line_1_134' title="bbox 1926 4247 3491 4322; baseline 0.003 -24"><span class='ocrx_word' id='word_1_966' title='bbox 1926 4247 2161 4314; x_wconf 89' lang='lat' dir='ltr'><strong>(scilicet</strong></span> <span class='ocrx_word' id='word_1_967' title='bbox 2201 4251 2481 4322; x_wconf 86' lang='lat' dir='ltr'><strong>monachi)</strong></span> <span class='ocrx_word' id='word_1_968' title='bbox 2522 4253 2707 4306; x_wconf 86' lang='lat' dir='ltr'><strong>iisdem</strong></span> <span class='ocrx_word' id='word_1_969' title='bbox 2749 4247 2992 4305; x_wconf 21' lang='lat' dir='ltr'><strong>Vobstric&#39;ti</strong></span> <span class='ocrx_word' id='word_1_970' title='bbox 3049 4248 3491 4322; x_wconf 81' lang='lat' dir='ltr'><strong>occupationibus</strong></span> 
     </span>
    </p>
   </div>
   <div class='ocr_carea' id='block_1_135' title="bbox 1925 4319 3488 4392">
    <p class='ocr_par' dir='ltr' id='par_1_135' title="bbox 1925 4319 3488 4392">
     <span class='ocr_line' id='line_1_135' title="bbox 1925 4319 3488 4392; baseline 0.004 -27"><span class='ocrx_word' id='word_1_971' title='bbox 1925 4332 2269 4383; x_wconf 81' lang='lat' dir='ltr'><strong>perseverant</strong></span> <span class='ocrx_word' id='word_1_972' title='bbox 2298 4361 2312 4381; x_wconf 91' lang='lat'><strong>,</strong></span> <span class='ocrx_word' id='word_1_973' title='bbox 2364 4319 2470 4392; x_wconf 80' lang='lat'><strong>50</strong></span> <span class='ocrx_word' id='word_1_974' title='bbox 2523 4335 2615 4376; x_wconf 86' lang='lat' dir='ltr'><strong>aut</strong></span> <span class='ocrx_word' id='word_1_975' title='bbox 2674 4333 3047 4378; x_wconf 89' lang='lat' dir='ltr'><strong>construentes</strong></span> <span class='ocrx_word' id='word_1_976' title='bbox 3083 4322 3184 4375; x_wconf 89' lang='lat' dir='ltr'><strong>sibi</strong></span> <span class='ocrx_word' id='word_1_977' title='bbox 3232 4319 3488 4379; x_wconf 69' lang='lat' dir='ltr'><strong>eell.il.is,</strong></span> 
     </span>
    </p>
   </div>
   <div class='ocr_carea' id='block_1_136' title="bbox 1924 4392 3493 4462">
    <p class='ocr_par' dir='ltr' id='par_1_136' title="bbox 1924 4392 3493 4462">
     <span class='ocr_line' id='line_1_136' title="bbox 1924 4392 3493 4462; baseline -0.001 -18"><span class='ocrx_word' id='word_1_978' title='bbox 1924 4403 2120 4462; x_wconf 50' lang='lat' dir='ltr'><strong>«fasque</strong></span> <span class='ocrx_word' id='word_1_979' title='bbox 2152 4404 2475 4446; x_wconf 86' lang='lat' dir='ltr'><strong>monasteria</strong></span> <span class='ocrx_word' id='word_1_980' title='bbox 2523 4406 2910 4462; x_wconf 86' lang='lat' dir='ltr'><strong>nuncupantes,</strong></span> <span class='ocrx_word' id='word_1_981' title='bbox 2940 4408 3039 4446; x_wconf 88' lang='lat' dir='ltr'><strong>suo</strong></span> <span class='ocrx_word' id='word_1_982' title='bbox 3070 4392 3121 4445; x_wconf 91' lang='lat' dir='ltr'><strong>in</strong></span> <span class='ocrx_word' id='word_1_983' title='bbox 3163 4395 3242 4445; x_wconf 91' lang='lat' dir='ltr'><strong>eis</strong></span> <span class='ocrx_word' id='word_1_984' title='bbox 3279 4392 3399 4460; x_wconf 90' lang='lat' dir='ltr'><strong>jure</strong></span> <span class='ocrx_word' id='word_1_985' title='bbox 3428 4404 3493 4443; x_wconf 90' lang='lat' dir='ltr'><strong>ac</strong></span> 
     </span>
    </p>
   </div>
   <div class='ocr_carea' id='block_1_137' title="bbox 1928 4458 3492 4533">
    <p class='ocr_par' dir='ltr' id='par_1_137' title="bbox 1928 4458 3492 4533">
     <span class='ocr_line' id='line_1_137' title="bbox 1928 4458 3492 4533; baseline 0.003 -22"><span class='ocrx_word' id='word_1_986' title='bbox 1928 4458 2172 4533; x_wconf 83' lang='lat' dir='ltr'><strong>libertate</strong></span> <span class='ocrx_word' id='word_1_987' title='bbox 2197 4464 2513 4527; x_wconf 82' lang='lat' dir='ltr'><strong>consismnt,</strong></span> <span class='ocrx_word' id='word_1_988' title='bbox 2541 4458 2869 4533; x_wconf 65' lang='lat' dir='ltr'><strong>nequaquam</strong></span> <span class='ocrx_word' id='word_1_989' title='bbox 2901 4463 3229 4532; x_wconf 85' lang='lat' dir='ltr'><strong>evaiigelieis</strong></span> <span class='ocrx_word' id='word_1_990' title='bbox 3259 4458 3492 4533; x_wconf 52' lang='lat' dir='ltr'><strong>prazcepj</strong></span> 
     </span>
    </p>
   </div>
   <div class='ocr_carea' id='block_1_138' title="bbox 1927 4529 3491 4602">
    <p class='ocr_par' dir='ltr' id='par_1_138' title="bbox 1927 4529 3491 4602">
     <span class='ocr_line' id='line_1_138' title="bbox 1927 4529 3491 4602; baseline 0.003 -22"><span class='ocrx_word' id='word_1_991' title='bbox 1927 4529 2158 4602; x_wconf 83' lang='lat' dir='ltr'><strong>tionibus</strong></span> <span class='ocrx_word' id='word_1_992' title='bbox 2202 4529 2637 4593; x_wconf 59' lang='lat' dir='ltr'><strong>sueeuinbeiites.</strong></span> <span class='ocrx_word' id='word_1_993' title='bbox 2665 4529 2892 4589; x_wconf 49' lang='lat' dir='ltr'><strong>ut&#39;nulli</strong></span> <span class='ocrx_word' id='word_1_994' title='bbox 2942 4529 3150 4589; x_wconf 83' lang='lat' dir='ltr'><strong>scilicet</strong></span> <span class='ocrx_word' id='word_1_995' title='bbox 3197 4529 3491 4602; x_wconf 86' lang='lat' dir='ltr'><strong>quotidiani</strong></span> 
     </span>
    </p>
   </div>
   <div class='ocr_carea' id='block_1_139' title="bbox 1921 4600 3497 4672">
    <p class='ocr_par' dir='ltr' id='par_1_139' title="bbox 1921 4600 3497 4672">
     <span class='ocr_line' id='line_1_139' title="bbox 1921 4600 3497 4672; baseline 0.003 -20"><span class='ocrx_word' id='word_1_996' title='bbox 1921 4600 2089 4672; x_wconf 87' lang='lat' dir='ltr'><strong>vietus</strong></span> <span class='ocrx_word' id='word_1_997' title='bbox 2118 4602 2506 4672; x_wconf 87' lang='lat' dir='ltr'><strong>sollicitudine,</strong></span> <span class='ocrx_word' id='word_1_998' title='bbox 2534 4608 2695 4660; x_wconf 85' lang='lat' dir='ltr'><strong>nullis</strong></span> <span class='ocrx_word' id='word_1_999' title='bbox 2726 4611 2799 4660; x_wconf 87' lang='lat' dir='ltr'><strong>rei</strong></span> <span class='ocrx_word' id='word_1_1000' title='bbox 2837 4606 3114 4660; x_wconf 70' lang='lat' dir='ltr'><strong>familiaris</strong></span> <span class='ocrx_word' id='word_1_1001' title='bbox 3160 4600 3497 4658; x_wconf 66' lang='lat' dir='ltr'><strong>d‘istentiuni-</strong></span> 
     </span>
    </p>
   </div>
   <div class='ocr_carea' id='block_1_140' title="bbox 1922 4671 2455 4740">
    <p class='ocr_par' dir='ltr' id='par_1_140' title="bbox 1922 4671 2455 4740">
     <span class='ocr_line' id='line_1_140' title="bbox 1922 4671 2455 4740; baseline 0.004 -17"><span class='ocrx_word' id='word_1_1002' title='bbox 1922 4671 2017 4723; x_wconf 85' lang='lat' dir='ltr'><strong>bus</strong></span> <span class='ocrx_word' id='word_1_1003' title='bbox 2048 4688 2396 4740; x_wconf 88' lang='lat' dir='ltr'><strong>occupentur.</strong></span> <span class='ocrx_word' id='word_1_1004' title='bbox 2437 4695 2455 4725; x_wconf 74' lang='grc' dir='ltr'><strong>ι</strong></span> 
     </span>
    </p>
   </div>
   <div class='ocr_carea' id='block_1_141' title="bbox 1996 4742 3495 4820">
    <p class='ocr_par' dir='ltr' id='par_1_141' title="bbox 1996 4742 3495 4820">
     <span class='ocr_line' id='line_1_141' title="bbox 1996 4742 3495 4820; baseline 0.003 -27"><span class='ocrx_word' id='word_1_1005' title='bbox 1996 4742 2095 4820; x_wconf 70' lang='lat' dir='ltr'><strong>Qui</strong></span> <span class='ocrx_word' id='word_1_1006' title='bbox 2150 4743 2250 4796; x_wconf 83' lang='lat' dir='ltr'><strong>bim</strong></span> <span class='ocrx_word' id='word_1_1007' title='bbox 2302 4749 2574 4820; x_wconf 30' lang='lat' dir='ltr'><strong>autJtemi</strong></span> <span class='ocrx_word' id='word_1_1008' title='bbox 2631 4759 2717 4800; x_wconf 85' lang='lat' dir='ltr'><strong>aut</strong></span> <span class='ocrx_word' id='word_1_1009' title='bbox 2763 4758 2894 4802; x_wconf 84' lang='lat' dir='ltr'><strong>certe</strong></span> <span class='ocrx_word' id='word_1_1010' title='bbox 2941 4744 3188 4820; x_wconf 78' lang='lat' dir='ltr'><strong>singuli.]</strong></span> <span class='ocrx_word' id='word_1_1011' title='bbox 3234 4745 3495 4820; x_wconf 78' lang='lat' dir='ltr'><strong>Similiter</strong></span> 
     </span>
    </p>
   </div>
   <div class='ocr_carea' id='block_1_142' title="bbox 1922 4813 3496 4887">
    <p class='ocr_par' dir='ltr' id='par_1_142' title="bbox 1922 4813 3496 4887">
     <span class='ocr_line' id='line_1_142' title="bbox 1922 4813 3496 4887; baseline 0.001 -19"><span class='ocrx_word' id='word_1_1012' title='bbox 1922 4813 1979 4868; x_wconf 89' lang='lat' dir='ltr'><strong>S.</strong></span> <span class='ocrx_word' id='word_1_1013' title='bbox 2014 4815 2366 4885; x_wconf 82' lang='lat' dir='ltr'><strong>Hieronymus</strong></span> <span class='ocrx_word' id='word_1_1014' title='bbox 2396 4816 2587 4887; x_wconf 68' lang='lat' dir='ltr'><strong>(Epist.</strong></span> <span class='ocrx_word' id='word_1_1015' title='bbox 2617 4822 2708 4884; x_wconf 70' lang='lat'><strong>22)</strong></span> <span class='ocrx_word' id='word_1_1016' title='bbox 2744 4837 2756 4870; x_wconf 89' lang='lat'><strong>:</strong></span> <span class='ocrx_word' id='word_1_1017' title='bbox 2795 4839 2813 4870; x_wconf 85' lang='grc' dir='ltr'><strong>ι</strong></span> <span class='ocrx_word' id='word_1_1018' title='bbox 2842 4820 2903 4873; x_wconf 86' lang='lat' dir='ltr'><strong>lli</strong></span> <span class='ocrx_word' id='word_1_1019' title='bbox 2930 4813 3071 4883; x_wconf 76' lang='lat' dir='ltr'><strong>bini,</strong></span> <span class='ocrx_word' id='word_1_1020' title='bbox 3099 4813 3187 4873; x_wconf 83' lang='lat' dir='ltr'><strong>vel</strong></span> <span class='ocrx_word' id='word_1_1021' title='bbox 3216 4818 3372 4880; x_wconf 90' lang='lat' dir='ltr'><strong>teiiii,</strong></span> <span class='ocrx_word' id='word_1_1022' title='bbox 3398 4834 3496 4871; x_wconf 88' lang='lat' dir='ltr'><strong>nee</strong></span> 
     </span>
    </p>
   </div>
   <div class='ocr_carea' id='block_1_143' title="bbox 1922 4888 3490 4958">
    <p class='ocr_par' dir='ltr' id='par_1_143' title="bbox 1922 4888 3490 4958">
     <span class='ocr_line' id='line_1_143' title="bbox 1922 4888 3490 4958; baseline 0 -19"><span class='ocrx_word' id='word_1_1023' title='bbox 1922 4889 2090 4940; x_wconf 89' lang='lat' dir='ltr'><strong>multo</strong></span> <span class='ocrx_word' id='word_1_1024' title='bbox 2121 4888 2298 4958; x_wconf 86' lang='lat' dir='ltr'><strong>plures</strong></span> <span class='ocrx_word' id='word_1_1025' title='bbox 2328 4892 2483 4942; x_wconf 89' lang='lat' dir='ltr'><strong>simul</strong></span> <span class='ocrx_word' id='word_1_1026' title='bbox 2517 4891 2783 4955; x_wconf 74' lang='lat' dir='ltr'><strong>habitant;</strong></span> <span class='ocrx_word' id='word_1_1027' title='bbox 2841 4908 2859 4941; x_wconf 71' lang='grc' dir='ltr'><strong>ι</strong></span> <span class='ocrx_word' id='word_1_1028' title='bbox 2895 4903 2951 4945; x_wconf 73' lang='lat' dir='ltr'><strong>et-</strong></span> <span class='ocrx_word' id='word_1_1029' title='bbox 2991 4891 3131 4958; x_wconf 87' lang='lat' dir='ltr'><strong>apud</strong></span> <span class='ocrx_word' id='word_1_1030' title='bbox 3178 4888 3490 4944; x_wconf 86' lang='lat' dir='ltr'><strong>Cassianum</strong></span> 
     </span>
    </p>
   </div>
   <div class='ocr_carea' id='block_1_144' title="bbox 1921 4957 3498 5027">
    <p class='ocr_par' dir='ltr' id='par_1_144' title="bbox 1921 4957 3498 5027">
     <span class='ocr_line' id='line_1_144' title="bbox 1921 4957 3498 5027; baseline 0.003 -18"><span class='ocrx_word' id='word_1_1031' title='bbox 1921 4961 2086 5010; x_wconf 88' lang='lat' dir='ltr'><strong>abbas</strong></span> <span class='ocrx_word' id='word_1_1032' title='bbox 2127 4957 2343 5011; x_wconf 80' lang='lat' dir='ltr'><strong>Pianioii</strong></span> <span class='ocrx_word' id='word_1_1033' title='bbox 2385 4976 2398 5011; x_wconf 89' lang='lat'><strong>:</strong></span> <span class='ocrx_word' id='word_1_1034' title='bbox 2451 4978 2470 5009; x_wconf 77' lang='grc' dir='ltr'><strong>ι</strong></span> <span class='ocrx_word' id='word_1_1035' title='bbox 2516 4961 2591 5013; x_wconf 92' lang='lat' dir='ltr'><strong>Illi</strong></span> <span class='ocrx_word' id='word_1_1036' title='bbox 2648 4972 2822 5015; x_wconf 88' lang='lat' dir='ltr'><strong>autem</strong></span> <span class='ocrx_word' id='word_1_1037' title='bbox 2855 4962 2943 5027; x_wconf 91' lang='lat' dir='ltr'><strong>qui</strong></span> <span class='ocrx_word' id='word_1_1038' title='bbox 2988 4961 3406 5025; x_wconf 86' lang='lat' dir='ltr'><strong>districtioneiii,</strong></span> <span class='ocrx_word' id='word_1_1039' title='bbox 3441 4968 3498 5013; x_wconf 82' lang='lat' dir='ltr'><strong>ut</strong></span> 
     </span>
    </p>
   </div>
   <div class='ocr_carea' id='block_1_145' title="bbox 1922 5029 3496 5097">
    <p class='ocr_par' dir='ltr' id='par_1_145' title="bbox 1922 5029 3496 5097">
     <span class='ocr_line' id='line_1_145' title="bbox 1922 5029 3496 5097; baseline 0.001 -16"><span class='ocrx_word' id='word_1_1040' title='bbox 1922 5029 2149 5082; x_wconf 80' lang='lat' dir='ltr'><strong>diximus</strong></span> <span class='ocrx_word' id='word_1_1041' title='bbox 2172 5068 2188 5092; x_wconf 90' lang='lat'><strong>,</strong></span> <span class='ocrx_word' id='word_1_1042' title='bbox 2224 5029 2577 5097; x_wconf 82' lang='lat' dir='ltr'><strong>declinantes,</strong></span> <span class='ocrx_word' id='word_1_1043' title='bbox 2604 5032 2709 5086; x_wconf 88' lang='lat' dir='ltr'><strong>bini</strong></span> <span class='ocrx_word' id='word_1_1044' title='bbox 2739 5033 2817 5086; x_wconf 88' lang='lat' dir='ltr'><strong>vel</strong></span> <span class='ocrx_word' id='word_1_1045' title='bbox 2853 5034 2985 5087; x_wconf 81' lang='lat' dir='ltr'><strong>terni</strong></span> <span class='ocrx_word' id='word_1_1046' title='bbox 3018 5036 3068 5086; x_wconf 90' lang='lat' dir='ltr'><strong>in</strong></span> <span class='ocrx_word' id='word_1_1047' title='bbox 3112 5029 3319 5086; x_wconf 87' lang='lat' dir='ltr'><strong>cellulis</strong></span> <span class='ocrx_word' id='word_1_1048' title='bbox 3347 5046 3496 5083; x_wconf 89' lang='lat' dir='ltr'><strong>com-</strong></span> 
     </span>
    </p>
   </div>
   <div class='ocr_carea' id='block_1_146' title="bbox 1922 5103 3498 5171">
    <p class='ocr_par' dir='ltr' id='par_1_146' title="bbox 1922 5103 3498 5171">
     <span class='ocr_line' id='line_1_146' title="bbox 1922 5103 3498 5171; baseline 0.001 -18"><span class='ocrx_word' id='word_1_1049' title='bbox 1922 5110 2217 5163; x_wconf 87' lang='lat' dir='ltr'><strong>morantur,</strong></span> <span class='ocrx_word' id='word_1_1050' title='bbox 2254 5120 2274 5151; x_wconf 74' lang='lat' dir='ltr'><strong>i</strong></span> <span class='ocrx_word' id='word_1_1051' title='bbox 2308 5110 2456 5155; x_wconf 82' lang='lat' dir='ltr'><strong>ete.:</strong></span> <span class='ocrx_word' id='word_1_1052' title='bbox 2504 5104 2553 5156; x_wconf 91' lang='lat' dir='ltr'><strong>in</strong></span> <span class='ocrx_word' id='word_1_1053' title='bbox 2595 5104 2695 5156; x_wconf 89' lang='lat' dir='ltr'><strong>lioe</strong></span> <span class='ocrx_word' id='word_1_1054' title='bbox 2738 5106 2967 5171; x_wconf 78' lang='lat' dir='ltr'><strong>aliquam</strong></span> <span class='ocrx_word' id='word_1_1055' title='bbox 3019 5103 3406 5157; x_wconf 78' lang='lat' dir='ltr'><strong>anachoretica:</strong></span> <span class='ocrx_word' id='word_1_1056' title='bbox 3440 5111 3498 5156; x_wconf 88' lang='lat' dir='ltr'><strong>et</strong></span> 
     </span>
    </p>
   </div>
   <div class='ocr_carea' id='block_1_147' title="bbox 1920 5174 3491 5242">
    <p class='ocr_par' dir='ltr' id='par_1_147' title="bbox 1920 5174 3491 5242">
     <span class='ocr_line' id='line_1_147' title="bbox 1920 5174 3491 5242; baseline -0.002 -16"><span class='ocrx_word' id='word_1_1057' title='bbox 1920 5175 2253 5226; x_wconf 76' lang='lat' dir='ltr'><strong>cienobitii-ie</strong></span> <span class='ocrx_word' id='word_1_1058' title='bbox 2291 5174 2409 5225; x_wconf 72' lang='lat' dir='ltr'><strong>vita:</strong></span> <span class='ocrx_word' id='word_1_1059' title='bbox 2450 5176 2682 5241; x_wconf 88' lang='lat' dir='ltr'><strong>speciem</strong></span> <span class='ocrx_word' id='word_1_1060' title='bbox 2715 5191 2823 5242; x_wconf 76' lang='lat' dir='ltr'><strong>prie</strong></span> <span class='ocrx_word' id='word_1_1061' title='bbox 2850 5190 2909 5229; x_wconf 91' lang='lat' dir='ltr'><strong>se</strong></span> <span class='ocrx_word' id='word_1_1062' title='bbox 2941 5175 3176 5229; x_wconf 81' lang='lat' dir='ltr'><strong>ferentes</strong></span> <span class='ocrx_word' id='word_1_1063' title='bbox 3200 5215 3214 5238; x_wconf 91' lang='lat'><strong>,</strong></span> <span class='ocrx_word' id='word_1_1064' title='bbox 3248 5183 3491 5228; x_wconf 88' lang='lat' dir='ltr'><strong>neutram</strong></span> 
     </span>
    </p>
   </div>
   <div class='ocr_carea' id='block_1_148' title="bbox 1920 5243 3495 5313">
    <p class='ocr_par' dir='ltr' id='par_1_148' title="bbox 1920 5243 3495 5313">
     <span class='ocr_line' id='line_1_148' title="bbox 1920 5243 3495 5313; baseline 0.001 -19"><span class='ocrx_word' id='word_1_1065' title='bbox 1920 5254 2094 5297; x_wconf 85' lang='lat' dir='ltr'><strong>autem</strong></span> <span class='ocrx_word' id='word_1_1066' title='bbox 2129 5243 2179 5297; x_wconf 89' lang='lat' dir='ltr'><strong>in</strong></span> <span class='ocrx_word' id='word_1_1067' title='bbox 2204 5243 2278 5297; x_wconf 87' lang='lat' dir='ltr'><strong>rei</strong></span> <span class='ocrx_word' id='word_1_1068' title='bbox 2302 5244 2528 5298; x_wconf 86' lang='lat' dir='ltr'><strong>veritate</strong></span> <span class='ocrx_word' id='word_1_1069' title='bbox 2552 5256 2797 5301; x_wconf 81' lang='lat' dir='ltr'><strong>tenentes</strong></span> <span class='ocrx_word' id='word_1_1070' title='bbox 2828 5264 2844 5301; x_wconf 86' lang='lat'><strong>:</strong></span> <span class='ocrx_word' id='word_1_1071' title='bbox 2870 5264 2971 5300; x_wconf 88' lang='lat' dir='ltr'><strong>non</strong></span> <span class='ocrx_word' id='word_1_1072' title='bbox 2997 5246 3242 5313; x_wconf 85' lang='lat' dir='ltr'><strong>primatu,</strong></span> <span class='ocrx_word' id='word_1_1073' title='bbox 3273 5252 3495 5312; x_wconf 81' lang='lat' dir='ltr'><strong>propter</strong></span> 
     </span>
    </p>
   </div>
   <div class='ocr_carea' id='block_1_149' title="bbox 1920 5315 3493 5383">
    <p class='ocr_par' dir='ltr' id='par_1_149' title="bbox 1920 5315 3493 5383">
     <span class='ocr_line' id='line_1_149' title="bbox 1920 5315 3493 5383; baseline 0.001 -18"><span class='ocrx_word' id='word_1_1074' title='bbox 1920 5315 2259 5374; x_wconf 81' lang='lat' dir='ltr'><strong>societatem.</strong></span> <span class='ocrx_word' id='word_1_1075' title='bbox 2291 5330 2446 5383; x_wconf 91' lang='lat' dir='ltr'><strong>quam</strong></span> <span class='ocrx_word' id='word_1_1076' title='bbox 2491 5327 2691 5382; x_wconf 89' lang='lat' dir='ltr'><strong>respuit</strong></span> <span class='ocrx_word' id='word_1_1077' title='bbox 2738 5319 3111 5377; x_wconf 82' lang='lat' dir='ltr'><strong>auaehoresis;</strong></span> <span class='ocrx_word' id='word_1_1078' title='bbox 3158 5331 3264 5369; x_wconf 83' lang='lat' dir='ltr'><strong>non</strong></span> <span class='ocrx_word' id='word_1_1079' title='bbox 3301 5329 3493 5377; x_wconf 65' lang='lat' dir='ltr'><strong>secuit-</strong></span> 
     </span>
    </p>
   </div>
   <div class='ocr_carea' id='block_1_150' title="bbox 1919 5384 3494 5455">
    <p class='ocr_par' dir='ltr' id='par_1_150' title="bbox 1919 5384 3494 5455">
     <span class='ocr_line' id='line_1_150' title="bbox 1919 5384 3494 5455; baseline 0.001 -17"><span class='ocrx_word' id='word_1_1080' title='bbox 1919 5384 2065 5448; x_wconf 76' lang='lat' dir='ltr'><strong>dim,</strong></span> <span class='ocrx_word' id='word_1_1081' title='bbox 2092 5384 2299 5441; x_wconf 87' lang='lat' dir='ltr'><strong>defectu</strong></span> <span class='ocrx_word' id='word_1_1082' title='bbox 2330 5387 2705 5450; x_wconf 88' lang='lat' dir='ltr'><strong>multitudinis,</strong></span> <span class='ocrx_word' id='word_1_1083' title='bbox 2731 5405 2909 5452; x_wconf 84' lang='lat' dir='ltr'><strong>quam,</strong></span> <span class='ocrx_word' id='word_1_1084' title='bbox 2930 5398 2987 5442; x_wconf 90' lang='lat' dir='ltr'><strong>ut</strong></span> <span class='ocrx_word' id='word_1_1085' title='bbox 3012 5404 3137 5442; x_wconf 87' lang='lat' dir='ltr'><strong>vere</strong></span> <span class='ocrx_word' id='word_1_1086' title='bbox 3164 5398 3218 5441; x_wconf 90' lang='lat' dir='ltr'><strong>et</strong></span> <span class='ocrx_word' id='word_1_1087' title='bbox 3245 5385 3494 5455; x_wconf 82' lang='lat' dir='ltr'><strong>religioso</strong></span> 
     </span>
    </p>
   </div>
   <div class='ocr_carea' id='block_1_151' title="bbox 1919 5456 2940 5525">
    <p class='ocr_par' dir='ltr' id='par_1_151' title="bbox 1919 5456 2940 5525">
     <span class='ocr_line' id='line_1_151' title="bbox 1919 5456 2940 5525; baseline 0.004 -16"><span class='ocrx_word' id='word_1_1088' title='bbox 1919 5467 2252 5519; x_wconf 77' lang='lat' dir='ltr'><strong>exerceatur,</strong></span> <span class='ocrx_word' id='word_1_1089' title='bbox 2280 5456 2443 5525; x_wconf 79' lang='lat' dir='ltr'><strong>exigit</strong></span> <span class='ocrx_word' id='word_1_1090' title='bbox 2463 5458 2778 5512; x_wconf 71' lang='lat' dir='ltr'><strong>cmnobitiea</strong></span> <span class='ocrx_word' id='word_1_1091' title='bbox 2815 5460 2940 5513; x_wconf 85' lang='lat' dir='ltr'><strong>vita.</strong></span> 
     </span>
    </p>
   </div>
   <div class='ocr_carea' id='block_1_152' title="bbox 1995 5526 3494 5584">
    <p class='ocr_par' dir='ltr' id='par_1_152' title="bbox 1995 5526 3494 5584">
     <span class='ocr_line' id='line_1_152' title="bbox 1995 5526 3494 5584; baseline 0.001 -5"><span class='ocrx_word' id='word_1_1092' title='bbox 1995 5528 2086 5581; x_wconf 86' lang='lat' dir='ltr'><strong>llis</strong></span> <span class='ocrx_word' id='word_1_1093' title='bbox 2105 5540 2284 5581; x_wconf 88' lang='lat' dir='ltr'><strong>autem</strong></span> <span class='ocrx_word' id='word_1_1094' title='bbox 2303 5528 2687 5582; x_wconf 85' lang='lat' dir='ltr'><strong>sarabaitarum</strong></span> <span class='ocrx_word' id='word_1_1095' title='bbox 2703 5530 2937 5584; x_wconf 86' lang='lat' dir='ltr'><strong>latibulis</strong></span> <span class='ocrx_word' id='word_1_1096' title='bbox 2951 5530 3085 5582; x_wconf 87' lang='lat' dir='ltr'><strong>haud</strong></span> <span class='ocrx_word' id='word_1_1097' title='bbox 3104 5529 3324 5583; x_wconf 85' lang='lat' dir='ltr'><strong>multum</strong></span> <span class='ocrx_word' id='word_1_1098' title='bbox 3348 5526 3494 5582; x_wconf 82' lang='lat' dir='ltr'><strong>absi-</strong></span> 
     </span>
    </p>
   </div>
   <div class='ocr_carea' id='block_1_153' title="bbox 1918 5598 3492 5669">
    <p class='ocr_par' dir='ltr' id='par_1_153' title="bbox 1918 5598 3492 5669">
     <span class='ocr_line' id='line_1_153' title="bbox 1918 5598 3492 5669; baseline 0.002 -18"><span class='ocrx_word' id='word_1_1099' title='bbox 1918 5600 2072 5652; x_wconf 86' lang='lat' dir='ltr'><strong>miles</strong></span> <span class='ocrx_word' id='word_1_1100' title='bbox 2083 5614 2142 5652; x_wconf 92' lang='lat' dir='ltr'><strong>su</strong></span> <span class='ocrx_word' id='word_1_1101' title='bbox 2152 5598 2364 5653; x_wconf 73' lang='lat' dir='ltr'><strong>nteellie</strong></span> <span class='ocrx_word' id='word_1_1102' title='bbox 2377 5607 2529 5654; x_wconf 78' lang='lat' dir='ltr'><strong>extra</strong></span> <span class='ocrx_word' id='word_1_1103' title='bbox 2545 5600 2811 5665; x_wconf 74' lang='lat' dir='ltr'><strong>emnobia,</strong></span> <span class='ocrx_word' id='word_1_1104' title='bbox 2832 5616 2927 5655; x_wconf 84' lang='lat' dir='ltr'><strong>seu</strong></span> <span class='ocrx_word' id='word_1_1105' title='bbox 2947 5602 3230 5667; x_wconf 84' lang='lat' dir='ltr'><strong>prioratus,</strong></span> <span class='ocrx_word' id='word_1_1106' title='bbox 3247 5612 3337 5655; x_wconf 90' lang='lat' dir='ltr'><strong>aut</strong></span> <span class='ocrx_word' id='word_1_1107' title='bbox 3351 5616 3492 5669; x_wconf 75' lang='lat' dir='ltr'><strong>pra:-</strong></span> 
     </span>
    </p>
   </div>
   <div class='ocr_carea' id='block_1_154' title="bbox 1920 5670 3486 5737">
    <p class='ocr_par' dir='ltr' id='par_1_154' title="bbox 1920 5670 3486 5737">
     <span class='ocr_line' id='line_1_154' title="bbox 1920 5670 3486 5737; baseline 0.004 -17"><span class='ocrx_word' id='word_1_1108' title='bbox 1920 5670 2190 5735; x_wconf 66' lang='lat' dir='ltr'><strong>positurw,</strong></span> <span class='ocrx_word' id='word_1_1109' title='bbox 2239 5670 2288 5722; x_wconf 91' lang='lat' dir='ltr'><strong>in</strong></span> <span class='ocrx_word' id='word_1_1110' title='bbox 2320 5671 2513 5737; x_wconf 86' lang='lat' dir='ltr'><strong>quibus</strong></span> <span class='ocrx_word' id='word_1_1111' title='bbox 2539 5670 2645 5724; x_wconf 85' lang='lat' dir='ltr'><strong>duo</strong></span> <span class='ocrx_word' id='word_1_1112' title='bbox 2677 5680 2853 5726; x_wconf 84' lang='lat' dir='ltr'><strong>tresve</strong></span> <span class='ocrx_word' id='word_1_1113' title='bbox 2883 5674 3096 5733; x_wconf 81' lang='lat' dir='ltr'><strong>fratres.</strong></span> <span class='ocrx_word' id='word_1_1114' title='bbox 3129 5674 3244 5727; x_wconf 87' lang='lat' dir='ltr'><strong>sine</strong></span> <span class='ocrx_word' id='word_1_1115' title='bbox 3274 5672 3486 5737; x_wconf 89' lang='lat' dir='ltr'><strong>ordine,</strong></span> 
     </span>
    </p>
   </div>
   <div class='ocr_carea' id='block_1_155' title="bbox 1918 5741 3496 5815">
    <p class='ocr_par' dir='ltr' id='par_1_155' title="bbox 1918 5741 3496 5815">
     <span class='ocr_line' id='line_1_155' title="bbox 1918 5741 3496 5815; baseline 0.004 -24"><span class='ocrx_word' id='word_1_1116' title='bbox 1918 5741 2034 5815; x_wconf 79' lang='lat' dir='ltr'><strong>sine</strong></span> <span class='ocrx_word' id='word_1_1117' title='bbox 2054 5742 2332 5809; x_wconf 86' lang='lat' dir='ltr'><strong>disciplina</strong></span> <span class='ocrx_word' id='word_1_1118' title='bbox 2358 5753 2763 5815; x_wconf 80' lang='lat' dir='ltr'><strong>conversantur,</strong></span> <span class='ocrx_word' id='word_1_1119' title='bbox 2788 5758 3027 5815; x_wconf 84' lang='lat' dir='ltr'><strong>quasque</strong></span> <span class='ocrx_word' id='word_1_1120' title='bbox 3051 5745 3174 5807; x_wconf 75' lang='lat' dir='ltr'><strong>ideo</strong></span> <span class='ocrx_word' id='word_1_1121' title='bbox 3190 5743 3496 5815; x_wconf 79' lang='lat' dir='ltr'><strong>Syiiagogiu</strong></span> 
     </span>
    </p>
   </div>
   <div class='ocr_carea' id='block_1_156' title="bbox 1920 5812 3489 5883">
    <p class='ocr_par' dir='ltr' id='par_1_156' title="bbox 1920 5812 3489 5883">
     <span class='ocr_line' id='line_1_156' title="bbox 1920 5812 3489 5883; baseline 0.002 -15"><span class='ocrx_word' id='word_1_1122' title='bbox 1920 5812 2128 5868; x_wconf 74' lang='lat' dir='ltr'><strong>Satamr</strong></span> <span class='ocrx_word' id='word_1_1123' title='bbox 2149 5822 2416 5883; x_wconf 84' lang='lat' dir='ltr'><strong>nuncupat</strong></span> <span class='ocrx_word' id='word_1_1124' title='bbox 2435 5814 2490 5870; x_wconf 89' lang='lat' dir='ltr'><strong>S.</strong></span> <span class='ocrx_word' id='word_1_1125' title='bbox 2519 5813 2818 5871; x_wconf 74' lang='lat' dir='ltr'><strong>Bernartius</strong></span> <span class='ocrx_word' id='word_1_1126' title='bbox 2838 5814 2904 5870; x_wconf 84' lang='lat' dir='ltr'><strong>ad</strong></span> <span class='ocrx_word' id='word_1_1127' title='bbox 2928 5814 3038 5869; x_wconf 69' lang='lat' dir='ltr'><strong>Gusi</strong></span> <span class='ocrx_word' id='word_1_1128' title='bbox 3050 5818 3220 5872; x_wconf 88' lang='lat' dir='ltr'><strong>riiiuiu</strong></span> <span class='ocrx_word' id='word_1_1129' title='bbox 3232 5812 3489 5874; x_wconf 70' lang='lat' dir='ltr'><strong>abbatem</strong></span> 
     </span>
    </p>
   </div>
  </div>
