3960 6178
481 257 582 309 2ἲῆ

1806 250 1862 307 S.
1903 250 1961 305 Ρ.
2001 248 2351 306 Βεκεῡιιςτι

3588 253 3704 306 θεῖα

481 374 720 425 scribens
743 369 935 439 (Epist.
957 368 1108 434 254),
1138 380 1398 439 quemque
1425 364 1564 439 _quod
1595 377 1686 439 eas
1706 364 2024 429 destrueret,
2056 368 2097 427 ρ
2132 363 2517 439 Benedictinos,
2536 377 2653 439 quin
2674 365 3002 439 exstatapud
3017 364 3316 420 ilattliteuin
3338 365 3616 433 Parisium,
3638 380 3697 424 et

480 433 801 506 magnopere
815 433 1179 491 commendat.
1214 437 1277 489 Et
1306 433 1774 506 merito_quidem_;
1802 448 1947 506 nam:
1975 444 2033 489 ut.

481 502 621 582 dicit
665 502 1005 582 Joannesde
1033 508 1438 582 Turrecremata
1475 503 1670 582 (Tract.
1698 503 1778 582 _l5
1821 502 2029 582 iuHRHeg.

484 583 548 637 5.
583 577 818 648 Bcned.),
854 596 873 629 ι
912 577 963 630 in
992 575 1169 645 parvis
1208 572 1522 648 prioratibus
1562 573 1750 648 religio
1770 572 2032 625 anniliila-

482 662 604 714 tor;
662 649 732 701 ibi
779 644 933 700 enim
976 644 1102 701 vitio
1154 646 1485 713 preprieiatis
1537 644 1983 714 appropinquatur
2013 682 2031 709 ,

479 720 724 773 meritum
748 716 1061 770 obedientize
1085 717 1357 777 minuitur,
1383 713 1713 767 continentia
1738 713 1892 767 facile
1937 727 2030 779 pe-

480 790 757 844 riclitatur.
803 788 901 853 Qui
950 789 1095 839 solus
1131 799 1214 843 eet
1250 786 1301 838 in
1350 786 1616 852 prioratu,
1648 782 1728 835 vel
1769 797 1888 837 cum
1926 797 2032 853 uno

478 860 646 933 socio,
680 867 735 912 iit
764 852 1081 933 frequenter,
1116 857 1226 933 fere
1252 865 1332 909 est
1364 853 1737 933 proprietariiis
1756 867 1911 932 aqua;
1936 852 2031 933 ba-

478 931 565 1003 bet
600 944 693 993 pro
719 923 916 995 majore
949 940 1093 1003 parte
1129 927 1338 1003 habens
1369 923 1831 1003 sibi._0_bedien_ti_a
1865 923 2028 1003 ipsius

479 991 653 1050 mimis
675 991 924 1057 meretur,
950 991 1040 1049 cui
1071 997 1246 1049 nullus
1274 993 1469 1062 aliquid
1495 995 1663 1059 jubet,
1688 1001 1742 1046 et
1764 992 1879 1044 ideo
1904 991 2029 1062 facit

477 1068 617 1129 quod
647 1067 820 1122 facere
842 1066 988 1120 libet.
1014 1066 1347 1119 Contineniia
1366 1060 1543 1116 etiam
1573 1063 1721 1116 facile
1763 1060 2028 1129 periclita-

480 1149 600 1203 tur,
652 1139 771 1204 quia
822 1136 1185 1203 opportunitas
1234 1134 1478 1200 precandi
1527 1133 1766 1204 habetur.
1802 1151 1843 1204 AI
1894 1133 2026 1204 llinc

479 1201 706 1261 salubris
731 1208 818 1261 illa
846 1201 1118 1274 cujusdam
1159 1205 1364 1257 diaconi
1390 1203 1679 1274 admonitio
1701 1202 1766 1254 ad
1796 1201 1854 1255 S.
1893 1203 2025 1255 Leo-

481 1278 659 1330 Ιιιιιιιιιι
692 1272 1004 1331 monachum
1032 1286 1082 1329 et
1112 1285 1290 1343 postea
1312 1276 1615 1340 episcopum
1644 1272 2022 1325 Carnoiensem

481 1344 572 1413 (In
599 1350 710 1415 eius
747 1346 851 1401 Vit.
881 1362 997 1399 stac.
1034 1344 1285 1413 thnea.)
1315 1361 1328 1399 :
1363 1363 1392 1415 ι
1418 1343 1720 1415 Pracmoneo
1748 1358 1812 1395 ne
1852 1356 2023 1415 parva}

481 1411 531 1469 te
560 1411 732 1471 socies
774 1416 1008 1481 cellulae,
1045 1418 1165 1485 quia
1194 1411 1315 1466 dum
1335 1413 1543 1485 singuli
1587 1426 1894 1485 prmpouere
1923 1411 2021 1485 sibi

477 1488 711 1554 cupiunt,
745 1486 871 1540 nulli
898 1482 1193 1541 obedientia
1224 1482 1563 1536 ministratur.
1601 1500 1623 1541 ι
1651 1482 1744 1554 Cui
1784 1482 2017 1554 periculo

478 1551 856 1641 nﬁohviarent
906 1555 1208 1641 coogrggati
1250 1553 1574 1641 i‘n‘concilip
1613 1551 2019 1641 aquisg‘ranepsi

477 1628 717 1689 abbates,
750 1622 1035 1682 sanxerunt
1061 1622 1213 1693 (Cati.
1241 1622 1334 1692 44)
1378 1635 1431 1675 ιιι
1463 1623 1512 1677 in
1546 1622 1842 1693 hujusmodi
1872 1622 2017 1693 cellis

483 1713 500 1744 ι
534 1698 694 1750 abbas
716 1698 990 1765 provideat
1011 1692 1077 1751 ne
1100 1698 1272 1749 minus
1298 1693 1363 1747 de
1383 1692 1652 1745 monachis
1680 1694 1747 1745 ibi
1782 1692 2017 1765 habitare

480 1763 942 1841 perniittat_quaiii
971 1782 1097 1841 sex.
1146 1766 1375 1841 rQuem
1431 1776 1686 1840 canonum
1729 1763 2017 1841 extendere

479 1836 617 1889 visus
648 1831 940 1911 est_l’etrus
971 1836 1297 1911 Venerabilis
1330 1848 1448 1911 cum
1477 1834 1691 1910 Statuit,
1727 1849 1744 1883 ι
1781 1844 1832 1911 ιιι
1854 1869 1869 1893 ,
1905 1831 2019 1911 ubi-

477 1921 696 1981 cunque
724 1905 942 1981 facultas
981 1907 1081 1960 lci-i
1124 1906 1453 1981 penniserit,
1473 1904 1744 1981 etceptis
1764 1901 1980 1981 decanis
2001 1940 2017 1965 ,

476 1975 753 2031 duodecim
778 1976 965 2031 fratres
988 1971 1394 2037 constituantur,
1422 1972 1601 2026 addito
1627 1972 1782 2024 tertio
1810 1971 2020 2025 decimo

478 2047 689 2112 priore,
735 2047 1048 2120 plenumque
1079 2047 1332 2120 ordinern
1370 2054 1613 2120 teneant;
1655 2062 1672 2092 ι
1717 2050 1770 2120 et
1819 2042 2017 2120 Cister-

472 2111 683 2169 cienscs
704 2111 748 2180 ,’
768 2132 887 2170 cum
929 2111 1247 2170 definierunt
1270 2115 1426 2181 (Stat.
1458 2112 1549 2180 41)
1578 2123 1631 2164 ιιι
1674 2129 1692 2161 ι
1738 2111 2018 2166 duodecim

477 2186 718 2261 monachi
746 2203 871 2261 cuni
889 2186 1073 2261 abbate
1102 2180 1307 2261 decimo
1339 2184 1493 2261 tertio
1513 2185 1577 2234 ad
1608 2180 2017 2261 cmimbiauiqva

460 2255 771 2311 initiantur.
802 2276 819 2307 ι
857 2258 928 2310 Ita
957 2258 1005 2310 in
1033 2272 1215 2311 eorum
1246 2256 1497 2309 lostitutis
1523 2268 1639 2321 cap.
1680 2252 1766 2310 ‘12,
1790 2251 1911 2305 etin
1935 2251 2020 2306 ln-

474 2326 833 2403 stieutionihus
857 2327 1002 2403 dist._
1018 2327 1066 2403 t,
1091 2341 1208 2393 cap.
1224 2326 1459 2403 6,_quod_
1476 2330 1794 2403 comirinant
1886 2323 2019 2403 libro

475 2396 819 2458 Antiquarum
844 2391 1232 2458 definitionum,
1264 2397 1387 2448 dist.
1429 2396 1491 2455 5,
1523 2408 1638 2460 cap.
1670 2393 1731 2456 5,
1776 2391 1863 2445 ubi
1912 2400 2020 2444 sta-

476 2474 655 2533 tuunt,
692 2486 709 2517 ι
768 2476 823 2520 ιιι
872 2468 1071 2520 minora
1121 2466 1441 2519 monasteria
1489 2473 1593 2516 tam
1638 2463 2017 2516 monachorum

471 2550 627 2597 quam
671 2536 1005 2600 mouialium,
1057 2537 1107 2589 in
1136 2539 1325 2601 quibus
1369 2549 1469 2588 nou
1527 2546 1743 2601 possunt
1785 2546 2019 2600 congrue

471 2607 755 2659 sustentari
802 2611 987 2660 saltem
1022 2607 1272 2660 tredecun
1304 2604 1576 2667 monachi,
1618 2603 1699 2656 vel
1730 2602 2016 2667 moniales,

471 2675 661 2730 ibidem
692 2676 900 2730 assidue
922 2677 1230 2738 residentes,
1262 2684 1317 2728 ut
1340 2691 1429 2741 per
1450 2674 1622 2726 omnia
1656 2671 1855 2741 possint
1874 2687 2019 2725 com-

470 2749 646 2799 munia
674 2756 866 2800 statuta
897 2748 1096 2800 ordinis
1124 2747 1428 2809 observare,
1448 2745 1632 2798 Patres
1662 2744 1879 2797 abbates
1899 2757 2021 2795 con-

458 2815 709 2892 iungant,
735 2832 787 2870 ei.
814 2816 1133 2892 uniautaliis
1148 2817 1225 2892 ile
1240 2816 1458 2892 consilio
1477 2814 1834 2892 laudatorum,
1849 2820 2019 2892 etnca-

467 2884 616 2953 pituti
638 2886 916 2953 generalis.
940 2906 956 2938 ι
987 2887 1052 2939 Et
1070 2885 1337 2937 lt‘nlienses
1360 2885 1529 2938 insuis
1549 2882 2017 2953 Constitutionibus

466 2951 618 3023 (Cap.
638 2951 687 3023 ἱ)
718 2971 732 3007 :
772 2973 790 3005 ι
824 2957 888 3009 Ut
920 2955 1249 3010 teterrimum
1272 2969 1436 3020 genus
1462 2952 2016 3020 monachorum,un

466 3025 659 3077 dicitur
692 3027 1073 3102 sarabaitarum
1096 3067 1111 3089 ,
1132 3026 1328 3102 iu__bac
1355 3023 1764 3102 congregatione
1801 3023 2012 3084 vitetur.

2048 1734 2097 1797 Β

2139 433 2445 487 nominatim
2479 434 2528 484 in
2560 435 2656 484 alia
2690 434 2753 486 ad
2777 433 3172 500 Cluniacenses,
3203 453 3358 502 quam
3389 453 3489 490 non
3521 440 3703 492 multo.

2135 515 2255 569 pOSt
2282 502 2551 574 renavavit
2580 502 2824 557 Nicolaus
2848 503 2935 556 lV.
2962 506 3195 559 decernit
3226 517 3282 559 ut
3309 528 3325 555 ι
3354 521 3449 559 nec
3472 509 3521 560 in
3549 512 3691 574 prio-

2134 580 2250 625 ratu
2292 573 2469 640 aliquo
2500 586 2635 625 unus
2671 574 2815 626 solus
2843 578 3132 628 monachus
3166 573 3561 640 commoretur:
3593 580 3690 632 sed

2132 642 2180 715 ei
2206 644 2294 711 qui
2340 645 2483 715 solus
2510 652 2591 695 est
2627 657 2761 715 unus
2790 643 2870 696 vel
2898 644 3076 715 plures
3102 646 3232 699 socii
3252 646 3621 715 :idjuiigantur,
3643 650 3688 701 si

2131 710 2596 783 locusuppeditant
2621 710 2928 766 facultates:
2958 714 3190 783 alioquin
3219 710 3508 770 monachus
3535 710 3687 770 revo-

2129 782 2281 853 cetur
2309 789 2385 853 ad
2406 782 2693 836 claustrum
2715 822 2729 843 ,
2764 784 2972 849 proviso
3000 782 3137 853 quoil
3170 786 3217 837 iu
3249 801 3314 835 «ιο
3341 787 3515 838 divina
3544 790 3689 842 cele-

2130 849 2348 905 brentur
2377 852 2598 906 honeste
2618 868 2630 913 ;
2653 870 2671 903 ι
2709 861 2762 905 et
2794 854 2979 906 iterum
3014 849 3129 919 post
3158 869 3250 906 eos
3268 856 3686 910 BenedictusXII

2130 919 2181 973 in
2207 937 2296 973 sua
2322 921 2711 975 Constitutione
2734 938 2748 973 :
2776 939 2795 971 ι
2815 922 3131 976 Ordinamus
3155 928 3311 977 etiam
3340 938 3391 977 et
3417 933 3684 990 volumus,

2129 990 2503 1065 _l.ateranensis
2532 992 2749 1065 concilii
2788 990 2855 1045 de
2890 999 3163 1065 monachis
3201 994 3419 1062 singulis
3450 1013 3542 1065 per
3574 998 3677 1050 νει-

2128 1058 2206 1133 las
2225 1100 2241 1126 ,
2275 1062 2355 1114 vel
2387 1062 2575 1130 oppida
2598 1101 2614 1126 ,
2645 1071 2699 1115 et
2725 1062 3051 1133 parocliiales
3075 1058 3326 1117 ecclesias
3352 1058 3462 1117 non
3483 1082 3686 1133 ponen-

2126 1130 2240 1200 dis,
2269 1141 2323 1184 et
2348 1133 2698 1197 supradictam
2727 1131 3012 1185 Clementis
3044 1138 3447 1200 praedecessoris
3484 1130 3683 1188 editam

2124 1199 2180 1253 in
2204 1202 2430 1274 Concilio
2459 1201 2742 1274 Viennensi
2773 1199 3230 1274 constitutioiiem,
3266 1220 3331 1257 ue
3360 1206 3455 1266 ipsi
3486 1210 3681 1274 singuli

2126 1274 2369 1323 monachi
2417 1270 2468 1323 in
2513 1273 2733 1340 singulis
2778 1272 2881 1324 sibi
2921 1274 3221 1330 ciuiimissis
3264 1270 3683 1328 adtitiutstratioo

2126 1339 2280 1392 uibus
2311 1347 2388 1393 vel
2428 1339 2749 1409 print-atinus
2783 1341 3022 1396 habitare
3058 1355 3414 1411 prtcsumant,
3456 1348 3683 1398 firmiter

2126 1412 2452 1463 observaria
2490 1412 2629 1464 idem
2668 1411 2828 1464 habet
2858 1413 3137 1466 com-ilium
3168 1412 3514 1469 Loudoueuse
3538 1430 3697 1469 anno.

2125 1479 2278 1533 l200.
2317 1481 2455 1550 Idem
2484 1481 2893 1534 constitutiones
2930 1483 3177 1535 ltichardi
3215 1483 3450 1550 episcopi
3486 1487 3677 1538 Suum

2121 1563 2259 1601 anno
2300 1549 2465 1613 1217,
2505 1559 2560 1604 et
2596 1550 3008 1605 Constitutioues
3031 1549 3276 1605 llicliardi
3309 1554 3693 1608 Dunelniensis

2120 1620 2354 1690 episcopi
2401 1635 2541 1673 anno
2598 1621 2772 1684 1220,
2834 1624 2971 1689 apud
3027 1624 3403 1690 Spelinanuum
3454 1635 3583 1678 toni.
3633 1630 3675 1678 ll

2120 1688 2280 1743 Couc.
2329 1691 2482 1758 Angl.

2189 1759 2315 1813 Sine
2341 1759 2595 1831 Pastorm]
2622 1761 2699 1814 Eo
2726 1761 2900 1829 utique
2922 1762 3008 1827 qui
3035 1761 3155 1817 dicit
3182 1780 3193 1812 :
3226 1761 3332 1829 Ego
3352 1778 3464 1817 sum
3488 1761 3676 1816 Pastor

2120 1826 2309 1902 bonus,
2353 1846 2381 1882 a
2421 1847 2525 1899 quo
2562 1826 2950 1902 secariialitcr’
2983 1833 3204 1887 vivendo
3248 1826 3540 1902 siegregaiit.
3580 1834 3672 1886 Vel

2118 1898 2237 1971 sine
2265 1898 2471 1965 pastore
2490 1940 2505 1963 ,
2544 1918 2563 1951 ι
2592 1900 2641 1954 id
2667 1914 2749 1954 est
2770 1918 2884 1955 suie
2912 1903 3129 1964 abbate,
3155 1904 3242 1971 qui
3271 1898 3331 1954 iii
3350 1898 3675 1955 monasterio

2118 1968 2312 2044 Christi
2338 1972 2510 2044 vicem
2532 1972 2737 2023 videtur
2756 1987 2941 2040 agere,
2959 1986 3043 2039 qui
3070 1968 3198 2026 dicit
3222 1988 3236 2024 :
3269 1973 3376 2044 Ego
3400 1989 3509 2026 sum
3535 1972 3670 2025 Pas-

2119 2046 2198 2091 tor
2220 2038 2391 2102 bonus,
2409 2059 2426 2089 ι
2464 2042 2629 2109 inquit
2650 2038 3004 2109 Statii-agitus,
3028 2051 3081 2093 ut
3108 2053 3230 2111 pote
3275 2038 3429 2110 cujus
3449 2044 3668 2110 imperia

2117 2119 2173 2183 et
2195 2112 2558 2164 auctoritatem
2588 2113 2692 2183 52
2719 2112 2980 2183 refugiunt
3003 2128 3092 2164 suo
3118 2119 3450 2171 arbitratum:
3476 2117 3669 2167 «titione

2117 2180 2330 2252 viventes
2349 2221 2363 2244 ,
2391 2193 2445 2232 ιιι
2477 2180 2705 2249 loquitur
2730 2183 2785 2234 S.
2816 2181 3160 2251 Hieronymus
3187 2183 3205 2251 (
3231 2183 3544 2252 Ep18l.,22).

2189 2248 2310 2302 Non
2345 2248 2633 2311 dominicis,
2671 2254 2756 2303 sed
2791 2256 2894 2303 suis
2939 2248 3120 2303 inclusi
3147 2248 3397 2321 ouilibus]
3422 2248 3679 2321 Qtietnjn

2119 2319 2291 2373 locum
2321 2320 2670 2388 Smaragdus:
2702 2340 2719 2371 ι
2748 2322 2952 2376 Domini
2979 2324 3131 2375 ovilia
3160 2319 3465 2379 sanctorum
3493 2341 3667 2377 mona-

2119 2391 2336 2459 chorum
2364 2402 2487 2444 sunt
2510 2394 2825 2443 lllltlt'dSlt'l'la
2846 2436 2859 2453 ,
2887 2394 2973 2459 qui
2998 2402 3139 2444 recte
3162 2412 3188 2443 ει
3213 2409 3420 2445 summo
3449 2394 3667 2447 Pastori:

2119 2457 2334 2515 Christo
2360 2471 2628 2530 reguntur,
2656 2474 2707 2513 et
2734 2464 2783 2513 in
2813 2457 2925 2514 loco
2954 2478 3161 2530 pascua:
3186 2465 3528 2519 eollocaiitur.
3556 2482 3574 2513 ι
3598 2468 3667 2519 At

2120 2531 2275 2583 nimis
2297 2543 2512 2600 angusta
2538 2544 2659 2585 sunt
2686 2533 2797 2586 haec
2820 2536 3090 2587 lllllllCIIS.B
3111 2534 3486 2585 sambaitarum
3516 2549 3660 2588 meo:

2121 2609 2188 2653 tis
2230 2600 2591 2654 instabilitati:
2624 2602 2744 2655 ideo
2771 2618 2875 2655 non
2901 2605 3176 2655 dominicis
3204 2618 3261 2655 se
3292 2608 3556 2670 patiuntur
3582 2620 3664 2657 in-

2120 2670 2257 2723 cludi
2283 2674 2532 2735 ovilibus,
2560 2674 2651 2725 sed
2674 2711 2689 2736 ,
2717 2680 2775 2725 ut
2800 2674 2872 2725 ait
2896 2674 2950 2727 ὃ.
2983 2673 3352 2742 llietOuyiuns,
3379 2696 3395 2722 ι
3422 2678 3663 2728 habitant

2119 2742 2560 2813 quamplurimum
2600 2745 2651 2793 in
2689 2744 2902 2813 urbibus
2936 2753 2990 2795 et
3024 2748 3276 2796 castellis.
3301 2761 3319 2794 ι
3341 2743 3497 2805 Nam,
3519 2750 3662 2813 quod

2117 2810 2193 2863 ait
2214 2821 2397 2883 auctor
2416 2823 2726 2864 aermoiiuin
2749 2814 2811 2863 ad
2835 2812 3045 2865 Fratres
3070 2828 3118 2864 in
3140 2829 3320 2866 eremo
3337 2810 3604 2882 (Serm—1t
3619 2826 3660 2883 ),

2120 2895 2212 2933 eos
2248 2880 2486 2935 habitare
2527 2898 2575 2934 in
2611 2884 2852 2935 cavernis
2886 2898 2979 2935 seu
3008 2892 3269 2949 petrarum
3298 2880 3660 2948 foraminibus,

2118 2951 2278 3020 gratis
2304 2952 2587 3021 conticium
2624 2954 2853 3008 videtur.
2878 2969 2899 3004 ι
2923 2952 3077 3005 Tales
3112 2954 3555 3021 fuerunt,_inquit,
3586 2958 3678 3010 illi.

2118 3019 2423 3085 Sarabaitaa,
2452 3025 2518 3074 de
2543 3024 2730 3090 quibus
2758 3026 2912 3075 tertio
2936 3024 3145 3090 scripsit
3181 3027 3330 3077 nobis
3357 3019 3511 3077 Pater
3540 3027 3677 3079 llic-7

465 3098 763 3166 statuimus,
789 3108 845 3148 ut
875 3099 1093 3166 posthac
1112 3095 1310 3146 nullum
1339 3094 1712 3151 monasterium
1731 3107 2015 3166 congrega-
2046 3094 2090 3157 C
2122 3104 2405 3166 rouymus,
2434 3106 2657 3166 quorum
2692 3107 2859 3161 genus
2883 3104 2964 3146 est
2987 3095 3127 3166 omni
3156 3095 3342 3146 afl'ectu
3366 3095 3657 3147 vitandum.

464 3165 590 3217 lieni
622 3166 852 3218 oblatum
877 3162 1163 3233 iecipiatur
1188 3172 1277 3216 aut
1300 3175 1620 3235 exstruatur,
1668 3162 1807 3235 quod
1836 3163 2013 3215 reddi-

462 3245 546 3305 ius
578 3235 678 3305 51
726 3236 790 3289 ad
820 3237 1071 3291 tredecim
1102 3245 1193 3288 aut
1216 3234 1493 3289 duodecim
1525 3234 1797 3287 niinimum
1828 3235 2014 3305 fratres

463 3301 681 3359 alendth
731 3322 835 3360 non
889 3307 1120 3369 habeat,
1177 3315 1267 3358 aut
1316 3305 1612 3359 habiturum
1667 3301 2015 3372 probabiliter

460 3385 699 3439 speretur
733 3393 751 3425 ι
783 3376 1040 3430 Similiter
1066 3373 1528 3430 etCarihusienses
1550 3376 1600 3429 in
1634 3390 1765 3428 nova
1797 3383 2014 3426 statuto-

461 3460 573 3523 ruui
603 3447 770 3523 culice
795 3450 914 3501 ione
945 3445 1123 3523 (Parte
1148 3460 1287 3523 11,6.
1311 3446 1401 3507 Ἡ,
1431 3463 1483 3499 n.
1508 3446 1596 3511 5):
1626 3445 1785 3510 «Quia
1815 3443 2011 3523 exolevi

460 3524 509 3564 ct
528 3514 812 3586 indiscreta
854 3514 1156 3586 receptione
1193 3517 1470 3570 dommum
1513 3530 1805 3581 novarum,
1837 3514 2010 3570 minus

456 3582 778 3640 Mifficienter
828 3582 1122 3641 dotataruin
1142 3624 1192 3641 ..
1213 3628 1225 3640 .
1254 3624 1268 3641 .
1304 3586 1465 3639 multa
1496 3586 1742 3639 scandala
1788 3592 1841 3637 et
1869 3586 2007 3637 vitu-

458 3656 596 3717 periti
626 3666 807 3710 "(th
833 3657 1075 3710 novimus
1103 3658 1271 3710 ordini
1303 3660 1627 3724 provenisse,
1658 3665 1712 3709 et
1741 3654 2005 3708 deteriora

458 3741 507 3777 iii
539 3735 837 3792 posterum,
872 3728 969 3781 nisi
996 3729 1205 3780 salubre
1236 3728 1525 3780 remedium
1557 3736 1865 3795 apponatur,
1902 3740 2003 3779 non

455 3795 718 3848 immerito
742 3798 1120 3859 formidamus;
1148 3800 1429 3851 sumimus
1453 3806 1511 3850 ut
1536 3798 1677 3850 nulla
1707 3797 1895 3848 domus
1922 3810 2005 3850 re-

454 3863 675 3930 iipiatur
696 3870 761 3919 de
787 3876 1011 3929 ca'tero,
1038 3867 1138 3920 nisi
1166 3871 1309 3935 prius
1338 3882 1431 3935 pro
1454 3866 1835 3920 sustentatione
1864 3867 2005 3932 prio-

456 3947 528 3985 ris
554 3949 615 3986 ac
642 3937 918 3989 duodecim
953 3940 1368 4003 monachorum,
1394 3952 1457 3990 ac
1488 3951 1582 4003 pro
1609 3936 1728 3989 aliis
1756 3935 2003 3989 oneribus

454 4005 742 4070 portandis,
763 4006 972 4059 doletur
992 4008 1375 4061 suf'flcieittilms
1392 4007 1680 4060 redditilius
1698 4006 1778 4058 vel
1806 4020 2003 4072 posses-

452 4073 686 4143 aionibns
709 4076 1004 4143 :issignatis.
1028 4095 1047 4127 ι
1074 4082 1219 4130 Ilunc
1245 4093 1519 4130 numerum
1545 4092 1698 4139 quem
1725 4075 1998 4130 minimum

453 4139 537 4195 hic
559 4139 950 4214 iteierniinant,
983 4162 1075 4214 pro
1124 4149 1307 4214 majori
1351 4149 1615 4214 assignant
1655 4154 1845 4197 statuta
1875 4146 2002 4199 Gui-

452 4212 601 4287 gonis
630 4213 712 4266 liis
740 4216 914 4270 verbis
940 4212 1099 4287 (Cap.
1127 4212 1219 4286 78)
1243 4235 1256 4269 :
1288 4235 1307 4266 ι
1330 4212 1611 4269 Numeruni
1644 4217 1995 4270 habitatorum

452 4280 603 4354 hujus
631 4287 795 4337 eiemi
827 4280 1209 4340 monachorum
1229 4287 1443 4354 quidem
1471 4288 1721 4340 tredecim
1748 4295 1859 4349 est,
1891 4301 1995 4340 non

450 4353 587 4419 quod
619 4368 829 4421 semper
860 4365 935 4409 tot
963 4359 1164 4418 simus;
1198 4353 1336 4410 nunc
1363 4358 1503 4409 enim
1537 4372 1638 4409 non
1671 4372 1852 4409 sumus
1885 4367 1990 4421 tot,

447 4422 545 4492 sed
568 4423 703 4489 quod
732 4434 803 4476 tot
821 4465 836 4488 ,
864 4428 906 4477 si
934 4426 1067 4479 Dens
1091 4426 1326 4488 miserit,
1354 4427 1624 4492 suscipere
1649 4426 1987 4481 instituimus.

447 4491 549 4543 Sed
579 4501 634 4545 et
661 4493 705 4546 si
738 4496 854 4548 talis
876 4496 1063 4564 aliquis
1091 4512 1245 4557 unus,
1274 4496 1424 4563 cujus
1451 4491 1648 4549 utilitas
1670 4508 1723 4548 et
1748 4499 1993 4551 honestas

426 4564 687 4635 videatur
712 4564 793 4616 vix
823 4579 974 4631 posse
1002 4568 1337 4635 recuperari,
1368 4565 1782 4620 misericordiam
1814 4579 1993 4633 postu-

446 4632 627 4704 laverit
647 4672 663 4698 ,
694 4634 920 4689 addetur
948 4644 1002 4689 et
1028 4632 1245 4704 quartus
1268 4636 1527 4700 derimos,
1553 4637 1595 4688 si
1623 4644 1797 4689 tamen
1815 4632 1996 4690 facul-

447 4701 749 4777 tas_domus
791 4701 1212 4777 tolerare‘posse
1249 4707 1591 4777 potabitur.)
1618 4704 1760 4777 idem
1803 4708 1995 4761 habent

444 4771 655 4843 antiqua
671 4771 1125 4829 Carthusiensitim
1144 4771 1357 4841 statuta,
1372 4791 1489 4843 cap.
1506 4775 1595 4828 25.
1623 4776 1685 4828 Et
1700 4788 1843 4829 certe
1864 4779 1996 4829 scri-

444 4840 522 4892 liit
550 4841 885 4900 Hildemarus
912 4846 1187 4901 duodecim
1216 4848 1269 4900 in
1299 4840 1512 4900 deserto
1538 4847 1779 4899 sufﬁcere
1811 4862 1992 4899 mona-

442 4910 609 4974 chos,
632 4917 879 4982 quamvis
908 4917 959 4968 in
990 4917 1294 4971 civitatibus
1325 4916 1557 4969 minime.
1592 4915 1991 4970 Turrecremata

442 4994 570 5033 vero
596 4980 684 5058 (ιιι
705 4999 817 5054 cap.
847 4986 908 5040 t7
930 4985 1055 5058 Reg.
1078 4986 1139 5041 S.
1159 4986 1373 5053 Bened.)
1397 4987 1860 5058 congregationem
1886 5003 1990 5058 non

591 5055 901 5125 dicendam,
936 5055 1021 5110 ubi
1052 5060 1223 5111 minus
1251 5072 1407 5125 quam
1438 5056 1713 5110 duodecim
1745 5056 1986 5111 monachi

442 5119 699 5195 habitant.
730 5119 988 5180 Caeterum
1016 5119 1298 5181 coiictliuiii
1332 5127 1640 5195 Epaonense
1668 5135 1809 5179 vetat
1837 5128 1988 5195 (Cap.

449 5194 537 5257 to)
566 5210 586 5244 ι
608 5194 769 5246 cellas
814 5209 978 5249 novas
1018 5209 1107 5249 aut
1143 5194 1665 5266 congregaiiuncolas
1702 5194 1989 5251 monacho-

439 5274 556 5334 runt
587 5265 788 5331 absque
813 5266 1045 5334 episcopi
1075 5265 1261 5321 notitia
1284 5267 1507 5321 institui.
1532 5286 1551 5319 ι

514 5330 675 5405 Porro
703 5330 745 5389 si
776 5330 976 5390 tantum
997 5330 1076 5390 sit
1107 5338 1397 5405 periculum
1429 5338 1515 5392 ubi
1557 5346 1663 5389 tres
1687 5345 1981 5405 quatuorve

438 5402 535 5477 soli
577 5404 810 5477 habitant
849 5402 1127 5471 monachi,
1165 5418 1359 5477 quanto
1399 5410 1571 5475 majus
1598 5408 1682 5461 ubi
1706 5402 1853 5460 Solus
1878 5410 1982 5461 ali.

438 5470 556 5545 quis
584 5475 698 5528 sine
723 5477 889 5543 socio,
920 5478 1036 5531 sine
1062 5470 1225 5545 teste,
1253 5480 1369 5533 sine
1399 5470 1594 5545 priore,
1623 5477 1734 5530 suis
1762 5478 1974 5534 relictus

437 5543 793 5617 voluminibus
828 5543 1411 5601 conversaturil’latie—
1431 5549 1721 5602 existimari
1756 5548 1839 5601 vix
1879 5564 1972 5617 po-

438 5616 536 5660 test
559 5628 769 5679 :quare,
800 5628 853 5667 ut
874 5618 1151 5686 buten-alo
1177 5620 1465 5671 remedium
1489 5618 1696 5686 aliquod
1721 5616 1971 5674 aberrent

436 5690 627 5739 suumn
653 5685 1244 5754 νυιιιιιιρεε,(ὶιθαυιὶιι›
1266 5690 1324 5739 IX
1357 5687 1407 5741 in
1432 5685 1661 5743 bulla’ad
1686 5694 1969 5745 monachos

2021 4464 2074 4522 D

2122 3159 2479 3231 Ipsi‘denique
2512 3163 2564 3213 in
2600 3159 2829 3231 :bg'ypio
2854 3175 3003 3216 erant
3027 3164 3077 3215 in
3102 3167 3448 3219 foraminibus
3485 3178 3675 3231 petras

2117 3246 2233 3284 rum
2262 3232 2576 3296 habitantes,
2625 3234 2789 3285 induti
2820 3247 3095 3299 porcorum
3133 3244 3186 3286 et
3211 3236 3366 3287 boum
3398 3236 3656 3301 pellibus,

2118 3309 2315 3355 tantum
2341 3303 2500 3356 cincti
2528 3301 2768 3365 funibus,
2807 3305 3096 3371 paltnaruut
3120 3305 3301 3370 spinas
3334 3307 3400 3361 ad
3435 3311 3674 3360 calcaria.

2116 3383 2386 3438 portantes
2426 3374 2492 3426 ad
2536 3374 2803 3442 cingulum
2845 3375 3060 3441 ligatas,
3100 3373 3402 3431 discalceati
3445 3382 3501 3428 et
3537 3392 3669 3429 san-.

2112 3442 2271 3508 guine
2296 3444 2576 3507 cruentati,
2606 3457 2861 3497 cavernas
2885 3453 3137 3497 exeuntes
3160 3449 3224 3496 ad
3254 3446 3441 3498 festum
3467 3445 3659 3501 (Σωιιυ-

2113 3513 2293 3579 μεθείω
2326 3515 2611 3581 pergebant
2647 3515 3099 3581 Hierosolymam,
3136 3525 3190 3567 et
3219 3514 3408 3569 Sancta
3439 3531 3655 3570 sancio-

2111 3595 2229 3653 rum
2254 3582 2510 3637 intrantes
2548 3595 2906 3652 paupertatem
2934 3594 2987 3636 et
3010 3584 3377 3639 abstinentiam
3405 3588 3657 3653 praedica-

2111 3652 2237 3705 bant
2275 3653 2435 3707 animi
2476 3655 2664 3707 affectu
2696 3668 2908 3707 servare
2949 3670 2975 3709 :_
3004 3654 3191 3708 barbas
3227 3652 3556 3719 ικιειιιιοιιιιιιι
3603 3659 3671 3711 ιιι.

2109 3734 2399 3791 conspectu
2429 3726 2700 3777 hominum
2726 3724 2844 3777 sine
2869 3724 3225 3791 redemptione
3249 3726 3474 3779 evellere
3502 3729 3654 3781 festi-

2110 3794 2334 3858 nabant,
2376 3804 2429 3847 et
2465 3800 2543 3846 sic
2578 3795 2835 3862 acquisita
2876 3793 3013 3849 fama
3048 3805 3102 3848 et
3138 3796 3325 3859 lucro,
3350 3797 3416 3848 ad
3445 3801 3652 3865 propria

2107 3865 2447 3935 remeabant,
2476 3865 2716 3918 solitarie
2748 3865 3066 3932 gaudentes.
3103 3876 3157 3920 et
3189 3867 3465 3931 epulantes
3495 3881 3652 3935 supra

2105 3932 2156 3985 id
2180 3935 2319 4001 quod
2344 3950 2401 3988 ei
2412 3936 2607 4003 plicare
2632 3949 2961 4002 possumus:
2988 3937 3129 3988 Sane
3150 3937 3353 3989 nullum
3379 3947 3501 3990 tunc
3523 3932 3651 3993 tein-

2104 4016 2246 4073 poris
2286 4014 2400 4057 erat
2441 4004 2821 4073 Hierosolymis
2882 4006 3129 4072 templum
3173 4005 3509 4070 Judaaorum,
3556 4024 3651 4062 nec

2103 4072 2297 4141 aliquid
2338 4074 2524 4128 borum
2563 4072 2821 4141 tepet-itur
2846 4079 2981 4142 apud
3011 4074 3383 4145 Hieronymum
3410 4087 3501 4129 aut
3523 4078 3651 4132 Cas-

2101 4146 2306 4195 sianum
2344 4150 2433 4212 qui
2463 4147 2838 4199 sarahaitaruiu
2875 4159 3051 4199 mores
3105 4149 3234 4199 satis
3270 4157 3515 4199 accurate
3559 4155 3650 4202 de-

2101 4214 2447 4281 scripserunt.
2480 4216 2617 4268 ldeni
2644 4225 2815 4268 tamen
2856 4230 2990 4283 pene
3024 4215 3092 4269 de
3133 4218 3292 4270 verbo
3331 4221 3394 4270 ad
3434 4220 3650 4272 verbum

2099 4284 2282 4337 videre
2324 4298 2402 4337 est
2449 4287 2500 4338 in
2545 4287 2772 4354 antiquis
2813 4283 3156 4340 Lectionibus
3192 4286 3325 4341 Celii
3366 4286 3661 4358 Bliodiguii.

2098 4352 2189 4406 lib.
2222 4369 2359 4407 urit
2378 4397 2392 4409 .
2419 4370 2537 4409 can.
2565 4355 2619 4409 6.

2119 4358 2189 4406 ib.
2222 4369 2359 4407 uvn
2378 4397 2392 4418 ,
2419 4370 2537 4418 cap.
2565 4358 2619 4409 6.

2171 4370 2988 4493 exaniat-iorem
3014 4425 3291 4496 voluptas]
3319 4427 3437 4484 ideo
3464 4436 3643 4495 pasto-

2099 4508 2210 4547 rem
2246 4495 2445 4549 liahere
2477 4496 2770 4562 refugiunt,
2807 4506 2863 4549 ut
2896 4496 3111 4550 liberius
3136 4501 3273 4565 quod
3304 4499 3516 4551 libuerit
3542 4516 3643 4550 im-

2098 4565 2311 4636 pleant,
2343 4581 2493 4636 cnim
2540 4578 2773 4620 contenti
2819 4567 3025 4619 abbatis
3068 4582 3192 4621 cura
3230 4579 3387 4636 atque
3424 4568 3646 4635 imperio

2095 4633 2415 4701 gubernari,
2472 4637 2639 4703 inquit
2665 4637 2802 4704 apud
2835 4636 3139 4691 Cassianum
3174 4633 3338 4691 abbas
3387 4633 3604 4693 Piauwu
3627 4678 3649 4702 ι

2095 4710 2187 4757 sed
2222 4706 2321 4757 hoc
2350 4706 2615 4773 praecipue
2644 4720 3020 4775 piocorantes,
3048 4717 3104 4760 ut
3126 4706 3352 4761 absoluti
3393 4725 3421 4759 a
3461 4712 3644 4763 senio-

2098 4789 2212 4827 rum
2238 4775 2387 4843 jugo,
2413 4777 2692 4830 exercendi
2720 4778 3015 4829 voluntates
3038 4792 3191 4842 suas,
3222 4792 3274 4832 et
3301 4780 3643 4846 procedendi,

2097 4847 2177 4917 vel
2223 4860 2326 4917 quo
2369 4848 2625 4913 placuerit
2661 4848 2948 4913 evagandi,
2975 4849 3230 4914 agendive
3264 4849 3401 4917 quod
3438 4851 3647 4903 libitum

2096 4913 2253 4987 fuerit
2278 4915 2505 4970 habeant
2527 4918 2842 4987 litiertaiem.
2867 4936 2886 4967 ι
2918 4917 2989 4969 Et
3017 4913 3123 4986 quo
3148 4913 3383 4987 sequitur
3405 4923 3544 4987 quod
3568 4932 3642 4972 ait

2092 4990 2149 5037 δ.
2185 4984 2572 5058 Hieronymus:
2603 5003 2623 5037 ι
2648 4986 2787 5041 Inter
2819 4987 2917 5041 ltus
2951 4984 3094 5054 stupe
3122 4984 3245 5041 sunt
3278 4984 3449 5058 jurgia
3470 5029 3487 5054 ,
3518 4992 3643 5057 quia

2092 5068 2190 5108 suo
2217 5058 2451 5109 viventes
2476 5056 2595 5129 cibo
2622 5072 2727 5111 non
2751 5058 3019 5129 patiuntur
3044 5073 3104 5112 se
3132 5058 3287 5112 alicui
3314 5056 3435 5115 esise
3460 5056 3637 5129 subje-

2091 5132 2206 5178 ctos
2236 5142 2249 5177 :
2292 5140 2475 5180 revera
2504 5128 2680 5182 solent
2702 5138 2909 5183 certare
2940 5125 3158 5196 jejuniis
3179 5172 3193 5193 ,
3222 5138 3276 5182 et
3310 5144 3419 5183 rem
3447 5125 3635 5185 secer

2094 5197 2331 5250 victoria:
2369 5198 2585 5250 faciunt.
2632 5199 2783 5265 Apud
2830 5202 2924 5252 hos
2965 5197 3207 5252 adfectata
3251 5208 3376 5254 sunt
3418 5203 3634 5265 omnial

2090 5265 2222 5335 laxa:
2249 5282 2491 5331 manica,
2519 5266 2699 5335 Caliga:
2719 5268 3034 5333 follicantes,
3060 5271 3222 5323 vestis
3246 5272 3492 5330 craSsior,
3522 5286 3629 5324 cre-

2087 5334 2180 5388 bra
2216 5338 2440 5404 suspiria
2467 5377 2482 5403 ,
2520 5334 2749 5391 visitatio
2784 5339 3078 5405 virginum,
3118 5340 3379 5393 detractio
3418 5340 3629 5393 clerico-

2085 5420 2238 5471 rum,
2280 5418 2334 5462 et
2374 5409 2416 5460 si
2458 5409 2670 5475 quando
2704 5410 2818 5463 dies
2857 5413 3020 5463 test-us
3057 5411 3291 5475 venerit,
3331 5420 3625 5465 saturantui

2084 5492 2248 5541 usque
2271 5480 2336 5530 ad
2363 5481 2637 5531 vomitum.
2669 5496 2689 5530 ι

2150 5547 2276 5600 Cum
2319 5549 2561 5616 quidquid
2600 5550 2879 5619 putaverint
2924 5548 3000 5601 vel
3037 5551 3295 5619 elegerint,
3322 5549 3416 5601 huc
3456 5561 3633 5618 putant

2079 5632 2339 5689 sanctum,
2382 5628 2427 5671 et
2470 5622 2607 5689 quod
2646 5618 2926 5683 noluerint,
2972 5627 3064 5689 hoc
3106 5630 3281 5689 putant
3322 5636 3421 5671 non
3460 5621 3628 5670 liene.

2079 5685 2329 5743 Notantcr
2371 5689 2431 5743 ὃ.
2474 5687 2787 5744 Benedictus
2826 5688 2899 5742 ait
2935 5685 3185 5759 quidquid
3223 5692 3484 5758 clcgcn'nt,
3526 5705 3632 5743 ιιυιι
