3960 6178
223 318 341 375 ‘26!

1356 308 1637 366 REGULA
1670 306 2164 365 COMMENTATA.
2210 307 2366 363 CAP.
2405 309 2445 361 l.

3382 308 3487 365 262

226 440 298 490 2‘
313 436 584 507 quialicet
608 448 669 488 ea
691 440 1058 507 cognosceret,
1084 444 1194 507 non
1228 437 1404 507 tamen
1435 430 1586 485 facile
1621 445 1808 507 emen-
1838 431 1887 488 Α
1918 429 2064 507 ribus
2079 437 2387 507 promoveat
2406 443 2509 507 non
2534 427 2798 507 intelligit,
2821 442 2941 507 cum
2960 429 3135 507 omnis
3154 431 3227 485 illi
3253 432 3305 507 in
3330 447 3482 507 mau—

229 501 409 568 daret,
434 520 554 560 cum
596 519 626 558 a
655 501 778 574 quo
797 501 1221 574 reprehendatur
1249 503 1457 574 habeat
1494 502 1759 574 neminem
1792 518 1805 552 :

236 597 259 628 ε
299 580 352 630 In
376 571 688 643 solitudine,
711 571 888 644 inquit
915 573 1103 644 iterum
1132 572 1187 644 SA.
1247 571 1473 644 Basilius
1511 571 1662 643 (Reg.
1702 575 1805 640 fus.

232 666 283 703 τ.
305 646 383 711 7),
414 656 468 701 et
495 646 621 700 illud
644 641 870 711 accedit,
888 643 1027 712 quod
1042 658 1146 695 non
1161 641 1317 696 facile
1352 641 1625 696 defectum
1646 655 1700 695 et
1725 656 1812 695 er-

234 728 413 773 ratum
432 734 584 772 suum
616 718 875 785 agnoscit.
897 714 985 783 qui
1002 715 1148 785 solus
1178 724 1280 777 est,
1308 727 1428 785 cum
1466 729 1571 785 non
1619 713 1813 766 habeat

230 804 395 856 aquo
418 789 469 842 in
504 783 931 849 mansuetudine,
970 794 1024 839 et
1065 783 1254 856 affectu
1298 783 1677 856 misericordiae
1725 799 1810 856 are

231 854 453 929 guatur.
470 869 526 913 et
548 859 877 929 corrigatur;
906 855 1251 929 reprehensio
1268 858 1572 929 e_nit_n_sa;pe
1601 854 1809 929 etiamsi

234 924 304 984 ab
365 930 587 985 inimico
646 924 777 994 lia],
839 925 1228 981 emendationis
1275 925 1599 978 desiderium
1658 924 1814 978 allert

235 1003 354 1055 viro
395 1003 557 1056 bono.
594 1020 612 1052 ι
640 1001 709 1053 At
731 1014 856 1053 vero
883 1017 903 1048 ι
934 996 1023 1066 qui
1083 997 1221 1049 inter
1292 994 1486 1049 multos
1513 1007 1733 1063 peccat,
1781 1012 1810 1048 a

237 1082 460 1140 peccato
491 1070 647 1127 facile
676 1070 953 1124 abducitur
979 1082 1074 1140 per
1116 1066 1637 1140 condemnationem,
1691 1082 1810 1136 qu:e

234 1135 267 1195 ὀ
306 1143 551 1212 pluribus
600 1135 1232 1212 concorditer»infertur,
1267 1135 1721 1212 niagisAveretnr,’
1757 1147 1812 1212 ut

236 1207 511 1283 competat
538 1214 613 1266 illi
660 1211 788 1267 illud
816 1210 984 1283 APauli
1012 1226 1027 1263 :
1059 1209 1254 1283 sufﬁcit
1276 1208 1353 1262 illi
1378 1207 1467 1276 qui
1507 1207 1810 1275 hujusmodi

236 1294 319 1339 est
355 1279 650 1353 increpatio
666 1300 781 1348 qua‘
805 1280 907 1353 lit‘a
941 1279 1197 1353 pluribus.
1229 1297 1247 1329 ι

309 1347 554 1409 Ξειωξι
587 1347 829 1408 Mandata
854 1347 949 1405 Dei
969 1366 995 1402 a
1016 1352 1252 1418 pluribus
1284 1347 1442 1402 unitis
1461 1348 1664 1401 facilius
1691 1364 1813 1415 per-

236 1426 515 1491 ﬁciuntur,
546 1427 613 1480 ab
628 1437 732 1476 uno
761 1433 937 1476 autem
958 1438 1060 1474 nou
1094 1422 1194 1485 ita;
1224 1420 1347 1473 dum
1385 1419 1526 1472 enim
1555 1421 1599 1472 is
1639 1436 1809 1491 imum

238 1498 578 1563 exsequitur,
600 1494 743 1550 aliud
768 1492 1086 1561 impeditur;
1111 1492 1234 1544 dum
1261 1490 1499 1563 infirmos
1553 1490 1751 1563 visitat,
1780 1507 1811 1545 a

238 1559 583 1635 susceptione
602 1559 865 1633 hospitum
915 1563 1201 1635 retrahitur
1233 1565 1249 1631 (
1380 1559 1740 1635 Basil.ibid.).
1788 1582 1805 1613 ι

311 1631 575 1705 Septimo.
615 1656 633 1687 ι
661 1631 759 1703 Qui
790 1637 934 1689 solus
957 1640 1041 1687 est
1064 1631 1357 1705 spiritualia
1405 1632 1537 1684 dona
1570 1635 1812 1705 recipere

238 1724 349 1762 non
382 1702 543 1772 valet,
570 1710 663 1760 sed
691 1702 985 1761 Secundum
1060 1702 1457 1772 proportionem
1517 1702 1657 1765 lidei,
1691 1719 1809 1771 quae

240 1782 293 1832 'm
320 1791 641 1848 unoquoque
677 1788 779 1840 est,
810 1786 867 1829 et
891 1773 1398 1848 subministrationis
1426 1774 1662 1848 spiritus,
1694 1789 1813 1848 quae

239 1862 323 1903 cst
353 1852 406 1904 in
433 1844 1077 1911 vitze'comntunicati:ine,
1109 1848 1363 1909 cujusque
1396 1844 1663 1911 prOpiiuui
1720 1846 1815 1897 do—

239 1936 367 1973 num
387 1936 670 1973 commune
694 1921 847 1973 liteis
867 1933 953 1985 qui
985 1932 1084 1969 una
1101 1926 1522 1975 coiiversmitur;
1558 1930 1676 1967 nam
1727 1914 1818 1968 alii

239 1993 397 2043 datur
422 2006 602 2045 sermo
630 1989 927 2056 sapientius,
969 1988 1057 2040 al.i
1092 2002 1219 2040 vero
1236 2001 1413 2038 sermo
1439 1986 1694 2051 scientiae,
1728 1987 1817 2039 alii

243 2062 397 2125 fides,
427 2073 559 2127 etc.,
592 2075 815 2129 quorum
836 2059 1084 2127 quodque
1115 2074 1218 2109 non
1256 2056 1443 2129 inagis
1482 2058 1572 2124 qui
1600 2060 1815 2125 accipit,

243 2136 323 2185 sui
354 2134 544 2199 ipsius,
564 2127 721 2198 quam
769 2132 991 2182 aliorum
1041 2127 1442 2199 gratiarliabet;
1485 2139 1539 2180 ut
1597 2143 1819 2182 necesse

243 2205 310 2256 sit
332 2198 385 2257 in
409 2208 513 2255 vita
536 2201 1042 2267 cominiuiiSpiritus
1072 2198 1237 2251 sancti
1262 2198 1647 2265 operationem,
1692 2214 1812 2267 quae

244 2276 293 2327 in
318 2290 660 2341 unoquoque,
692 2283 773 2327 est
815 2272 879 2323 ad
921 2285 1105 2324 omnes
1156 2270 1488 2341 pertingere.
1524 2271 1624 2335 Qui
1658 2270 1820 2339 igitur

246 2355 525 2411 separatus
556 2340 681 2397 vivit
715 2358 874 2395 unum
929 2341 1136 2409 aliquod
1189 2340 1601 2402 douuuiliabet,
1661 2343 1818 2409 idque

244 2410 336 2485 per
373 2417 543 2469 otium
596 2416 649 2467 in
686 2416 864 2481 seipso
899 2413 1168 2465 defessum
1207 2410 1392 2463 inutile
1431 2412 1694 2463 reddit....
1726 2414 1817 2485 qui

248 2484 374 2540 vero
396 2486 688 2540 multorum
709 2487 758 2538 in
785 2487 1362 2537 CODVlClUCOtIalllUlllS
1392 2492 1493 2545 est,
1525 2492 1578 2535 et
1601 2484 1815 2549 proprio

244 2560 384 2611 dono
408 2558 619 2615 fruitur.
655 2559 776 2609 licet
828 2551 1269 2608 communicando
1311 2552 1437 2603 illud
1478 2553 1812 2619 niultipliCet,

242 2628 403 2681 etiam
440 2643 560 2695 qua:
597 2627 824 2680 aliorum
895 2635 1019 2678 sunt
1070 2625 1216 2677 velut
1266 2621 1477 2691 propria
1554 2623 1818 2677 lucrifacit

270 2698 454 2751 lbid.i.
493 2717 510 2749 ι

559 2786 576 2818 ι
623 2768 817 2822 Utilior
844 2778 924 2819 est
959 2767 1066 2819 vita
1091 2762 1390 2818 communis
1436 2761 1501 2816 ad
1524 2777 1815 2818 conserva-

249 2841 446 2894 tionem
474 2854 658 2893 eorum
698 2839 957 2891 donorum
986 2853 1101 2903 qum
1153 2852 1182 2888 a
1214 2835 1321 2888 Deo
1372 2836 1567 2888 donata
1614 2846 1757 2899 sunt,
1789 2856 1808 2887 ι

246 2912 575 2963 iulititerum
609 2911 662 2962 S.
699 2910 918 2963 BaStiiu~
954 2906 1163 2978 (Ibid).
1205 2911 1420 2958 AtVero
1447 2905 1497 2957 iii
1519 2906 1813 2978 solitudine

246 3000 346 3035 non
380 2982 542 3034 modo
572 2981 795 3049 gratuita
819 2976 984 3043 dona,
1029 2978 1122 3031 sed
1170 2976 1589 3049 virtutesmulto
1634 2980 1814 3031 labore

247 3048 879 3117 iliC(BllOitillﬂCQllisilih
915 3050 1166 3101 facillime
1215 3048 1477 3114 deperdit,
1529 3048 1683 3115 cujus
1735 3050 1809 3102 Iei

245 3128 534 3187 perieulum
580 3123 777 3176 iecerat
814 3122 869 3174 S.
904 3120 1201 3173 Beruai'dus
1238 3133 1357 3172 cum
1382 3119 1585 3171 diceret
1613 3118 1807 3186 (Serm.

244 3194 376 3247 filia
406 3192 585 3260 Cant.)
620 3211 636 3245 :
665 3212 682 3242 ι
719 3194 955 3258 Quantos
996 3206 1059 3244 ex
1108 3190 1442 3242 monasteriis
1471 3191 1659 3257 spiritu
1715 3190 1817 3243 [ει--
1846 3189 1890 3250 C

245 3280 425 3319 venies
444 3265 609 3317 eremi
632 3264 859 3316 solitudo
882 3261 1139 3327 suscepit,
1163 3269 1217 3312 et
1246 3272 1335 3312 aut
1365 3261 1657 3326 tepefactos
1688 3276 1813 3314 evo-

246 3340 391 3399 muit,
419 3349 507 3388 aut
534 3336 700 3387 tenuit
730 3344 915 3387 contra
953 3333 1117 3384 eremi
1152 3335 1319 3393 legem
1365 3345 1467 3384 nun
1521 3333 1678 3384 modo
1730 3348 1815 3385 re-

246 3409 453 3471 missos,
486 3407 579 3459 sed
604 3406 763 3458 etiam
812 3405 1133 3467 dissolutos;
1176 3402 1356 3468 sicque
1412 3405 1656 3468 apparuit
1704 3406 1813 3455 vui.

247 3480 480 3545 peculatu
512 3475 728 3528 alluisse
761 3474 847 3527 ulii
891 3486 1029 3525 tanta
1063 3475 1193 3525 lacti
1227 3483 1308 3526 est
1354 3482 1579 3545 vasuitio
1626 3473 1812 3537 vineti},

247 3543 289 3600 id
316 3559 396 3601 est
427 3549 549 3600 vitae
574 3557 627 3599 et
650 3547 988 3599 conscientia:
1023 3545 1251 3595 hominis
1279 3543 1653 3595 detrimentum
1690 3560 1815 3596 :cn—

244 3621 439 3687 gitabat
464 3620 507 3670 si
533 3618 676 3670 solus
704 3617 920 3681 degeret
963 3616 1129 3666 inulto
1168 3615 1579 3687 secopiosiores
1617 3619 1816 3687 fructus

246 3685 467 3755 spiritus
487 3702 883 3758 perceptarum,
926 3689 1119 3754 quippe
1165 3686 1253 3754 qui
1288 3685 1337 3736 iu
1386 3686 1656 3737 communi
1683 3688 1814 3758 _vita

246 3771 445 3813 tantum
473 3756 729 3825 spiritalis
757 3760 940 3823 gratia:
1011 3760 1195 3807 luisset
1232 3765 1511 3821 expertus;
1575 3770 1624 3808 et
1680 3756 1815 3809 bona

247 3833 348 3883 visa
375 3840 458 3883 est
487 3844 580 3882 sua
627 3828 876 3896 cogitatio
920 3827 1043 3889 Silii,
1077 3827 1169 3879 scd
1204 3826 1275 3878 rei
1339 3827 1517 3877 exitus
1569 3825 1818 3878 indicunt

246 3903 409 3971 magis
440 3900 771 3953 eauideiuilli
797 3900 1168 3971 cogitationem
1196 3897 1406 3971 vulpem
1436 3897 1813 3971 demolientem

246 3967 423 4025 fuisse.
462 3991 479 4022 ι
517 3971 581 4024 Et
601 3980 721 4023 ante
753 3972 921 4032 ipsum
956 3970 1015 4022 S.
1050 3968 1283 4021 Joannes
1337 3967 1601 4019 Clituacus
1628 3968 1814 4035 (Oi-ml.

249 4042 335 4110 5):
368 4064 385 4092 ο
421 4041 785 4095 Animadverti
834 4041 966 4092 alios
997 4054 1088 4105 per
1134 4041 1448 4091 obedientia:
1470 4039 1815 4107 disciplinam

248 4114 533 4175 perfectos,
571 4128 696 4164 cura
731 4110 972 4177 prtesidis
1018 4113 1080 4161 ad
1116 4120 1416 4176 promptum
1473 4124 1814 4175 peccatorum

247 4184 594 4252 Iugendoruni
624 4196 859 4243 sensum,
893 4180 957 4232 ad
984 4181 1165 4231 miram
1196 4189 1675 4244 mansuetudinem,
1697 4196 1820 4233 cou-

248 4256 566 4315 tiuenliaui,
641 4253 1007 4321 diligentiam,
1092 4252 1338 4302 invictam
1415 4254 1815 4315 constantiam,

246 4340 295 4378 et
380 4326 630 4377 ardorem
681 4325 899 4391 spiritus
970 4321 1252 4382 tedactos;
1309 4321 1498 4388 quibus
1569 4323 1820 4375 insidian-

248 4406 324 4449 tes
370 4396 775 4448 cacndzeuioues
856 4394 1175 4459 persuadere
1227 4394 1442 4444 student
1494 4404 1643 4457 aptos
1707 4392 1819 4461 jam

248 4467 363 4519 illos
385 4481 505 4517 esse
522 4469 584 4516 ad
603 4465 958 4522 solitudinem,
996 4478 1088 4529 per
1111 4480 1265 4529 quam
1290 4470 1352 4512 ad
1389 4477 1690 4529 supretnuu:
1716 4480 1821 4515 Vir-

246 4540 376 4590 tutis
401 4549 455 4589 et
478 4537 708 4603 apathiae
730 4536 948 4595 gradum
978 4534 1184 4601 possint
1208 4541 1351 4592 enitz,
1389 4543 1550 4598 atque
1580 4533 1819 4589 infelices

248 4609 325 4661 isti
358 4609 434 4660 sic
451 4606 647 4670 delusi,
669 4607 766 4658 lida
795 4604 1229 4672 portus-religiosi
1245 4603 1354 4674 59
1369 4606 1596 4657 statione
1615 4610 1819 4668 reiicta,

250 4681 300 4731 in
320 4680 486 4731 altum
504 4678 804 4729 solitudinis
826 4678 1036 4742 peligns
1057 4682 1259 4741 abrepti
1280 4717 1294 4739 ,
1326 4684 1601 4742 ingruente
1622 4688 1822 4742 tempe-

248 4759 401 4813 state,
447 4750 865 4817 gubernatorum
908 4761 1009 4817 ope
1036 4746 1295 4810 destituti,
1352 4746 1544 4812 impuri
1604 4748 1815 4801 demum

248 4816 477 4889 salsiqne
503 4823 664 4870 maris
697 4818 868 4870 hausti
898 4816 1167 4881 ﬂuctibus,
1199 4819 1561 4869 miserandum
1602 4817 1657 4869 in
1697 4834 1814 4870 uio-

247 4892 368 4944 dum
401 4890 697 4957 perierunt.
726 4907 745 4938 ι
1814 4947 1821 4955 .

314 4962 486 5015 Nono.
522 4961 660 5013 Inter
690 4968 885 5012 caetera
915 4958 1209 5023 praesertim
1255 4957 1520 5024 superbia:
1548 4958 1816 5011 obnoxius

246 5041 327 5083 est
349 5033 647 5085 solitarius:
687 5049 703 5077 ι
743 5029 796 5081 lu
830 5030 1137 5091 solitudine,
1167 5028 1337 5096 inquit
1359 5029 1417 5081 S.
1452 5028 1806 5098 Hieronymus

248 5099 436 5167 (Epist.
466 5102 550 5169 4),
581 5101 731 5154 facile
760 5100 968 5165 obrepit
998 5100 1263 5166 superbia,
1295 5099 1337 5151 si
1366 5114 1648 5167 parumper
1670 5100 1806 5166 jeju-

248 5177 469 5237 uziverit,
510 5174 882 5239 hominemque
923 5188 1023 5222 non
1066 5170 1276 5235 viderit,
1313 5180 1460 5237 putat
1489 5185 1545 5222 se
1582 5171 1806 5236 alicujus

250 5259 362 5298 isse
388 5244 663 5306 momenti,
692 5244 991 5307 oblitusque
1023 5243 1163 5293 unde
1193 5250 1245 5292 et
1276 5256 1381 5308 quo
1412 5252 1636 5303 venerit,
1663 5242 1802 5295 intus

248 5317 424 5379 corde,
460 5315 634 5380 lingua
684 5312 812 5365 foris
846 5325 1099 5375 vagatur;
1140 5330 1157 5360 ι
1194 5319 1248 5364 et
1292 5316 1347 5366 ὃ.
1383 5311 1605 5365 Basdius
1651 5310 1803 5383 (Reg.

250 5385 346 5451 fuit.
370 5401 415 5437 c.
452 5384 507 5451 7)
533 5402 547 5437 :
586 5402 604 5435 t
644 5384 945 5437 Periculosa
973 5391 1055 5435 est
1078 5386 1179 5434 viti
1207 5383 1464 5441 solitaria,
1502 5385 1642 5449 quod
1668 5386 1804 5435 at)“-

251 5467 408 5508 tarnis
437 5456 537 5507 sibi
572 5456 669 5522 ipsi
701 5459 1021 5519 ciiiiiplacet;
1065 5469 1185 5505 cum
1232 5469 1371 5505 enim
1420 5456 1680 5507 neminem
1715 5457 1807 5504 lia-

252 5528 363 5579 beat
390 5527 480 5596 qui
507 5540 642 5590 opus
668 5523 784 5592 ejus
818 5525 1041 5591 probare
1062 5533 1253 5593 queit,
1287 5525 1351 5576 ad
1384 5525 1617 5577 mandati
1643 5524 1806 5596 divini

255 5594 625 5660 perlectimieut
655 5594 713 5648 se
739 5596 1045 5662 pervenisse
1077 5602 1242 5661 putat.
1288 5613 1305 5644 ι
1737 5594 1740 5598 ’

320 5668 553 5721 Decimo.
588 5667 679 5720 \‘ix
712 5681 939 5733 unquam
967 5666 1183 5719 ercoiita
1209 5666 1272 5718 ad
1301 5681 1566 5719 summum
1600 5665 1805 5732 perlec-

254 5738 402 5789 timiis
431 5739 636 5804 apicem
689 5737 992 5789 ascendisse
1036 5746 1237 5802 potest,
1271 5740 1425 5802 quia,
1479 5747 1533 5788 ut
1584 5740 1712 5790 dicit
1742 5740 1798 5790 Si.

258 5804 469 5863 Daulias
513 5807 725 5878 (ltiti),
766 5825 784 5859 t
824 5807 1090 5864 solitarius
1112 5822 1368 5876 quantum
1413 5811 1461 5861 iu
1495 5809 1646 5861 bouis
1674 5824 1797 5876 ope-

1915 500 2052 555 datis
2102 500 2195 552 Dei
2247 499 2504 563 operandi
2553 501 2772 553 materia
2821 501 3028 554 sublata
3070 504 3166 566 sit;
3216 504 3302 557 ubi
3334 506 3476 557 enim

1911 570 2073 625 animi
2107 569 2456 622 humilitatem
2494 570 2770 634 ostendet,
2818 586 2935 624 cum
2968 575 3234 627 neminem
3287 574 3480 628 habeat

1910 656 2017 713 quo
2034 656 2092 694 se
2112 640 2445 694 humiliorem
2473 641 2637 705 possit
2666 641 2959 696 exhibere?
2988 653 3093 699 etc.
3131 662 3175 695 ι-

1985 732 2295 787 Underiuio.
2323 730 2538 784 Nullum
2557 743 2635 784 est
2657 732 2957 786 solitudinis
2987 735 3298 788 exercitium
3334 736 3473 803 quod

1915 805 1969 858 in
1992 804 2237 858 cmnobio
2269 803 2493 871 implere
2517 817 2618 855 non
2642 803 2841 869 possis:
2878 804 3018 857 unde
3048 805 3232 858 Petrus
3265 808 3479 861 Blesen-

1913 879 1988 929 sis
2046 876 2098 927 in
2158 874 2292 927 libro
2356 885 2540 925 contra
2592 874 3027 940 depravatoreui:
3077 895 3093 925 ι
3144 876 3383 930 Habebas
3430 878 3484 931 in

1913 947 2147 999 claustro
2199 954 2464 997 secretum
2511 945 2852 1009 solitudinis,
2906 947 3076 999 locum
3130 948 3476 1011 paenitentiae,

1915 1032 2098 1083 pacem
2121 1015 2333 1075 animat,
2363 1015 3127 1088 contemplatinnisarranuni.
3153 1018 3400 1088 gmdium
3425 1021 3478 1071 in

1913 1088 2116 1155 Spiritu
2147 1099 2366 1148 sancto,
2409 1086 2690 1139 consilium
2740 1087 2789 1137 iii
2838 1086 3191 1144 hmsitaiione.
3223 1090 3272 1140 in
3307 1097 3485 1141 tenta-

1914 1160 2059 1211 tintie
2106 1157 2417 1214 remedium.
2452 1158 2502 1208 in
2536 1157 2782 1209 omnibus
2813 1158 2999 1211 ellicax
3028 1157 3339 1213 beiieiiciuni
3372 1175 3483 1212 ine-

1914 1229 2124 1283 tlicinte.
2154 1228 2224 1279 Ilii
2251 1229 2500 1280 virtutum
2524 1229 2701 1279 schola
2726 1237 2828 1295 est,
2856 1245 3095 1280 summus
3123 1230 3189 1282 ibi
3214 1231 3484 1282 modestiae

1916 1314 2063 1362 usus,
2101 1314 2309 1351 morum
2342 1298 2677 1364 regularitas,
2710 1300 2913 1367 legendi
2966 1300 3202 1361 libertas,
3235 1300 3484 1353 lraterni-

1916 1371 2039 1423 tatis
2056 1369 2283 1428 affectio,
2301 1371 2534 1421 omnium
2550 1371 2983 1437 communicatio,
3002 1370 3295 1438 disciplina:
3314 1371 3484 1438 vigor,

1916 1441 1997 1493 lex
2032 1441 2367 1504 oliedientiaa,
2403 1442 2670 1492 vinculum
2702 1440 3000 1505 cliaritatis,
3034 1450 3088 1493 et
3114 1451 3293 1493 mutua
3321 1441 3475 1494 obse-

1913 1511 2089 1580 quela.
2141 1530 2158 1559 ι

1990 1599 2328 1653 Duodecimn.
2385 1598 2622 1652 Tandem
2676 1599 2944 1666 copiosior
2995 1602 3046 1654 in
3097 1602 3237 1656 coelo
3269 1618 3476 1656 merces

1915 1671 2195 1727 cteuobitaa
2222 1680 2490 1732 servatur,
2521 1682 2571 1721 ut
2602 1670 2854 1723 discimus
2879 1687 2941 1724 ex
2975 1673 3176 1726 visione
3203 1672 3478 1740 cujusdam

1919 1742 2127 1813 Patris,
2174 1756 2335 1813 quam
2356 1742 2541 1813 _rel'ert
2576 1740 2811 1813 Rufinus
2856 1741 2937 1794 his
2970 1745 3143 1796 verbis
3176 1743 3312 1813 (Lib.
3344 1759 3399 1796 Ill
3427 1750 3487 1795 de

1846 1809 1893 1868 Β
1931 1811 2037 1865 Vit.
2078 1813 2192 1863 Pat.
2222 1829 2273 1863 η.
2310 1809 2464 1878 Ml):
2500 1830 2517 1861 t
2557 1811 2780 1876 Quidam
2812 1829 2875 1865 ex
2914 1813 3157 1867 Patribus
3186 1809 3245 1867 iu
3289 1817 3486 1868 eXstasi

1927 1884 2128 1951 positus
2158 1885 2287 1935 vidit
2316 1896 2541 1950 quatuor
2571 1884 2785 1935 ordines
2817 1894 2940 1937 ante
2976 1884 3159 1938 Deum:
3198 1898 3244 1938 et
3282 1887 3483 1951 primus

1924 1955 2137 2021 quidem
2156 1967 2268 2006 erat
2288 1953 2559 2005 hominum
2586 1954 2961 2006 iuliruianiiuiii
2984 1995 2997 2012 ,
3029 1968 3082 2008 et
3103 1958 3299 2024 gratias
3322 1972 3479 2024 agen-

1922 2026 2050 2076 tium
2101 2024 2237 2087 Deo;
2269 2026 2687 2095 secunduyvero
2718 2035 2833 2076 erat
2875 2039 3056 2078 eurum
3087 2027 3175 2093 qui
3206 2029 3481 2095 hospitali-

1925 2105 2083 2147 tatem
2129 2104 2421 2156 sectantur,
2452 2105 2507 2148 et
2537 2094 2587 2148 iu
2624 2100 2724 2147 hoc
2764 2106 2906 2148 stant
2933 2108 2981 2149 τι
3015 2096 3344 2160 lliillisll‘uttl;
3379 2109 3485 2151 ter-

1924 2167 2029 2217 tius
2058 2181 2183 2217 vero
2206 2168 2415 2216 illorum
2458 2169 2543 2232 qui
2569 2166 2908 2219 solitudinem
2934 2179 3204 2220 seetantur
3227 2209 3241 2231 ,
3282 2178 3337 2221 et
3378 2186 3475 2221 nni:

1921 2237 2102 2307 vident
2132 2236 2399 2298 homines;
2445 2246 2665 2303 quartus
2710 2252 2839 2288 vero
2887 2239 3093 2290 illorum
3138 2240 3226 2304 qui
3272 2251 3486 2307 pr0pti-r

1924 2306 2087 2359 Deum
2138 2316 2191 2359 et
2228 2307 2585 2359 obedientiam
2628 2307 2840 2361 solliciti
2872 2318 2924 2360 et
2971 2312 3192 2374 subjecti
3226 2322 3349 2361 sunt
3376 2306 3484 2361 'l’a-

1922 2378 2112 2431 tribus.
2145 2378 2270 2429 linit
2291 2392 2418 2443 ergo
2444 2379 2611 2431 tribus
2641 2378 2747 2429 illis
2770 2380 3039 2432 ordinibus
3065 2381 3146 2430 liii:
3175 2379 3305 2431 ordo
3324 2395 3485 2447 supc-

1921 2452 2051 2512 t‘ior,
2086 2449 2175 2516 qui
2204 2448 2559 2501 obedientiam
2592 2447 2896 2511 exhibebat,
2932 2458 2985 2501 et
3017 2452 3260 2502 utebatur
3292 2460 3480 2516 torque

1918 2533 2099 2583 aurea,
2128 2530 2178 2571 et
2221 2521 2473 2584 majori-iu
2510 2519 2731 2584 gloriam
2766 2535 2871 2585 pr."
2924 2523 3129 2572 caneris
3161 2520 3481 2587 possidebat.

1923 2588 2060 2641 Dixit
2088 2596 2262 2641 autem
2294 2604 2455 2642 senex
2490 2591 2536 2641 ei
2567 2594 2653 2657 qui
2688 2590 2787 2643 sibi
2820 2591 2920 2640 line.
2960 2591 3011 2642 in
3041 2592 3236 2643 exstasi
3264 2592 3485 2643 demun-

1918 2661 2148 2711 strubut:
2181 2658 2353 2724 Quare
2402 2661 2487 2713 hic
2534 2663 2667 2712 ordo
2714 2671 2933 2729 quartus
2980 2662 3232 2726 majorem
3279 2663 3486 2716 caneris

1916 2732 2136 2796 g:oriaui
2168 2729 2360 2782 habet?
2392 2730 2484 2784 Ille
2516 2740 2691 2783 autem
2717 2732 2993 2799 respondit
3019 2732 3068 2784 ei
3094 2732 3277 2785 chens
3306 2752 3321 2786 :
3352 2734 3484 2800 Quza

1917 2814 2104 2853 ointies
2146 2801 2228 2851 isti
2260 2802 2345 2851 alii
2381 2802 2576 2854 habent
2619 2803 2846 2868 aliquam
2883 2803 3117 2867 requiem
3147 2805 3485 2868 adimpleudn

1918 2871 2162 2938 quamvis
2188 2873 2238 2922 in
2270 2871 2422 2923 bonis
2445 2873 2700 2938 operibus
2727 2874 3026 2925 voluntates
3054 2887 3197 2927 suas.
3221 2876 3486 2928 Uliedicns

1916 2953 2092 3013 autem
2154 2944 2419 3009 proiiriuin
2464 2945 2787 2994 voluntatem
2841 2944 3146 3008 relinquens
3190 2946 3382 3013 pendet
3433 2947 3484 2997 iu

1916 3011 2087 3085 Patris
2110 3016 2382 3066 voluntate
2405 3014 2663 3080 jubentis,
2696 3024 2751 3067 et
2781 3014 2900 3069 ideo
2923 3011 3306 3085 majoreui'pra:
3326 3029 3484 3070 caete-

1914 3083 1989 3136 ris
2014 3086 2234 3153 gloriatu
2258 3094 2340 3137 est
2367 3084 2607 3137 sortitus.
2646 3103 2665 3135 ι

1993 3193 2085 3247 llis
2134 3206 2291 3263 atque
2350 3195 2469 3249 aliis
2524 3194 2824 3265 huiusmodi
2882 3198 3176 3250 rationibus
3239 3198 3474 3251 convicti

1917 3267 2160 3318 asceticie
2192 3276 2314 3317 vute
2350 3268 2619 3333 magistri,
2672 3268 2990 3321 auachoresi
3042 3287 3143 3320 non
3181 3271 3339 3320 modo
3375 3287 3479 3321 nou

1920 3336 2250 3395 inferiorem,
2272 3337 2363 3387 sed
2390 3348 2443 3388 et
2467 3337 2621 3405 longe
2648 3340 2909 3391 utiliorem
2931 3340 3090 3391 vitam
3111 3339 3485 3392 cmiiobitiram

1918 3408 2301 3473 praedicarunt;
2329 3408 2470 3460 unde
2495 3420 2547 3460 et
2570 3408 2735 3461 abbas
2754 3410 2986 3462 Joannes
3010 3412 3145 3476 apud
3170 3412 3483 3464 CztSs‘lamlttt

1922 3478 2080 3546 (Coll.
2118 3480 2201 3540 l9,
2227 3493 2275 3529 ε.
2311 3476 2363 3541 5)
2394 3495 2512 3529 cuni
2542 3481 2725 3547 viginti
2758 3496 2927 3533 annos
2957 3482 3005 3532 in
3036 3481 3321 3534 solizudine
3359 3498 3488 3535 exe-

1918 3551 2104 3615 gisset,
2137 3552 2199 3597 ad
2225 3550 2527 3602 rteunbium
2560 3550 2729 3603 libens
2751 3562 2803 3602 et
2831 3555 3067 3615 gaudens
3093 3567 3347 3604 reversus
3369 3562 3485 3605 est:

1918 3619 1975 3671 ὃ.
2003 3618 2059 3671 Ρ.
2091 3618 2409 3671 Benedictus
2434 3631 2485 3673 et
2514 3621 2662 3671 multi
2695 3621 2780 3673 alii
2812 3625 2877 3671 ali
2907 3624 3221 3673 anachoresi
3255 3626 3489 3689 incuepe-

1917 3700 2063 3753 runt,
2090 3691 2198 3757 80
2228 3690 2549 3743 iucteuobio
2600 3693 2719 3742 vita:
2770 3694 2925 3743 liuent
2985 3695 3251 3751 fecerunt;
3286 3709 3486 3758 eosque

1918 3762 2005 3824 qui
2053 3762 2122 3811 ita
2154 3773 2372 3828 agerent
2414 3761 2699 3827 plurimum
2751 3763 3091 3813 commendat
3142 3763 3199 3815 S.
3251 3763 3489 3816 Joannes

1920 3834 2183 3882 Climacus
2209 3873 2222 3891 ,
2253 3835 2325 3883 uti
2378 3842 2638 3884 leslantur
2688 3835 2798 3884 lia-c
2828 3831 2945 3900 rjus
2979 3836 3136 3884 verba
3171 3831 3356 3900 (Ci-ad.
3392 3832 3446 3898 4)
3475 3852 3487 3885 :

1925 3918 1943 3949 ι
1975 3900 2222 3965 Quisquis
2252 3902 2303 3952 in
2336 3904 2623 3955 solitudine
2655 3914 2897 3954 versatus
2937 3920 3087 3955 suam
3119 3905 3281 3967 ipsius
3315 3905 3488 3955 imiie.

1919 3972 2188 4023 eillitatcni
2213 3973 2377 4031 οωειὶι
2406 3988 2812 4043 recognoscere,
2842 3973 3067 4043 indi-quc
3093 3974 3156 4027 ad
3184 3978 3485 4028 cmnobiuiu

1920 4045 2227 4101 deniigiaus
2291 4048 2524 4109 seipsum
2579 4046 2721 4096 ultro
2776 4045 3097 4097 oliedieinize
3147 4056 3384 4098 auctorat
3438 4059 3492 4098 et

1920 4114 2151 4173 aditu-it,
2187 4116 2271 4165 hic
2300 4128 2475 4167 etet-us
2504 4127 2661 4178 ante,
2697 4127 2914 4180 repente
2956 4118 3073 4170 sine
3115 4118 3296 4169 labore
3324 4122 3488 4184 coepit

1922 4184 2192 4235 Christum
2229 4187 2513 4251 respECere.
2552 4205 2569 4236 i
2607 4193 2940 4251 Quapropter
2974 4204 3095 4240 cum
3128 4186 3223 4241 SS.
3255 4188 3435 4240 P.-tres
3462 4206 3491 4241 ιι

1920 4255 2163 4306 cmnobi»
2210 4256 2274 4306 ad
2320 4272 2557 4307 ereinum
2614 4258 2991 4324 traiismigrare
3042 4258 3353 4322 permittunt
3400 4270 3490 4309 aut

1921 4325 2161 4380 suadent.
2191 4341 2294 4378 non
2342 4328 2391 4378 id
2422 4328 2668 4379 omnibus
2700 4328 3087 4391 iudill'erenter,
3119 4330 3279 4381 etiam
3310 4329 3373 4381 i:s
3404 4332 3490 4397 qui

1922 4397 2252 4464 aliquantum
2280 4396 2332 4448 iu
2367 4400 2447 4449 via
2492 4400 2702 4451 virtutis
2752 4400 3041 4465 proiecisse
3070 4401 3349 4463 videntur;
3387 4396 3480 4453 sed

1925 4467 2027 4518 illis
2076 4467 2337 4519 duntaxat
2387 4467 2475 4536 qui
2524 4469 2589 4520 ad
2643 4479 2844 4521 tantum
2878 4470 3220 4537 perieCIiOuiS
3266 4475 3486 4536 gradum

1926 4544 2320 4599 ascenderunt,
2374 4549 2430 4591 ut
2459 4540 2525 4592 de
2554 4554 2739 4592 eorum
2786 4554 2913 4593 casu
2961 4542 3181 4593 timendi
3234 4542 3376 4593 nulla
3408 4543 3488 4593 vel

1850 4577 1902 4635 D
1930 4609 2193 4660 leVissiina
2225 4579 2477 4674 appareat
2509 4615 2718 4674 uinlira,
2746 4611 3063 4677 permissum
3090 4625 3209 4665 esse
3242 4626 3490 4663 asseren-

1926 4680 2048 4730 duin
2076 4690 2186 4731 est:
2220 4680 2452 4746 alioquin
2479 4682 2523 4732 si
2554 4682 2696 4734 vitiis
2724 4680 2941 4734 obnoxii
2961 4693 3164 4736 secreta
3184 4681 3491 4734 solitudinis

1922 4760 2257 4816 expeterent,
2288 4766 2390 4802 non
2420 4752 2579 4803 modo
2608 4767 2711 4804 non
2738 4751 3101 4819 permittendi,
3127 4754 3220 4804 sed
3242 4760 3296 4804 et
3318 4752 3485 4819 sijam

1924 4822 2202 4881 petiisseiit
2232 4820 2511 4873 revocandi
2555 4822 2618 4873 ad
2652 4824 3029 4877 m0iiasteriuui
3060 4822 3257 4876 forent.
3304 4824 3392 4876 Sic
3424 4824 3483 4876 S.

1919 4890 2152 4942 Joannes
2179 4891 2445 4944 Climacus
2469 4902 2667 4953 narrat,
2697 4892 2838 4959 quod
2865 4909 2983 4945 cum
3013 4894 3299 4961 aliquando
3321 4909 3484 4962 quos-

1918 4963 2037 5013 dam
2094 4962 2345 5014 iuviser-t
2398 4964 2782 5027 auaehoretas,
2826 4966 3134 5033 aliqttnsque
3180 4965 3273 5017 ira:
3320 4970 3490 5017 oliuo-

1918 5033 2033 5085 xios
2079 5036 2398 5098 reperisset:
2462 5052 2480 5085 ι
2534 5033 2628 5087 llis
2682 5050 2809 5102 ego,
2843 5035 3040 5101 inquit,
3082 5051 3165 5100 pie
3199 5039 3341 5089 suasi
3374 5045 3430 5089 :it
3456 5053 3488 5088 e

1915 5103 2197 5175 solitudine
2221 5106 2283 5154 ad
2311 5113 2630 5157 monasteria
2662 5117 2974 5175 migrarent,
3003 5122 3067 5160 ne
3089 5124 3151 5160 ex
3180 5110 3487 5162 hominibus

1915 5175 1966 5224 in
2016 5173 2286 5225 diemoues
2314 5185 2683 5240 verterentur;
2726 5173 2755 5228 li
2777 5187 2828 5229 et
2880 5179 2936 5230 ὃ.
2991 5176 3246 5239 lsuforus,
3277 5178 3386 5245 qui,
3431 5190 3485 5228 ut

1914 5258 2072 5309 supra
2103 5246 2328 5296 vidimus
2359 5245 2410 5297 iu
2442 5246 2535 5298 lib.
2577 5263 2610 5300 ιι
2641 5249 2708 5300 de
2745 5247 2942 5300 Divinis
2981 5249 3182 5301 Ul’liciis
3205 5287 3219 5309 ,
3249 5264 3365 5315 cup.
3396 5248 3484 5307 15,

1916 5317 2119 5366 nullum
2160 5326 2283 5368 ante
2336 5318 2590 5374 permittit
2637 5318 2702 5371 ad
2758 5333 2996 5372 eremuui
3054 5333 3283 5372 transire
3327 5334 3485 5386 quuni

1915 5387 2099 5453 viginti
2131 5388 2407 5438 minimum
2435 5402 2606 5441 annos
2638 5388 2690 5441 in
2724 5391 3049 5453 monasterio
3073 5406 3193 5442 cum
3229 5391 3482 5441 l'ratrilins

1914 5456 2173 5528 exegerit,
2205 5457 2478 5528 inliegnla
2509 5475 2602 5511 sua
2632 5476 2845 5512 omnem
2878 5477 3100 5528 ριἰιτὸειδ
3133 5460 3484 5512 reclnsioneiu

1910 5526 2172 5600 excludit:
2212 5544 2229 5576 ι
2267 5525 2474 5588 Nullus,
2507 5529 2679 5598 inquit
2707 5525 2968 5600 (Cup.i‘i),
2995 5538 3296 5598 separatam
3321 5532 3486 5583 cellu-

1909 5596 2012 5671 lam
2032 5612 2067 5671 _a
2091 5608 2233 5651 cuitu
2260 5610 2495 5671 remotus
2520 5596 2752 5666 expetet,
2783 5596 2836 5654 iii
2865 5596 2965 5671 qua
2990 5596 3088 5655 suo
3112 5604 3290 5654 studio
3317 5603 3460 5653 rcelo

1907 5668 2107 5728 sionis,
2154 5680 2244 5721 aut
2292 5669 2472 5722 latenti
2505 5673 2634 5725 vitio
2687 5668 2923 5736 serviat,
2957 5684 3011 5727 et
3062 5674 3292 5725 maxime
3343 5689 3490 5724 vanzu

1903 5738 2091 5812 gloria;
2111 5778 2124 5798 ,
2149 5750 2240 5790 aut
2268 5741 2554 5795 mundialis
2582 5744 2853 5811 Opiniouis
2882 5744 3071 5806 l‘aiuaz;
3101 5761 3221 5797 nan
3245 5745 3488 5812 plerique

1906 5810 2127 5875 proinde
2156 5812 2345 5865 reciusi
2374 5812 2539 5869 latere
2567 5810 2767 5881 volunt,
2800 5825 2854 5870 ut
2879 5825 3119 5884 puteum,
3152 5827 3204 5868 ut
3237 5810 3322 5885 qui
3353 5817 3487 5868 vitea
