3960 6178
408 249 510 303 863

1743 238 1801 291 S.
1846 238 1903 291 ι».
1947 233 2302 289 BENEIHCTI
2342 286 2345 289 ,

3536 224 3642 278 26b

403 366 560 413 erant
602 367 692 411 aut
713 353 1117 427 ignorabantur,
1152 352 1281 404 luris
1308 352 1461 415 positi
1508 348 1763 427 sciantur,
1795 362 1954 419 atque
1996 354 2044 409 Α
2077 349 2195 427 vita:
2226 349 2459 415 quit-tutu
2505 361 2533 399 s
2572 346 2741 398 turbis
2782 344 3032 427 discedit.
3066 352 3259 408 quant"
3293 340 3459 408 mgis
3490 359 3520 392 ιι
3549 356 3640 408 pu-

413 422 762 481 arium-enm?
782 425 1005 488 inclusi;
1037 438 1156 477 nam
1184 438 1369 477 revera
1407 436 1579 474 omnis
1618 422 1708 490 qui
1749 434 1964 488 propter

2077 419 2213 470 blico
2244 429 2542 483 separatur,
2577 427 2723 469 tanto
2751 418 2925 468 minus
2954 416 3099 468 latet.
3144 433 3161 463 ι

1907 587 2179 599 -——_——v

1755 694 2139 777 CAPUT
2213 694 2323 774 ΙΙ.

1596 830 1817 906 Qualis
1862 828 2068 889 debeat
2114 847 2235 888 esse
2272 827 2475 887 abbas.

486 980 663 1033 Abbas
684 978 769 1044 qtti
801 987 1033 1043 praeesse
1062 971 1254 1041 dignus
1275 982 1355 1025 est
1377 967 1724 1033 monasterio,
1757 977 1971 1035 semper

417 1068 707 1123 meminere
752 1065 909 1118 debet
959 1062 1096 1130 quod
1145 1060 1360 1121 dicitur.
1409 1072 1461 1111 et
1511 1073 1702 1111 nomen
1756 1055 1969 1123 Majuris

419 1160 572 1215 factis
599 1153 1050 1225 implere.Cltristi
1079 1152 1219 1205 enim
1239 1165 1394 1219 agere
1408 1151 1553 1202 vices
1573 1150 1621 1201 itt
1652 1147 1979 1201 monasterio

420 1253 676 1312 creditur,
706 1247 918 1317 quando
945 1246 1107 1315 ipsius
1130 1252 1346 1297 vocatur
1365 1241 1691 1309 praenomine
1709 1248 1758 1303 ⁸,
1772 1239 1981 1293 dicente

420 1341 706 1409 Apostolo:
737 1337 1005 1403 Accepistis
1035 1335 1269 1405 spiritum
1295 1334 1589 1400 adaptionis
1635 1332 1858 1396 ﬁliorum
1884 1374 1897 1391 ,
1932 1332 1981 1383 in

418 1449 518 1500 quo
543 1432 838 1491 clamamus,
871 1426 1041 1487 Abba,
1073 1420 1229 1477 Pater
1258 1420 1791 1492 (Rom.vttt).ldeoque
1820 1419 1983 1473 abbas

424 1520 551 1574 nihil
598 1531 744 1572 extra
800 1527 1124 1585 praeceptum
1173 1513 1383 1568 Domini
1426 1512 1588 1580 (quod
1633 1511 1795 1581 absit)
1825 1513 1987 1565 debet

422 1622 515 1665 aut
540 1612 754 1669 docere,
788 1617 879 1659 aut
904 1607 1230 1659 constituere
1254 1644 1269 1667 ,
1318 1604 1399 1657 vel
1426 1603 1649 1670 jubere:
1676 1603 1771 1656 sed
1814 1602 1989 1670 jussiu

424 1703 538 1763 ejus
582 1698 664 1752 vel
710 1697 973 1757 doctrina,
1024 1697 1340 1747 lermentnm
1372 1690 1397 1730 δ
1444 1696 1640 1745 divina:
1678 1692 1898 1759 justitite
1933 1692 1985 1743 ιιι

426 1792 804 1855 discipulorum
836 1787 1101 1841 tuentibus
1124 1796 1524 1854 conspergatur.

495 1886 601 1956 ει
644 1883 845 1937 Memor
868 1881 937 1934 sit
969 1890 990 1917 ο
1022 1893 1231 1946 semper
1251 1878 1434 1939 abbas,
1458 1876 1580 1944 quia
1601 1875 1855 1929 docti-ina:
1879 1889 1989 1928 sum

433 1979 512 2029 vel
542 1973 925 2041 discipulorum
967 1970 1308 2031 obedientiam,
1349 1978 1695 2036 utrarumque
1732 1982 1907 2020 rerum
1935 1967 1988 2019 itt

430 2066 701 2121 tremendo
720 2064 918 2133 judicio
940 2061 1032 2116 Dei
1056 2059 1296 2115 facienda
1316 2060 1417 2114 erit
1434 2058 1714 2113 discussin.
1744 2060 1992 2127 Seiatqtte

430 2160 591 2212 abbas
624 2159 791 2225 culpa:
830 2155 1054 2223 pastoris
1097 2153 1403 2208 incumbere
1442 2152 1692 2221 quidquid
1727 2154 1777 2204 in
1807 2151 1993 2204 ovibus

2080 977 2133 1019 ct
2179 965 2278 1020 sub
2329 979 2434 1020 uno
2487 965 2710 1019 Domino
2773 964 3030 1034 teqnalettt
3062 960 3336 1018 servitutis
3398 960 3649 1016 militiam

2084 1056 2376 1125 bujulamus
2408 1074 2420 1110 :
2449 1060 2569 1125 quia
2606 1073 2707 1108 non
2748 1067 2818 1109 est
2861 1070 3191 1121 personarum
3237 1055 3464 1122 acceptio
3508 1053 3653 1122 apud

2084 1146 2245 1199 Deum
2268 1147 2403 1216 (Act.
2439 1149 2517 1216 χ).
2547 1146 2894 1201 Soltttnmodo
2924 1149 2976 1201 in
3005 1147 3101 1199 hac
3128 1154 3277 1213 parte
3306 1144 3446 1213 apud
3474 1144 3654 1212 ipsum

2082 1238 2451 1302 discerninmr,
2479 1240 2522 1291 si
2555 1236 2802 1293 meliores
2823 1242 2889 1293 ab
2914 1238 3034 1291 aliis
3063 1238 3114 1290 in
3141 1235 3392 1306 operibus
3416 1233 3569 1289 bonis
3590 1244 3650 1287 et

2086 1328 2310 1381 humiles
2337 1327 2688 1383 inveniamur.
2718 1326 2855 1398 Ergo
2882 1327 3100 1397 :rqttalis
3130 1328 3199 1380 sit
3226 1326 3293 1379 ab
3312 1342 3379 1381 eo
3402 1324 3659 1380 omnibus

2085 1426 2317 1476 citarttas
2348 1437 2361 1473 ε
2391 1436 2491 1474 una
2548 1421 2847 1490 praebeatur
2898 1422 2951 1474 in
2996 1420 3244 1475 omnibus
3271 1417 3317 1483 δ.
3358 1420 3656 1474 setandem

2087 1514 2307 1576 merita,
2337 1510 2615 1579 disciplina
2646 1510 2685 1564 ί.
2720 1511 2775 1565 In
2819 1511 3057 1564 doctrina
3102 1524 3327 1580 namque
3363 1520 3459 1563 sua
3489 1509 3661 1562 abbas

2088 1590 2431 1673 apostolicam
2452 1603 2560 1674 62
2580 1604 2736 1657 debet
2768 1602 2912 1655 illam
2936 1617 3147 1671 semper
3171 1602 3391 1655 lormam
3414 1615 3658 1660 servare,

2089 1694 2142 1747 in
2168 1710 2268 1763 qua
2294 1694 2422 1748 dicit
2450 1712 2464 1747 :
2494 1697 2693 1763 Argue,
2716 1692 2952 1757 obsecra,
2983 1690 3278 1759 iucrepu(ll
3298 1691 3433 1745 Tint.
3467 1692 3561 1758 tv),
3600 1691 3658 1743 id

2089 1796 2191 1850 est,
2221 1791 2449 1840 miscens
2472 1786 2801 1854 temporibus
2826 1796 3061 1852 tempora
3086 1824 3101 1847 ,
3132 1783 3426 1838 terroribus
3450 1782 3655 1836 blandi-

2093 1887 2266 1931 menta
2301 1896 2311 1927 :
2345 1878 2520 1931 dirum
2549 1875 2806 1944 magistri,
2842 1878 2982 1944 pium
3009 1872 3174 1943 patris
3209 1876 3223 1923 ι
3263 1870 3662 1927 Ostendutall'e-

2092 1979 2234 2021 ctum
2261 1984 2277 2022 :
2300 1970 2349 2023 id
2378 1979 2457 2024 est
2481 1968 2899 2037 indisciplinatos
2925 1977 2977 2021 et
2997 1966 3266 2035 inquietos
3286 1965 3445 2019 debet
3467 1966 3662 2018 durius

2094 2076 2343 2130 arguere;
2372 2060 2683 2114 obedientes
2724 2070 2934 2118 autem,
2967 2069 3023 2112 et
3060 2060 3248 2119 mites,
3281 2068 3336 2111 et
3364 2056 3662 2127 patientes,

2096 2165 2151 2207 ut
2176 2153 2229 2207 in
2259 2153 2447 2207 melius
2476 2152 2777 2223 proﬁciunt,
2808 2152 3459 2221 obsecrare;negligentes
3478 2162 3663 2205 autem

428 2248 806 2317 paterfamilias
830 2246 1071 2302 utilitatis
1100 2248 1275 2299 minus
1304 2244 1530 2313 potuerit
1561 2245 1825 2297 ἰηνιιηιτε.
1849 2242 1991 2296 Τλιι-
2028 2265 2069 2323 Β
2097 2256 2151 2299 et
2179 2257 2612 2311 contemnentes,
2652 2254 2705 2298 ut
2740 2247 2976 2314 increpet
3002 2256 3057 2299 et
3084 2244 3368 2312 corripiat,
3402 2244 3666 2300 admone-

433 2350 542 2392 tunt
572 2336 600 2374 ἀ
641 2342 829 2391 iterum
854 2337 989 2391 liber
1010 2336 1132 2399 erit,
1156 2342 1217 2389 ut
1237 2333 1280 2388 si
1304 2334 1536 2403 inquieto
1561 2334 1643 2387 vel
1674 2331 1994 2387 inultedit-ntl

431 2430 574 2500 gregi
604 2430 833 2499 pastoris
870 2427 1027 2483 fuerit
1072 2427 1245 2482 omnis
1295 2426 1567 2495 diligentia
1616 2426 1897 2485 attributa,
1942 2434 1997 2479 et

435 2523 691 2577 morbidis
714 2528 894 2577 earum
922 2520 1130 2574 actibus
1152 2521 1392 2573 universa
1419 2518 1576 2573 fuerit
1595 2534 1716 2570 cura
1739 2516 1994 2578 exhibita,

435 2626 614 2685 pastor
659 2628 841 2667 earum
873 2623 895 2648 υ
930 2613 985 2665 in
1021 2610 1221 2680 judicio
1257 2610 1463 2665 Domini
1510 2610 1814 2672 absolutus,
1860 2609 1999 2661 dicat

434 2722 553 2760 eum
587 2706 846 2771 Propheta
881 2702 1141 2758 Domino:
1174 2701 1437 2756 Justitiam
1459 2712 1600 2755 tuam
1629 2718 1729 2755 non
1757 2702 2000 2756 abscondi

435 2803 489 2850 in
535 2796 685 2849 corde
722 2811 865 2858 utea,
914 2795 1173 2848 veritatem
1203 2802 1343 2845 tuam
1381 2801 1430 2847 et
1473 2793 1699 2846 salutare
1727 2803 1868 2844 tuum
1892 2793 2001 2845 dixi

438 2890 559 2952 (Ps.
578 2891 790 2954 suis):
817 2886 913 2953 ipsi
940 2895 1115 2939 autem
1136 2895 1535 2939 contemnentes
1556 2892 1869 2953 spreverunt
1892 2898 1996 2939 me.

444 2981 510 3033 Et
538 2987 661 3032 tunc
678 2980 889 3031 demum
910 2974 1333 3029 inobedietttilms
1352 2990 1494 3029 cura:
1516 2990 1625 3029 suae
1644 2975 1829 3029 ovibus
1847 2988 2002 3043 pcena

438 3072 509 3124 sit
536 3071 616 3124 eis
645 3068 937 3137 praevalens
968 3067 1079 3135 ips:t
1116 3080 1282 3119 mors.

516 3161 651 3229 Ergo
678 3173 797 3214 cum
826 3157 1016 3227 aliquis
1044 3156 1268 3226 suscipit
1304 3171 1493 3210 nomen
1524 3156 1761 3218 abbatis,
1806 3155 2002 3226 duplici

439 3253 599 3307 debet
627 3252 867 3305 doctrina
896 3250 1004 3303 suis
1031 3262 1261 3316 prxesse
1291 3246 1589 3316 discipulis;
1622 3247 1672 3300 id
1713 3256 1797 3302 est
1828 3250 2004 3301 omnia

443 3346 580 3397 bona
608 3354 661 3396 et
698 3351 879 3394 sancta
911 3339 1059 3392 lactis
1088 3339 1316 3405 amplius
1338 3353 1497 3405 quam
1529 3339 1704 3391 verbis
1730 3338 2003 3402 ostendat;

443 3444 501 3487 ut
527 3432 808 3501 capacibus
836 3429 1111 3498 discipulis
1142 3429 1388 3481 mandata
1427 3428 1632 3481 Domini
1664 3427 1843 3481 verbis
1885 3442 2009 3493 pro-

445 3523 648 3593 ponatf
687 3540 700 3575 :
732 3522 877 3576 duris
907 3536 1033 3575 vero
1070 3521 1231 3574 corde
1269 3527 1323 3574 et
1358 3518 1774 3587 simplicioribus
1798 3559 1811 3583 ,
1853 3518 2008 3572 lactis

2098 2353 2236 2391 mus.

2170 2427 2349 2496 Neque
2364 2426 2661 2481 dissimulet
2678 2426 2702 2463 ι
2727 2436 2939 2495 peccata
2951 2427 3369 2497 delinquentium
3391 2445 3403 2478 :
3423 2428 3515 2481 sed
3538 2442 3667 2479 mos

2100 2530 2157 2575 ut
2175 2521 2435 2590 coeperint
2461 2522 2612 2586 oriri,
2635 2522 2889 2575 radicitus
2909 2537 2992 2589 ea,
3019 2532 3074 2575 ttt
3098 2522 3369 2590 prtevalet,
3397 2531 3663 2591 amputet,

2100 2627 2305 2667 memor
2335 2610 2553 2681 periculi
2588 2612 2700 2665 lleli
2731 2612 3021 2666 sacerdotis
3058 2613 3124 2667 de
3167 2613 3279 2667 Silo
3322 2610 3377 2683 (1
3411 2612 3537 2683 Ileg.
3578 2618 3669 2679 tt).

2102 2702 2168 2755 Et
2196 2703 2531 2757 honestiores
2563 2703 2774 2771 quidem
2801 2713 2959 2772 atque
2991 2703 3345 2773 intelligibiles
3376 2702 3390 2740 ⁸
3425 2705 3631 2757 animos
3652 2747 3669 2770 ,

2103 2793 2269 2861 prima
2300 2794 2381 2847 vel
2408 2793 2637 2846 secunda
2661 2793 3021 2847 adtttonitiooe
3050 2792 3223 2847 verbis
3248 2793 3531 2861 corripiat;
3565 2792 3671 2846 im-

2103 2883 2301 2951 probos
2326 2893 2501 2937 autem
2542 2894 2594 2937 et
2621 2884 2783 2937 duros
2812 2885 3003 2948 corde,
3033 2898 3096 2937 ac
3142 2883 3431 2952 superbos,
3473 2884 3557 2938 vel
3588 2885 3642 2937 iu

2103 2976 2435 3038 obedientes,
2454 2975 2734 3030 verberum
2758 2977 2838 3029 vel
2854 2977 3094 3043 corporis
3110 2975 3451 3046 castigatione
3476 2976 3528 3029 in
3553 2976 3676 3046 ipso

2104 3069 2255 3122 initio
2275 3069 2473 3138 peccati
2492 3077 2755 3133 coerceat,
2777 3068 2951 3123 sciens
2974 3071 3225 3135 scriptum
3248 3087 3260 3121 :
3282 3068 3485 3124 Stultus
3501 3071 3670 3123 verbis

2106 3176 2205 3213 non
2233 3160 2518 3230 corrigitur.
2554 3156 2617 3213 Et
2645 3159 2834 3214 iterum
2868 3177 2883 3213 :
2915 3157 3127 3214 Percute
3152 3159 3317 3226 ﬁlium
3345 3170 3485 3213 tuum
3506 3161 3678 3231 virga,

2106 3263 2152 3305 et
2176 3251 2406 3306 liberabis
2430 3252 2654 3304 animum
2678 3253 2786 3319 ejus
2817 3267 2847 3302 a
2880 3261 3036 3303 ntorte
3066 3249 3245 3318 (Prov.
3277 3253 3451 3318 χχιιι).
3482 3251 3674 3305 Μοιιιμ

2109 3358 2235 3398 nere
2263 3344 2422 3398 debet
2462 3357 2673 3411 semper
2701 3344 2864 3396 abbas
2896 3344 3031 3410 quod
3075 3354 3177 3407 εει,
3212 3344 3502 3397 meminere
3528 3345 3676 3411 quod

2108 3435 2320 3502 dicitur,
2363 3445 2417 3489 et
2458 3435 2596 3489 scire
2635 3435 2757 3503 quia
2787 3434 2871 3487 cui
2898 3434 3014 3502 plus
3055 3434 3432 3496 committitur,
3461 3434 3579 3502 plus
3605 3434 3678 3484 alt

2109 3540 2175 3578 eo
2200 3526 2449 3593 exigitur.
2477 3524 2724 3592 Sciatqtte
2752 3539 2909 3592 quam
2937 3522 3206 3577 dil‘liciletn
3231 3536 3284 3576 et
3305 3524 3524 3577 arduam
3557 3538 3678 3576 rem

443 3617 554 3670 suis
578 3615 757 3669 divina
786 3620 1048 3682 praecepta
1078 3612 1410 3664 demonstret
1438 3619 1484 3661 κ.
1513 3610 1701 3663 Omnia
1732 3624 1863 3663 vero
1889 3624 2007 3677 quae
2037 3640 2081 3701 ε
2112 3616 2346 3677 suscepit
2373 3629 2555 3683 regere
2575 3618 2779 3667 animus
2800 3623 2852 3667 et
2881 3613 3160 3667 multorum
3188 3614 3392 3668 servire
3413 3614 3677 3668 muribus.

442 3707 718 3775 discipulis
742 3705 979 3758 docuerit
993 3717 1113 3757 esse
1132 3702 1419 3767 contraria,
1440 3702 1490 3753 in
1506 3702 1616 3755 suis
1638 3700 1790 3755 lactis
1807 3700 2009 3754 indicet

447 3817 549 3853 non
563 3798 783 3867 agenda,
800 3812 863 3850 ne
875 3798 992 3849 aliis
1007 3796 1299 3865 praedicans
1312 3796 1425 3861 ipse
1440 3794 1699 3863 reprobus
1716 3795 2011 3848 inveniatur

447 3890 500 3958 (Ι
532 3890 648 3943 Cor.
673 3893 774 3955 ιχ),
811 3886 1089 3955 nequando
1110 3887 1251 3941 dicat
1277 3885 1350 3939 illi
1376 3884 1512 3939 Deus
1530 3885 1770 3954 peccanti
1801 3903 1812 3936 :
1844 3884 2012 3950 Quare

446 3993 499 4033 tu
520 3996 727 4033 enarras
741 3980 969 4048 justitias
990 3994 1152 4041 ineas,
1179 3990 1222 4031 et
1239 3978 1458 4030 assumis
1480 3985 1829 4028 testamentum
1846 3989 2011 4027 meum

447 4089 534 4138 per
555 4087 610 4124 os
640 4068 824 4121 tuunt.’
850 4068 928 4121 Tu
956 4084 1073 4121 vero
1102 4068 1257 4121 odisti
1280 4068 1605 4135 disciplinam
1626 4106 1642 4132 ,
1675 4078 1724 4120 et
1755 4065 2012 4134 projecisti

448 4173 699 4213 sermones
726 4174 860 4212 meos
882 4168 993 4226 post
1011 4169 1058 4212 te
1074 4158 1244 4228 (Psal.
1268 4156 1433 4227 χιιχ).
1466 4158 1529 4210 Et
1551 4159 1639 4228 qui
1663 4157 1715 4211 in
1738 4154 1919 4210 fratris
1938 4159 2011 4210 tui

448 4255 603 4306 oculo
647 4252 906 4307 festucam
933 4252 1186 4319 videbas,
1227 4253 1280 4306 in
1323 4260 1413 4306 tuo
1452 4253 1654 4307 trabem
1696 4268 1801 4307 non
1837 4252 2012 4306 vtdisti

452 4343 664 4413 (.llattlt.
694 4342 810 4412 vtt).

521 4436 635 4489 Non
658 4435 725 4488 ab
746 4449 811 4488 eo
836 4448 1059 4503 persona
1085 4436 1136 4488 in
1170 4436 1494 4490 monasterio
1521 4436 1873 4492 discernatur.
1895 4438 2009 4491 Non

452 4541 586 4580 unus
615 4527 733 4595 plus
761 4535 967 4579 ametur
1006 4542 1160 4594 quam
1207 4526 1360 4591 altus,
1409 4528 1511 4580 nisi
1557 4542 1713 4595 quem
1761 4529 1813 4580 in
1858 4527 2014 4583 bonis

449 4614 655 4670 actibus
673 4623 763 4669 aut
789 4615 1090 4670 obedietttta
1115 4616 1375 4669 invenerit
1408 4616 1698 4670 meliorem.
1733 4617 1846 4670 Non
1879 4633 2014 4686 prae-

453 4717 675 4774 ponatur
702 4710 962 4777 ingenuus
1012 4720 1072 4761 et
1106 4707 1327 4762 servitio
1366 4709 1723 4770 convertenti,
1769 4708 1867 4761 nisi
1913 4709 2012 4760 alia

454 4799 781 4852 tatinnabilis
800 4810 958 4852 causa
990 4798 1202 4852 existat.
1230 4798 1378 4865 Quod
1399 4801 1441 4852 si
1469 4797 1538 4851 ita
1556 4796 1756 4866 justitia
1778 4796 2013 4851 dictante

449 4890 625 4944 abbati
654 4906 825 4944 Vtsutn
854 4890 956 4945 iuet
975 4893 1032 4957 it,
1056 4905 1110 4945 et
1134 4893 1201 4945 de
1226 4891 1509 4960 cujuslibet
1531 4891 1720 4943 ordine
1744 4890 1792 4942 id
1824 4889 2009 4951 facint;

447 4982 530 5035 sin
568 4983 725 5044 alias,
766 4984 978 5049 proptia
1015 4992 1230 5036 teneant
1276 4984 1386 5035 loca
1420 4998 1433 5034 :
1463 4984 1587 5050 quia
1628 4983 1743 5033 sive
1792 4995 2008 5041 servus,

449 5074 560 5126 sive
586 5072 721 5125 liber
748 5070 797 5141 (l
823 5069 941 5124 Cor.
965 5076 1083 5141 χιι),
1110 5085 1293 5127 omnes
1315 5074 1367 5126 itt
1385 5070 1595 5128 Chrism
1612 5087 1771 5126 unum
1794 5086 2007 5125 sumus:

520 5297 544 5320 ε·
573 5284 770 5351 οωυ..
797 5288 1110 5355 pronomine.

514 5355 543 5394 δ
574 5355 778 5423 Οχοη.,
809 5358 1073 5425 fermento.

523 5438 544 5461 θ’
590 5428 671 5481 ΑΙ.
698 5429 889 5479 omittit
915 5429 1000 5479 sit.

517 5496 542 5531 δ
589 5498 670 5551 ΑΙ.
702 5496 1033 5550 tantumdem.

523 5578 545 5601 ν
590 5569 671 5619 ΑΙ.
696 5585 889 5619 emant.

524 5636 541 5671 '
585 5640 623 5688 Α
634 5639 665 5686 1.
702 5652 996 5704 proponere.

522 5722 543 5748 ι
585 5707 669 5756 ΑΙ.
714 5721 1010 5760 monstrare.

2115 3704 2179 3758 Et
2202 3706 2361 3758 alium
2389 3705 2600 3774 quidem
2628 3703 3002 3758 blandimentis
3022 3747 3035 3765 ,
3072 3702 3234 3756 alium
3266 3718 3395 3755 vero
3422 3704 3673 3771 increpa-

2116 3798 2350 3852 tionibus
2379 3837 2395 3860 ,
2426 3799 2586 3851 alium
2619 3797 2954 3849 suasimtibus
2977 3835 2992 3860 ,
3017 3808 3068 3849 et
3098 3796 3387 3849 secundum
3428 3795 3678 3849 uniuscu-

2109 3890 2300 3959 jusque
2320 3891 2625 3959 qualitatem
2652 3891 2733 3943 vel
2756 3889 3181 3957 intelligentiam,
3200 3889 3273 3942 ita
3291 3904 3352 3942 se
3372 3888 3621 3941 omnibus
3636 3897 3676 3923 ⁸·

2113 3984 2409 4036 c0nl'ovmet
2437 3994 2487 4035 et
2516 3993 2657 4048 aptet
2686 4023 2700 4045 ,
2733 3992 2787 4034 ut
2818 3997 2920 4035 non
2952 3985 3119 4035 solum
3150 3981 3467 4035 detrimenta
3495 3983 3679 4052 gregis

2114 4075 2212 4127 sibi
2239 4074 2506 4127 commissi
2546 4089 2649 4127 non
2680 4078 2925 4139 patiatur,
2958 4088 3137 4126 verum
3165 4072 3217 4126 itt
3246 4074 3679 4142 augtnentatione

2116 4165 2239 4218 boni
2269 4166 2446 4233 gregis
2474 4165 2717 4233 gaudeat.

2185 4257 2324 4311 Ante
2372 4257 2549 4309 omnia
2577 4296 2591 4319 ,
2647 4271 2713 4309 ne
2756 4255 3095 4310 dissimulans
3141 4264 3230 4308 aut
3289 4254 3681 4323 parvipettdens

2115 4349 2339 4402 salutem
2388 4350 2682 4400 animarum
2737 4347 2838 4401 sibi
2889 4348 3316 4408 commissarum,
3367 4344 3482 4415 plus
3529 4357 3681 4415 gerat

2117 4438 2527 4493 sollicitudinem
2550 4438 2616 4491 de
2632 4437 2794 4492 rebus
2816 4437 3155 4498 transitoriis,
3175 4447 3230 4489 et
3248 4434 3490 4499 terrenis,
3518 4442 3680 4500 atque

2117 4532 2365 4591 caducis;
2396 4530 2488 4583 sed
2538 4542 2748 4596 semper
2799 4528 2994 4593 cogitet
3047 4530 3167 4595 quia
3217 4528 3421 4579 animas
3449 4529 3680 4595 wscettit

2118 4621 2393 4689 regendas,
2419 4620 2485 4674 de
2507 4620 2695 4688 quibus
2719 4628 2773 4672 et
2796 4620 3050 4671 ralitttlcm
3077 4617 3377 4670 redditurus
3399 4625 3509 4677 est;
3533 4626 3589 4670 et
3609 4632 3678 4671 ne

2117 4722 2362 4765 causetttr
2391 4712 2456 4765 de
2482 4712 2685 4764 ntittore
2714 4710 2845 4763 forte
2868 4709 3183 4771 sttbstanti't,
3215 4708 3516 4764 meminerit
3543 4709 3671 4762 scri-

2122 4812 2264 4868 ptum
2293 4818 2307 4853 :
2339 4800 2568 4853 Primum
2595 4803 2801 4869 qua'rite
2822 4818 3030 4872 regnum
3063 4801 3157 4854 Dei
3186 4811 3230 4854 et
3249 4801 3501 4873 justitiam
3518 4800 3636 4871 ejus
3662 4815 3679 4852 :

2118 4907 2165 4946 et
2193 4894 2297 4947 hac
2324 4897 2491 4945 omnia
2511 4894 2819 4964 adﬁcientur
2840 4894 2975 4946 vobis
2996 4893 3209 4963 (Matth.
3234 4898 3328 4962 Vt).
3356 4894 3417 4947 Et
3445 4894 3635 4947 iterum
3665 4910 3677 4944 :

2122 4983 2269 5035 Nihil
2299 4986 2435 5035 deest
2462 4986 2745 5036 timentibus
2775 5000 2888 5036 eum
2916 4982 3088 5051 (Psal.
3117 4984 3331 5050 χχχιιι).

2190 5074 2439 5145 Sciatqne
2462 5077 2583 5142 quia
2604 5076 2692 5142 qui
2720 5077 2939 5145 suscipit
2957 5077 3159 5130 animas
3198 5076 3451 5144 regendas
3478 5089 3623 5145 paret
3653 5086 3680 5112 ⁸

2187 5284 2214 5322 ⁵
2254 5289 2335 5343 ΑΙ.
2377 5289 2623 5346 omnibus.

2195 5356 2210 5392 ί
2252 5359 2449 5422 Οιοη..
2491 5358 2793 5423 disciplina.

2193 5426 2208 5501 ξ
2258 5431 2343 5501 Al.
2373 5431 2474 5482 diri
2494 5430 2745 5498 magistri,
2772 5431 2844 5500 pii
2871 5431 3046 5501 patris.

2194 5494 2215 5571 ξ
2262 5494 2653 5571 ΙΙίΙιΙειιιηᾲαίιις
2672 5494 2844 5553 omnia
2871 5494 3037 5571 neque
3055 5500 3353 5560 dissimulet.

2202 5565 2217 5603 ι
2263 5572 2347 5640 at.
2389 5569 2826 5640 intelligibiltores.

2197 5647 2235 5674 ¹¹
2257 5638 2445 5699 Cunc.,
2472 5656 2525 5690 tte
2552 5638 2800 5693 omnibus.

2201 5716 2225 5743 ⁸³
2255 5711 2336 5762 Al.
2358 5709 2680 5782 sciatqneqtti
2696 5710 2898 5780 suscipit
2922 5712 3114 5763 animas
3136 5713 3378 5778 reaettdas
3412 5734 3579 5786 prtum
3590 5725 3694 5771 ret.
