3960 6178
312 278 408 333 9ἳό

1372 274 1640 329 ῘΠῘΟΜΛ
1684 273 2170 330 (ΣΟΧΗῙΞΝΤΑΤᾹ.
2213 276 2360 331 (Ἁῐν.
2404 276 2465 332 ll.

3439 267 3538 324 ερσ

315 398 404 450 ista
434 395 671 449 ilelliitio
717 394 865 460 (Con.
898 393 983 448 liti
1012 413 1021 443 :
1074 412 1091 443 ι
1125 393 1231 446 lioc
1254 403 1425 446 tamen
1467 393 1686 446 omnino
1716 393 1857 441 viilu-
1890 399 1931 449 Α
1962 393 2012 444 in
2037 408 2192 447 manu
2215 393 2547 448 Deiviventis
2571 393 2764 458 sciens,
2788 393 2998 460 gemino
3019 403 3159 445 coari
3179 398 3261 442 tor
3278 387 3537 457 periculo,

314 483 455 530 mus,
498 478 558 519 ut
599 465 842 519 monachi
890 466 1188 518 nullatenus
1236 463 1301 517 ad
1357 462 1629 519 saecularia
1666 460 1858 527 placita

314 536 555 595 veniant.
585 550 682 589 uec
708 537 819 602 ipse
851 535 1016 588 abbas
1049 536 1162 587 sine
1197 548 1458 587 coiisensu
1489 532 1724 599 episcopi
1779 531 1859 583 sui

311 623 424 660 cum
455 606 744 660 necessitas
774 606 968 671 exigit;
998 612 1123 657 tunc
1168 618 1261 669 per
1286 604 1576 672 jus~ionem
1606 611 1657 655 et
1686 602 1865 653 consi-

315 680 432 730 lium
462 678 696 744 episcoui
720 677 839 728 illuc
862 674 1046 736 vadat;
1081 678 1410 743 nequaquam
1442 687 1616 727 tamen
1649 682 1865 744 conten-

315 750 481 803 tiopes
507 760 597 800 aut
623 747 742 801 lites
766 747 969 812 aliquas
1000 759 1219 798 movi-re
1250 754 1563 808 prmsumat,
1592 743 1682 795 sed
1713 743 1867 810 quin.

313 819 428 885 quid
450 821 791 884 quzerenilum
810 824 993 870 estaut
1010 814 1459 879 respondendum,
1481 830 1571 877 per
1584 812 1866 885 advocatos

314 883 433 941 suos
469 883 579 941 hoc
626 897 764 955 agat.
797 906 815 937 ι
848 885 1049 939 Felices
1080 901 1209 937 sane
1259 885 1413 950 hujus
1458 883 1712 950 temporis
1755 898 1867 933 mo-

316 960 488 1018 nachi,
510 975 630 1010 cum
660 958 790 1011 tales
816 957 1090 1010 inveniunt
1119 956 1402 1008 advocatos
1425 996 1438 1015 ,
1469 958 1658 1022 quibus
1681 967 1868 1005 seruie

316 1030 450 1082 credi
476 1038 681 1095 possint
712 1043 797 1082 res
817 1027 1159 1080 monasterii:
1188 1042 1283 1078 nec
1305 1039 1398 1079 eos
1421 1028 1614 1077 misera
1628 1024 1764 1091 cogit
1788 1029 1886 1073 ne:

317 1101 529 1153 cessitas
550 1100 649 1151 sub
666 1099 805 1151 fasce
823 1113 998 1150 rerum
1017 1097 1408 1163 temporalium,
1422 1110 1552 1162 quas
1570 1108 1663 1160 per
1683 1101 1875 1145 semet-

319 1170 455 1235 ipsos
478 1183 763 1235 procurare
776 1176 1005 1234 Oportet,
1032 1181 1280 1231 gemere;
1305 1181 1423 1218 rum
1452 1182 1545 1230 pro
1568 1166 1677 1217 suis
1698 1176 1871 1229 ponus

318 1240 577 1293 etali-inis
616 1249 843 1305 peccatis
888 1253 1101 1303 gemere
1157 1238 1443 1288 deberent:
1493 1236 1733 1302 quamvis
1777 1247 1872 1285 nes

319 1314 379 1363 ah
426 1311 528 1364 hoc
548 1312 797 1375 scrupnio
820 1311 1019 1361 relevei
1042 1309 1098 1358 S.
1129 1308 1435 1367 .-\ﬂS"illlttS,
1469 1305 1871 1372 qii.‘aliiiuanilo

321 1385 589 1433 consultus
636 1396 664 1430 a
713 1379 938 1445 quodam
989 1379 1149 1430 fratre
1189 1379 1273 1443 qui
1315 1377 1553 1429 ilicieret:
1610 1395 1626 1422 ι
1672 1375 1875 1427 lielicm

319 1454 512 1504 saaculo
559 1450 676 1503 veni
725 1450 790 1501 ad
822 1450 1063 1503 ordinem
1095 1447 1474 1500 monachorum
1495 1489 1509 1510 ,
1534 1461 1757 1510 sperans
1790 1458 1875 1497 me

322 1522 385 1574 ibi
410 1535 565 1586 posse
589 1520 795 1589 penitus
817 1520 1093 1572 intendere
1116 1519 1235 1570 vitm
1262 1517 1482 1589 perenni
1505 1516 1710 1589 et__llro.
1742 1516 1875 1567 Ecce

320 1602 490 1644 autem
520 1586 603 1642 ex'
626 1602 891 1658 prtecepto
920 1590 1124 1644 abbatis
1168 1588 1275 1641 ruei
1323 1586 1666 1639 satcularibus
1715 1600 1875 1658 nego-

323 1662 403 1713 tiis
440 1654 692 1721 intendo;
726 1668 779 1713 et
806 1660 928 1712 dum
974 1675 1058 1712 res
1089 1659 1341 1711 Ecclesiae
1372 1668 1555 1709 contra
1590 1654 1874 1709 Sicculares

322 1730 603 1785 defendere
629 1731 866 1797 tuerique
891 1730 1166 1783 desidero.
1214 1729 1409 1795 placito
1433 1768 1448 1790 ,
1480 1727 1653 1797 litigo,
1686 1736 1814 1791 etc.,
1849 1744 1867 1776 ι

324 1804 458 1857 inter
493 1802 597 1854 alia
640 1802 710 1853 ita
758 1802 1069 1864 respondit:
1123 1798 1409 1853 Miinarhits
1446 1815 1464 1847 ι
1518 1796 1871 1855 (ιὶιθάἰνηιίεν,

322 1888 435 1939 qua!
458 1871 557 1925 sibi
582 1870 812 1938 injuncta
835 1882 913 1930 est
932 1912 947 1935 ,
980 1872 1049 1923 ita
1081 1869 1321 1933 studeat,
1354 1880 1407 1919 ιιι
1434 1877 1487 1920 et
1513 1883 1600 1921 res
1629 1866 1879 1920 Ecclesiae

322 1951 504 1997 contra
543 1957 731 1995 oniues
761 1941 982 1994 viriliter
1007 1941 1255 2007 justeque
1284 1946 1494 1992 tueatur
1529 1946 1582 1990 et
1605 1946 1875 2007 protegat,

324 2023 373 2067 et
417 2012 487 2066 de
526 2012 702 2066 alieno
733 2024 826 2078 per
875 2012 1185 2077 iujustitiam
1228 2009 1326 2062 sub
1372 2009 1662 2062 dcuiinium
1702 2008 1883 2061 Ecclu-

324 2083 413 2137 εἰει
442 2082 573 2135 nihil
617 2083 856 2149 redigere
897 2090 1130 2149 satugat;
1174 2082 1217 2133 si
1255 2082 1303 2131 in
1340 2078 1639 2146 huiusmodi
1664 2092 1884 2149 conver-

325 2168 469 2208 saiur
502 2164 556 2204 et
603 2148 765 2214 vivit,
808 2154 1047 2215 qiiainiis
1078 2167 1172 2219 pro
1197 2150 1388 2204 talibus
1420 2149 1610 2203 nti-sas
1657 2148 1882 2217 perdat,

326 2238 697 2291 nonnunquam
730 2223 971 2289 loquatur
1014 2237 1131 2275 cum
1189 2220 1381 2291 fratres
1430 2223 1479 2291 in
1534 2220 1769 2291 claustro
1809 2228 1881 2291 ta-

326 2304 476 2355 cent,
532 2288 583 2345 et
631 2288 869 2359 quaedam
902 2293 1092 2346 similia
1135 2292 1321 2344 horum
1363 2290 1557 2354 faciat,
1596 2290 1677 2343 vel
1707 2288 1885 2342 diluit-

327 2375 430 2429 tat,
474 2364 584 2433 89
637 2378 753 2431 qua:
803 2363 971 2428 ipsum
1010 2376 1108 2416 nec
1147 2361 1351 2433 faciunt
1380 2400 1395 2421 ,
1448 2375 1547 2413 nec
1598 2359 1884 2412 dimittunt.

328 2430 865 2494 Ubedieiitiaivirtus,
895 2448 1049 2499 quam
1079 2442 1310 2493 exercet,
1342 2430 1453 2483 haec
1482 2439 1667 2482 cuncta
1696 2444 1887 2499 consu-

328 2505 441 2568 mit,
474 2513 527 2558 et
571 2518 662 2555 vas
704 2505 965 2571 integrum
996 2518 1147 2556 suum
1177 2514 1417 2571 servans,
1450 2499 1669 2553 farinam
1700 2498 1765 2553 de
1794 2515 1888 2553 sua

329 2576 463 2628 mola
495 2576 765 2637 fluentem,
794 2570 910 2641 qua:
954 2573 1099 2626 illum
1138 2570 1454 2627 arterualiter
1495 2580 1693 2641 pascat,
1726 2579 1886 2621 totam

331 2660 389 2699 ac
431 2660 611 2713 puram
644 2638 843 2711 colligit
882 2652 1037 2712 atque
1068 2641 1324 2703 recondit,
1357 2651 1457 2713 etc.
1493 2660 1510 2691 ι
1548 2643 1610 2692 Ιαίι
1638 2638 1750 2713 haec
1774 2646 1888 2713 qui-

332 2709 444 2769 dem
474 2715 521 2767 ei
551 2717 639 2783 qui
684 2709 847 2767 invito
885 2709 967 2767 ae
993 2714 1301 2783 repugnanti
1342 2712 1520 2783 animo
1550 2709 1889 2783 siticularibiis

336 2784 549 2853 negotiis
570 2779 895 2853 applicatur.
940 2784 1095 2837 Addit
1129 2779 1260 2836 vero
1288 2798 1304 2835 :
1335 2784 1363 2853 ᾗ
1387 2798 1406 2831 r
1454 2781 1511 2833 Et
1550 2782 1672 2849 quid
1706 2779 1771 2832 de
1801 2780 1889 2853 illo

335 2850 664 2909 sentiendum
712 2864 793 2907 est
833 2854 918 2917 qui
959 2869 1017 2907 se
1052 2854 1191 2907 ultro
1220 2853 1282 2905 ad
1318 2852 1715 2918 di~posiiiimem
1744 2850 1833 2903 viil
1869 2880 1893 2890 -

335 2940 439 2977 l’lllll
468 2926 644 2985 offert,
685 2937 842 2991 atque
874 2935 927 2977 ut
958 2925 1006 2976 id
1039 2924 1179 2993 quod
1210 2923 1354 2991 cupit
1392 2922 1456 2974 ad
1495 2922 1752 2993 etl’ectum‘
1776 2935 1894 2993 pei-

336 2997 523 3055 t'eniai,
556 2996 689 3047 t‘lztlll
720 2990 817 3049 sibi
850 2990 1119 3062 adjutores
1147 2990 1388 3056 advocat,
1424 3006 1638 3044 munera
1670 2990 1892 3062 pollice-

334 3075 431 3126 tur,
474 3068 697 3134 gratiam
741 3060 1000 3132 Spondet?
1046 3082 1062 3115 i
1114 3062 1293 3117 Refert
1340 3066 1621 3134 Anselmus
1653 3078 1665 3112 :
1703 3078 1720 3111 ‹
1756 3060 1890 3113 Nihil

1963 465 2084 516 ilum
2118 479 2202 517 me
2228 480 2277 516 m
2303 466 2459 531 hique
2488 465 2806 517 commissos
2836 462 3068 515 attendo.
3117 464 3242 513 Nam
3265 502 3277 515 .
3309 463 3448 531 s‘cut
3476 460 3537 509 ιι.

1964 534 2251 601 Gregorius
2270 537 2337 586 ait
2374 530 2386 586 ἐ
2411 536 2463 586 lu
2492 537 2581 587 illo
2603 534 3068 600 tiemeuilojudieii
3093 532 3335 584 examine
3359 530 3542 583 unius-

1965 606 2223 672 cujusque
2253 606 2609 658 testiiuonium
2642 610 2722 657 vix
2769 606 2867 658 sibi
2918 605 3016 658 soli
3059 601 3303 657 sufficiet.
3343 609 3543 672 quanto

1969 671 2147 726 minus
2173 675 2271 727 sibi
2304 688 2354 727 et
2387 675 2664 739 proximo?
2704 676 2977 741 Quomodo
3021 690 3148 741 ergo
3195 681 3270 723 tot
3313 671 3543 723 millibus

1970 747 2163 801 ltili'lllf!
2209 757 2470 797 terrarum
2520 746 2754 804 dill'usis,
2805 762 2935 813 quos
2979 759 3102 797 rari
3150 743 3229 794 vel
3274 756 3541 807 nunquam

1970 817 2151 869 videre
2180 816 2357 878 datur,
2390 824 2514 868 ante
2545 818 2811 868 (ζξιιῆιιιιιιι
2845 818 3078 869 vivorum
3119 823 3172 867 et
3211 822 3541 866 mortuoriim

1965 886 2165 954 justum
2194 886 2423 953 judicent
2452 886 2649 939 adero?
2680 888 2916 951 Qualiter
2944 886 3231 940 Secundum
3263 884 3318 935 Β.
3355 884 3412 954 l’.
3438 881 3542 954 Be-

1971 952 2238 1009 nedicnim
2267 956 2334 1009 de
2365 971 2585 1010 numero
2610 960 3012 1010 commissorum
3043 956 3296 1008 rationem
3319 952 3541 1006 reddere

1972 1026 2299 1094 prievalebo,
2342 1028 2428 1095 qui
2471 1027 2537 1081 de
2592 1027 2817 1093 propria:
2870 1030 2991 1079 vitm
3040 1024 3215 1095 studio
3258 1023 3545 1095 requisitos

1972 1093 2148 1151 innuis
2177 1093 2393 1150 forsitan
2422 1099 2718 1164 apparebo?
2760 1117 2776 1148 ι
2811 1106 2917 1149 etc.
2956 1097 3062 1149 llac
3096 1094 3251 1149 etiam
3286 1093 3451 1146 multo
3482 1106 3542 1146 se

1974 1168 2140 1235 magis
2186 1176 2509 1220 commotum
2557 1168 2718 1222 fuisse
2754 1169 2863 1235 90
2909 1167 3105 1219 indicat
3142 1166 3200 1220 S.
3243 1164 3544 1218 Beruarilns

1976 1237 2058 1291 his
2102 1238 2278 1289 verbis
2308 1237 2500 1305 (Serm.
2545 1239 2579 1293 ’ὅ
2636 1239 2698 1291 de
2728 1235 2882 1305 Adii.)
2919 1254 2931 1289 :
2968 1255 2985 1286 ε
3022 1237 3200 1303 Longe
3238 1235 3459 1303 graviori
3492 1240 3547 1305 et

1976 1304 2339 1373 periculosiori
2387 1308 2568 1362 debito
2610 1304 3121 1369 tenentur’astricti,
3158 1309 3243 1372 qui
3284 1320 3380 1375 pro
3410 1304 3543 1375 ntul-

1977 1379 2043 1431 tis
2073 1379 2349 1431 animabus
2380 1379 2637 1432 reddituri
2668 1390 2791 1434 sunt
2824 1378 3099 1431 rationem.
3132 1375 3267 1442 Quid
3290 1373 3392 1439 ego
3419 1373 3547 1425 infc-

1975 1449 2068 1514 lix,
2105 1464 2209 1516 quo
2240 1463 2324 1500 me
2352 1459 2575 1512 vertam,
2604 1451 2648 1503 si
2683 1459 2880 1502 tantum
2913 1453 3236 1511 thesaurum,
3271 1447 3312 1499 si
3347 1444 3545 1516 pretio-

1975 1534 2091 1573 sum
2126 1514 2436 1585 depositum
2492 1520 2650 1581 istud,
2689 1522 2826 1586 qtnid
2868 1519 2967 1573 sibi
3009 1518 3251 1571 Christus
3295 1514 3548 1586 sanguine

1979 1584 2517 1657 proprioprctiosius
2554 1584 2829 1657 judicavit.
2877 1590 3159 1652 contigerit
3200 1584 3547 1654 negligentius

1978 1660 2265 1713 custodiri?
2296 1659 2351 1712 Si
2384 1660 2673 1715 stillantem
2703 1661 2754 1714 in
2793 1675 2949 1714 ciuce
2988 1658 3192 1712 Domini
3238 1659 3546 1723 sanguinem

1912 1756 1955 1812 μ
1982 1731 2339 1812 collegissem,
2384 1732 2947 1812 essctque_repo.situs
2993 1731 3379 1812 penes_me'ijn
3423 1741 3548 1809 vase

1984 1796 2171 1865 vitreo,
2202 1801 2340 1869 quod
2378 1812 2430 1853 et
2461 1803 2658 1866 portari
2692 1796 2888 1864 Saepius
2920 1807 3207 1866 oporteret,
3234 1796 3549 1869 quidani‘iui

1984 1868 2255 1925 habiturus
2282 1886 2455 1925 essem
2486 1872 2536 1924 in
2568 1872 2873 1925 discrimine
2898 1870 3075 1923 tanto?
3105 1869 3168 1922 Et
3190 1878 3333 1921 certe
3362 1868 3411 1919 id
3440 1882 3551 1918 ser-

1984 1944 2209 1996 vandum
2234 1943 2439 2009 acciepi,
2467 1957 2562 2009 pro
2588 1958 2694 2008 quo
2722 1953 2985 1995 mercator
3006 1957 3109 1993 non
3142 1939 3415 2002 insipiens,
3441 1938 3549 2009 ipsa

1985 2014 2163 2082 utique
2184 2007 2479 2082 Sapientia,
2498 2007 2806 2079 sanguinem
2834 2013 2978 2064 illum
2996 2011 3157 2065 dedit.
3178 2011 3278 2082 Sed
3301 2020 3355 2062 et
3380 2007 3551 2082 habeo

1984 2078 2288 2137 thesaurum
2327 2081 2485 2137 istum
2512 2084 2563 2136 in
2592 2078 2731 2136 vasis
2764 2083 3032 2143 fictilibus,
3063 2088 3116 2134 et
3152 2080 3341 2148 quibus
3381 2078 3547 2130 multo

1988 2155 2131 2225 plura
2162 2168 2318 2219 quam
2355 2154 2537 2207 vitreis
2582 2154 2861 2225 imminere
2891 2152 3118 2225 pericula
3150 2152 3448 2225 videantur.
3492 2167 3509 2197 ι

2058 2221 2123 2276 Ει
2151 2218 2212 2276 ne
2243 2234 2475 2276 rausetur
2501 2224 2564 2277 de
2591 2224 2776 2276 minori
2806 2218 2934 2293 forte
2960 2220 3284 2292 substantia.]
3312 2218 3551 2293 Causari,

1988 2295 2062 2347 uti
2093 2295 2340 2346 observat
2368 2303 2549 2348 noster
2572 2289 2873 2355 Menarilus,
2900 2289 3552 2360 nonnunqiiamaccipitur

1990 2380 2085 2435 pro
2112 2379 2369 2435 excusare
2398 2374 2450 2417 et
2483 2364 2789 2418 defendere.
2826 2364 2901 2417 Ne
2931 2378 3057 2431 ergo
3086 2373 3333 2435 censetur
3361 2361 3427 2412 de
3458 2360 3554 2412 nii-

1990 2433 2105 2489 uori
2134 2434 2267 2486 forte
2294 2434 2614 2497 siibstaniia,
2642 2438 2790 2500 quasi
2815 2436 3016 2488 diceret
3041 2449 3055 2484 ι
3081 2433 3192 2486 Non
3223 2440 3438 2485 excuset
3464 2439 3554 2482 aut

1989 2504 2237 2559 detendat
2263 2518 2412 2557 suam
2441 2504 2809 2575 negligentiam
2841 2519 2963 2571 erga
2989 2506 3194 2557 animas
3224 2517 3352 2575 quas
3376 2514 3555 2575 susce-

1994 2577 2068 2643 pit
2092 2574 2369 2642 regendas,
2399 2585 2491 2628 aut
2516 2571 2734 2628 nimiam
2767 2590 2942 2628 rerum
2975 2571 3556 2643 temporalinmsollici-

1994 2641 2228 2699 tudinem
2277 2658 2425 2698 suam
2478 2654 2733 2716 pra:textu
2781 2644 2976 2714 inopia:
3023 2658 3111 2698 aut
3159 2642 3379 2698 minciis
3429 2641 3556 2694 sub-

1992 2718 2223 2770 statitiaa.

2067 2785 2351 2839 Meminerit
2390 2786 2633 2852 scriptum
2667 2802 2684 2838 :
2715 2784 2941 2837 Primum
2980 2785 3190 2850 qnn'ritc
3228 2799 3437 2854 regnum
3468 2780 3558 2834 Dei

1996 2857 2457 2939 etjuatit’iantrjns,
2481 2867 2525 2908 et
2547 2857 2654 2939 lure
2676 2857 2843 2939 omnia
2867 2857 3175 2925 adﬁcientur
3197 2854 3375 2939 vobis.|
3401 2854 3560 2939 Recte

1997 2922 2153 2997 igitur
2188 2927 2244 2980 S.
2291 2922 2513 2979 Basilius
2554 2924 2642 2995 (1η
2683 2927 2856 2980 Const.
2903 2922 3144 2991 monast.,
3183 2942 3226 2978 c.
3269 2922 3411 2992 55)':
3451 2942 3469 2975 ι
3504 2922 3560 2978 Si

1998 2998 2140 3051 enim
2180 2998 2267 3050 ubi
2310 2997 2416 3050 duo
2458 2998 2541 3049 vel
2588 3006 2693 3049 tres
2736 2997 3043 3063 congregati
3086 3008 3206 3048 sunt
3253 2997 3302 3047 iu
3351 2997 3561 3047 nom-ine

2000 3067 2216 3130 lilii-isti,
2251 3069 2303 3121 in
2336 3068 2509 3121 tnedio
2539 3067 2768 3135 ipsorum
2796 3078 2878 3119 est
2903 3067 3172 3131 Christus,
3209 3067 3563 3129 multomagis

335 3136 427 3189 hoc
451 3125 514 3190 ad
552 3125 875 3202 propositum
904 3135 1144 3187 monachi
1170 3134 1415 3205 pertinet.
1450 3154 1466 3181 ι
1503 3132 1565 3183 Et
1593 3135 1849 3197 quaerenti
1877 3148 1890 3183 :
1924 3125 1969 3186 Ο
2000 3137 2089 3190 ubi
2129 3125 2326 3205 plures,
2364 3149 2411 3190 et
2443 3139 2529 3190 ubi
2562 3125 2849 3190 'niulturum
2891 3125 3170 3190 hominum
3202 3125 3562 3201 congregatio.

340 3224 356 3256 i
388 3206 573 3259 Nonne
606 3206 688 3258 hic
718 3207 835 3257 talis
881 3204 1001 3258 licet
1032 3206 1129 3257 hoc
1167 3204 1306 3272 quod
1345 3203 1451 3256 dixi
1493 3216 1592 3268 cup
1614 3212 1686 3263 at,
1718 3211 1892 3254 tamen

333 3276 443 3329 sine
489 3277 698 3330 licentia
741 3275 943 3340 prrelati
987 3278 1068 3328 sui
1118 3274 1245 3329 nihil
1297 3274 1472 3327 facere
1516 3274 1715 3324 lentat?
1752 3289 1771 3321 ι
1807 3288 1894 3325 re-

334 3352 550 3415 spondet
582 3363 597 3400 :
627 3365 644 3395 ι
684 3345 917 3398 Lit-entia
948 3347 1141 3397 multos
1164 3345 1391 3406 derepit.
1415 3342 1721 3415 Obedientia
1753 3345 1894 3395 enim

334 3412 383 3470 ei
409 3417 764 3470 iuohedivniia
797 3418 1061 3469 contraria
1087 3425 1236 3472 sunt;
1270 3416 1455 3466 harum
1484 3412 1658 3464 media
1684 3412 1895 3466 licentia

333 3498 432 3540 est.
472 3487 519 3540 Is
559 3488 716 3556 igitur
745 3501 899 3553 quem
932 3484 1229 3556 obedientia
1270 3499 1372 3537 non
1411 3483 1899 3556 co_nstringit_clau-

336 3566 440 3610 stra
471 3552 777 3611 monasterii
817 3556 1020 3623 egredi,
1053 3555 1166 3608 vult
1196 3565 1371 3607 tamen
1400 3554 1568 3616 exire,
1598 3552 1898 3623 regulisque

335 3628 715 3680 .listrictionem
761 3622 981 3679 licenter
1018 3624 1301 3677 declinare.
1334 3623 1577 3689 quamvis
1619 3625 1749 3676 nolit
1785 3622 1901 3677 sine

335 3698 383 3751 lii
401 3699 541 3751 entia
572 3699 622 3751 id
657 3709 997 3764 priesniuere,
1022 3707 1074 3747 et
1098 3698 1296 3748 idcirco
1317 3706 1490 3747 actum
1514 3707 1669 3745 suum
1690 3694 1899 3764 licentia

336 3782 431 3835 qua
461 3763 666 3820 nititur
694 3766 862 3835 possit
898 3766 1202 3827 defendere,
1242 3773 1510 3833 peccatum
1538 3773 1712 3817 tanien
1744 3763 1902 3818 habet

337 3854 395 3891 ex
450 3840 630 3893 illicita
671 3838 968 3897 voluntate;
1016 3850 1112 3889 nec
1148 3837 1290 3888 enim
1342 3848 1616 3904 postquam
1663 3844 1903 3888 mortuus

337 3914 532 3961 munito
576 3908 862 3961 claustrum
910 3905 1090 3968 subiit,
1123 3905 1187 3958 ad
1219 3902 1399 3958 mundi
1443 3902 1651 3972 negotia
1689 3904 1771 3957 vel
1810 3919 1904 3955 vo-

338 3978 544 4034 luntate
572 3980 834 4031 ullatenus
883 3978 1057 4030 redire
1098 3976 1296 4029 debuit.
1347 3976 1482 4041 Quia
1523 3986 1696 4026 tamen
1733 3975 1901 4040 ipsum

336 4049 473 4101 Velle
498 4064 654 4101 suum
688 4064 790 4101 non
822 4046 920 4099 nisi
952 4050 1240 4113 permis-us
1289 4045 1427 4099 facto
1454 4044 1675 4111 implere
1715 4044 1899 4106 voluit,

336 4120 660 4182 obedientia,
687 4133 843 4186 quam
872 4118 921 4169 in
949 4119 1048 4169 hoc
1069 4117 1344 4183 amplexus
1372 4124 1475 4176 est,
1506 4114 1677 4181 ipsum
1702 4114 1901 4186 factum

336 4192 644 4249 excusabit;
674 4184 766 4241 sed
789 4187 927 4241 velle
952 4189 1089 4253 quod
1112 4199 1294 4240 contra
1319 4186 1673 4239 obedientiam
1700 4184 1897 4244 habuit,

337 4261 716 4326 periculosum,
745 4258 843 4310 nisi
875 4257 1198 4324 pienituerit,
1226 4258 1299 4310 illi
1330 4256 1448 4309 erit.
1483 4255 1637 4326 Quod
1666 4256 1905 4309 nonnulli

336 4325 509 4383 minus
551 4332 905 4390 attendentes,
936 4328 1142 4380 licentia
1181 4342 1336 4396 quam
1380 4339 1475 4393 pro
1517 4325 1781 4396 inipleida
1814 4339 1908 4377 vo-

333 4400 537 4454 luntate
585 4415 680 4453 sua
722 4407 1009 4466 expetunt,
1055 4395 1208 4465 sape
1247 4397 1517 4449 falluntur.
1576 4415 1593 4446 ι
1645 4395 1905 4448 Hactenus

332 4473 645 4535 Anselinus,
675 4470 824 4535 cujus
856 4478 1083 4521 utentem
1117 4469 1316 4521 utinam
1344 4480 1536 4518 omnes
1557 4476 1905 4534 assequamur

330 4551 386 4595 et
409 4541 733 4607 sequantur!
764 4539 1041 4604 Quomodo
1070 4553 1197 4591 vero
1228 4540 1339 4607 ipse
1372 4537 1422 4589 in
1456 4536 1632 4607 litibus
1660 4550 1713 4589 et
1744 4536 1906 4603 placi-

331 4615 399 4665 tis
426 4604 748 4679 se’gereret,
781 4609 902 4663 vide
931 4610 971 4660 si
1004 4610 1148 4662 lubet
1177 4610 1228 4661 in
1252 4604 1494 4675 ejusdem
1536 4604 1669 4659 Vita:
1701 4607 1835 4660 libro
1864 4623 1903 4670 ι,

333 4696 450 4749 pag.
482 4683 609 4742 Di.
642 4681 779 4746 apud
809 4680 1048 4731 Surium.

402 4748 510 4805 Sed
540 4767 738 4817 semper
766 4752 945 4821 coqitet
987 4750 1106 4818 quia
1144 4749 1342 4799 animas
1378 4748 1598 4821 suscepit
1640 4749 1907 4821 regendas,

336 4821 399 4874 de
435 4825 622 4892 quibus
652 4814 909 4874 rationem
947 4814 1245 4892 redditurus
1285 4814 1404 4885 exh]
1440 4814 1741 4892 bitttile_est
1782 4819 1908 4871 illud

335 4886 553 4947 Orsi'esii
601 4894 652 4944 in
693 4891 1064 4944 exhortatione
1104 4891 1168 4942 ad
1207 4892 1493 4940 monachos
1526 4905 1540 4940 :
1579 4904 1597 4936 ι
1636 4886 1909 4943 Discaiuus

338 4965 474 5030 quod
496 4970 709 5030 oportet
731 4977 826 5015 nos
847 4975 922 5014 sui
934 4976 988 5013 re
1011 4969 1130 5013 ante
1154 4958 1382 5011 tribunal
1405 4958 1691 5030 Cliristi,et
1709 4960 1906 5030 desin-

337 5028 473 5101 gulis
502 5028 608 5085 non
636 5034 806 5085 solum
837 5033 1108 5095 operibus,
1139 5032 1230 5082 sed
1258 5039 1312 5079 et
1339 5028 1758 5101 cogitationibus
1765 5028 1908 5101 judie

342 5099 470 5168 cari,
494 5114 551 5155 et
582 5115 699 5171 post
728 5105 984 5154 rationein
1014 5103 1134 5153 vita:
1160 5108 1353 5153 nostra:
1379 5103 1535 5171 etiam
1561 5112 1655 5162 pro
1677 5099 1792 5152 aliis
1814 5100 1905 5168 qni

346 5175 488 5226 nolis
508 5168 695 5226 crediti
714 5181 837 5225 sunt
854 5171 1150 5224 reddituros
1179 5184 1295 5223 esse
1315 5168 1560 5222 similiter
1586 5174 1898 5223 rationem.)

350 5241 691 5296 formidanda
718 5257 930 5304 prorsus
953 5241 1185 5307 praelatis
1210 5242 1454 5292 omnibus
1480 5244 1763 5305 sententia,
1785 5256 1904 5307 qua:

351 5315 422 5365 vel
450 5312 593 5381 ipsas
623 5316 745 5366 vine
775 5321 1077 5365 ιιιοιιειειιωξ
1117 5313 1397 5381 columnas
1421 5309 1729 5368 commovit,
1765 5314 1905 5364 viros

348 5380 484 5436 Omni
510 5392 788 5437 sanctitate
819 5383 1092 5451 insignitas
1121 5384 1326 5451 terruit.
1361 5380 1466 5432 Hac
1497 5382 1749 5451 nimirum
1778 5398 1899 5446 per-

350 5453 519 5508 erilsus
566 5454 754 5507 Petrus
807 5449 1131 5506 Venerabils
1182 5452 1244 5503 ad
1277 5450 1569 5517 Gnigoneut
1609 5449 1902 5503 Carthnsne

354 5525 569 5588 priorem
592 5526 661 5578 ita
678 5524 940 5578 scribebat
962 5521 1096 5589 (Lib.
1117 5538 1153 5585 ι,
1177 5539 1255 5591 ep.
1277 5521 1369 5588 ‘24)
1397 5541 1408 5573 :
1440 5539 1457 5571 i
1487 5521 1593 5571 lloc
1618 5521 1724 5591 plus
1742 5536 1898 5587 quam

353 5594 519 5649 dicere
541 5610 752 5663 possunt
793 5608 1052 5655 metuens,
1083 5603 1136 5647 et
1165 5590 1483 5644 horrendum
1522 5604 1641 5643 esse
1670 5590 1903 5646 incidere

418 5754 437 5776 '
481 5752 599 5806 Vide
633 5754 691 5809 S.
726 5752 855 5808 Bern
909 5770 1058 5807 scrin.
1088 5753 1117 5804 5
1150 5753 1210 5804 de
1244 5754 1590 5820 .luumptrour
1622 5749 1683 5804 ll.
1719 5749 1914 5809 Martio.

1998 3209 2103 3262 Aut
2130 3208 2284 3275 igitur
2314 3208 2443 3261 nihil
2473 3209 2624 3261 nobis
2664 3209 3085 3261 necessariorum
3120 3216 3380 3275 pra-serite
3411 3205 3562 3258 Chri-

1999 3290 2082 3331 sto
2119 3278 2307 3339 deerit,
2347 3277 2771 3348 quandoquidem
2817 3293 2985 3343 nequi-
3018 3277 3268 3331 lsraelitis
3297 3276 3564 3348 insolito-7

1999 3350 2122 3403 dine
2168 3347 2463 3403 necessaria
2498 3348 2811 3411 defuerunt;
2841 3356 2930 3399 iiut
2968 3350 3009 3400 si
3051 3348 3281 3401 defuerit
3306 3347 3367 3398 ad
3400 3347 3564 3399 nostri

1999 3420 2386 3486 probationem,
2418 3423 2582 3470 satius
2622 3418 2722 3470 erit
2758 3433 2914 3488 egere
2952 3431 2999 3471 et
3034 3434 3151 3471 esse
3179 3432 3299 3470 cum
3328 3416 3563 3475 Christo,

1999 3504 2156 3558 quam
2186 3490 2300 3542 sine
2330 3489 2470 3541 illius
2511 3489 2766 3541 societate
2796 3488 3045 3541 omnbus
3076 3488 3233 3557 hujus
3266 3488 3384 3539 vita:
3414 3488 3565 3558 bouis

2000 3556 2291 3613 abundare.
2325 3577 2343 3609 ι
2379 3557 2478 3612 Ista
2527 3560 2584 3613 S.
2635 3558 2810 3612 Basilii
2854 3559 3009 3611 veiba
3049 3556 3358 3628 sequentem
3404 3556 3565 3621 etiam

2000 3630 2313 3683 sententiam
2338 3630 2555 3683 mirilice
2578 3629 2862 3684 illustrant.

2076 3699 2141 3753 Et
2178 3700 2357 3752 iterum
2389 3714 2407 3752 :
2434 3698 2579 3751 Nihil
2621 3700 2757 3750 deest
2794 3699 3082 3752 timentibus
3120 3694 3279 3767 eum]
3322 3696 3480 3763 Nam,
3510 3704 3569 3750 ut

2002 3771 2074 3823 ait
2103 3770 2455 3829 Sniaragdus.
2493 3786 2510 3819 ι
2545 3770 2633 3837 qui
2676 3768 2839 3822 Deum
2883 3769 3042 3823 habet
3077 3786 3167 3834 per
3197 3784 3351 3837 quem
3380 3777 3569 3821 cuncta

2002 3852 2178 3894 creata
2204 3849 2349 3903 sunt,
2377 3851 2429 3894 et
2456 3841 2507 3892 in
2538 3854 2645 3907 quo
2674 3848 2891 3894 manent
2916 3851 2967 3893 et
2992 3849 3239 3894 constant
3264 3840 3462 3903 omnia,
3490 3838 3571 3891 ni-

2006 3912 2076 3964 hil
2128 3910 2302 3963 miuus
2345 3912 2411 3965 de
2455 3910 2679 3975 spiritali
2734 3919 2827 3964 aut
2895 3917 3107 3964 terrena
3158 3920 3333 3978 potest
3376 3911 3571 3963 habere

2004 3981 2317 4063 substantia.
2367 4000 2384 4031 ι
2431 3980 2599 4063 Hujus
2645 3980 2721 4035 rei
2763 3979 3061 4063 periculum
3101 3981 3300 4063 fecerat
3323 3979 3391 4062 _S.
3425 3980 3571 4063 lingu

2005 4052 2295 4106 :Ediiensis
2339 4052 2652 4121 monachos,
2692 4050 2800 4121 qui,
2844 4060 2902 4105 ut
2939 4051 3160 4121 legimus
3198 4053 3249 4104 in
3289 4051 3401 4120 ejus
3436 4050 3571 4115 Vita,

2006 4138 2060 4174 n.
2098 4120 2183 4180 16.
2218 4139 2235 4170 r
2274 4120 2549 4175 asserebat
2576 4121 2674 4176 sub
2703 4120 3058 4177 Ostentatione
3082 4126 3379 4176 communis
3406 4132 3457 4176 et
3483 4138 3573 4175 ve-

2005 4207 2080 4245 rte
2108 4192 2250 4255 fidei,
2276 4193 2525 4263 quoniam
2550 4192 2677 4263 siin
2707 4207 3022 4263 quocunque
3053 4194 3289 4263 loconim
3318 4194 3571 4246 observa.

2008 4272 2091 4315 tus
2132 4263 2285 4314 fuerit
2326 4262 2559 4330 pra'dicti
2594 4262 2767 4317 Patris
2790 4262 3108 4332 (Benedicti)
3136 4272 3286 4317 tenor
3317 4265 3577 4332 regularis

2008 4333 2378 4403 institutionis,
2404 4332 2605 4386 nullius
2643 4333 2943 4401 indigentia
2983 4349 3235 4403 passuros
3277 4336 3573 4403 penuriam,

2011 4404 2099 4465 qui
2133 4402 2200 4454 ibi
2233 4402 2606 4456 habitaverint.
2646 4403 2797 4467 Quod
2842 4406 2999 4457 etiam
3048 4402 3287 4472 plurimis
3330 4405 3381 4458 in
3424 4406 3577 4467 locis,

1935 4489 1987 4550 ι)
2015 4473 2065 4524 in
2096 4472 2285 4550 quibus
2329 4475 2641 4550 custoditur,
2691 4474 2847 4550 hodie
2889 4475 3216 4550 dignoscitur
3263 4485 3571 4542 expertum:

2013 4558 2111 4595 nec
2141 4544 2312 4595 minus
2343 4545 2392 4595 in
2424 4544 2525 4595 illis
2568 4544 2621 4596 in
2662 4545 2851 4611 quibus
2884 4545 3213 4613 frigescendo
3241 4553 3426 4610 tepuit,
3456 4559 3576 4613 ege-

2011 4624 2122 4665 stas
2136 4623 2191 4665 et
2212 4613 2516 4683 inquietudo
2537 4614 2709 4667 cubile
2736 4614 2947 4668 locavit.
2978 4635 2994 4665 ι
3020 4615 3247 4679 ldipsum
3271 4615 3579 4683 deplorabat

2012 4676 2309 4752 ationynius
2342 4683 2471 4736 Vita:
2495 4683 2552 4737 S.
2579 4683 2833 4752 Stephani
2856 4685 3059 4737 abbatis
3083 4676 3427 4738 Ohazinen'sis
3450 4687 3579 4738 scri-

2014 4765 2151 4821 ptor,
2180 4753 2295 4821 ejus
2321 4753 2629 4819 discipulus,
2660 4770 2780 4806 cum
2824 4755 3083 4808 scriberet
3113 4772 3124 4805 :
3162 4772 3179 4804 ι
3218 4754 3364 4809 Nunc
3405 4767 3580 4809 autent

2011 4824 2135 4878 dum
2170 4840 2266 4891 pro
2295 4825 2523 4878 terrenis
2552 4838 2605 4878 et
2644 4826 2857 4877 caducis
2905 4828 3063 4878 rebus
3094 4827 3209 4890 plus
3237 4840 3393 4892 quam
3426 4828 3579 4879 deret

2013 4894 2221 4947 solliciti
2246 4910 2447 4956 smnus,
2469 4905 2521 4948 et
2547 4895 2613 4948 de
2646 4896 2953 4948 caelestibus
2979 4911 3082 4948 non
3105 4898 3414 4960 emittimus,
3447 4898 3499 4948 lit
3523 4906 3579 4948 ut

2015 4979 2112 5018 nec
2153 4966 2285 5029 istis,
2327 4980 2423 5019 nec
2454 4965 2558 5018 illis
2595 4966 2924 5031 aliquatenus
2955 4968 3303 5031 aliundenins,
3331 4968 3580 5036 quoniam

2010 5037 2246 5107 cmlestiii
2292 5037 2424 5088 bona
2468 5039 2715 5100 primum,
2751 5037 2798 5087 id
2840 5045 2923 5089 est
2965 5037 3295 5104 purissimum
3342 5051 3584 5107 qiiierere

2006 5106 2166 5172 jussi,
2187 5115 2525 5165 cit-telorum,
2555 5123 2670 5172 quzu
2702 5115 2922 5171 restant,
2954 5106 3583 5161 sollieitiidiuem’divina:

2013 5179 2355 5243 providentia:
2384 5186 2717 5229 somniiitere
2754 5177 3143 5232 deliuissemus.
3184 5197 3202 5230 ι
3242 5178 3307 5231 Et
3337 5180 3434 5231 hac
3462 5178 3584 5245 qui-

2011 5248 2132 5299 dem
2174 5250 2306 5299 forte
2338 5249 2538 5299 raiione
2574 5248 2629 5299 ὃ.
2678 5246 2989 5301 (ἓιιςιιειιηιιε
3030 5251 3193 5303 abbas
3222 5247 3585 5310 Diviouensis,

2012 5327 2070 5369 ut
2097 5319 2281 5389 scrihi_t
2311 5319 2361 5389 iu
2392 5316 2511 5389 ejus
2545 5317 2656 5369 \‘itii
2686 5318 2898 5382 (Μηίων,
2927 5320 3030 5389 91
3063 5319 3320 5372 Boilulfus
3357 5334 3474 5387 cap.
3518 5317 3588 5369 13

2018 5388 2192 5457 (Αριιά
2233 5387 2371 5440 Boil.
2403 5388 2426 5440 l
2463 5387 2612 5455 Jan.)
2642 5404 2654 5438 :
2693 5405 2710 5437 r
2749 5387 3410 5443 'lribus'monasteriorum
3445 5389 3581 5442 utili-

2014 5460 2208 5511 tatibus
2237 5458 2532 5524 prmpiisitis
2560 5459 2685 5511 illud
2719 5461 2913 5527 su'pius
2943 5461 3256 5521 iuculcahat,
3292 5474 3342 5513 ut
3373 5464 3424 5513 in
3450 5476 3584 5511 eila-

2008 5528 2185 5581 ctione
2225 5529 2323 5582 sibi
2368 5529 2770 5581 (2()ll|llli.~5lll‘lllﬂ
2823 5528 2996 5584 forent
3049 5530 3273 5594 providi,
3329 5548 3395 5585 ne
3444 5530 3585 5583 forte

2012 5598 2167 5652 nimis
2198 5607 2379 5654 tenues
2412 5613 2504 5668 pro
2533 5608 2723 5655 census
2754 5600 2925 5654 reditu
2952 5600 3337 5672 affligerentur-
3371 5602 3587 5658 dicebat
