3960 6178
429 229 535 284 299

1766 233 1822 288 S.
1869 237 1926 291 Ρ.
1969 237 2314 296 BENEDICTI

3559 241 3662 290 3(ῗο

429 346 650 414 diligere
675 345 862 418 Deum.
916 347 1017 400 hoc
1047 356 1128 418 est
1180 349 1321 418 enim
1358 350 1586 413 primum
1616 356 1670 402 et
1699 351 1990 402 maximum
2027 359 2066 415 Α
2101 351 2526 418 copiosissimum
2561 351 2648 403 red
2689 361 2979 417 ruptorem,
3011 360 3266 405 ueternum
3314 363 3658 406 conservato-

435 418 488 469 in
513 418 628 486 lege
649 417 952 470 mandanm
985 433 996 467 :
1034 415 1260 486 primum
1293 417 1570 484 dignitate,
1595 419 1821 485 primum
1853 420 1994 472 utili-

435 485 840 554 tate,’.pr.imnm
882 485 1219 554 necessitate.
1255 486 1538 554 Dégnitate,
1582 488 1728 554 quia,
1763 500 1817 540 ut
1862 490 1989 541 dicit

429 556 569 624 apud
590 552 894 626 Cassianum
926 552 1134 626 (Callet.
1157 556 1237 619 il,
1265 552 1438 626 cili!)
1469 552 1630 626 abbas
1656 552 1992 620 Chaaremon,

437 642 456 676 ι
495 625 622 678 nihil
651 623 952 690 pretiosius,
994 623 1122 676 nihil
1159 625 1464 692 perfeCtius,
1497 625 1631 678 nihil
1687 626 1989 689 sublimius,

433 692 564 746 nihil
612 693 874 746 charitate
927 694 1250 759 perennius;
1289 712 1308 745 ›
1362 705 1416 746 et
1456 695 1684 749 Sanctus
1729 695 1993 748 Caesarius

430 763 622 823 (Serm.
643 760 742 815 ΜΠ
765 762 817 814 in
841 763 1070 830 Append.
1096 761 1263 833 Serm.
1283 763 1342 817 S.
1363 763 1522 833 Aug.)
1543 781 1556 814 :
1581 765 1854 818 «Charitas
1874 765 1994 818 oleo

429 836 800 899 comparatur;
834 847 955 884 nam
981 831 1246 899 quomodo
1274 831 1726 888 oleunfdamibus
1759 834 1994 887 humori-

433 903 529 970 hus
557 900 800 970 superius
827 915 948 970 esse
977 903 1365 970 cognoscimus,
1400 903 1470 955 ita
1498 903 1726 970 chiritas
1745 903 1992 957 omnibus

432 969 714 1040 virtutibus
757 969 1439 1040 sublimior’compaiatur.
1481 990 1498 1022 ι
1551 969 1820 1030 Utili:ate.
1871 973 1990 1040 quia

433 1038 778 1104 diligentibus
827 1038 992 1093 Deum
1040 1041 1218 1093 omnia
1260 1051 1612 1105 cooperantur
1656 1045 1706 1093 in
1758 1038 1989 1104 bonum;

433 1110 626 1160 bonum
672 1109 871 1176 utique,
922 1108 1086 1161 Deum
1118 1110 1524 1176 possidendum;
1558 1118 1616 1163 ut
1641 1110 1783 1164 enim
1831 1111 1904 1163 ait
1929 1110 1989 1165 S.

435 1175 929 1248 Aiigustinus’wib.
958 1193 974 1229 ι
1005 1177 1065 1230 de
1096 1177 1246 1230 Doct.
1279 1179 1424 1248 Clir.,
1473 1195 1586 1245 cap.
1631 1181 1744 1248 29),
1796 1197 1812 1229 ι
1855 1181 1992 1234 Deus

437 1247 546 1298 vult
568 1260 627 1298 se
655 1246 819 1313 diligi,
851 1260 956 1298 non
987 1255 1044 1298 ut
1072 1249 1174 1300 sibi
1205 1247 1422 1315 aliquid,
1453 1250 1545 1301 sed
1577 1256 1632 1300 ut
1652 1246 1731 1302 eis
1753 1249 1838 1316 qui
1873 1251 1992 1301 tliti-

432 1325 562 1380 gunt
585 1323 841 1384 internum
865 1317 1090 1382 pretium
1116 1316 1438 1382 conferatur,
1468 1317 1566 1369 hoc
1585 1326 1667 1370 est
1693 1319 1805 1383 ipse
1833 1333 1990 1384 quem
2022 1329 2026 1332 '

432 1383 674 1456 tlitigunt.
717 1382 916 1456 i_l_Jnde
942 1395 998 1438 et
1023 1384 1082 1438 S.
1121 1385 1432 1456 Ambrosius
1467 1386 1601 1456 (Lib.
1629 1401 1642 1439 I
1671 1382 1722 1438 in
1749 1382 1992 1453 Hatram,

432 1469 478 1506 c.
509 1453 644 1524 1'2):
683 1451 977 1524 «Charitas
997 1463 1110 1524 eat,
1143 1455 1331 1524 inquit,
1360 1451 1482 1524 quae
1502 1470 1596 1508 nos
1626 1451 1992 1522 superioribus

434 1523 600 1575 nectit
624 1523 867 1589 cmloque
892 1523 1092 1593 inserit.
1130 1541 1148 1574 ι
1177 1523 1413 1576 Tandem
1445 1525 1780 1586 necessitate,
1804 1535 1856 1576 et
1879 1525 1992 1593 qui-

434 1594 556 1645 dem
589 1601 800 1644 arternze
849 1592 1052 1656 salutis,
1082 1607 1198 1659 qum.
1239 1595 1354 1646 sine
1397 1594 1485 1646 Dei
1511 1594 1795 1646 dilecuoue
1825 1593 1993 1648 haud-

433 1675 694 1728 quaquam
746 1660 973 1730 obtineri
1024 1670 1224 1727 potest,
1275 1661 1532 1730 Apostolo
1573 1661 1639 1716 ad
1687 1660 1993 1718 Corinthios

432 1712 694 1784 sbi-itiénte
727 1747 738 1780 :
776 1712 882 1786 Eur
905 1712 1524 1801 idem'pioﬁéiiaﬁi.’
1552 1712 1990 1801 cruciatui};
2023 1712 2068 1772 Β

432 1803 518 1851 nia
556 1801 821 1867 mysteria,
854 1809 898 1854 et
931 1815 1127 1851 ontnem
1159 1799 1447 1865 scientiam;
1504 1801 1594 1852 etsi
1618 1799 1838 1868 habuero
1881 1818 1992 1856 om-

432 1883 542 1920 nem
569 1869 740 1935 ﬁdem,
771 1870 842 1920 ita
871 1879 926 1922 ut
957 1877 1150 1921 montes
1193 1874 1494 1938 transferam
1525 1884 1540 1920 :
1574 1870 1872 1924 alacritatem
1899 1888 1993 1924 au-

433 1949 530 1988 tem
551 1953 649 1990 non
680 1938 923 2001 habuero,
971 1939 1100 1992 nihil
1145 1955 1254 1991 sum
1281 1954 1299 1991 :
1326 1941 1414 1992 etsi
1445 1939 1751 1993 distribuere
1776 1943 1828 1994 in
1859 1943 1994 1995 cibos

433 2023 711 2075 pauperum
737 2023 902 2060 onum
925 2010 1191 2077 facultates
1207 2025 1338 2060 meas
1357 2025 1374 2073 ;
1395 2010 1492 2061 etsi
1537 2011 1796 2062 tradidero
1811 2025 1994 2075 corpus

435 2093 622 2141 meum,
645 2077 717 2128 ita
743 2089 794 2127 ut
824 2077 1030 2146 ardeant
1059 2095 1081 2146 :7
1103 2077 1399 2130 clturitalem
1427 2088 1597 2132 autent
1624 2097 1725 2132 non
1749 2079 1990 2146 habuero,

437 2147 563 2198 nihil
593 2145 716 2217 mihi
751 2151 951 2217 prodest
975 2145 1024 2217 (Ι
1051 2145 1168 2217 Cor.
1201 2162 1292 2200 xm
1323 2185 1337 2201 .

505 2217 586 2268 Ab
619 2216 716 2267 hac
735 2229 864 2269 vero
892 2216 1194 2270 dilectionis
1226 2217 1342 2286 lege
1371 2217 1546 2270 nullus
1573 2217 1843 2284 eximitur,
1879 2219 1993 2271 nul-

438 2286 520 2336 lus
547 2286 722 2352 aliquo
765 2293 939 2350 potest
966 2287 1208 2337 excusari
1253 2295 1516 2352 pretextu
1550 2303 1562 2338 :
1603 2305 1622 2336 ‹
1660 2286 1840 2340 Potest
1868 2291 1992 2340 mihi

439 2353 629 2421 aliquis
665 2353 887 2424 dicere;
917 2354 1029 2424 Non
1064 2370 1274 2420 possum
1303 2355 1564 2423 jejunarc,
1597 2356 1764 2424 inquit
1789 2357 1845 2410 S.
1876 2355 1991 2409 ϐω-

435 2420 606 2475 sarins
637 2423 830 2494 (serat.
861 2420 968 2474 2'25
995 2424 1047 2475 in
1078 2420 1317 2492 Append;
1358 2420 1528 2480 Serm.
1575 2426 1635 2478 S.
1662 2420 1857 2494 iAttg.),
1889 2441 1992 2480 non

438 2507 648 2557 possum
675 2491 919 2559 vigilare;
946 2491 1178 2560 nunquid
1209 2501 1377 2560 potest
1399 2495 1608 2548 dicere:
1631 2493 1744 2547 Non
1759 2491 1993 2561 pessum

436 2561 650 2613 amare?
679 2561 858 2614 l’otest
903 2563 1082 2615 dicere
1115 2579 1128 2612 ε
1163 2563 1274 2615 Non
1307 2578 1521 2628 possunt
1572 2578 1658 2616 res
1685 2578 1830 2616 meas
1859 2571 1994 2617 totas

442 2630 758 2696 pauperibus
809 2630 960 2696 dare,
1015 2641 1070 2684 et
1123 2633 1174 2683 in
1227 2634 1550 2686 monasterio
1598 2633 1708 2686 Deo
1755 2635 1989 2698 servire;

438 2699 674 2766 nunqu;d
723 2707 896 2770 pote-t
939 2700 1117 2754 dicere
1149 2718 1162 2751 :
1196 2701 1306 2752 Νοιι
1339 2717 1552 2767 possum
1583 2702 1836 2770 diligere?
1875 2721 1894 2753 ι
1929 2703 1994 2757 Et

435 2777 603 2839 ce:_te,
637 2778 690 2839 ut
719 2767 926 2839 Optime
943 2771 1191 2822 observat
1241 2770 1299 2822 S.
1325 2770 1553 2823 Thomas
1586 2767 1725 2838 (l-i,
1755 2788 1809 2839 ᾳ.
1867 2773 1990 2836 109,

437 2855 485 2889 u.
511 2836 589 2903 ὃ),
617 2838 875 2908 idihgere
890 2835 1062 2908 Deum
1089 2852 1252 2905 super
1273 2840 1560 2892 omnia-est
1586 2835 1836 2908 quiddam
1867 2835 1995 2893 con-

440 2906 678 2958 naturale
704 2906 926 2968 homini.
955 2915 1008 2960 et
1029 2909 1248 2970 cuilibet
1276 2922 1555 2969 creatum,
1584 2906 1689 2961 non
1715 2911 1885 2962 solum
1911 2925 1994 2962 ra—

434 2975 640 3040 tionali,
693 2974 788 3029 sed
817 2977 972 3026 etiam
1022 2976 1337 3040 irrationali,
1387 2986 1438 3028 cl.
1487 2978 1649 3030 etiam
1689 2978 1991 3032 inanimatae

437 3046 726 3098 secundum
761 3044 972 3097 modum
1023 3045 1241 3116 amoris,
1288 3045 1384 3116 qui
1425 3046 1704 3114 unicuique
1734 3055 1990 3102 creaturae
2020 3055 2064 3116 Ο
2096 3047 2310 3112 Christ.,
2341 3063 2386 3099 c.
2427 3044 2557 3114 22)E

435 3122 739 3180 competere
764 3122 953 3182 potest.
996 3133 1013 3164 i
1052 3113 1201 3168 Unde
1229 3114 1386 3168 etiam
1417 3113 1654 3182 apposite
1675 3116 1733 3169 S.
1765 3117 1992 3170 Basilius

434 3182 644 3250 (Regni.
675 3186 778 3252 fus.
811 3197 923 3254 cup.
954 3183 1008 3252 2)
1037 3200 1049 3235 :
1081 3202 1107 3254 ί(
1140 3183 1362 3254 Dilectio
1407 3185 1521 3247 Dei,
1569 3187 1758 3253 inquit,
1813 3186 1996 3239 doceri

441 3266 543 3304 ιιοιι
575 3259 778 3318 potest;
811 3252 983 3322 neque
1007 3253 1148 3306 enim
1179 3252 1297 3322 luce
1325 3254 1579 3322 gaudere,
1602 3252 1654 3306 et
1677 3255 1838 3306 vitam
1865 3254 1996 3309 affe-

437 3331 583 3373 ctare
613 3322 679 3374 ab
706 3323 811 3374 alio
831 3321 1080 3390 quapiam
1108 3321 1425 3392 didicimus;
1459 3337 1628 3390 neque
1659 3324 1882 3392 diligere
1905 3339 1998 3392 pa-

440 3398 616 3444 rentes
668 3401 762 3444 aut
809 3392 1097 3445 nutritores
1153 3391 1288 3446 alius
1361 3407 1458 3445 nos
1499 3393 1678 3444 docuit
1705 3411 1718 3444 :
1747 3391 1812 3445 ad
1859 3391 1996 3447 hunc

436 3460 615 3526 itaque
661 3460 896 3521 modum.
927 3461 1008 3514 vel
1057 3471 1204 3514 certe
1237 3461 1403 3515 multo
1431 3461 1600 3530 magis
1628 3462 1862 3515 divinum
1897 3465 1998 3516 hoc

437 3531 756 3582 desiderium
790 3545 893 3582 non
921 3539 1096 3596 potest
1123 3530 1340 3583 aliunde
1369 3546 1461 3598 per
1491 3540 1767 3584 externam
1795 3533 1996 3584 doctri-

435 3615 552 3653 nam
584 3601 744 3668 disci;
773 3600 865 3652 sed
887 3599 1266 3660 constitutioni,
1284 3599 1514 3653 hominis
1542 3600 1827 3653 seminaria
1851 3616 1996 3668 qua:-

433 3672 551 3718 ilam
581 3667 742 3720 indita
768 3677 850 3722 est
877 3669 1032 3732 ratio,
1064 3685 1180 3736 quae
1202 3669 1255 3721 in
1283 3669 1457 3738 seipsa
1487 3670 1707 3724 haberet
1732 3667 1921 3724 causas
1943 3680 2000 3725 et

431 3741 649 3790 allectus
680 3738 1005 3791 fatitiliariter
1033 3737 1302 3806 diligendi.
1341 3756 1360 3789 ι
1610 3785 1621 3806 ν.

509 3808 654 3875 107
681 3807 813 3872 Quia
846 3817 1022 3861 tamen
1063 3805 1192 3859 nihil
1235 3807 1296 3860 lit
1322 3821 1410 3860 ant
1443 3805 1559 3861 ﬁeri
1589 3805 1747 3861 debet
1775 3822 1804 3860 a
1829 3811 1996 3860 ratio-

431 3878 538 3928 nali
565 3886 809 3946 creatura
827 3891 942 3946 sme
971 3890 1162 3940 causa,
1195 3877 1383 3946 quibus
1405 3877 1472 3930 ad
1487 3890 1722 3946 amorem
1755 3877 1994 3932 divinum

432 3945 728 4014 nationibus
741 3944 945 3998 moveri
964 3946 1250 4011 possimus,
1265 3945 1496 4001 breviter
1507 3944 1873 4014 explicandum
1889 3961 1993 4000 εει.

503 4013 1039 4082 Ρτιιιιειιιιλιιιιὶοιιθιιι
1095 4019 1279 4080 paucis
1325 4015 1543 4082 exponit
1582 4013 1650 4070 S.
1693 4015 1995 4069 Bernartius

427 4097 547 4152 cum
570 4082 698 4134 dicit
717 4080 818 4151 (De
839 4082 1002 4152 Dtltg.
1031 4082 1163 4148 Deo,
1184 4101 1231 4136 c.
1261 4085 1309 4149 Ι)
1335 4101 1347 4137 :
1381 4080 1547 4137 Causa
1561 4083 1811 4152 diligendi
1829 4085 1994 4140 Deum

430 4148 568 4203 ﬂens
597 4159 694 4214 est,
727 4148 842 4220 hoc
870 4148 1178 4206 est'summa
1222 4148 1464 4218 bonitas,
1515 4148 1754 4208 summus
1799 4170 1950 4208 amor
1975 4195 1991 4220 ,

430 4232 639 4290 summe
670 4218 935 4284 amabilis,
957 4233 1114 4288 quem
1143 4221 1367 4290 diligere
1400 4224 1544 4276 omni
1575 4232 1836 4277 creatura:
1866 4218 1992 4277 con;

435 4289 674 4342 naturale
703 4297 806 4344 est.

500 4358 744 4412 Secunda
818 4364 900 4413 est
963 4365 1209 4429 ιιι-(φωριιῄΔ
1245 4373 1510 4413 summum
1567 4361 1680 4427 ejus
1724 4376 1846 4429 erga
1896 4377 1996 4416 nos

428 4441 664 4498 amorem
680 4441 696 4490 ;
713 4440 855 4498 nam,
870 4435 927 4479 ut
950 4426 1082 4480 dicit
1107 4426 1379 4498 Gilbertus
1399 4431 1462 4482 de
1483 4426 1988 4498 lloillandiﬂSerm.

431 4497 519 4559 i9,
542 4499 595 4548 in
624 4493 820 4562 Cant.),
840 4497 1098 4563 improbus
1118 4497 1198 4548 sui
1225 4507 1526 4564 provocator
1541 4512 1614 4551 est
1634 4493 1818 4554 amor}
1846 4502 1991 4554 nullo

430 4565 623 4636 pretio,
649 4565 791 4618 nu'la
819 4565 1064 4636 mercede
1087 4568 1422 4636 compensati
1440 4576 1645 4636 potest,
1674 4585 1779 4622 uno
1803 4585 1988 4636 repen-

429 4634 572 4706 ditur
594 4649 813 4697 amore;
847 4649 946 4706 nec
975 4633 1120 4706 aliud
1142 4649 1170 4687 a
1191 4635 1545 4706 nobisﬂexigit
1564 4635 1706 4691 Deus
1727 4679 1740 4700 ,
1773 4633 1987 4706 qui—nos

429 4705 490 4755 ad
521 4704 800 4774 hocuuum
829 4703 1044 4767 dilexit,
1076 4713 1132 4774 ut
1161 4719 1280 4774 eum
1323 4703 1636 4774 diligamus;
1674 4725 1690 4758 ι
1723 4703 1844 4759 nam
1865 4723 1984 4762 cum

429 4782 569 4825 amat
616 4773 756 4844 Deus
780 4813 815 4844 ,ί
851 4789 953 4826 non
984 4773 1126 4844 aliud
1151 4773 1262 4844 vult
1303 4788 1463 4844 quam
1489 4780 1679 4843 amari,
1715 4776 1885 4844 inquit
1923 4780 1982 4832 S.

427 4842 733 4898 llernardus,
756 4843 946 4912 (Serm.
973 4843 1064 4908 85,
1093 4845 1146 4897 in
1167 4841 1365 4912 σπι),
1393 4843 1590 4913 quippe
1613 4841 1715 4898 nun
1747 4841 1814 4898 ad
1844 4847 1986 4900 aliud

425 4921 568 4964 amat
588 4925 746 4984 quam
780 4921 834 4965 ut
860 4920 1100 4984 am_etur;
1131 4913 1310 4967 sciens
1338 4915 1453 4984 ipso
1481 4929 1514 4966 a
1539 4927 1668 4984 “ore
1690 4914 1874 4968 beatos
1895 4919 1984 4984 qui

333 5007 336 5009 λ
425 4992 485 5033 se
512 4981 828 5066 amaverint.
868 5001 886 5032 ι
921 4981 1054 5066 Cum
1081 4995 1210 5066 ergo
1249 4984 1390 5066 prior
1421 4982 1535 5050 ipse
1565 4981 1985 5064 dilexeritnos,

426 5043 698 5120 (dignus
746 5052 902 5118 plane
951 5059 1034 5105 est
1083 5043 1172 5120 qui
1225 5043 1562 5118 redamiiur,
1598 5055 1888 5120 praesertim
1941 5043 1986 5107 si

423 5119 577 5174 adre:
592 5130 752 5185 tatur,
801 5121 940 5188 quis,
967 5134 1122 5186 quos,
1150 5130 1514 5189 quantumque
1545 5119 1837 5185 amaverit,
1879 5141 1896 5172 i
1930 5135 1987 5176 ut

423 5192 659 5262 loquitur
681 5190 869 5262 iterum
891 5191 1312 5262 ideni~S,doctor
1328 5191 1413 5260 (de
1439 5190 1604 5260 Dilig.
1629 5192 1756 5250 Deo.
1777 5207 1890 5259 cup.
1908 5194 1983 5262 Vl).

495 5259 672 5313 Tertia
693 5260 943 5326 diligendi
969 5259 1060 5312 Dei
1091 5273 1247 5312 causa
1273 5259 1508 5325 prbcedit
1539 5277 1601 5314 ex
1631 5263 1853 5313 summis
1871 5259 1985 5328 ejus

423 5329 474 5380 in
499 5345 596 5382 nos
623 5329 911 5390 beneﬁciis,
939 5329 1127 5394 quibus
1157 5344 1308 5380 suum
1333 5330 1390 5382 S.
1427 5332 1724 5382 liernardus
1746 5345 1981 5383 atumem

424 5401 492 5451 ita
518 5399 784 5452 excitabat
815 5397 979 5468 (Ibid.
1004 5415 1050 5450 ε.
1075 5397 1163 5465 5):
1200 5400 1380 5462 «Quid
1408 5415 1534 5466 ergo
1556 5415 1675 5466 ego,
1701 5400 1790 5466 qui
1815 5399 1979 5453 Deum

424 5482 597 5520 meum
639 5477 798 5522 teneo
833 5469 952 5522 vita:
997 5483 1128 5520 mete
1155 5483 1259 5520 non
1289 5469 1460 5530 solum
1486 5469 1774 5536 gratuitum
1825 5473 1981 5536 largi-

425 5544 616 5606 tori-nt,
667 5539 1022 5606 largissimum
1054 5537 1556 5600 atltninistratorem,
1607 5540 1752 5604 pium
1784 5553 1980 5592 censo-

427 5601 670 5669 lauit-cui,
693 5601 975 5666 sollicitum
996 5607 1432 5674 gubernatorem;
1460 5609 1550 5662 sed
1577 5601 1796 5674 insuper
1819 5611 1974 5663 etiam

2022 4397 2073 4457 Ι)

2101 436 2233 483 rem,
2263 421 2564 482 ditatorem,
2598 419 3054 486 glorilicatorvm?
3099 440 3119 470 ι

2167 492 2364 552 Quarta
2399 491 2534 543 inter
2554 493 2688 541 alias
2729 488 3468 559 magnisnosurgetstimulis
3491 493 3656 556 gratia

2097 559 2500 626 redemptionis,
2537 561 2768 624 pretioso
2807 558 3004 611 Christi
3047 558 3306 623 sanguine
3331 558 3658 622 comparata.

2103 645 2118 675 ι
2154 627 2257 682 Sed
2281 629 2521 693 estquod
2557 643 2642 680 me
2677 630 2791 693 plus
2823 635 3029 689 movet,
3067 627 3237 696 inquit
3265 627 3405 682 idem
3429 627 3494 680 S.
3529 628 3656 682 lier-

2097 698 2292 749 nardus
2308 697 2606 761 (Senicio,
2634 697 2896 765 mCant.),
2919 697 3032 762 plus
3049 705 3220 763 urget,
3250 702 3369 762 plus
3389 698 3658 763 accendit,

2095 781 2257 834 super
2283 767 2480 830 omnia,
2518 767 2758 834 inquam,
2797 767 2973 820 reddit
2993 765 3276 819 amabilem
3297 765 3483 834 te_mihi
3500 765 3656 830 ,Jesu

2095 831 2250 897 bone,
2275 837 2409 888 calix
2437 831 2604 903 quem
2622 836 2820 898 bibisti,
2852 849 2984 902 opus
3012 831 3389 903 redemptionis
3421 844 3639 898 nostra};

2094 903 2195 957 hoc
2217 907 2432 956 omnino
2461 902 2699 958 amorem
2733 919 2970 957 nostrum
3019 902 3171 956 facile
3217 903 3443 957 vindicat
3489 914 3653 958 totum

2093 973 2225 1036 sibi;
2261 975 2381 1039 hoc,
2416 974 2649 1041 inquam,
2679 983 2761 1028 est
2799 973 2938 1040 quod
2981 983 3214 1026 nostram
3237 974 3574 1027 devmionem
3603 987 3658 1026 et

2094 1041 2342 1121 blandius
2372 1042 2575 1108 allicit,
2606 1053 2660 1098 et
2693 1044 2886 1110 justius
2929 1041 3134 1110 exigit,
3167 1051 3220 1097 et
3250 1043 3447 1098 arctius
3489 1045 3656 1096 strin-

2132 1121 2196 1172 It,
2226 1121 2329 1164 etc.
2367 1131 2385 1163 ι

2093 1125 2546 1245 Βῃριῗὶιιῗίιιιριιιιεθ
2579 1191 2678 1245 est,
2704 1184 2828 1250 quia
2862 1181 2952 1250 qni
2979 1183 3144 1236 Deum
3172 1179 3653 1250 diligitunnscum

2093 1265 2160 1302 eo
2187 1251 2438 1305 efﬁcitur.
2486 1249 2748 1318 Praeclare
2796 1249 2984 1305 iterum
3029 1250 3064 1304 S
3135 1249 3432 1302 Bernardus
3461 1249 3653 1317 (Serm.

2094 1321 2182 1382 5i,
2215 1321 2268 1372 in
2298 1320 2492 1388 Cant.),
2525 1337 2543 1369 ι
2583 1319 2855 1374 Neminem
2887 1324 3108 1387 suspicit
3128 1334 3297 1381 amor,
3332 1318 3426 1370 sed
3451 1336 3520 1370 ne
3551 1319 3649 1370 dc-

2094 1389 2258 1455 spicit
2279 1389 2524 1453 quidem:
2554 1403 2738 1441 omnes
2765 1404 2828 1442 ex
2860 1404 3010 1456 aequi
3043 1399 3271 1440 intuetur
3299 1388 3387 1453 qui
3421 1387 3654 1452 perfeCte

2093 1471 2151 1510 se
2179 1465 2386 1521 amant,
2417 1467 2470 1510 et
2515 1459 2568 1510 in
2613 1459 2790 1524 seipse
2839 1461 3008 1510 celsos
3041 1458 3072 1509 h
3115 1458 3372 1523 milesque
3417 1466 3655 1509 contem-

2096 1536 2270 1593 perat,
2306 1541 2401 1580 nec
2431 1526 2587 1580 modo
2609 1541 2784 1594 pares,
2805 1528 2896 1580 sed
2922 1543 3079 1580 unum
3109 1541 3202 1594 eos
3228 1526 3382 1578 l'acit:
3417 1525 3653 1578 tuDeum

2098 1592 2322 1666 forsitan
2355 1595 2420 1666 ab
2443 1595 2542 1648 hac
2582 1592 2787 1666 amoris
2811 1596 2989 1666 regula
3021 1592 3189 1661 excipi
3217 1595 3402 1662 putas?
3425 1593 3530 1666 Sed
3562 1596 3655 1660 qui
3689 1651 3698 1658 η

2098 1663 2336 1718 τιιηιςητθι
2386 1665 2515 1728 Deo,
2547 1680 2683 1717 unus
2712 1663 2926 1729 spiritus
2955 1672 3057 1718 est.
3089 1665 3222 1728 Quid
3256 1663 3466 1730 miraris
3493 1663 3514 1713 ?
3542 1668 3657 1730 ipse

2096 1733 2262 1787 factus
2304 1745 2384 1787 est
2415 1727 2660 1800 tanquam
2692 1727 2828 1786 unus
2855 1749 2916 1788 ex
2951 1750 2983 1786 ιι
3023 1727 3125 1786 bis.
3167 1752 3183 1782 ι
3339 1727 3355 1745 ‘

2166 1803 2328 1858 Sexta
2351 1818 2512 1856 causa
2533 1813 2637 1866 est,
2666 1803 2784 1870 quia
2815 1804 3081 1870 proprium
3108 1800 3490 1853 monachorum
3513 1814 3651 1865 opus

2096 1885 2173 1926 est
2210 1873 2375 1925 Deum
2413 1872 2630 1940 diligere
2660 1869 2862 1940 {unde
2917 1871 3182 1925 Gilbertus
3239 1871 3305 1920 de
3355 1869 3652 1940 “uillarum

2096 1956 2220 1996 suos
2249 1938 2529 2010 alloquens
2549 1944 2620 1994 ait
2649 1939 2843 2006 (Serm.
2877 1942 2965 2005 19,
3011 1942 3064 1992 in
3099 1940 3312 2007 Cant):
3354 1957 3370 1986 ι
3407 1938 3648 1990 Aliorum

2095 2014 2195 2064 alia
2211 2022 2334 2064 sunt
2355 2009 2547 2076 cilicia,
2583 2022 2813 2066 vestrum
2841 2011 3074 2077 speciale
3099 2023 3290 2062 munus
3319 2019 3402 2059 est
3428 2024 3599 2059 amor.
3622 2024 3644 2059 ι

2168 2080 2259 2133 llis
2307 2091 2464 2148 atque
2506 2079 2624 2132 aliis
2675 2079 2975 2146 hujnsmodi
3031 2078 3278 2148 stimulis,
3304 2077 3410 2148 qui
3447 2079 3647 2148 passim

2097 2144 2391 2202 occurrunt
2421 2148 2560 2216 apud
2609 2144 2887 2212 auctores,
2934 2147 3244 2216 excitandus
3288 2154 3369 2198 est
3400 2144 3451 2196 in
3500 2147 3653 2198 nobis

2093 2233 2242 2272 amor
2273 2218 2396 2283 Dei,
2426 2215 2617 2286 quibus
2657 2220 2744 2286 qui
2785 2233 2891 2272 non
2919 2221 3202 2280 excitatur,
3235 2215 3374 2286 hunc
3419 2229 3522 2286 non
3553 2219 3646 2286 ob.

2095 2288 2351 2349 dormire,
2384 2284 2476 2340 sed
2507 2284 2723 2354 prorsus
2753 2296 3015 2339 mortuum
3046 2300 3164 2338 esse
3197 2285 3386 2354 merito
3417 2284 3644 2354 dixeris;

2097 2370 2218 2410 nam
2254 2377 2269 2407 ι
2305 2351 2679 2424 dignus'plane
2703 2367 2783 2409 est
2807 2364 2975 2409 morte
3001 2354 3090 2424 qui
3123 2355 3235 2420 tibi,
3258 2353 3478 2424 Domine
3501 2351 3650 2417 Jesu,

2093 2421 2594 2487 recusatvi'vere,‘et
2619 2435 2855 2479 mortuus
2885 2421 3068 2479 estzet
3095 2426 3180 2492 qui
3213 2421 3304 2476 tibi
3339 2435 3442 2474 non
3489 2434 3650 2489 sapit,

2094 2496 2319 2562 desipit;
2345 2503 2398 2548 et
2418 2494 2506 2562 qui
2538 2505 2691 2547 curat
2719 2508 2858 2558 esse,
2890 2495 2986 2546 nisi
3012 2507 3226 2560 propter
3252 2501 3324 2555 te,
3355 2506 3450 2558 pro
3481 2494 3650 2546 nihilo

2093 2575 2196 2626 est,
2220 2577 2274 2620 et
2299 2564 2426 2616 nihil
2457 2573 2558 2626 est,
2598 2579 2614 2612 ι
2656 2564 2820 2630 inquit
2855 2563 2910 2616 S.
2945 2562 3260 2614 Bernardus.
3306 2629 3311 2630 γ
3344 2628 3370 2630 Α
3517 2583 3522 2588 -

2166 2635 2332 2687 Porro
2359 2635 2481 2685 licet
2507 2633 2692 2684 modus
2723 2628 2972 2700 diligendi
3002 2630 3168 2700 Deum
3191 2631 3258 2682 sit
3285 2628 3509 2700 diligere
3532 2629 3648 2683 sine

2095 2704 2273 2768 modo,
2306 2714 2358 2754 ut
2384 2701 2616 2772 loquitur
2651 2697 2991 2772 los'idem
3039 2699 3316 2772 S._doc_tor
3345 2697 3448 2767 (De
3481 2699 3647 2772 Dili'g.

2095 2772 2234 2836 Deo,
2266 2788 2378 2836 cap.
2412 2772 2502 2837 l),
2531 2768 2984 2838 aliquietn'tamen
3035 2768 3188 2822 nobis
3229 2769 3313 2820 hic
3340 2769 3652 2838 rprtelixisse

2095 2842 2309 2895 videtur
2330 2835 2391 2894 'S.
2444 2835 2786 2904 Benedictus,
2818 2854 2936 2893 cum
2965 2839 3098 2892 dixit
3131 2839 3291 2890 Deum
3322 2835 3645 2904 diligendum

2097 2925 2217 2964 esse
2251 2926 2312 2963 ex
2339 2919 2442 2962 toto
2484 2911 2652 2971 corde,
2709 2917 2814 2960 tota
2864 2909 3052 2969 anima,
3101 2916 3202 2958 tota
3230 2907 3439 2968 virtute;
3489 2921 3646 2973 quem

2096 2981 2308 3034 modum
2357 2979 2425 3030 ita
2469 2981 2690 3046 exponit
2718 2978 2774 3030 S.
2821 2977 3145 3045 Augustinus
3169 2974 3306 3046 (Lib.
3345 2977 3647 3046 irdciuoct.

2595 3065 2612 3097 ι
2655 3050 2775 3101 ιίτεο
2799 3058 2881 3100 est
2911 3047 3089 3113 regula
3121 3045 3420 3097 dilectionis
3448 3045 3646 3096 divini-

2099 3129 2180 3170 ιιις
2205 3117 2518 3170 coostituta:
2553 3116 2742 3183 D.liges
2771 3116 3066 3184 proximum
3081 3124 3226 3167 tuum
3245 3114 3640 3184 sicutteipsum;

2098 3185 2262 3240 Deum
2312 3201 2435 3238 vero
2483 3200 2550 3237 ex
2585 3194 2693 3238 toto
2721 3189 2899 3249 corde,
2949 3199 3012 3238 ex
3045 3193 3152 3236 tota
3181 3183 3380 3245 anima,
3413 3197 3482 3234 ex
3535 3191 3644 3236 tota

2097 3267 2304 3319 mente;
2351 3265 2408 3306 ut
2438 3268 2621 3308 omnes
2650 3257 2999 3322 cogitationes
3051 3264 3198 3322 tuas,
3239 3259 3300 3305 et-
3321 3254 3534 3322 omnem
3566 3255 3643 3304 vi-

2097 3333 2235 3386 tam,
2293 3333 2348 3376 et
2372 3338 2592 3379 omnem
2643 3320 2964 3377 intellectum
3011 3320 3246 3376 in‘i’llutn
3289 3320 3562 3384 conferas,
3615 3335 3646 3376 a

2097 3409 2200 3461 quo
2226 3393 2389 3446 habes
2413 3408 2473 3446 ea
2491 3394 2600 3459 ipsa
2619 3407 2735 3459 qua:
2759 3393 2994 3446 confers.
3017 3391 3148 3445 Cum
3172 3391 3274 3442 ait:
3305 3391 3441 3442 Toto
3462 3391 3646 3451 corde,

2100 3471 2206 3515 tota
2231 3462 2426 3525 anima,
2453 3474 2558 3513 t0ta
2589 3471 2786 3532 mente.
2819 3462 3017 3514 nullam
3068 3461 3426 3532 vitaenostrar
3439 3470 3644 3526 partem

2099 3532 2310 3600 reliquit
2337 3546 2454 3598 quae
2486 3529 2673 3583 vacare
2699 3531 2909 3594 debeat,
2938 3541 2992 3584 et
3017 3531 3165 3598 quasi
3195 3529 3368 3600 locum
3399 3531 3558 3600 dare,
3591 3540 3648 3580 ut

2099 3597 2290 3654 alia't'e
2320 3597 2442 3653 veiit
2477 3599 2607 3663 inii;
2641 3599 2733 3652 sed
2762 3616 2830 3667 qu
2852 3600 3015 3667 dquid
3036 3597 3184 3651 aliud
3201 3597 3522 3666 diligendum
3553 3612 3646 3648 ve-

2097 3675 2238 3724 nerit
2263 3671 2314 3723 in
2344 3672 2599 3733 animum,
2643 3669 2766 3722 il.'uc
2805 3672 3056 3736 rapiatur,
3091 3682 3198 3737 quo
3227 3676 3366 3721 totus
3397 3667 3640 3737 dilectio-

2097 3739 2178 3792 nis
2208 3740 2433 3806 impetns
2458 3740 2644 3790 curiit.
2681 3757 2699 3787 ι
2727 3739 2898 3791 Aliter
2911 3740 2966 3792 S.
2998 3736 3294 3792 Beruardus
3314 3738 3452 3788 hunc
3469 3736 3643 3790 locum

2095 3805 2320 3873 explicat
2351 3807 2638 3876 (Serm.2tl
2659 3849 2671 3870 ,
2691 3808 2744 3859 in
2766 3805 2940 3874 Cant.)
2967 3807 3186 3874 :rMihi,
3211 3809 3398 3874 inquit.
3423 3806 3648 3876 videtur,

2096 3881 2140 3930 si
2157 3877 2293 3930 alius
2318 3875 2706 3945 cumpetentior
2733 3891 2921 3930 sensus
2947 3879 2998 3930 in
3019 3877 3118 3929 hac
3147 3877 3285 3929 trina
3312 3875 3654 3930 distinctione

2097 3961 2202 3999 non
2230 3949 2492 4010 occurrit,
2526 3959 2676 3998 amor
2722 3946 2932 4012 qui-lem
2962 3946 3141 4000 cordis
3167 3946 3434 3997 ad'zelum
3461 3958 3647 4012 quem-

2097 4015 2216 4068 dam
2251 4015 2512 4082 pertinere
2540 4015 2865 4078 alfectionis;
2900 4019 3091 4068 animai
3135 4029 3262 4068 vero
3290 4027 3439 4066 amor
3466 4015 3532 4066 ad
3565 4018 3650 4066 in-

2097 4085 2349 4138 dustriam
2381 4100 2472 4136 seu
2499 4083 2756 4151 judicium
2785 4086 3027 4148 rationis;
3059 4083 3266 4137 virtutis
3303 4093 3476 4134 autem
3515 4086 3654 4138 .dile-

2096 4158 2204 4208 ctio
2233 4155 2484 4207 adv'animi
2518 4168 2672 4220 posse
2699 4155 2881 4206 reieiri
2905 4152 3364 4207 constantiamwel
3396 4151 3653 4219 vigorem.

2097 4223 2264 4290 Dilige
2285 4237 2413 4292 ergo
2436 4223 2714 4275 Dominum
2743 4223 2906 4275 Deum
2938 4232 3082 4276 tuum
3105 4231 3218 4275 toto
3229 4231 3283 4274 et
3300 4223 3457 4288 pleno
3475 4223 3654 4273 cordis

2098 4294 2320 4355 affet-tu;
2355 4294 2520 4359 dil.ge
2550 4300 2662 4344 tota
2698 4292 2918 4345 rationis
2941 4294 3206 4360 vigilantia
3249 4302 3301 4343 et
3331 4295 3651 4357 circumspe-

2097 4365 2303 4423 ctione;
2351 4362 2513 4429 dilige
2541 4373 2606 4412 ex
2648 4370 2752 4414 tota
2784 4361 3009 4424 virtute,
3042 4371 3097 4413 ut
3126 4374 3223 4412 nec
3250 4362 3509 4425 mori'pro
3535 4375 3652 4426 eius

2098 4447 2277 4484 amore
2309 4431 2669 4498 pertimescas,
2697 4439 2799 4483 etc.
2841 4447 2859 4480 ι
2899 4431 2962 4482 Et
2990 4429 3160 4482 infra:
3197 4447 3218 4480 ε
3259 4429 3398 4498 Ergo
3427 4442 3524 4481 nec
3549 4432 3651 4482 ab-

2094 4500 2218 4554 duci
2239 4496 2532 4563 blanditiis,
2553 4515 2652 4552 nec
2667 4499 2852 4552 seduci
2874 4500 3117 4561 fallaciis,
3133 4496 3650 4566 necinjuritsirangi.

2096 4580 2208 4623 toto
2236 4569 2422 4633 corde,
2465 4577 2571 4621 tota
2603 4569 2799 4630 anima.
2833 4577 2940 4620 ιυιι
2968 4571 3159 4622 virtute
3209 4568 3433 4634 diligere
3483 4579 3584 4619 est.
3627 4585 3648 4619 ι

2092 4638 2276 4708 Neque
2301 4649 2446 4708 certe
2469 4639 2642 4708 minus
2655 4637 2913 4708 amandus
2947 4639 3111 4708 Deus;
3142 4651 3280 4708 nam,
3306 4653 3359 4688 ut
3379 4635 3651 4708 dicitrGil-

2088 4705 2271 4762 berius
2296 4708 2363 4762 de
2393 4707 2690 4760 Hoillandia
2711 4705 2906 4772 (Serm.
2941 4707 3030 4769 i9,
3057 4708 3106 4757 in
3131 4705 3306 4772 Cant.)
3327 4745 3341 4766 ,
3374 4723 3391 4754 ι
3426 4705 3484 4758 Si
3514 4707 3653 4759 infra

2088 4777 2231 4831 viues
2257 4788 2376 4830 tuas
2393 4791 2543 4830 amor
2564 4791 2620 4828 se
2647 4775 2858 4829 cohibet
2891 4787 2942 4830 et
2971 4776 3259 4838 contrahit,
3291 4775 3500 4840 iniquus
3527 4786 3649 4840 est;

2089 4859 2142 4900 et
2181 4848 2225 4900 si
2251 4845 2397 4914 juxta
2425 4848 2594 4912 vires,
2621 4844 2861 4912 exiguus.
2901 4864 2920 4896 ι
2941 4845 3076 4911 Quid
3105 4848 3268 4912 ergo?
3301 4844 3490 4914 lterum
3515 4857 3652 4914 eum

2089 4912 2277 4969 eodem
2319 4914 2558 4968 Gilberto
2582 4915 2723 4966 dicat
2755 4918 3114 4982 unusquisque
3146 4921 3387 4966 nostrum
3417 4912 3609 4980 (lbid.)
3636 4933 3649 4964 :

2099 5002 2118 5033 ι
2161 4985 2382 5054 Diligam
2417 4993 2488 5049 te,
2542 4983 2679 5036 bone
2705 4981 3104 5054 Jesu;idiligam
3139 4987 3224 5045 le,‘
3275 4981 3442 5033 virtus
3490 4996 3610 5034 mea
3634 5025 3649 5044 ,

2089 5069 2248 5121 quem
2278 5053 2384 5106 non
2415 5067 2628 5121 possum
2653 5055 2819 5120 gratis
2837 5053 3078 5121 diligere,
3111 5066 3206 5104 nec
3229 5065 3442 5119 possum
3469 5065 3647 5104 tamen

2089 5124 2220 5176 satis
2241 5123 2462 5192 didgcre
2484 5139 2497 5186 ;
2528 5123 2818 5190 dirigantur
2840 5124 2892 5176 in
2913 5133 2964 5176 te
2992 5139 3053 5175 ex
3079 5126 3284 5190 integro
3311 5122 3479 5173 studia
3505 5137 3648 5184 mea,

2095 5209 2192 5244 nec
2206 5195 2383 5246 alieno
2396 5193 2727 5260 deducantur
2740 5193 3092 5245 etalistraham
3103 5209 3132 5243 ιι
3141 5209 3163 5242 ι·
3175 5192 3386 5244 allecto.
3405 5195 3471 5242 At
3489 5206 3648 5258 quam

2094 5261 2281 5329 exigua
2310 5273 2433 5314 sunt
2460 5263 2618 5316 etiam
2648 5277 2768 5315 cum
2814 5261 3018 5329 integra
3049 5272 3170 5313 sunt
3195 5263 3246 5312 in
3274 5271 3325 5313 le
3353 5260 3522 5312 studia
3547 5271 3649 5314 tto-

2093 5333 2236 5384 stra?
2263 5333 2529 5400 quomodo
2553 5345 2680 5398 ergo
2721 5331 3030 5393 diminuam,
3062 5332 3198 5396 quod
3230 5345 3350 5383 cum
3383 5331 3646 5397 integrum

2088 5409 2191 5522 ῗδι,
2225 5414 2330 5454 tam
2354 5403 2496 5456 exile
2522 5407 2636 5454 est?
2669 5411 2807 5454 torus
2838 5405 2888 5454 in
2925 5414 2991 5467 te,
3027 5401 3163 5454 Deus
3196 5403 3352 5463 bone,
3380 5403 3652 5453 desidem:

2109 5486 2245 5522 urar.
2283 5488 2306 5521 I
2915 5513 2918 5516 .

2109 5486 2245 5523 urar.
2283 5488 2306 5521 I
2915 5513 2918 5516 .

2161 5539 2352 5592 Deinde
2373 5541 2659 5609 proximum
2687 5550 2926 5608 'nnquam
2948 5538 3210 5609 sripsum.|
3230 5539 3296 5593 Ut
3323 5540 3646 5593 hocinsirti-

2085 5619 2322 5665 mentum
2379 5611 2610 5664 breviter
2637 5612 2947 5678 expediam,
2999 5609 3095 5663 tria
3145 5613 3274 5664 mihi
3328 5613 3634 5679 inquirenda
