3960 6178
353 219 455 270 51:3

1715 223 1768 275 S.
1814 225 1867 279 ιι.
1912 224 2291 279 llENlLlilllTl.
2332 268 2344 278 .

3480 217 3579 271 Set

354 335 452 384 dus
479 342 559 405 est
588 331 654 405 de
685 316 1095 405 congregatione
1128 334 1369 398 fratrum,
1407 348 1456 387 et
1489 348 1651 401 usque
1690 335 1752 387 ad
1777 336 1913 388 diem
1948 344 1996 398 Α
2030 346 2223 405 potest,
2258 338 2306 389 id
2334 337 2634 389 censuimus
2662 334 3032 394 ordinandum,
3061 331 3397 405 tttjcjnnior‘
3419 332 3605 405 virgis-

354 404 515 456 tnorti
549 444 565 469 ,
596 403 710 456 sive
742 403 791 454 in
823 404 923 455 alia
957 404 1168 470 regione
1196 408 1465 469 puniiteat.
1497 424 1513 453 ι
1551 407 1610 455 Et
1633 407 1916 458 concilium

356 475 658 538 Agatbcnse
683 473 898 525 citantur
937 474 986 525 in
1014 476 1283 540 excerptis
1326 473 1539 541 Egberti
1575 475 1919 527 Eboracensis

355 542 590 607 episcopi
634 556 753 609 cap.
782 543 849 594 es
883 542 1055 610 (Apud
1104 544 1297 608 Spelm.
1331 553 1453 594 tam.
1489 543 1501 592 l
1530 542 1686 595 Coac.
1717 542 1916 611 Augl.),

361 627 380 659 ι
420 612 473 662 Si
505 625 625 679 quis
665 616 950 662 monachus
990 611 1305 665 adulterium
1337 620 1427 665 aut
1468 612 1658 663 furtum
1712 612 1917 678 fecerit,

359 681 501 746 quod
556 681 727 747 potius
770 681 1103 749 sacrilegium
1142 681 1245 733 dici
1291 690 1498 746 poest,
1534 682 1581 733 id
1619 682 1923 737 censuimus

361 749 675 809 ordinando,
711 758 767 801 ut
796 750 957 815 virgis
988 764 1159 803 cmsus
1187 752 1315 803 tanti
1344 750 1579 803 criminis
1610 765 1731 802 reus
1784 768 1921 805 nun-

360 834 516 886 quam
544 817 774 888 ofticittm
806 818 1082 871 clericatus
1113 821 1373 886 excipiat;
1409 823 1451 872 si
1479 819 1733 888 verojam
1765 821 1923 874 cleri-

360 903 452 940 cus
490 888 537 939 in
573 888 621 939 id
651 886 853 939 facinus
885 889 1044 941 fuerit
1072 888 1336 956 deprchen
1370 905 1453 950 us,
1495 886 1723 942 nominis
1756 889 1922 955 ipsius

360 959 610 1029 dignitate
644 958 899 1029 privetur.
938 977 956 1008 ι
999 962 1062 1010 lit
1089 959 1321 1029 synodus
1347 959 1659 1011 Germanica
1682 960 1732 1011 in
1761 959 1923 1029 Lipti-

359 1026 510 1079 neusi
538 1026 855 1079 confirmata
908 1041 1025 1093 cap.
1055 1028 1085 1080 6
1118 1026 1132 1080 Ξ
1162 1046 1181 1077 ι
1215 1028 1462 1093 Quisquis
1508 1042 1782 1080 servorum
1827 1028 1921 1083 Dei

318 1150 323 1153 χ
360 1096 440 1147 vel
470 1096 787 1148 ancillarum
819 1094 943 1148 Chri
980 1098 1013 1149 ti
1046 1098 1096 1148 in
1126 1098 1326 1150 crimen
1357 1098 1717 1150 Γιπηίι-ειιίοιιὶε
1744 1098 1923 1165 lapsus

360 1166 539 1228 fuerit,
557 1166 608 1216 in
630 1179 846 1219 carcere
871 1166 1234 1235 pmttitentiam
1267 1169 1419 1219 faciat
1444 1168 1493 1218 in
1518 1183 1653 1235 pane
1675 1175 1726 1218 et
1749 1182 1882 1235 aqua
1906 1185 1918 1218 :

359 1244 412 1287 rt
456 1235 499 1285 si
538 1234 813 1287 ordinatus
845 1237 1122 1305 presbyter
1154 1234 1330 1298 fuerit,
1362 1235 1494 1290 duos
1519 1234 1689 1289 annos
1719 1237 1768 1288 in
1804 1234 1925 1289 car-

359 1319 479 1356 cere
513 1316 821 1371 permaneat
864 1314 1015 1357 antea
1071 1305 1401 1367 flagellatus:
1431 1305 1474 1358 si
1499 1314 1673 1359 autem
1702 1306 1925 1360 clericus

362 1375 443 1425 vel
478 1374 770 1426 monachus
792 1375 842 1425 in
869 1375 969 1427 hoc
989 1382 1259 1441 peccatum
1290 1375 1553 1438 inciderit,
1573 1384 1690 1443 post
1715 1381 1922 1429 tertiam

360 1442 784 1495 verberationem
831 1443 883 1494 in
930 1458 1200 1497 carcerem
1242 1445 1467 1508 missus,
1518 1442 1678 1497 unum
1727 1460 1923 1498 annum

363 1513 725 1579 puniitcntiain
756 1512 826 1563 ibi
860 1524 999 1580 agat.
1043 1513 1296 1568 Similiter
1319 1521 1374 1567 et
1407 1527 1597 1567 nonnaa
1623 1514 1811 1568 velata:
1838 1528 1927 1568 ea-

362 1586 481 1633 dem
515 1583 825 1648 paenitentia
860 1593 1160 1647 teneantur,
1187 1592 1239 1635 et
1268 1582 1522 1635 radantur
1539 1597 1726 1636 omnes
1747 1583 1925 1651 capilli

361 1652 549 1713 capitis
578 1651 717 1721 ejus.
753 1669 769 1699 ι
811 1651 1043 1719 Dunique
1064 1667 1297 1707 canones
1318 1652 1417 1705 sub
1441 1650 1649 1721 Edgaro
1675 1668 1797 1721 rege
1818 1650 1925 1705 An-

362 1721 479 1786 ειὶεε
529 1722 640 1773 dati
690 1720 757 1772 dc
798 1721 954 1773 modo
1010 1722 1311 1787 imponendi
1355 1720 1714 1789 paenitentiam
1742 1720 1815 1773 7n.
1858 1723 1926 1776 50

362 1791 538 1856 (εὶριιιι
581 1790 843 1859 Spelman.
877 1799 998 1842 tom.
1026 1789 1047 1843 l
1075 1789 1231 1846 Coac.
1280 1789 1431 1859 Angl.
1470 1792 1535 1843 ad
1580 1808 1703 1843 ann.
1752 1792 1879 1858 967)
1913 1809 1923 1844 :

368 1876 386 1909 ι
443 1860 497 1912 Si
547 1858 776 1911 missalis
827 1860 1101 1925 sacerdos,
1158 1861 1269 1912 sive
1324 1858 1617 1913 monachus
1673 1862 1927 1913 lascivom

362 1930 558 1980 cultum
589 1929 947 1995 concupiscat,
970 1930 1055 1982 vel
1081 1930 1382 1996 conjugium
1406 1929 1679 1983 violaverit
1695 1929 1931 1998 ,jejunet

366 2001 548 2048 tit-cem
603 2012 790 2055 anno»
824 2006 877 2049 et
920 2013 1132 2063 semper
1156 2000 1348 2052 defleat
1378 2015 1392 2062 ;
1429 2018 1447 2048 ι
1481 2009 1534 2052 ει
1566 2014 1645 2059 ηπ
1668 2000 1730 2053 51
1766 2014 1782 2053 ξ
1820 2018 1838 2050 ι
1872 2000 1929 2055 Si

365 2066 599 2137 missatis
628 2068 898 2137 sacerdos,
926 2070 1037 2119 sive
1070 2070 1381 2133 monachus,
1411 2068 1493 2121 vel
1517 2069 1773 2122 dzacouns
1802 2070 1931 2137 legi-

365 2136 548 2205 timam
573 2150 791 2189 uxorem
822 2136 1025 2200 habuit,
1061 2137 1363 2205 priusquam
1386 2138 1625 2192 ordinem
1668 2136 1927 2202 induerat,
1964 2140 1979 2155 ‘

366 2213 422 2256 et
443 2202 625 2275 relicta
649 2218 708 2257 ea
746 2218 928 2275 sacros
943 2202 1158 2260 ordines
1181 2202 1530 2274 ingrediatur,
1558 2216 1735 2275 postea
1756 2218 1930 2262 tamen

367 2273 587 2326 libidine
616 2274 859 2345 pruriens
879 2289 994 2328 eam
1027 2276 1201 2329 denuo
1224 2273 1358 2329 clam
1389 2273 1703 2344 susceperit,
1730 2276 1934 2345 jejunet

365 2357 552 2394 eorum
579 2342 803 2414 quilibet
830 2352 1078 2411 tanquam
1108 2360 1205 2414 pro
1235 2342 1615 2404 homicidimet
1640 2342 1818 2414 lugeat
1848 2348 1932 2400 in-

365 2426 526 2478 super
562 2411 961 2475 vcltemcntius;
1001 2432 1019 2463 ι
1053 2411 1182 2467 ειίι.
1206 2415 1311 2467 '52:
1348 2433 1365 2465 t
1400 2416 1455 2468 Si
1489 2411 1718 2469 tnissalis
1757 2430 1935 2469 sacer-

364 2482 486 2544 dos,
517 2480 601 2533 vel
631 2483 939 2547 monachus,
975 2484 1057 2537 vel
1089 2483 1365 2549 diaconus,
1394 2485 1476 2537 vel
1505 2485 1690 2549 laicus,
1716 2488 1795 2537 vel
1820 2486 1931 2539 cle-

368 2566 378 2598 ι
397 2550 508 2622 ictis
525 2564 642 2603 cum
668 2552 879 2603 moniali
902 2553 1235 2607 forniraverit
1249 2596 1261 2615 ,
1281 2554 1483 2621 jeiunet
1499 2555 1746 2622 quilibet,
1779 2564 1935 2619 prout

363 2619 537 2695 erilini
570 2635 664 2673 suo
690 2623 959 2685 convenit,
980 2633 1225 2695 tanquam
1244 2619 1337 2692 pro
1354 2619 1636 2695 homicidio
1654 2640 1668 2687 ;
1689 2635 1741 2677 et
1762 2625 1932 2692 quoad

371 2690 560 2741 vixerit
602 2704 628 2740 a
675 2704 834 2743 carne
881 2693 1172 2757 abstineat;
1234 2690 1476 2747 nianialis
1527 2704 1698 2747 autem
1749 2690 1929 2747 dces-tn

370 2774 561 2823 annos,
593 2758 747 2810 sicuti
780 2760 1106 2814 ct'sacerdos
1134 2762 1391 2827 missalis,
1423 2776 1476 2815 et
1502 2776 1715 2829 semper
1742 2763 1932 2816 factum

370 2831 547 2899 lugeat
581 2897 588 2899 ξ
615 2852 631 2876 ι
672 2829 745 2880 De
788 2831 1108 2883 moniatihus
1154 2832 1267 2883 haec
1297 2832 1639 2899 singulariter
1665 2834 1847 2884 statuit
1874 2833 1930 2885 S.

370 2896 839 2969 tirugotittsnpapa
891 2899 953 2950 atl
994 2898 1300 2969 Januarum
1344 2896 1649 2969 episcopum
1693 2904 1935 2955 scribens

368 2965 510 3027 (Lib.
547 2981 599 3017 ut
654 2966 804 3037 Reg”
840 2982 956 3034 cap.
995 2967 1050 3037 tt)
1087 2984 1100 3019 :
1144 2987 1161 3017 ι
1202 2970 1255 3019 Si
1288 2965 1391 3035 qua
1432 2965 1605 3023 autem
1635 2985 1817 3037 earum
1847 2972 1931 3026 vel

375 3052 466 3098 per
494 3036 818 3107 anteriorem
844 3035 1129 3107 licentiam,
1147 3038 1228 3090 vel
1262 3054 1353 3104 per
1375 3035 1697 3107 impunitatis
1720 3054 1931 3107 pravam

368 3105 663 3156 rotuuettitl
693 3120 834 3166 netu,
866 3107 928 3158 ad
961 3106 1164 3174 lapsum
1196 3105 1686 3162 adulterii'deducta
1720 3105 1821 3173 est,
1845 3122 1935 3165 aut

372 3176 422 3225 in
448 3176 613 3245 stupri
651 3176 901 3239 perducta
935 3176 1092 3229 fuerit
1114 3180 1419 3244 Voraginem
1442 3217 1457 3241 ,
1487 3177 1623 3230 hanc
1644 3187 1762 3245 post
1790 3193 1937 3233 com-

374 3242 603 3308 petentis
655 3247 1005 3298 severitatem
1038 3242 1308 3309 vindictae,
1361 3250 1410 3299 in
1464 3247 1603 3300 aliud
1644 3242 1935 3305 districtius

373 3313 1041 3385 v.rginutumenasterium
1084 3314 1135 3368 itt
1173 3316 1535 3385 pmnitentiant
1568 3318 1732 3385 redigi
1786 3320 1936 3372 volu—

375 3395 526 3443 mus;
556 3392 607 3432 ut
630 3381 746 3453 illic
773 3386 1105 3453 orationibus
1130 3381 1287 3453 atque
1306 3384 1526 3453 ji'juniis
1558 3381 1726 3448 vacet,
1755 3397 1809 3441 et
1834 3390 1935 3444 sibi

373 3450 678 3517 paenitendo
709 3452 964 3517 prolicint,
993 3463 1047 3508 et
1072 3450 1412 3508 metuendum
1445 3456 1653 3509 caeteris
1692 3458 1937 3512 arctimis

370 3519 661 3593 disciplina:
683 3530 893 3587 praestet
922 3526 1244 3588 exemplum.
1282 3544 1301 3574 ι
1337 3525 1572 3590 Denique
1604 3526 1689 3578 hic
1719 3536 1936 3593 praster-

372 3590 454 3642 ire
498 3603 602 3642 non
666 3604 878 3656 possum
917 3593 1110 3647 factum
1156 3594 1389 3647 Gaut'ridi
1431 3596 1638 3648 abbatis
1689 3590 1935 3650 Vindoci-

374 3660 574 3731 nensis,
603 3658 754 3731 CllleS
795 3676 913 3714 cum
943 3664 1155 3731 quidam
1206 3664 1496 3717 monachus
1526 3664 1684 3718 Cellae
1728 3666 1782 3719 S.
1816 3666 1937 3720 Cleo

374 3730 657 3799 mentisde
705 3728 973 3787 Credonio
1015 3732 1192 3799 lapsus
1224 3747 1384 3786 carne
1435 3733 1642 3797 fuisset,
1687 3736 1753 3788 ad
1780 3735 1935 3790 dictat

370 3798 528 3873 Cellae
572 3797 802 3873 priorem
848 3800 915 3873 ita
940 3797 1216 3873 rescripsit
1244 3801 1374 3873 (Lib.
1404 3818 1473 3866 tv,
1506 3819 1583 3872 ep.
1616 3804 1672 3871 4)
1703 3822 1715 3856 ;
1744 3822 1763 3855 t
1797 3807 1931 3858 Prae-

373 3866 611 3919 sentibus
643 3870 828 3921 litteris
858 3870 948 3922 tibi
994 3866 1326 3938 pracipitrius
1353 3882 1408 3925 ut
1437 3866 1756 3926 cauicrulam
1790 3875 1932 3929 illam

374 3939 425 3986 in
462 3952 559 4009 qua
591 3937 894 4009 sordidatur
942 3940 1027 3993 ille
1052 3951 1107 3993 et
1157 3937 1405 3994 sordidus
1453 3957 1671 4009 pravam
1699 3946 1935 3998 excreuit

373 4005 659 4066 actionem,
711 4008 928 4059 omnino
952 4019 1004 4061 et
1046 4009 1360 4064 festinanter
1383 4005 1648 4073 destruas,
1682 4022 1734 4065 et
1758 4024 1936 4066 extra-

373 4089 529 4125 neum
558 4088 584 4124 a
606 4075 856 4137 claustro,
885 4088 935 4129 et
956 4092 986 4129 a
1011 4089 1158 4131 curte
1182 4079 1550 4133 [5.Clementis
1566 4080 1731 4134 facias
1752 4096 1927 4135 eum.»

371 4142 779 4221 leet'utndlmc
815 4148 968 4215 112
993 4148 1170 4221 mirari
1199 4161 1302 4221 non
1333 4148 1611 4221 debemus,
1630 4166 1764 4221 cum
1787 4153 1936 4205 adul-

375 4216 564 4286 tetium
617 4216 898 4286 sive.apt_ut
929 4216 1195 4286 gentiles.
1232 4219 1346 4271 sive
1373 4219 1512 4285 apud
1542 4219 1775 4286 luds-os,
1823 4224 1935 4275 site

371 4280 528 4332 etiam
562 4282 699 4353 apud
726 4280 1059 4353 Christianos
1085 4285 1257 4353 capite
1287 4280 1591 4341 damnatum
1642 4280 1802 4345 fuisse
1834 4292 1931 4346 ob-

370 4360 545 4425 servet
569 4350 788 4425 Gazaeus
810 4352 874 4405 ad
896 4350 1341 4425 Cassiani-collat.
1378 4358 1462 4421 15,
1490 4372 1606 4425 cap.
1638 4360 1691 4412 5.

2023 400 2191 461 caesus
2215 407 2340 458 tuti
2363 407 2599 457 criminis
2624 418 2743 458 rcus
2766 400 3284 472 nunquatnol‘flt’iutn
3304 402 3585 472 clericatus

2026 478 2285 541 excipiat;
2330 475 2371 527 si
2417 490 2541 527 vero
2574 475 2679 540 jam
2719 470 2943 527 clericus
2981 470 3046 524 ad
3087 473 3136 523 id
3180 470 3380 523 facinus
3429 470 3585 523 fuerit

2022 547 2404 606 deprehensus,
2446 545 2673 595 nominis
2706 544 2870 607 ipsius
2898 541 3153 601 dignitate
3199 543 3470 605 privetur:
3498 541 3583 593 cui

2022 616 2265 669 sollicere
2290 622 2461 682 potest
2483 627 2578 679 pro
2599 622 2745 665 actus
2783 616 2859 663 sui
2895 612 3127 682 levitate,
3160 610 3374 675 impleta
3418 610 3587 675 poeni-

2025 685 2200 739 teniite
2230 679 2609 743 satisfactione,
2638 682 2959 735 communio.
2999 699 3014 730 ι
3048 679 3175 743 Quae
3199 695 3330 745 pene
3363 682 3582 731 totidem

2029 756 2207 805 verbis
2221 753 2528 805 exconcilio
2549 751 2740 819 Agath.
2755 752 2985 804 citantur
3011 752 3060 801 in
3086 749 3352 810 excerttis
3374 749 3586 817 Egberti

2025 822 2375 877 EboraCensis
2402 823 2569 888 episc.
2595 836 2713 886 cap.
2746 821 2834 883 68,
2864 819 3002 886 apud
3044 820 3446 888 Speltnannum.
3485 819 3587 871 lte-

2024 894 2143 961 gula
2170 893 2231 945 5.
2262 884 2474 944 Cmsarii
2507 890 2571 943 ad
2606 884 2849 961 Virgines
2873 884 3023 959 (Cap.
3052 884 3189 957 {4)}
3220 907 3247 961 rt
3275 886 3331 941 Si
3348 888 3511 961 forte,
3532 897 3589 961 ut

2023 957 2082 1017 se
2106 962 2264 1014 habet
2286 962 2509 1029 humana
2537 959 2810 1029 fragilitas,
2835 957 2889 1013 in
2917 968 3117 1011 tantttm
3146 960 3290 1011 nefas
3311 957 3502 1025 aliqua:
3522 958 3590 1011 de

2025 1031 2299 1085 sereribus
2319 1044 2463 1083 ausae
2481 1028 2672 1083 fuerint
2693 1028 2904 1083 diabolo
2919 1029 3201 1097 instigante
3221 1042 3587 1095 prorumpere,

2024 1110 2082 1154 ιιι
2109 1103 2301 1154 furtum
2331 1101 2543 1163 faciant,
2571 1109 2659 1152 aut
2696 1098 2745 1152 in
2774 1113 2831 1152 se
2857 1098 3084 1151 invicem
3118 1110 3305 1148 manus
3351 1098 3585 1159 mittant,

2016 1171 2220 1238 justum
2273 1181 2352 1222 est
2398 1178 2455 1221 ut
2512 1169 2795 1234 legitimam
2846 1164 3176 1235 disciplinam
3227 1168 3508 1231 accipiant,
3560 1182 3589 1219 a

2026 1243 2220 1308 quibus
2252 1239 2441 1306 regulzc
2478 1239 2714 1308 instituta
2756 1238 3052 1308 violantur;
3086 1250 3303 1308 necesse
3334 1246 3412 1308 est
3446 1252 3589 1308 eum

2027 1304 2082 1362 ut
2111 1311 2161 1362 iit
2192 1311 2269 1363 eis
2301 1304 2581 1376 iinplcatur
2609 1307 2735 1359 i.lud
2766 1307 2904 1372 quod
2933 1307 2997 1360 de
3027 1304 3588 1376 indisciplinatisgtiliis

2029 1394 2122 1447 per
2164 1374 2502 1447 Salomonem
2535 1376 2777 1447 przrdixit
2804 1375 3035 1447 Spiritus
3060 1384 3277 1428 sanctus
3307 1391 3321 1426 :
3346 1374 3456 1447 Qui
3477 1374 3590 1447 dili-

2027 1442 2099 1517 git
2128 1448 2292 1515 [ilium
2320 1446 2549 1499 assiduat
2579 1446 2656 1497 illi
2680 1445 2975 1517 ﬂagellum;
2996 1454 3049 1498 et
3072 1447 3309 1517 iterum:
3345 1442 3421 1517 In
3448 1446 3593 1517 uirga

2026 1512 2141 1570 curri
2161 1517 2335 1580 credis,
2359 1517 2583 1585 animam
2609 1518 2717 1585 ejus
2746 1512 2806 1566 ile
2835 1516 3034 1583 inferno
3064 1514 3316 1585 liberabis.
3351 1512 3594 1585 Discipli:

2029 1602 2150 1639 nam
2198 1587 2365 1652 ipsam
2413 1584 2465 1637 in
2516 1583 2795 1652 prmsentia
2832 1584 3259 1651 congregationis
3298 1583 3590 1648 excipiant,

2032 1657 2320 1709 secundum
2352 1652 2477 1709 illud
2513 1654 2751 1713 Apestoli
2783 1669 2797 1705 :
2831 1652 3104 1706 Peccantes
3149 1668 3321 1713 coram
3362 1654 3593 1704 omnibus

1964 1698 2005 1756 Β
2032 1698 2247 1795 EBFFtiie.
2281 1743 2299 1795 ι
2331 1722 2449 1795 lloc'
2469 1725 2523 1776 S.
2548 1698 2763 1795 ἇςυεςίτίἱ
2795 1708 3362 1795 decretumAexplicare
3385 1723 3593 1795 videtur

2026 1789 2233 1863 Regula
2280 1793 2340 1849 S.
2383 1792 2617 1863 Ferreoli
2666 1793 2765 1845 hoc
2805 1800 3002 1846 statuto
3030 1789 3181 1863 (Cap.
3221 1792 3355 1861 59),:
3389 1808 3410 1842 ι
3447 1790 3593 1845 Furti

2028 1867 2323 1926 conscium,
2373 1863 2416 1917 si
2458 1862 2630 1915 adhuc.
2676 1876 2867 1915 vocare
2912 1862 3227 1915 monachum
3277 1874 3590 1927 possumus,

2030 1935 2180 2001 quasi
2211 1933 2507 1987 adulterum
2556 1932 2845 1985 secundum
2882 1930 3088 1999 flagello
3117 1930 3291 1991 subdi,
3322 1940 3373 1984 et
3405 1945 3595 2000 magna

2031 2004 2238 2057 censeri
2290 2002 2575 2056 afflictione
2618 2001 2885 2065 iubemus.
2934 2001 3120 2054 dantes
3161 2002 3234 2053 illi
3285 2016 3439 2052 unam
3470 2016 3593 2053 cum

2033 2072 2379 2129 fornicatione
2429 2071 2774 2134 sententiam;
2805 2070 2925 2137 quia
2954 2080 3007 2123 et
3037 2073 3146 2137 ipse
3177 2070 3469 2122 luxuriatus
3508 2080 3595 2123 est

2032 2156 2150 2196 cum
2207 2142 2487 2194 formetur.
2526 2159 2543 2191 ι
2580 2140 2814 2208 Denique
2842 2140 2931 2192 alii
2971 2140 3067 2194 SS.
3106 2140 3288 2193 l’atres
3337 2138 3478 2192 fures
3524 2156 3587 2193 rx

2032 2213 2441 2279 congregatione
2484 2224 2698 2275 prorsus
2733 2210 3075 2279 expellendos
3106 2223 3225 2262 ese
3252 2220 3591 2279 censuerunt,

2034 2293 2091 2334 ut
2124 2277 2304 2333 v—idere
2346 2293 2421 2333 eSt
2454 2280 2502 2329 in
2555 2279 2645 2331 lib.
2680 2294 2709 2330 v
2753 2278 2817 2331 de
2852 2278 2981 2332 Vitis
3014 2280 3247 2343 Patrum,
3282 2277 3456 2330 libello
3506 2279 3592 2340 l0,

2036 2366 2180 2403 nutu.
2212 2350 2296 2411 18,
2322 2361 2367 2402 ct
2395 2351 2443 2402 in
2470 2348 2584 2399 Vita
2608 2348 2667 2413 S.
2696 2348 2983 2413 Pachomii,
3016 2364 3069 2401 η.
3101 2348 3190 2409 58,
3217 2349 3351 2411 apud
3388 2347 3594 2400 Bollan-

2035 2418 2158 2473 dum
2208 2419 2271 2472 14
2323 2419 2462 2473 Mai.
2511 2419 2599 2471 llis
2644 2418 2886 2469 omnibus
2930 2419 3065 2469 adde
3109 2418 3367 2470 monacho
3401 2433 3486 2468 unt
3531 2417 3590 2470 S.

2037 2490 2262 2542 Audrerc
2304 2488 2616 2541 Viennensis
2649 2487 3086 2541 Constitutionem
3120 2501 3258 2539 anno
3302 2487 3435 2539 1000
3476 2487 3593 2538 ed.-

2038 2567 2165 2623 tam,
2198 2574 2299 2624 qua
2343 2561 2657 2619 decernunt,
2687 2574 2705 2605 ι
2740 2558 2903 2624 utqui
2936 2556 3196 2610 C(Bttobit.t
3223 2556 3473 2622 deinceps
3503 2571 3592 2608 sa-

2036 2628 2307 2696 crilegium
2340 2628 2421 2680 fac
2457 2644 2512 2679 re
2533 2642 2689 2679 ausus
2713 2625 2888 2696 fuerit,
2918 2625 3257 2693 subripiendo
3279 2626 3343 2678 de
3367 2626 3595 2678 refecto-

2038 2699 2115 2767 rio
2144 2695 2423 2767 scyphum,
2475 2708 2563 2767 aut
2595 2695 2885 2767 cultellum,
2915 2704 3006 2747 aut
3037 2696 3279 2767 mantile,
3307 2706 3401 2767 aut
3429 2696 3595 2767 quod-
3680 2702 3683 2703 ⁷

2039 2766 2054 2819 l
2079 2768 2165 2820 bet
2194 2764 2418 2820 utensile
2450 2765 2734 2827 refecmrii,
2758 2766 2974 2817 ultimus
3000 2775 3209 2817 maneat
3233 2764 3427 2831 ubique
3449 2766 3594 2818 Velut

2040 2836 2139 2896 fur,
2164 2846 2217 2891 ‘et
2246 2838 2559 2905 sacrilegus,
2597 2835 2765 2905 donec
2792 2834 3127 2902 sacrilegium
3172 2840 3503 2905 emendetur,
3541 2845 3596 2889 et

2039 2906 2255 2969 insuper
2273 2904 2340 2958 tal
2364 2922 2389 2960 s
2408 2903 2695 2958 satisfactio
2726 2905 2833 2966 flat,
2856 2906 3100 2956 utcactcri
3123 2914 3315 2956 metum
3341 2903 3591 2957 habeant.

2039 2973 2295 3028 Similiter
2343 2977 2643 3043 quicunque
2673 2974 2739 3027 de
2765 2974 3195 3043 dormitorioant
3230 2975 3461 3038 leuam,
3503 2984 3595 3026 aut

1964 3065 2009 3128 Ο
2042 3057 2270 3128 sagth,.
2306 3055 2403 3128 aut.
2454 3044 2698 3125 capitale,
2742 3044 2835 3128 vel
2878 3042 3181 3128 quamlibet
3213 3043 3360 3123 supel
3385 3042 3593 3128 et-Itillem

2046 3114 2198 3183 113
2228 3114 2341 3167 sine
2371 3114 2581 3167 licentia
2612 3112 2839 3183 regulari
2865 3114 3206 3183 subripuerit,
3232 3113 3452 3183 inomni
3478 3113 3596 3165 loco

2037 3181 2094 3236 ea
2105 3181 2215 3235 Feat
2236 3184 2503 3237 consortio
2521 3183 2740 3239 fratrum
2760 3182 2901 3235 velut
2924 3182 3005 3234 fur
3024 3192 3079 3236 et
3099 3182 3402 3249 sacrilegus,
3423 3181 3596 3236 donec

2036 3253 2367 3322 sacrilegium
2400 3261 2760 3315 restauretur;
2792 3262 2845 3305 et
2873 3253 3135 3322 [η’ωείροε
3169 3254 3285 3322 talis
3325 3254 3411 3303 ttat
3438 3252 3597 3322 satis-

2036 3320 2215 3379 factio.
2236 3320 2301 3374 ‘ut
2326 3323 2506 3375 caeteri
2530 3333 2724 3374 metum
2758 3322 3005 3374 habeant.
3035 3321 3094 3374 Si
3116 3336 3238 3373 vero
3259 3321 3372 3373 inec
3397 3321 3597 3373 consti-

2038 3391 2171 3443 tutio
2200 3390 2470 3459 profanata
2498 3391 2676 3456 fuerit,
2706 3390 3019 3443 adhibeatur
3047 3393 3345 3456 episcoivus,
3376 3399 3429 3443 et
3461 3405 3597 3442 con-

2037 3470 2223 3513 ventus
2248 3463 2478 3514 virorum
2506 3461 2627 3514 boni
2653 3461 2963 3521 testimonii,
2995 3460 3283 3514 et‘audacia
3313 3461 3595 3513 stultorum

2035 3529 2415 3597 confringatur,
2447 3541 2500 3583 et
2520 3530 2706 3584 domus
2731 3530 2823 3583 Dei
2864 3530 2931 3584 ad
2960 3530 3268 3598 obsequium
3298 3543 3464 3583 sacrae
3505 3544 3595 3582 re-

2036 3600 2170 3668 gula:
2194 3599 2532 3653 reformetur.
2566 3619 2584 3651 ι

2105 3669 2236 3722 Cum
2262 3677 2436 3722 autem
2456 3668 2649 3723 furtum
2678 3670 2745 3723 sit
2758 3668 3106 3725 contrectatio
3122 3667 3197 3722 rei
3217 3669 3399 3723 aliena:
3421 3669 3598 3722 invito

2036 3736 2272 3800 domino,
2306 3753 2410 3792 non
2440 3739 2611 3792 solum
2655 3739 2852 3793 furtum
2898 3738 3183 3808 committit
3222 3739 3310 3808 qui
3349 3740 3597 3805 pecunias

2037 3817 2124 3860 aut
2147 3822 2232 3861 res
2261 3810 2582 3875 temporales
2606 3809 2831 3877 subripit
2859 3850 2873 3873 ,
2914 3828 2931 3860 ι
2970 3807 3061 3862 sed
3082 3807 3261 3871 etiam,
3297 3818 3350 3860 ut
3376 3809 3448 3859 ait
3472 3813 3598 3861 Ber-

2037 3878 2233 3947 nardns
2252 3877 2605 3941 Cassinensis,
2632 3880 2718 3947 qui
2739 3880 2820 3932 vel
2850 3894 2931 3942 se,
2954 3881 3041 3945 qui
3073 3877 3470 3931 Deodedicatus
3491 3888 3595 3938 est,

2037 3946 2103 3997 ab
2134 3946 2248 4014 ejus
2270 3948 2487 4000 servitio
2516 3946 2797 4013 subtrahit,
2831 3947 2911 4000 vrl
2943 3952 3100 4000 etiam
3137 3948 3295 4000 alium
3329 3948 3486 3999 verbo
3514 3949 3596 4001 vel

2036 4017 2282 4083 exemplo
2303 4017 2548 4079 retrahit,
2575 4026 2627 4069 et
2650 4018 2715 4071 ad
2746 4017 2941 4070 diaboli
2966 4019 3239 4069 servitium
3266 4019 3443 4077 trahit,
3466 4020 3600 4069 alie-

2037 4099 2157 4137 nam
2210 4100 2320 4138 rem
2370 4086 2536 4139 invito
2575 4087 2790 4140 domino
2827 4089 3225 4145 centrectando.
3273 4088 3387 4139 sine
3435 4086 3599 4138 dubzo

2038 4152 2232 4207 furtum
2265 4154 2406 4208 facit.
2445 4175 2465 4207 ι
2492 4155 2765 4220 Similiter,
2793 4166 2846 4209 ut
2878 4155 3112 4221 loquitur
3136 4156 3391 4208 Boherius
3421 4156 3470 4208 in
3493 4159 3599 4222 pri-

2038 4238 2125 4274 mo
2183 4239 2404 4291 comm.,
2453 4242 2471 4276 ι
2520 4226 2571 4277 in
2620 4228 2958 4279 monasteriis
3013 4228 3205 4276 furtum
3244 4225 3601 4291 dispensatur

2036 4294 2339 4357 committit,
2378 4294 2423 4347 si
2469 4294 2567 4348 sibi
2616 4296 2926 4363 appropriet
2968 4294 3107 4360 quod
3138 4294 3298 4347 debet
3344 4296 3599 4347 tratrihus

2036 4364 2372 4427 ministrare;
2406 4364 2489 4417 vel
2516 4365 2674 4417 etiam
2717 4366 2773 4417 si'
2802 4371 3035 4417 reservat
3062 4366 3384 4416 monasterio
3414 4379 3602 4431 super-

442 4417 561 4499 Ncn
589 4421 770 4499 facere
799 4422 1036 4499 furlunt.]
1069 4425 1203 4499 Quia
1249 4415 1650 4499 furesjegn'unt
1697 4428 1786 4481 Dei
1828 4445 1929 4483 non
1958 4415 2008 4474 Ῐ)
2037 4415 2488 4499 fluapaopecibus
2523 4415 2581 4487 ea
2599 4415 2991 4487 subtrahendo.
3033 4452 3051 4483 ι
3090 4415 3439 4499 υειιίιιιιεξυι
3469 4415 3599 4487 dicit

372 4489 739 4565 possidebunt,
772 4500 828 4565 u_t
858 4495 931 4544 ait
952 4489 1236 4565 Apostolus
1262 4511 1278 4549 :
1310 4494 1449 4549 unde
1474 4489 1529 4549 εἰ
1559 4506 1662 4549 tam
1686 4500 1930 4565 gravibus

369 4573 578 4633 semper
602 4561 775 4633 pontis
800 4559 1615 4633 furtum‘damnaveruntantiqui
1644 4559 1932 4622 monacho-

373 4644 484 4681 rum
513 4628 717 4701 Patres.
749 4629 929 4685 Poenae
960 4632 1147 4686 breves
1176 4633 1313 4701 apud
1359 4634 1416 4689 S.
1453 4628 1705 4689 Basiliam
1737 4638 1805 4690 ita
1832 4639 1929 4693 de-

367 4710 595 4772 cernunt
619 4698 808 4772 (Num.
834 4701 888 4770 9)
922 4718 935 4754 :
976 4720 993 4753 ι
1022 4698 1227 4770 Siquis
1252 4704 1431 4758 tulerit
1458 4705 1655 4771 aliquid
1687 4722 1715 4759 a
1746 4709 1927 4772 fratre,

371 4776 424 4843 et
452 4771 821 4843 occultaverit,
852 4781 1034 4843 careat
1056 4772 1442 4827 benedictione.
1475 4793 1493 4825 ι
1526 4774 1719 4843 liegula
1744 4778 1798 4830 S.
1834 4771 1931 4831 Pa-

302 4848 309 4855 ο
369 4839 563 4889 chomii
598 4841 731 4906 (Art.
764 4842 885 4907 1:2!)
923 4867 935 4895 ι
973 4861 989 4893 ι
1029 4843 1085 4898 Si
1117 4846 1235 4911 quis
1263 4844 1444 4897 tulerit
1484 4859 1595 4897 rem
1615 4839 1733 4897 'non
1755 4861 1926 4909 suam,

372 4919 596 4983 ponetur
618 4924 775 4983 super
801 4911 1051 4965 humeros
1067 4914 1201 4981 ejus,
1232 4923 1284 4966 et
1305 4924 1422 4983 aget
1451 4916 1815 4981 posnitentiam
1846 4930 1933 4983 pu-

368 4977 504 5048 blice
527 4978 576 5030 in
609 4978 851 5042 COllL‘Cla,
875 4977 1140 5048 stabitque
1165 4977 1217 5035 in
1249 4977 1628 5038 vescendiloco
1648 5001 1660 5047 ;
1683 4984 1727 5038 si
1754 4977 1928 5039 autem

369 5064 417 5096 ttt
449 5047 589 5101 furto
615 5049 980 5116 deprehensus
1017 5047 1192 5117 fuerit,
1224 5055 1434 5119 triginta
1465 5068 1652 5107 novem
1683 5056 1931 5107 verbera-

366 5120 493 5169 bunt
540 5133 683 5174 cum.
713 5128 766 5173 et
808 5119 935 5173 foris
957 5121 1158 5174 dabunt
1186 5122 1233 5174 ei
1259 5126 1417 5177 edere
1448 5139 1633 5190 panem
1662 5133 1714 5178 et
1737 5139 1925 5192 aquam

363 5197 593 5265 tantum,
627 5194 679 5239 et
707 5196 947 5255 opertum
970 5191 1146 5243 cilicio
1178 5202 1230 5244 et
1251 5194 1433 5246 cinere
1462 5207 1553 5259 per
1580 5191 1928 5265 singula‘ora-

362 5259 563 5330 tionem
614 5266 849 5330 tempora
890 5270 1083 5330 cegent
1124 5276 1245 5314 eum
1273 5277 1431 5330 agere
1475 5259 1857 5329 paenitentiam.
1899 5282 1917 5314 ι

360 5326 523 5401 Cujus
552 5327 782 5401 priorem
815 5329 1089 5401 periodum
1112 5326 1367 5385 exscribit
1392 5326 1589 5401 Regula
1616 5332 1923 5386 Orientalis.

359 5396 626 5473 Similitec
645 5395 868 5473 in_furto
888 5399 1249 5473 deprehensos
1274 5401 1450 5473 subdit
1473 5395 1695 5473 llagello
1726 5402 1921 5473 Regula

361 5466 507 5548 tertia
541 5468 652 5548 “SS.
686 5466 899 5548 Patrum
928 5467 1081 5548 (Cap.
1118 5471 1203 5548 te.)
1237 5488 1249 5523 :
1291 5490 1323 5548 t_
1343 5471 1398 5525 Si
1427 5466 1702 5548 quisjvero
1738 5466 1925 5548 monaf

359 5538 489 5585 citus
539 5535 732 5593 furtiuo
783 5534 984 5602 fecerit,
1026 5534 1189 5607 ’ψιοά
1219 5541 1391 5607 potius
1432 5534 1767 5611 sacrilegium
1813 5543 1918 5597 dici

432 5629 442 5642 '
486 5624 787 5701 cherdum
830 5627 1034 5683 videtur
1070 5631 1267 5705 junior.
1328 5630 1478 5685 Etim

2036 4501 2385 4566 llildemarus,
2428 4522 2447 4554 ι
2484 4503 2675 4556 furtum
2724 4505 2847 4556 facti
2887 4504 2974 4571 qui
3018 4517 3127 4555 rem
3165 4502 3264 4555 sibi
3300 4504 3366 4554 ab
3405 4504 3599 4557 abbate

2034 4572 2346 4641 «tt-legatam,
2385 4573 2432 4623 id
2479 4582 2562 4626 est
2593 4574 2921 4641 deputatam,
2969 4572 3049 4625 vel
3088 4572 3285 4636 datam,
3333 4573 3451 4625 aliis
3482 4575 3598 4627 sine

2032 4640 2191 4693 liCL‘lll
2213 4657 2239 4691 a
2272 4642 2475 4694 tribuit.
2516 4661 2534 4692 ι

2107 4710 2224 4762 Non
2280 4710 2677 4782 concupiscere]
2717 4710 3155 4779 Concupiscent'a
3208 4711 3492 4778 aliquando
3538 4712 3596 4766 in

2033 4778 2246 4843 bonum,
2275 4780 2556 4845 aliquando
2582 4781 2634 4832 in
2659 4778 2861 4835 'malam
2890 4778 3089 4847 partem
3122 4784 3386 4844 sumitur;
3420 4786 3468 4833 in
3499 4784 3529 4833 li
3553 4806 3593 4829 I-

2036 4864 2155 4901 nam
2192 4861 2413 4913 partem,
2446 4857 2502 4903 ut
2530 4864 2649 4903 cum
2675 4851 2837 4904 David
2866 4856 3045 4903 canit:
3081 4850 3595 4916 Concuptvitanima

2035 4919 2341 4971 desiderare
2376 4918 2785 4986 justilicationes
2832 4929 2980 4982 tuus;
3026 4920 3078 4972 in
3128 4923 3340 4985 malam,
3382 4930 3438 4972 ut
3474 4938 3595 4973 runt

2020 4984 2228 5039 'dicitur
2252 5004 2265 5040 :
2296 4984 2736 5054 Concupiscentia
2761 5003 2878 5041 cum
2903 4992 3227 5054 conceperit,
3253 5001 3387 5054 parit
3411 5004 3598 5056 pecca-

2036 5064 2164 5108 tum.
2203 5060 2372 5124 A'que
2405 5071 2673 5124 p05tremo
2712 5060 2812 5111 hoc
2852 5074 3010 5111 sensu
3053 5060 3134 5109 hic
3160 5073 3188 5109 a
3214 5061 3269 5112 S.
3312 5059 3598 5112 BeuediCto

2035 5126 2381 5193 prohifetur;
2413 5142 2519 5195 quo
2545 5128 2757 5181 nomine
2801 5137 2974 5180 tamen
3004 5141 3111 5181 non
3165 5132 3363 5196 primos
3392 5144 3423 5182 c
3461 5145 3597 5182 nco-

2034 5197 2304 5263 piscentim
2353 5206 2547 5268 motus,
2581 5198 2669 5265 qui
2701 5197 2752 5249 in
2786 5200 2935 5250 nobis
2967 5200 3125 5251 etiam
3169 5214 3288 5251 cum
3316 5199 3481 5268 gratia
3526 5199 3596 5252 ad

1994 5276 2002 5283 '
2031 5280 2252 5332 agonem
2291 5266 2459 5319 relicti
2486 5277 2629 5333 sunt,
2658 5269 2750 5321 sed
2783 5276 2988 5320 tantum
3020 5266 3339 5321 consen~uni
3377 5269 3443 5321 ad
3475 5269 3599 5322 illos

2030 5335 2326 5405 intelligere
2349 5336 2624 5391 debemus.

2103 5402 2227 5475 Νοιὶ
2240 5407 2429 5473 falsum
2446 5406 2783 5457 testimonium
2801 5404 3009 5475 dicere]
3028 5406 3167 5460 Istud
3184 5407 3595 5461 istrumentnm

2027 5474 2194 5545 violat
2242 5489 2345 5527 non
2376 5477 2545 5527 solum
2584 5477 2680 5545 qui
2711 5490 2895 5529 contra
2918 5474 3198 5532 .veritatem
3229 5478 3424 5545 aliquid
3472 5494 3597 5544 pro-

2030 5544 2161 5609 fert,
2192 5547 2284 5599 sed
2316 5544 2473 5597 etiam
2508 5544 2615 5612 qui,
2646 5558 2766 5598 cum
2811 5545 3001 5599 falsum
3042 5547 3239 5613 aliquid
3286 5544 3513 5601 audierit
3542 5546 3597 5600 in
