3960 6178
338 417 455 473 395

1385 427 1658 482 REGULA
1696 425 2182 483 COMMENTATA.
2223 428 2374 485 CAP.
2417 432 2502 487 ιν.

3461 437 3562 489 508

320 544 547 617 alterius
589 540 978 617 prmjudicinm,
1020 552 1178 598 tacet.
1222 545 1349 597 ltem
1379 547 1465 613 qui
1510 546 1665 617 aliter
1689 561 1749 598 ea
1781 561 1898 611 qum
1928 547 1977 605 Α
2006 557 2255 614 parentes
2280 549 2639 615 aspiciamus?
2677 569 2692 599 ι
2725 555 3036 617 respondet:
3061 569 3078 602 ι
3110 551 3563 616 Ουριιιςιιίιιιοιιιιιιι

320 615 497 676 antiit,
522 624 614 666 aut
640 613 802 675 videt,
835 614 1212 680 interpretator
1234 629 1388 680 quam
1414 626 1552 667 sunt.
1582 615 1773 669 lterum
1798 617 1885 683 qui

321 692 488 737 Vitam
519 694 754 736 sanctam
788 682 1063 750 profitetur
1083 683 1132 735 in
1158 683 1387 750 publico,
1419 693 1470 736 et
1501 684 1674 751 iniqua
1705 682 1887 751 agitin

322 753 558 824 occulto.
590 753 825 821 Denique
842 754 928 820 qui
952 766 1012 807 ea
1030 766 1145 820 qua:
1166 753 1342 808 verbis
1358 754 1618 822 promisit,
1638 755 1891 824 operibus

323 824 403 876 im
442 822 555 877 lere
576 825 813 891 negligit.

402 892 594 946 Tribus
614 890 790 946 autem
815 894 1053 960 personis
1071 890 1359 947 obnoxium
1377 891 1571 945 faciunt
1593 891 1888 946 falsidicum

324 969 520 1015 testem
550 978 566 1016 :
599 961 728 1023 Deo,
762 966 914 1030 cujus
964 965 1296 1030 praesentiam
1338 962 1628 1014 contemnit
1655 977 1670 1015 :
1702 961 1885 1029 judici,

320 1047 487 1098 quem
514 1032 815 1086 mentiendo
844 1033 975 1086 fallit
1000 1048 1015 1095 ;
1044 1031 1337 1090 innocenti.
1379 1046 1545 1093 quem
1577 1030 1707 1083 falso
1739 1032 1891 1084 testi-

324 1102 515 1154 monia
544 1101 705 1153 la-dit.
744 1118 762 1150 ι
800 1102 1023 1168 Propter
1053 1102 1173 1165 hoc,
1203 1100 1372 1167 inquit
1397 1100 1694 1153 llicliardns
1733 1101 1798 1152 de
1830 1102 1887 1153 8.

326 1170 559 1237 Angelo,
611 1171 799 1234 triplex
849 1171 1155 1237 paenitentia
1199 1170 1245 1223 ei
1290 1170 1550 1223 debetur:
1584 1182 1680 1232 pro
1718 1169 1892 1231 primo

323 1247 633 1306 contemptu
650 1240 949 1306 paenitentia
968 1250 1168 1306 septem
1183 1252 1462 1291 annorum.
1484 1248 1537 1290 ιιι
1552 1253 1620 1295 v1.
1637 1245 1825 1305 quzest.
1840 1240 1857 1291 ί
1874 1277 1888 1300 ,

329 1308 670 1391 Quicunque;
688 1323 795 1391 prq
812 1309 1044 1391 secunda
1073 1309 1309 1387 elusione
1324 1308 1638 1391 verberibus
1667 1309 1895 1391 castiga-

326 1377 567 1444 bitur(v,
600 1393 651 1444 q.
685 1376 738 1438 5,
771 1376 863 1431 tttt'
899 1378 1032 1445 qui);
1067 1392 1161 1444 pro
1186 1377 1339 1431 tertia
1373 1376 1891 1430 ltesionesecundum

328 1446 547 1514 modum
580 1448 807 1499 liesionis
837 1448 994 1502 debet
1018 1447 1211 1513 puniri.
1249 1447 1558 1508 Argumcnt.
1592 1461 1670 1509 ιιι,
1698 1455 1889 1514 quaest.

326 1515 391 1578 9,
426 1513 768 1568 Decernimus.
799 1535 817 1567 ι
853 1518 978 1583 Quae
1008 1527 1181 1569 tamen
1218 1515 1284 1568 de
1320 1515 1453 1571 falso
1478 1513 1782 1570 testimonio
1803 1529 1895 1569 co-

329 1602 453 1653 ram
476 1584 652 1651 judice
678 1586 884 1649 publice
916 1586 1120 1653 prolato
1141 1584 1478 1651 intelligenda
1510 1598 1723 1638 censeo.

416 1652 676 1706 Honorare
691 1672 858 1707 omnes
877 1652 1147 1720 hominen]
1165 1655 1317 1709 Juxta
1339 1653 1465 1707 illud
1488 1654 1624 1707 Petri
1641 1653 1890 1720 apostoli:

333 1722 523 1776 Omnes
549 1723 811 1776 honorate.
852 1725 957 1778 Sed
985 1739 1104 1777 cum
1136 1722 1303 1776 honor
1332 1726 1403 1776 sit
1435 1727 1645 1789 proprie
1685 1723 1893 1776 virtutis

334 1792 634 1858 prmmium.
666 1809 770 1859 quo
807 1805 959 1860 pacto
989 1808 1175 1847 omnes
1212 1793 1462 1859 jubemur
1503 1792 1761 1844 honorare
1799 1791 1893 1844 ho-

2009 618 2258 669 Dominns
2287 619 2519 671 ostendit
2546 634 2607 671 ac
2637 618 2837 681 docuit,
2867 634 2985 673 cum
3029 626 3363 675 numiaretur
3407 624 3475 675 illi
3500 639 3565 676 ac

1994 687 2260 740 diceretur
2290 703 2305 741 :
2343 688 2470 740 Ecce
2498 698 2653 739 mater
2678 698 2764 739 tua
2784 698 2829 740 rt
2854 689 3038 756 fratres
3064 695 3136 742 tui
3154 702 3294 744 stant
3319 693 3443 757 foris
3474 709 3558 745 ro-

1993 757 2146 809 tantes
2175 766 2235 828 te
2270 757 2470 828 videre;
2500 758 2691 828 quibus
2725 761 2873 822 quasi
2905 759 3252 814 vehementer
3283 762 3562 828 increpitis

1992 825 2487 898 responditdicens:
2507 827 2632 892 Quae
2648 837 2718 898 est
2748 832 2905 879 mater
2923 845 3053 893 mea,
3077 841 3122 882 et
3139 831 3221 898 qui
3240 842 3355 883 sunt
3377 825 3562 898 fratres

1991 895 2236 947 meihet
2268 895 2331 947 ad
2372 896 2836 964 interrogationem
2863 895 3244 964 sequentemzt
3280 900 3335 954 S.
3370 895 3561 964 paren-

1993 972 2073 1015 tes
2098 966 2419 1030 rogaverint,
2439 974 2496 1033 ut
2520 965 2733 1019 domum
2767 965 2829 1018 ad
2859 967 3000 1033 ipsos
3026 970 3300 1032 adeamus,
3320 970 3557 1033 nunquid

1993 1032 2118 1098 ipsis
2144 1032 2590 1087 auscultandum?
2623 1054 2640 1087 ι
2694 1032 2978 1101 respondet
3004 1054 3016 1090 :
3050 1056 3067 1086 ι
3092 1039 3146 1089 Si
3173 1038 3273 1091 hoc
3300 1040 3362 1091 ad
3390 1039 3557 1092 ιιιόίΙί-

1992 1103 2332 1184 cntionem”!
2347 1107 2454 1184 15_
2476 1104 2595 1184 fidei
2627 1114 2833 1184 petant;
2861 1107 2904 1159 si
2925 1106 3043 1184 quis
3070 1107 3191 1159 talis
3219 1108 3288 1161 sit
3314 1110 3402 1177 qui
3429 1124 3553 1184 pos-

1995 1172 2065 1247 sit
2101 1171 2454 1247 cunrillis'a'd
2475 1174 2631 1247 _h_unc
2659 1175 2870 1226 modum
2904 1175 3051 1247 abire
3075 1218 3090 1243 ,
3119 1191 3238 1230 cum
3288 1171 3547 1247 approba-

1995 1240 2137 1313 tione
2167 1241 2426 1296 mittatur.
2471 1241 2529 1313 Si
2556 1258 2682 1295 vero
2744 1251 2960 1313 prepter
3010 1240 3297 1298 humanum
3326 1240 3552 1313 aliquod

1993 1308 2229 1363 officium
2265 1312 2621 1378 praestandum
2671 1308 2855 1365 audiat
2884 1314 3167 1367 Dominum
3198 1308 3459 1370 dicentem
3490 1318 3554 1369 ad

1993 1393 2114 1431 cum
2148 1379 2232 1444 qui
2264 1380 2470 1433 dixerat
2499 1395 2514 1432 :
2550 1380 2793 1434 Permitte
2826 1383 2948 1434 mihi
2978 1384 3052 1435 ire
3090 1394 3136 1437 et
3176 1388 3466 1438 renuntiare
3496 1388 3556 1439 iis

1993 1464 2106 1509 qum
2133 1449 2268 1501 domi
2291 1460 2408 1502 sunt
2438 1465 2457 1504 :
2488 1448 2651 1502 Nemo
2691 1453 2888 1503 mittens
2914 1468 3120 1504 manum
3150 1454 3218 1506 ad
3235 1463 3483 1518 aratrum,
3511 1465 3555 1505 rt

1993 1519 2264 1589 respiciens
2294 1528 2461 1585 retro,
2488 1528 2639 1589 aptus
2678 1530 2749 1572 est
2782 1536 2935 1588 regno
2966 1520 3078 1573 Dei.
3110 1525 3258 1587 Quod
3302 1524 3345 1576 si
3387 1524 3452 1576 de
3492 1543 3557 1576 eo

1994 1588 2439 1657 qui_renuntiare
2488 1598 2688 1642 tantum
2736 1589 2997 1657 voluerat,
3031 1592 3133 1644 tale
3177 1592 3552 1656 intlzciunicsi,

1997 1655 2120 1721 quid
2149 1657 2215 1710 de
2237 1656 2393 1724 hujus
2418 1658 2616 1723 judicio
2638 1659 2919 1712 dicendum
2939 1655 3056 1713 est?
3079 1679 3097 1712 ι
3133 1655 3291 1715 Multo
3319 1666 3559 1716 severior

1995 1726 2151 1794 piane
2180 1726 2235 1779 S.
2266 1727 2516 1794 Stephani
2560 1727 2762 1779 ordinis
2787 1728 3283 1784 Grandimontensis
3331 1747 3553 1785 et-nsura
3604 1746 3609 1753 '

1995 1793 2084 1867 (In
2112 1794 2294 1867 Reguli.
2326 1812 2370 1846 ο.
2397 1797 2530 1867 54):
2571 1814 2588 1846 ι
2627 1796 2684 1850 Si
2731 1797 2883 1859 forte,
2920 1799 3118 1867 inquit,
3170 1814 3321 1867 pater
3348 1809 3550 1862 Vester,

330 1862 525 1952 mines,
545 1876 665 1952 enni
688 1870 759 1914 tot
785 1864 930 1952 ntali],
960 1871 1139 1952 totque
1166 1861 1389 1952 improbi
1415 1862 1606 1952 tibique
1632 1871 1892 1952 terrnrukt‘n
1925 1893 1971 1952 Β
2000 1861 2355 1952 vel-quislibet
2392 1861 2595 1952 amicus
2625 1874 2801 1952 vester
2831 1861 3111 1952 scecularis
3156 1861 3318 1937 prope
3359 1861 3549 1952 cellam

330 1930 597 1984 existant?
629 1932 771 1985 llanc
824 1932 1186 1985 dillicultatem
1227 1931 1383 1984 solvit
1428 1930 1785 1991 Hildemarus,
1831 1935 1888 1985 8.

332 1999 608 2053 Benedicti
631 2002 787 2053 verba
816 2002 1076 2055 sumendo
1121 2002 1170 2053 in
1201 2000 1564 2066 suppositione
1592 2015 1892 2054 accommo-

329 2070 422 2140 da,
455 2078 510 2121 ιιι
539 2070 632 2122 scil
658 2079 743 2123 cet
767 2086 953 2125 omnes
990 2070 1143 2140 114
1165 2070 1405 2140 homines
1437 2070 1778 2140 honoremus,
1804 2070 1892 2140 qui

333 2139 636 2191 honorandi
671 2151 811 2192 sunt.
861 2139 1128 2194 l’rmlerea’
1170 2139 1455 2193 observare
1499 2139 1618 2191 licet
1665 2154 1783 2191 cum
1831 2139 1885 2194 S.

331 2208 534 2261 Thema
568 2210 704 2273 (2-2,
740 2226 787 2278 q.
822 2210 910 2274 03,
946 2226 996 2261 a.
1031 2209 1110 2276 3),
1165 2208 1406 2263 homines
1450 2208 1701 2261 honorari
1739 2222 1895 2275 posse

332 2293 399 2331 es
444 2278 771 2345 quadruplici
810 2279 1052 2332 motive:
1086 2282 1142 2331 1ο
1178 2288 1395 2345 propter
1435 2280 1699 2345 propriam
1730 2280 1927 2331 virtu--

335 2358 482 2411 tem;
513 2347 569 2399 2⁸
601 2359 811 2415 propter
848 2352 1092 2402 virtutem
1137 2348 1373 2412 alterius,
1407 2347 1606 2401 scilicet
1638 2346 1756 2411 Dei,
1800 2361 1894 2401 seu

335 2418 764 2482 eunimunitatis;
790 2418 846 2471 5"
868 2424 1083 2484 pronte'r
1122 2420 1326 2484 signum
1358 2418 1587 2485 virtutis,
1617 2426 1673 2469 ut
1708 2424 1790 2470 est
1812 2431 1898 2470 se-

338 2495 557 2549 nectus;
592 2487 649 2541 4⁰
680 2507 689 2547 ι
713 2499 890 2554 repter
913 2488 1365 2554 participationem
1385 2486 1578 2539 divinae
1604 2485 1855 2539 bonitatis
1878 2502 1893 2551 ;

336 2566 392 2609 et
418 2556 495 2609 sic
516 2570 700 2610 omnes
722 2556 961 2610 homines
984 2558 1243 2610 honorare
1267 2556 1522 2609 debemus
1539 2595 1551 2615 ,
1578 2556 1698 2624 quia
1723 2555 1896 2608 nullus

336 2635 421 2678 est
447 2626 497 2678 in
526 2640 630 2689 quo
652 2643 754 2679 non
779 2627 902 2679 insit
926 2626 1096 2689 aliqua
1128 2626 1318 2678 divina:
1341 2624 1591 2677 bonitatis
1614 2625 1900 2692 participa-

339 2698 436 2762 tio,
468 2696 658 2750 saltem
687 2696 975 2747 siettndum
1002 2696 1224 2763 aliquid.
1253 2695 1366 2748 Jam
1397 2709 1523 2748 vero
1550 2695 1591 2746 si
1614 2696 1732 2761 quis
1755 2709 1898 2763 qua:-

340 2775 421 2816 rat
467 2765 591 2832 quid
640 2766 707 2818 sit
737 2764 923 2823 honor.
956 2776 1045 2817 aut
1089 2766 1139 2816 in
1167 2780 1271 2833 quo
1301 2765 1585 2825 consistat,
1615 2765 1899 2830 respondet

341 2835 398 2888 S.
427 2834 654 2886 Thomas
692 2835 832 2899 (μὶ.
860 2853 909 2897 q.
942 2835 997 2895 2,
1029 2851 1074 2886 a.
1112 2836 1165 2899 δὲ)
1199 2849 1317 2887 esse
1348 2833 1553 2902 signum
1585 2844 1637 2887 et
1665 2833 1902 2886 testimo-

339 2905 484 2956 nium
509 2902 773 2970 quoddam
799 2904 934 2956 illius
957 2903 1286 2957 excellentia:
1307 2901 1424 2968 qua:
1439 2912 1519 2955 est
1547 2902 1598 2955 in
1619 2901 1896 2956 honorato.

410 2972 513 3026 Pro
536 2989 598 3025 eo
625 2984 800 3026 autem
823 2974 960 3041 quod
989 2972 1044 3026 S.
1074 2973 1129 3025 Ρ.
1159 2972 1471 3024 Benedictus
1495 2971 1653 3024 habet
1683 2972 1901 3024 Itinera-

337 3058 394 3094 re
439 3058 607 3095 omnes
639 3044 885 3104 homines,
927 3043 1173 3110 Magister
1203 3041 1325 3108 legit
1364 3043 1611 3093 honorare
1639 3052 1829 3110 patrem
1855 3052 1900 3095 et

338 3123 582 3176 matrem;
610 3112 749 3179 quod
774 3112 831 3166 S.
860 3113 1015 3165 Pater
1038 3114 1125 3179 qni
1162 3111 1265 3164 alia
1305 3111 1388 3163 hic
1430 3113 1697 3163 recensuit
1730 3111 1896 3165 Deca-

340 3181 445 3248 logi
478 3191 758 3249 praeoptat,
790 3182 1030 3234 cmsulto
1059 3181 1238 3243 iacuit,
1267 3180 1418 3249 quasi
1441 3180 1658 3234 doceret
1688 3191 1757 3233 ita
1785 3196 1896 3233 mo-

1999 1945 2226 1986 veSIram
2262 1936 2491 1999 graviter
2518 1944 2802 2002 aegrotans,
2835 1944 2887 1989 ct
2910 1948 3123 2002 peccata
3156 1936 3547 2001 Suaconliteri,

1995 2011 2048 2054 et
2082 2017 2163 2073 res
2187 2018 2308 2056 suas
2329 2003 2609 2073 disponere
2634 2004 2684 2056 in
2710 2006 2988 2072 praesentia
3019 2017 3194 2060 vestra
3216 2009 3549 2073 desiderans,

1996 2072 2213 2143 mandet
2242 2072 2392 2143 vobis
2420 2082 2474 2125 ut
2499 2089 2618 2143 eum
2648 2075 2895 2137 vtsitetis,
2929 2075 3045 2140 ejus
3068 2078 3405 2143 prrcscntiam
3437 2072 3553 2130 unl-

1996 2142 2203 2194 latcnus
2246 2142 2450 2195 adeatis
2473 2184 2489 2208 ,
2519 2142 2562 2195 si
2613 2154 2787 2195 tamen
2836 2142 3077 2198 clericos
3107 2148 3412 2200 necessitati
3443 2163 3555 2199 sua

1996 2211 2319 2281 sufﬁcientes
2350 2226 2468 2264 cum
2496 2228 2559 2265 eo
2591 2214 2778 2265 adesse
2820 2215 3109 2279 contingat.
3152 2216 3303 2281 Quod
3342 2218 3386 2269 si
3433 2217 3557 2270 iliuc

1998 2279 2075 2354 i_re
2115 2291 2495 2354 prtesuinentes
2529 2282 2580 2354 i_n
2630 2283 2816 2334 itinere
2839 2279 3190 2354 Ameriamini,
3224 2301 3554 2354 nequaquam

1999 2351 2107 2401 Deo
2149 2349 2216 2402 de
2257 2351 2405 2403 vobis
2454 2352 2712 2404 rationem
2762 2351 3060 2406 reddemus.
3110 2374 3128 2405 ι
3166 2349 3260 2409 llis
3307 2349 3555 2408 omnibus

1997 2417 2134 2471 addo
2153 2417 2604 2474 Carthusiensium
2633 2422 3007 2475 monachorum
3023 2432 3217 2475 statuta
3237 2441 3249 2476 ε
3272 2442 3290 2475 ι
3314 2425 3553 2478 Monaclii

1999 2502 2155 2540 causa
2184 2488 2513 2549 devotionis.
2545 2491 2782 2557 pietatis,
2820 2493 3164 2545 recreatiOnis
3184 2535 3199 2557 ,
3231 2494 3549 2547 visitatiouis

2001 2567 2298 2625 parentum,
2320 2568 2410 2611 aut
2436 2558 2752 2626 quavis,alia
2782 2574 2939 2612 causa
2985 2562 3238 2614 terminos
3265 2577 3390 2617 suos
3419 2566 3539 2615 nul-

1999 2627 2205 2680 latenus
2231 2638 2446 2690 exeant;
2485 2646 2502 2679 ι
2538 2638 2586 2681 et
2612 2627 2735 2680 alibi
2766 2644 2779 2679 :
2819 2647 2837 2679 ι
2866 2629 3061 2683 Omnes
3092 2645 3331 2697 personae
3354 2632 3554 2686 ordinis

2000 2700 2167 2767 vitent
2198 2705 2251 2750 et
2291 2697 2487 2764 fugiant
2520 2708 2794 2762 parentum
2829 2698 3188 2767 visitationes,
3223 2711 3275 2755 et
3305 2704 3553 2755 carnales

1999 2765 2339 2837 affectiones;
2373 2768 2603 2837 alioquin
2648 2782 2741 2833 pro
2774 2768 2930 2820 modo
2964 2769 3132 2837 culpte
3177 2765 3492 2835 puniantur;
3532 2790 3548 2821 ι

2001 2845 2054 2887 et
2083 2835 2272 2906 iterum
2299 2836 2422 2889 alibi
2454 2854 2465 2889 :
2494 2853 2512 2885 ι
2543 2835 2709 2888 Curas
2733 2835 3144 2904 propinquorum
3174 2855 3392 2892 suorum
3423 2857 3552 2906 qun-

2003 2905 2250 2958 rumlibet
2293 2906 2542 2959 fratribus
2584 2906 2778 2957 nostris
2806 2907 3159 2975 (conversis)
3188 2905 3554 2963 interdicimus

2001 2975 2251 3046 omnino,
2298 2985 2351 3027 et
2395 2990 2462 3028 ne
2489 2976 2633 3037 ipsos
2672 2977 2785 3046 sine
2823 2976 3032 3029 licentia
3075 2980 3434 3046 procuratoris
3465 2991 3554 3031 aut

2004 3044 2194 3112 prioris
2219 3046 2573 3098 mercenaries
2596 3044 2915 3098 conducant.
2958 3065 2975 3095 ι

2075 3111 2150 3165 Ex
2184 3114 2263 3167 his
2301 3115 2545 3167 omnibus
2588 3112 2751 3181 liquet
2777 3124 3028 3180 quantum
3071 3116 3361 3168 monachus
3389 3133 3415 3167 a
3465 3135 3553 3183 pa-

2003 3190 2205 3235 rentum
2250 3195 2535 3250 conspectu
2581 3185 2870 3236 abhorrere
2897 3185 3159 3239 voluerint
3201 3185 3296 3240 SS.
3345 3187 3550 3239 Patn-s.

339 3245 541 3335 qachos
570 3245 878 3335 parentibus
902 3251 1009 3303 suis
1028 3245 1336 3335 obinortnos
1363 3265 1484 3331 esse
1509 3249 1722 3329 debere,
1754 3258 1810 3335 ut
1831 3264 1896 3304 ne
1922 3245 1969 3309 C
1998 3250 2275 3335 [tationem
2306 3245 2460 3305 all‘ert
2487 3252 2544 3307 S.
2580 3253 2799 3307 Basilius
2829 3254 3125 3335 liis_v_erbis_
3146 3255 3325 3335 (fteg.__
3340 3256 3467 3335 fus.”
3502 3273 3549 3335 (ί.

340 3319 407 3374 de
440 3321 502 3373 iis
521 3320 738 3388 quidem
766 3320 1076 3389 cogitarent.
1112 3319 1323 3374 Sciebat
1352 3319 1598 3389 nimirum
1627 3319 1893 3372 inordina-

342 3399 453 3442 tum
486 3400 760 3456 parentum
784 3388 1020 3444 amorem
1053 3390 1325 3443 monachis
1354 3388 1601 3442 omnibus
1620 3402 1737 3442 esse
1761 3390 1895 3456 lapi-

339 3458 460 3513 dem
489 3458 810 3520 offendiculi,
842 3472 936 3514 eos
963 3460 1012 3511 in
1034 3473 1167 3527 quos
1203 3458 1453 3512 ceciderit
1498 3457 1636 3511 haud
1676 3457 1892 3511 dubium

340 3530 721 3592 contriuit-um;
762 3542 1026 3598 quemque
1079 3537 1357 3596 propterea
1406 3542 1436 3580 a
1483 3529 1593 3582 suis
1637 3527 1895 3598 emnobiis

340 3613 526 3652 arcere
552 3599 694 3652 omni
717 3597 874 3664 opera
898 3599 1229 3665 studuerunt,
1252 3607 1507 3667 quotquot
1532 3611 1664 3666 pene
1684 3597 1896 3651 fuerunt

342 3670 463 3721 vita:
509 3671 814 3723 monasticae
862 3668 1221 3733 institutores;
1255 3676 1311 3720 ιιι
1341 3682 1630 3735 nunquam,
1671 3676 1761 3719 aut
1807 3667 1895 3721 vix

341 3753 572 3804 unquam
623 3747 868 3808 parentes
905 3740 1078 3793 visere
1120 3736 1464 3805 permittant,
1517 3738 1597 3808 uti
1628 3744 1898 3808 testantur

342 3805 836 3870 srmtlarm'eorum
869 3808 968 3864 bac
991 3809 1059 3864 de
1089 3823 1148 3862 re
1196 3808 1356 3877 leges,
1408 3821 1537 3873 quas
1588 3807 1669 3877 hic
1698 3805 1897 3877 referre

340 3880 570 3931 otiosum
601 3894 706 3933 non
734 3879 1053 3946 judicamus.
1092 3878 1162 3931 lta
1194 3874 1541 3931 SIAntonins
1573 3876 1663 3946 (In
1692 3874 1820 3945 Reg.
1848 3891 1894 3928 c.

341 3949 397 4016 7)
425 3963 439 3999 :
473 3966 490 3997 ι
527 3946 710 4017 Neque
740 3951 1045 4014 reverteris,
1076 3948 1267 4013 inquit,
1317 3947 1547 4017 invisere
1585 3946 1900 4017 consangui-

340 4014 471 4073 neos
499 4014 906 4084 tuos'carnales,
939 4034 1039 4072 nec
1068 4018 1250 4072 faciem
1295 4026 1435 4070 tuam
1472 4015 1578 4070 illis
1619 4014 1898 4084 videndam

340 4087 604 4151 prmbeas,
633 4103 730 4142 nec
752 4083 911 4143 adeas
936 4088 1001 4142 ad
1025 4088 1169 4143 illos.
1210 4104 1228 4138 ι
1264 4086 1460 4155 Regula
1489 4086 1645 4138 tertia
1671 4083 1900 4155 S‘S.’Pa-

339 4167 478 4208 trttm
509 4156 658 4226 (Cap.
693 4159 782 4226 ιε)
808 4176 822 4211 :
853 4175 873 4208 ι
911 4158 1013 4212 Pro
1041 4153 1384 4226 custodienda
1409 4154 1562 4226 fama
1592 4153 1900 4226 specialiter

339 4224 621 4280 statuimus
650 4238 707 4280 ut
748 4224 919 4281 nullus
942 4232 1231 4280 monachus
1255 4227 1303 4279 in
1341 4224 1645 4278 infirmitate
1672 4225 1898 4291 positus,

340 4297 457 4349 re'ii
475 4306 527 4349 to
562 4298 905 4361 monasterio,
939 4308 1213 4364 parentum
1242 4296 1418 4348 studio
1464 4292 1901 4364 commendetur;

338 4367 465 4429 quia
499 4366 667 4434 magis
709 4382 827 4421 eum
859 4363 1190 4419 smcularium
1219 4363 1638 4433 spectacolorum
1667 4368 1781 4415 visu
1812 4373 1904 4416 aut

338 4437 523 4488 auditu
556 4436 715 4501 pollui
747 4449 1045 4499 censemus,
1081 4452 1233 4503 quam
1277 4435 1343 4487 ab
1388 4434 1901 4503 a‘gritudiueposse

339 4507 571 4571 purgari.
595 4524 614 4557 ι
646 4505 846 4559 Eodem
877 4506 1033 4558 modo
1052 4501 1215 4558 abbas
1242 4504 1455 4557 l’then
1485 4505 1536 4555 in
1562 4501 1905 4571 ApOphtlieg-

340 4577 497 4665 milia
518 4576 728 4665 l’atrnm
750 4576 919 4637 (Tom.
948 4575 1216 4665 inalionutn,
1241 4572 1587 4665 Eccl.(:‘rn’c.,
1615 4572 1895 4665 {mgf/tn):
1926 4606 1979 4665 Β

344 4661 363 4694 ‹
400 4643 476 4697 Ne
509 4655 722 4709 propter
761 4645 1103 4698 necessitates
1131 4644 1326 4697 abieris
1365 4642 1429 4695 ad
1459 4642 1693 4695 domum
1724 4651 1894 4707 pater—

338 4729 484 4765 nam.
525 4732 544 4764 ι
576 4714 639 4767 Ει
673 4716 925 4783 Evagrius
952 4715 1003 4766 in
1035 4712 1373 4775 Monachicis,
1415 4729 1469 4765 ιι.
1504 4712 1537 4766 5
1567 4730 1579 4765 :
1616 4728 1634 4763 ι
1669 4716 1898 4783 Necor-

338 4782 551 4849 ripiaris
572 4785 712 4837 curis
730 4781 1111 4852 pa'rentalibus,
1136 4793 1226 4837 aut
1248 4790 1591 4851 cognatorum
1614 4781 1898 4852 amicitiis;

336 4855 578 4919 quinimu
621 4861 674 4907 et
718 4851 959 4906 assiduos
989 4867 1108 4906 eum
1157 4854 1236 4907 eis
1285 4866 1602 4921 congressus
1650 4851 1777 4911 vita,
1832 4865 1900 4904 ne

338 4924 476 4975 torte
508 4935 535 4975 a
565 4924 711 4977 cellze
743 4926 919 4990 quiete
950 4933 999 4975 te
1035 4923 1297 4986 auferant,
1326 4933 1381 4976 et
1414 4921 1478 4974 ad
1505 4935 1598 4974 sua
1622 4921 1900 4974 traducant

337 4994 568 5057 negotia.
609 5010 626 5043 ι
662 4988 771 5046 Sed
794 4992 1029 5046 euntium
1060 4994 1287 5046 maxime
1314 4991 1371 5047 S.
1405 4990 1629 5045 Basilius
1657 4990 1898 5059 pluribus
1950 4988 1965 5001 ’

335 5065 389 5114 in
413 5062 562 5127 locis,
599 5063 890 5129 prmsertim
941 5078 1067 5117 vero
1099 5063 1148 5116 in
1183 5060 1661 5116 Constitutionibus
1709 5074 1896 5112 mona-

333 5133 489 5184 sticis
511 5133 658 5202 (Cap.
685 5132 802 5201 2|),
820 5133 906 5186 Ibi
935 5135 1070 5185 inter
1088 5134 1188 5187 alia
1213 5132 1325 5186 lucc
1347 5132 1505 5202 habet
1528 5146 1542 5181 :
1567 5148 1584 5181 ι
1605 5132 1645 5183 Α
1668 5133 1902 5197 cognatis

331 5217 486 5267 sane,
518 5200 699 5255 amicis
725 5218 788 5256 ac
808 5203 1119 5269 parentibus
1147 5213 1347 5255 tantum
1378 5200 1571 5253 alfecttt
1595 5209 1899 5267 separatum

331 5286 454 5325 esse
486 5272 753 5334 convenit,
799 5281 1052 5338 quantum
1088 5271 1309 5325 mortuis
1348 5271 1588 5324 videmus
1614 5284 1732 5322 eum
1764 5270 1895 5322 viws

332 5343 465 5394 nihil
512 5357 629 5395 esse
657 5342 1000 5405 commercii;
1040 5360 1057 5392 ι
1089 5351 1142 5395 et
1184 5341 1308 5394 alibi
1353 5340 1501 5409 (Reg.
1532 5342 1630 5407 fus.
1670 5354 1716 5390 ε.
1747 5340 1838 5403 52)
1879 5357 1889 5390 :

336 5431 353 5460 ι
395 5411 593 5477 Quibus
623 5412 787 5465 semel
816 5411 865 5463 in
896 5411 1166 5464 consortio
1190 5412 1406 5463 fratrum
1437 5412 1582 5461 locus
1611 5409 1766 5462 datus
1789 5422 1895 5471 es't,

328 5497 361 5533 a
393 5482 678 5547 pra-posito
710 5480 943 5549 permitti
979 5497 1078 5532 non
1123 5480 1305 5545 debet,
1357 5488 1414 5532 ut
1441 5478 1506 5531 ad
1551 5479 1653 5549 alia
1701 5478 1892 5530 mentis

328 5552 591 5603 inteut'uin
617 5548 881 5612 avertant,
906 5551 1108 5604 autsub
1139 5559 1393 5617 praetextu
1412 5548 1615 5601 visendi
1642 5558 1894 5615 cognatos

325 5635 357 5671 δ
385 5621 631 5673 frattibus
651 5622 923 5679 seCedant,
941 5631 994 5673 et
1016 5622 1129 5673 sine
1156 5621 1365 5673 testium
1394 5619 1713 5672 conscientia
1735 5622 1892 5669 vitam

325 5700 508 5754 agant,
546 5691 624 5744 vel
649 5705 828 5744 curam
852 5700 1195 5758 cognatorum
1220 5690 1509 5743 secundum
1529 5702 1745 5758 carnem
1778 5701 1892 5738 sus.

325 5760 558 5825 cipiaut;
598 5780 614 5810 ι
650 5772 701 5813 et
730 5761 792 5812 ad
826 5756 1293 5828 interiogationem
1333 5760 1487 5827 (tleq.
1520 5756 1665 5809 Brev.
1718 5758 1891 5808 interr.

334 5830 453 5896 188)
491 5849 501 5881 :
540 5848 557 5880 ι
595 5830 870 5895 Quomodo
902 5832 1172 5885 venientes
1206 5831 1271 5882 ad
1298 5846 1393 5883 nos
1433 5830 1755 5882 domesticos
1807 5836 1895 5879 aut

1998 3320 2087 3403 ζιῖ)
2121 3338 2133 3372 :
2169 3340 2187 3372 ι
2224 3321 2353 3373 Nam
2387 3333 2733 3403 praeterquam
2761 3323 2900 3403 quod
2925 3324 3027 3403 illis
3057 3320 3184 3403 nihil
3219 3320 3553 3403 ntilitatisaf»

1996 3390 2249 3455 feremus,
2283 3405 2515 3444 unatram
2544 3390 2702 3445 etiam
2727 3390 2884 3445 vitam
2931 3394 3340 3447 tumultuatione
3369 3406 3423 3447 et
3445 3394 3554 3448 dis-

1996 3461 2303 3515 turbatione
2353 3462 2759 3528 complehimus,
2785 3470 2840 3516 et
2875 3472 3207 3530 peccatorum
3240 3464 3553 3517 occasiones

1997 3530 2349 3584 inveniemus.
2389 3548 2407 3582 ι
2430 3530 2578 3595 Quod
2608 3530 2802 3584 clarius
2831 3540 2886 3585 et
2913 3530 3079 3585 fusius
3108 3532 3231 3586 alibi
3277 3532 3334 3588 S.
3365 3534 3553 3587 doctor

1997 3600 2243 3671 explicat
2270 3598 2370 3652 hoc
2409 3600 2565 3653 modo
2595 3614 2667 3671 ε’(
2701 3600 2799 3663 Qui
2840 3615 2965 3656 vero
3005 3601 3338 3655 surculariqu
3372 3603 3555 3671 amici-

1999 3670 2124 3723 tiam
2155 3668 2435 3737 diligenter
2463 3669 2863 3738 rcomplectitur,
2898 3679 3258 3738 perpetuoque
3287 3668 3417 3724 cum'
3448 3672 3554 3726 illis

1997 3739 2302 3794 conversari
2325 3737 2609 3801 desiderat,
2640 3737 2859 3793 affectus
2888 3737 3046 3793 etiam
3071 3737 3285 3793 illorum
3310 3755 3402 3806 per
3423 3756 3554 3793 con-

1999 3810 2201 3862 tinuum
2242 3808 2538 3861 convictum
2567 3809 2755 3861 animae
2786 3823 2895 3863 suae
2918 3808 3204 3863 familiares
3233 3809 3424 3869 faciet.
3456 3810 3555 3865 ite-

1999 3892 2223 3944 rumque
2248 3877 2513 3931 mundano
2539 3892 2696 3931 sensu
2726 3879 2960 3932 an'mnm
2989 3880 3223 3947 replens.
3254 3894 3281 3930 a
3310 3880 3445 3932 bona
3462 3894 3554 3931 au-

1999 3948 2292 4014 spicatione
2320 3948 2551 4010 excidet,
2574 3957 2629 4002 et
2658 3949 2882 4015 spiritali
2915 3963 3075 4003 sensu
3108 3949 3317 4011 relicto,
3355 3950 3550 4015 prioris

1999 4017 2121 4072 vita:
2149 4018 2399 4071 vomitum
2422 4018 2604 4069 animo
2630 4017 2925 4085 remandet,
2952 4029 3111 4087 atque
3131 4019 3197 4073 ab
3220 4019 3432 4072 inimico
3461 4033 3555 4085 per

2000 4087 2264 4141 carnalem
2315 4089 2683 4155 cognationem
2743 4088 3036 4154 spiritalem
3087 4091 3554 4142 conversationem

2002 4156 2389 4211 interturbante
2419 4157 2847 4211 vulnerabitur...
2884 4158 3131 4212 Diabolus
3166 4159 3306 4212 enim
3335 4159 3550 4222 consiti-

2002 4234 2150 4280 catus
2181 4240 2275 4279 nos
2301 4242 2512 4279 omnem
2539 4226 2750 4281 exuisse
2788 4227 2941 4294 hujus
2969 4229 3144 4281 saeculi
3173 4242 3375 4291 curam,
3409 4238 3461 4280 et
3491 4229 3557 4280 ad

2003 4296 2194 4351 cmlum
2238 4305 2543 4349 constanter
2587 4310 2870 4363 preperare
2891 4337 2906 4360 ,
2937 4298 2989 4349 in
3031 4312 3096 4349 eo
3125 4297 3340 4350 sedulus
3369 4306 3471 4360 cst,
3503 4307 3558 4350 ut

2006 4367 2167 4419 indita
2201 4366 2350 4417 nobis
2380 4366 2447 4418 de
2474 4366 2712 4432 cognatis
2740 4369 2933 4418 nostris
2957 4367 3279 4433 cogitatione
3308 4368 3408 4420 hoc
3439 4366 3558 4419 effi-

2005 4435 2110 4489 ciat
2137 4475 2151 4498 ,
2188 4443 2243 4486 ut
2279 4449 2458 4488 curam
2521 4435 2729 4486 illorum
2786 4436 3172 4502 suscipiamus,
3219 4448 3559 4503 mentemque

2005 4505 2143 4559 circa
2172 4505 2445 4557 saecularia
2462 4504 2741 4556 sollicitant
2775 4503 3085 4570 habeamus,
3116 4516 3174 4558 ut
3192 4516 3317 4574 pote
3342 4522 3460 4572 quae
3487 4507 3558 4557 sit

2007 4574 2214 4627 illorum
2266 4574 2581 4637 substantia,
2610 4583 2662 4625 et
2691 4588 2756 4624 an
2798 4578 2865 4626 sit
2917 4574 3187 4629 sufficiens
3217 4576 3303 4628 vel
3357 4574 3554 4638 minus,

2002 4642 2195 4709 quidve
2224 4644 2351 4696 lucri
2372 4643 2474 4695 illis
2490 4658 2554 4695 ex
2576 4643 2929 4695 contractibus
2950 4645 3184 4709 accedat,
3206 4656 3258 4697 et
3286 4658 3559 4711 quousque

2002 4712 2327 4779 opulentiam
2352 4726 2500 4764 suam
2527 4714 2789 4765 aitxeiiut.
2823 4722 2912 4765 aut
2941 4713 3063 4780 quid
3095 4714 3271 4765 damni
3315 4728 3406 4779 per
3436 4724 3558 4765 vita:

2006 4782 2162 4849 hujus
2192 4783 2518 4835 calamitates
2550 4782 2882 4847 aICt‘pttl‘lltl,
2927 4792 2979 4834 ct
3008 4793 3262 4848 quantum
3306 4786 3371 4835 de
3427 4782 3558 4833 sub-

2004 4857 2194 4905 stantia
2234 4853 2536 4904 facultatum
2568 4851 2884 4915 deccsserit;
2924 4850 3193 4919 efficitque
3240 4850 3343 4906 ltoc
3376 4864 3548 4917 pacto,

2007 4933 2059 4975 ut
2080 4922 2412 4976 socceasibus
2443 4922 2650 4973 illorum
2678 4917 3126 4986 congratulantur,
3156 4931 3208 4975 et
3236 4922 3279 4972 si
3318 4921 3441 4988 qui.l
3477 4922 3566 4972 in—

2008 4991 2221 5044 fortunii
2252 4992 2318 5043 sit
2345 5033 2357 5053 ,
2388 4990 2660 5044 doleamus
2688 5005 2699 5040 :
2731 4990 2794 5042 ad
2829 4990 2972 5056 lucc,
3003 4998 3062 5043 ut
3104 4990 3318 5043 initniro
3348 5006 3559 5058 quoque

2004 5061 2181 5114 animo
2208 5075 2331 5128 erga
2364 5061 2606 5113 inimicos
2653 5060 2865 5113 illorum
2908 5062 3094 5121 simus,
3118 5075 3238 5113 cum
3277 5059 3561 5129 jubeamur

2005 5130 2205 5183 nullum
2249 5130 2442 5183 habere
2476 5129 2780 5189 inimicum;
2814 5128 3345 5198 congaudeamusquc
3372 5128 3560 5180 amicis

2005 5201 2312 5267 plerumque
2342 5201 2569 5264 illis,qui
2604 5200 2741 5250 nulla
2766 5198 2907 5267 digni
2936 5212 3056 5252 sunt
3085 5200 3306 5266 Spiritali
3339 5199 3562 5250 familia.

2006 5273 2181 5333 ritate,
2215 5281 2267 5322 et
2300 5270 2540 5322 laetemur
2574 5282 2789 5335 promer
2822 5268 3014 5334 iniusta
3044 5278 3097 5321 et
3137 5269 3312 5333 iniqua
3348 5267 3557 5319 illorum

2004 5341 2214 5392 lucra...
2250 5339 2452 5392 Accidit
2474 5348 2648 5389 autem
2670 5353 3055 5402 smpciiumrro,
3093 5340 3247 5407 116
3268 5348 3322 5389 ut
3352 5345 3563 5404 propter

2001 5409 2606 5477 cogitationescurandis
2625 5423 2755 5473 cogn
2777 5410 2863 5460 itis
2886 5408 3121 5461 addictus
3134 5414 3269 5460 ausit
3288 5407 3563 5477 religiosus

2004 5476 2435 5535 ct’sacrilesium
2468 5478 2826 5537 t'onnnitlere,
2858 5486 2914 5529 ut
2946 5489 3291 5544 cognatorum
3337 5476 3558 5543 egestati

1999 5548 2311 5608 medeatur;
2346 5563 2462 5598 nam
2505 5561 2622 5613 qua:
2665 5546 2717 5599 in
2749 5548 3190 5600 sustentationem
3232 5555 3562 5607 sanctorum,

1999 5618 2085 5684 qui
2132 5618 2235 5670 Deo
2259 5633 2315 5671 se
2345 5625 2746 5683 consecrarunt,
2780 5614 3140 5683 reponuntur,
3176 5629 3325 5668 sacra
3357 5625 3410 5669 et
3439 5631 3564 5671 vero

1998 5687 2336 5740 anathemata
2368 5686 2717 5747 aestimantur,
2744 5695 2797 5737 et
2830 5687 3050 5751 profano
3074 5686 3189 5738 usui
3216 5685 3559 5738 eximuntur:

1999 5759 2084 5821 qui
2115 5772 2240 5823 ergo
2263 5757 2457 5821 aliquid
2488 5772 2550 5809 ex
2579 5757 2682 5807 illis
2704 5755 3011 5815 ειιιιιιωιυτ,
3039 5771 3101 5808 ex
3124 5770 3307 5810 eorum
3340 5770 3563 5807 numero

2001 5840 2075 5879 cst
2120 5830 2205 5891 qui
2258 5827 2533 5895 sacrilegia
2568 5828 2902 5880 committere
2947 5841 3053 5880 non
3084 5838 3351 5882 verentur.
3388 5847 3404 5876 ι
3445 5825 3559 5877 lla-
