3960 6178
394 254 489 305 διι
578 258 587 265 ’

1721 256 1779 308 S.
1825 256 1882 307 Ρ.
1930 255 2283 310 BENEDICTI

3554 260 3666 313 512

394 385 534 443 nime
558 371 696 424 unde
725 373 959 438 hospites
991 385 1270 443 pauperes,
1297 379 1388 423 aut
1420 369 1556 443 unde
1584 370 1775 443 divites
1806 367 1946 443 pasci
1981 370 2025 427 Α
2055 369 2141 443 lis,
2171 370 2319 443 edito
2343 370 2440 423 hoc
2455 379 2682 425 statuto:
2705 391 2722 421 ι
2745 372 3004 440 Quidquid
3021 373 3088 427 de
3107 388 3284 426 mensa
3326 373 3664 443 quotidiana

391 441 648 495 debemus
677 459 689 493 :
722 442 897 497 omnia
942 440 1103 504 enim,
1134 439 1184 494 id
1233 448 1316 493 est
1344 440 1596 506 quidquid
1637 439 1842 494 venerit
1897 438 1949 491 in

397 512 798 575 monasterium,
829 510 876 562 id
909 520 985 563 est
1039 525 1248 571 aurum,
1278 520 1571 577 argentum.
1607 524 1701 569 :es,
1734 508 1955 568 ferrum,

395 582 633 644 arbores,
658 583 856 641 vinum,
890 594 1065 647 poma.
1095 578 1305 635 animali
1326 576 1360 637 ιζ
1393 588 1446 632 et
1473 576 1697 647 reliqua,
1730 579 1841 630 sive
1890 576 1957 628 de

394 652 643 706 omnibus
671 665 788 717 quae
833 646 1236 702 inmettaSIcrio
1281 648 1613 717 laborantur,
1640 646 1862 700 decima;
1893 649 1958 699 de

398 722 480 773 his
506 716 748 773 omnibus
780 720 845 771 ad
891 718 1147 784 hospitale
1190 733 1473 784 pauperum
1507 716 1621 768 dari
1648 718 1839 769 debent
1872 732 1959 765 sv-

401 788 690 842 Iummodo.
721 789 769 839 id
801 800 875 841 est
908 798 961 839 ιιι
990 803 1093 839 non
1124 786 1233 850 alii,
1267 787 1366 839 hoc
1395 795 1475 839 est
1501 787 1659 847 servi,
1695 789 1777 839 vel
1810 786 1959 837 nobi-

398 858 498 923 les,
527 860 617 910 seel
642 858 974 911 solummodo
1002 873 1257 924 p-tuperes
1285 866 1583 921 pascantur.
1612 875 1628 905 ι
1658 855 1808 919 Quod
1839 870 1959 907 enn-

400 931 571 980 lirmat
596 928 780 982 Petrus
814 927 1047 979 Damiani
1096 927 1179 978 his
1204 927 1414 978 verbis:
1454 925 1551 979 «Ut
1579 927 1875 989 cotiiosiora
1907 926 1957 975 in

399 1012 687 1065 pauperum
717 997 968 1050 alimenta
1002 997 1297 1064 proficiant,
1326 996 1516 1046 dantur
1540 998 1591 1047 in
1625 997 1961 1047 monasteriis

395 1076 449 1118 et
478 1067 674 1123 ereutis
728 1066 949 1119 decima:
998 1080 1435 1135 quorumcuntpte
1479 1074 1850 1128 proventuum,
1908 1071 1962 1116 et

397 1150 504 1189 non
533 1136 691 1190 modo
721 1150 991 1202 peoorum,
1018 1136 1109 1188 sed
1138 1144 1190 1186 et
1212 1136 1450 1201 ornicum
1486 1136 1703 1200 pariter,
1742 1145 1795 1187 et
1832 1149 1961 1185 ovu-

399 1219 538 1261 rum.
567 1222 585 1256 ι
624 1206 690 1257 Ει
717 1219 843 1258 mss.
889 1206 946 1258 S.
983 1204 1199 1273 Benigni
1232 1203 1563 1273 Divionensis
1600 1202 1958 1273 Consuetudi-

399 1290 493 1327 ttcs
519 1274 584 1326 de
606 1274 780 1327 ollicio
809 1270 1210 1341 eleemosynarii
1240 1272 1388 1343 (Cap.
1411 1270 1547 1343 745):
1579 1272 1787 1343 tllabet
1817 1273 1960 1326 enim

398 1344 658 1399 decimam
692 1345 850 1397 totius
880 1359 1124 1407 annonzr,
1170 1342 1287 1411 rpite
1331 1342 1565 1396 defertur
1606 1342 1656 1395 in
1686 1342 1961 1411 granario,

402 1423 509 1471 tam
542 1416 609 1468 de
640 1428 802 1479 prope
845 1428 1001 1481 quam
1036 1414 1101 1465 de
1135 1413 1448 1481 longinquo;
1492 1422 1544 1465 et
1576 1411 1739 1466 etiam
1776 1411 1843 1466 tle
1875 1412 1961 1464 illa

402 1498 521 1547 qua:
548 1483 862 1546 relinquitur
899 1481 1135 1542 decanis,
1167 1492 1247 1537 γει
1284 1493 1497 1550 propter
1524 1490 1841 1546 sementem,
1880 1482 1963 1533 vel

402 1561 617 1619 propter
645 1552 728 1604 illa
759 1553 943 1619 quibus
976 1552 1239 1619 indigent:
1265 1552 1560 1607 decintatur
1586 1554 1727 1607 enim
1752 1550 1963 1616 quando

401 1629 509 1691 tota
535 1630 617 1675 est
654 1621 885 1683 insimul,
949 1632 1053 1676 tam
1079 1626 1144 1673 de
1173 1623 1256 1675 illa
1286 1639 1402 1691 quae
1432 1621 1684 1682 defertur,
1715 1623 1870 1688 quam
1897 1620 1964 1672 de

403 1690 487 1742 illa
525 1707 643 1758 rpite
670 1701 927 1746 remanet.
979 1692 1172 1746 Eodem
1212 1696 1368 1745 modo
1412 1692 1569 1744 habet
1598 1692 1857 1744 decimam
1884 1698 1964 1741 to-

403 1760 503 1812 tius
536 1760 662 1825 vini,
693 1778 796 1828 quo
823 1763 1020 1817 dictum
1043 1773 1122 1815 est
1149 1761 1215 1816 de
1238 1777 1465 1815 annona.
1500 1780 1517 1812 ι
1555 1760 1786 1827 Denique
1812 1766 1962 1828 vetus

403 1831 571 1885 codex
607 1827 801 1886 ms.’de
820 1832 1165 1885 Ubservantia
1197 1832 1407 1896 lingula:
1431 1830 1583 1899 juxta
1598 1833 1816 1899 formam
1837 1827 1965 1881 Clu-

405 1901 752 1966 niacensium,
782 1911 915 1969 part.
948 1917 1025 1964 ιιι,
1076 1915 1192 1969 cap.
1224 1900 1316 1962 24,
1343 1900 1410 1954 ab
1434 1898 1707 1953 llaeftcno
1731 1898 1959 1952 citatus:

410 1969 609 2025 illabet
634 1981 812 2025 autem
857 1971 1324 2039 eleemosynarius,
1363 1980 1555 2034 printer
1598 1983 1658 2022 ea
1692 1981 1811 2039 qua:
1844 1982 1967 2039 pro-

406 2040 515 2103 pria
548 2050 671 2097 sunt
700 2037 1152 2109 eleemotsynariaa.
1186 2040 1447 2093 decimum
1481 2052 1667 2109 partem
1700 2037 1767 2109 de
1791 2037 1966 2109 ιιιηηί-

405 2111 502 2162 bus
549 2110 640 2178 qui
688 2106 987 2178 coquuntur
1033 2112 1082 2161 in
1132 2111 1286 2162 furno
1335 2107 1674 2169 tnuttastcrii;
1705 2106 1966 2178 decimam

403 2175 580 2231 amam
610 2180 711 2235 vini
746 2175 1101 2247 provenicntis
1139 2181 1189 2230 in
1233 2180 1397 2231 vincis
1426 2180 1704 2239 ecclesia);
1738 2175 1967 2247 etesimi-

407 2248 526 2301 liter
551 2248 616 2303 de
642 2245 791 2316 agnis
822 2249 1041 2316 :tLiSque
1084 2250 1393 2315 prcoiibus;
1439 2261 1535 2299 nec
1561 2263 1662 2300 nm
1694 2253 1748 2298 et
1782 2245 1966 2316 deca-

403 2318 529 2380 seis,
559 2320 648 2386 qui
678 2313 812 2372 iittttl
844 2334 935 2385 per
959 2313 1161 2381 curtus,
1202 2318 1459 2369 tlecitttttnt
1485 2318 1595 2386 ipse
1627 2317 1784 2369 levat.
1813 2332 1837 2386 ι
1864 2313 1966 2367 Ve-

404 2402 518 2439 rum
575 2385 797 2455 primam
852 2388 1069 2455 hujusce
1116 2389 1214 2454 pia:
1260 2385 1657 2439 cottsuetudinis
1709 2385 1966 2455 originem

404 2471 507 2510 non
550 2460 775 2511 concilio
815 2454 1224 2526 Aquisgraneusi
1266 2458 1540 2526 debemus,
1585 2469 1740 2520 quam
1796 2454 1969 2520 potius

402 2526 747 2581 confirmasse
792 2525 1112 2581 credendum
1163 2533 1278 2587 est,
1330 2542 1433 2578 non
1472 2525 1797 2586 insLtuisse;
1846 2538 1965 2577 nam

407 2597 563 2662 longo
593 2609 713 2649 ante
762 2611 998 2664 tempore
1036 2596 1094 2651 S.
1147 2595 1428 2649 Filibertus
1480 2595 1651 2664 abbas
1679 2594 1967 2649 Lemmcti-

404 2666 578 2719 censis
603 2667 811 2735 (Sirmi
844 2663 1062 2731 Bened.,
1093 2682 1212 2734 pag.
1227 2666 1348 2731 8‘22,
1370 2663 1785 2735 monasteriisui
1814 2680 1833 2713 ι
1857 2675 1969 2716 stu—

406 2735 565 2788 debat
593 2732 778 2790 omnes
807 2738 1011 2800 species
1054 2732 1440 2789 decitnarc.....
1475 2735 1642 2799 ipsam
1680 2732 1837 2800 igitur
1879 2735 1971 2786 dc-

404 2806 593 2857 cimam
642 2804 692 2857 in
739 2807 1065 2871 captivorum
1120 2804 1535 2870 redemptionem
1584 2812 1641 2854 et
1678 2817 1967 2869 pauperum

405 2876 706 2928 alimoniam
732 2874 1046 2943 deputabat:
1096 2874 1147 2926 in
1178 2882 1379 2925 tantum
1430 2883 1485 2924 ttt
1530 2872 1819 2943 monachos
1845 2888 1970 2943 suos

408 2953 621 3014 propter
653 2944 752 2998 hoc
777 2942 896 2999 cum
922 2946 1124 2999 onustis
1148 2943 1365 2996 navibus
1392 2942 1628 3011 partibus
1664 2942 1970 3004 transmari-

407 3013 922 3073 nis’trausmitteret.
950 3026 1002 3068 et
1032 3030 1216 3082 greges
1247 3014 1571 3080 captivorum
1615 3028 1706 3077 per
1732 3027 1849 3064 eum
1888 3027 1970 3066 re-

2058 441 2191 511 atra
2218 440 2362 491 ribus
2387 452 2649 506 superem,
2672 444 3006 511 elcemosyna
3034 445 3331 497 communis
3346 440 3660 511 accipiat.»

2058 506 2221 573 (Stat.
2241 510 2354 575 55.)
2408 511 2546 563 Idem
2593 521 2847 565 Statutum
2887 506 3027 565 anno
3050 513 3204 577 I200,
3225 516 3321 567 sub
3347 506 3588 577 Ilugone
3622 511 3664 560 V

2058 580 2248 650 abbate
2279 591 2589 650 renovatum
2616 591 2716 642 est.
2742 592 2795 636 et
2823 598 2963 635 anno
2994 582 3130 635 1444
3171 586 3221 635 in
3250 580 3495 650 capitulo
3529 597 3658 646 pro-

2059 647 2266 719 vinciali
2300 649 2588 716 Anglorum
2623 651 3005 706 monachorum
3038 647 3510 719 Northamptorsia':
3558 666 3661 705 ce-

2061 715 2264 791 lebrato
2293 715 2577 791 sancitum.
2617 720 2757 791 Idem
2784 724 2941 791 etiam
2975 723 3075 775 sub
3099 715 3433 791 gravissimis
3461 723 3662 790 pretiis

2060 786 2357 859 reperimus
2407 788 2458 841 in
2498 790 2726 859 eoncilio
2773 790 3059 845 Oxoniensi
3103 786 3476 855 'aun01922,'
3503 792 3661 851 apud

2062 856 2439 930 Spelmfutnum
2467 858 2635 928 (Tom.
2663 860 2699 912 Il
2725 860 2875 913 Cone.
2897 861 3045 930 Angl.
3075 878 3125 928 ρ.
3154 862 3276 929 I89)
3303 863 3387 914 his
3416 862 3614 914 verbis
3639 876 3656 913 :

2066 942 2084 972 ι
2105 926 2568 1005 ῼιιιιιίιιηνίςιιιιιιίιι
2601 930 2864 995 religiosis
2913 926 3225 1005 ap'ponenda
3259 926 3379 984 sine
3422 930 3661 983 subtra-

2060 996 2239 1067 ctione
2265 996 2435 1067 aliqua
2468 998 2546 1051 eis
2576 1010 2929 1065 apponantur,
2952 996 3063 1052 tam
3100 1002 3151 1052 in
3180 1009 3442 1055 conventu
3476 1014 3660 1067 quam

2061 1064 2208 1137 alibi,
2245 1064 2330 1117 ubi
2363 1064 2702 1137 reficiuntur;
2730 1082 2778 1122 et
2806 1069 2874 1123 de
2899 1070 3149 1123 omnibus
3175 1071 3431 1137 appositis
3467 1064 3656 1121 totum

2064 1135 2329 1208 residuum
2360 1138 2476 1189 siue
2501 1136 2845 1208 diminutione
2868 1140 2939 1192 ita
2959 1138 3113 1192 cedat
3136 1140 3186 1191 in
3210 1135 3656 1208 eleemosynam,

2065 1217 2158 1276 per
2183 1206 2660 1276 eleemosynatium
2689 1209 2969 1276 egentibus
3002 1208 3228 1262 ﬁdeliter
3254 1206 3604 1273 erogandum
3638 1225 3655 1269 ;

2062 1273 2131 1325 ita
2162 1273 2301 1340 quod
2342 1273 2439 1329 nec
2467 1274 2653 1337 abbas,
2688 1273 2784 1331 nec
2823 1278 2985 1344 prior,
3023 1292 3122 1331 nec
3169 1278 3656 1343 eleemosynarius

2065 1346 2230 1413 possit
2257 1353 2443 1396 contra
2471 1344 2570 1397 hoc
2600 1347 2911 1403 dispensare
2936 1364 2946 1399 :
2971 1358 3024 1401 et
3049 1348 3347 1413 quicunque
3371 1356 3652 1399 statutum

2064 1411 2131 1463 ist
2169 1414 2223 1475 ιι,
2257 1414 2335 1485 vel
2370 1413 2495 1466 illud
2524 1415 2590 1485 de
2628 1415 2948 1469 indumentis
3004 1411 3286 1470 admittere
3331 1419 3410 1469 vel
3450 1418 3657 1485 “bser-

2064 1496 2187 1533 var».
2210 1483 2465 1547 noluerit,
2498 1484 2540 1534 si
2575 1485 2823 1539 sacerdos
2850 1486 3026 1553 fuerit,
3057 1499 3086 1538 a
3112 1487 3471 1539 celebratione
3501 1483 3656 1537 divi-

2066 1565 2251 1602 nurum
2279 1568 2293 1609 ;
2342 1554 2383 1601 si
2434 1553 2654 1605 minoris
2687 1555 2890 1609 ordinis
2919 1557 3001 1609 vel
3038 1557 3299 1617 monizdis,
3334 1571 3360 1606 a
3390 1570 3651 1607 comm"-

2066 1624 2223 1672 n'uno
2256 1621 2511 1674 lltttltilIICl
2539 1625 2779 1687 Corporis
2802 1639 2971 1691 usque
2990 1625 3052 1677 ad
3081 1625 3287 1691 plenam
3315 1626 3654 1676 salilaclio—

2069 1705 2186 1759 nem
2221 1692 2596 1755 suSpendatur.
2629 1710 2647 1743 ι
2702 1694 2762 1745 Et
2804 1694 3121 1747 Benedictus
3151 1708 3281 1759 papa
3324 1694 3412 1746 XII
3455 1695 3506 1745 in
3543 1710 3651 1744 sua

1992 1736 2039 1794 Β
2066 1736 2477 1829 ουηςιιιιὶιυηε.
2510 1736 2628 1827 cap.
2660 1736 2764 1817 is;
2800 1736 3110 1829 ξ’ὄὶιῖἁὲιῖιιῌ
3151 1736 3653 1815 ἱιὲἇιιιῖἶῗέιιὲὶλειξίἐ

2068 1827 2247 1900 (ciliis)
2274 1829 2558 1900 supererit,
2591 1827 2946 1900 elecmosynte
2993 1827 3288 1900 applicetur
3332 1849 3427 1898 per
3482 1836 3651 1883 illum

2067 1898 2155 1962 qtti
2186 1901 2252 1951 ad
2282 1899 2381 1952 huc
2403 1899 2559 1952 fuerit
2580 1898 2888 1967 deputatus;
2917 1917 3014 1955 nec
3032 1898 3224 1966 aliquis
3264 1903 3397 1955 alius
3425 1916 3523 1968 per
3557 1918 3647 1963 se,

2067 1968 2148 2020 vel
2180 1982 2276 2036 per
2303 1968 2467 2020 alium
2494 1970 2559 2023 de
2585 1971 2869 2025 refectorio
2893 1985 2986 2025 seu
3009 1972 3361 2034 inlirmitorio,
3406 1974 3494 2024 vel
3531 1970 3654 2023 alio

2071 2036 2188 2089 loco
2216 2040 2265 2107 in
2298 2052 2425 2107 quo_
2452 2040 2699 2094 monachi
2732 2043 3037 2103 comedent,
3079 2040 3279 2107 aliquid
3319 2042 3646 2102 extrahere,

2070 2107 2150 2160 vel
2181 2105 2565 2178 alibideferre,
2598 2124 2688 2164 seu
2720 2110 2872 2164 alteri
2898 2105 3293 2178 usuiapplicare
3314 2120 3645 2178 praesumat:

2069 2177 2206 2243 quod
2229 2178 2272 2229 si
2298 2177 2498 2248 fecerit,
2528 2193 2622 2243 pro
2644 2180 2881 2247 qualibet
2901 2183 3014 2234 vice
3043 2177 3134 2245 per
3166 2177 3450 2233 dttos’dies
3482 2179 3651 2248 panis

2070 2253 2125 2299 et
2148 2260 2297 2313 aqua:
2326 2247 2658 2301 solummodo
2687 2251 3010 2314 pmuitentia:
3035 2250 3311 2303 subdatur.
3337 2268 3355 2300 ι

2142 2320 2208 2367 At
2236 2316 2361 2381 quid
2386 2316 2458 2387 de
2479 2318 2820 2385 amplissimis
2868 2328 3169 2387 nostrorum
3204 2317 3645 2371 Cluniacens‘ium

2069 2384 2428 2454 eleemosynis
2454 2387 2703 2454 referam,
2735 2389 2823 2454 qui
2868 2384 2958 2442 vel
2982 2404 3087 2441 uno
3126 2388 3212 2441 die
3241 2390 3641 2455 septemdecim

2070 2468 2357 2525 egenorum
2396 2455 2645 2525 millibus
2692 2460 2881 2525 stipem
2924 2472 3175 2525 erogasse
3229 2457 3649 2510 memorantur?

2070 2522 2201 2589 Quid
2226 2525 2293 2575 de
2339 2523 2458 2577 aliis
2484 2522 2785 2581 Germania}
2818 2522 3190 2581 monastEriis?
3218 2528 3320 2580 Sed
3354 2542 3410 2579 sa
3438 2528 3522 2580 ius
3556 2536 3645 2579 est

2070 2595 2296 2647 alienam
2326 2594 2423 2649 hac
2453 2593 2502 2647 in
2548 2611 2707 2649 causa
2734 2599 2964 2663 linguam
2996 2596 3202 2660 alldlI‘P,
3246 2612 3401 2664 quam
3439 2598 3642 2648 dome-

2071 2666 2258 2733 s‘ticam
2295 2681 2307 2715 :
2344 2682 2363 2714 ι
2392 2664 2527 2717 Sunt
2550 2666 2599 2717 in
2622 2666 2735 2718 stda
2764 2665 2819 2718 G~
2844 2668 3062 2729 rmania,
3120 2666 3289 2733 inquit
3332 2666 3647 2718 Dominieus

2074 2731 2305 2786 Gravma
2327 2734 2530 2788 ordinis
2560 2736 2616 2789 S.
2650 2736 2926 2793 Dominiri.
2959 2731 3206 2788 cteuobia‘
3228 2738 3642 2791 monachorum.

2071 2816 2191 2870 quas
2213 2814 2335 2857 octo
2356 2816 2407 2857 et
2429 2805 2613 2874 decem
2636 2805 2797 2858 millia
2825 2821 3106 2860 aureorum
3132 2806 3181 2857 in
3206 2820 3462 2874 pauperes
3481 2806 3644 2874 123

2072 2881 2325 2937 erogant;
2375 2873 2707 2927 xenodochia
2743 2876 2937 2943 passim
2969 2873 3276 2939 occurrunt,
3302 2873 3645 2943 quammin-

2073 2943 2417 3015 lirmieorum
2447 2944 2697 3012 expensis
2739 2942 2932 3014 passim
2959 2954 3287 3015 recreantur.
3332 2942 3645 3015 Tergem-

2072 3013 2213 3065 rales
2254 3011 2606 3084 eleemosynzc
2640 3011 2908 3070 sexcentis
2946 3011 3002 3068 et.
3046 3014 3275 3081 amplius
3317 3012 3643 3069 distribuun-

405 3083 605 3152 dempti
663 3084 939 3139 laudarent
984 3085 1275 3153 petentiam
1322 3082 1547 3153 Qhristi,
1575 3100 1592 3132 ι
1638 3089 1695 3134 ιιι
1738 3082 1968 3153 ιυιιριιιιν
1996 3091 2040 3151 C
2074 3082 2501 3153 turtuberiores
2524 3099 2649 3138 vero
2678 3085 3158 3139 anniversariorum
3209 3093 3448 3151 tempore
3492 3084 3644 3146 iuxta

406 3151 700 3224 anonymus
730 3154 781 3207 in
811 3155 926 3222 ejus
948 3151 1081 3209 Vita.
1116 3169 1167 3207 ιι.
1196 3153 1285 3209 21.
1317 3151 1499 3218 Neque
1527 3152 1612 3206 hic
1635 3152 1784 3224 stetit
1805 3151 1971 3224 ellttsa

407 3221 708 3277 nostrorum
741 3225 790 3277 in
840 3221 1097 3291 pauperes
1120 3234 1171 3276 ct
1208 3237 1405 3291 egenos
1447 3236 1529 3290 pa
1575 3221 1970 3291 misericordia;

405 3307 540 3361 quos
568 3293 720 3362 longe
746 3290 875 3347 alia-
904 3290 1099 3362 easque
1129 3290 1396 3362 largiores
1428 3292 1479 3343 in
1507 3290 1729 3362 gratiam
1772 3305 1971 3358 paupe-

408 3360 524 3421 rum
548 3360 916 3433 eleeinosynas
944 3366 993 3416 in
1019 3360 1137 3416 dies
1158 3360 1666 3433 di~tribnissefacile
1690 3370 1976 3433 cognoscet

408 3432 497 3499 qui
519 3433 600 3487 vel
615 3447 699 3485 aut
711 3430 828 3502 iqua
844 3436 901 3487 ὃ.
913 3434 1155 3486 Adalardi
1172 3433 1374 3487 abbatis
1391 3430 1730 3502 Corbeiensis
1755 3440 1971 3497 statuta,

409 3511 463 3557 et
489 3500 757 3558 collectas
794 3505 862 3557 ab
919 3503 1167 3557 Udalrico
1236 3500 1605 3556 Cluniacensis
1667 3502 1973 3555 monasterii

409 3574 835 3635 consuetudines.
875 3576 1113 3641 aliasque
1142 3574 1427 3640 permultas
1473 3572 1572 3624 levi
1609 3569 1795 3641 saltem
1822 3570 1976 3641 oculo

408 3645 648 3698 contueri
676 3644 923 3698 voluerit.
953 3638 1151 3696 Scribit
1166 3651 1324 3695 etiam
1347 3642 1610 3694 Antonius
1643 3638 1901 3705 Yepezius
1921 3641 1973 3694 in

410 3712 675 3781 aliquibus
719 3714 921 3767 ordinis
961 3713 1126 3767 nostri
1170 3712 1510 3781 monasteriis
1548 3710 1835 3778 Hispaniae,
1870 3724 1975 3763 non

409 3779 581 3843 solum
624 3783 883 3836 decimam
917 3784 1171 3836 bonorum
1204 3792 1403 3846 partem
1435 3779 1488 3833 in
1531 3794 1656 3833 usus
1687 3793 1974 3848 pauperum

410 3851 622 3915 cedere,
677 3854 773 3907 sed
820 3854 978 3907 etiam
1032 3854 1304 3919 quin'am;
1352 3850 1636 3918 laudatque
1689 3850 1974 3919 interialia

412 3921 676 3977 Callaeciae
700 3932 754 3976 et
780 3922 1008 3975 Asturiae
1038 3918 1377 3981 monasteria,
1414 3922 1569 3990 122
1597 3934 1715 3987 quae
1741 3921 1788 3972 in
1834 3918 1975 3974 fame

413 4000 468 4059 et
492 3990 578 4045 lue
598 4002 874 4059 grassante
914 4000 1039 4044 sunt
1069 4006 1191 4043 vera
1212 4000 1265 4042 et
1285 4001 1426 4043 rerta
1448 4004 1735 4055 egenorum
1763 3990 1972 4042 horrea.

413 4058 573 4116 Certe
600 4058 651 4116 in
680 4062 962 4128 prscitatis
987 4062 1043 4115 S.
1062 4060 1306 4114 Adalardi
1330 4060 1561 4118 statutis.
1601 4069 1791 4126 pmter
1813 4059 1976 4113 multa

415 4131 539 4192 alia,
578 4132 691 4199 haec
728 4134 846 4198 lego
869 4130 1004 4199 (Lib.
1038 4146 1077 4190 t,
1109 4148 1154 4185 r.
1184 4130 1281 4196 6):
1321 4149 1337 4178 ι
1370 4130 1589 4197 Insuper
1619 4128 1978 4194 disposuimus

414 4198 543 4254 dare
586 4193 681 4268 ipsi
708 4193 1192 4269 supramemorato
1224 4193 1584 4265 ’hospitala'rio
1614 4200 1682 4252 de
1710 4193 1864 4252 oumi
1890 4214 1977 4251 ar-

413 4270 844 4340 gentoquithuid
882 4271 947 4322 ad
989 4280 1193 4337 portam
1243 4269 1721 4340 veneritquintam
1772 4281 1974 4340 partem

415 4353 510 4404 per
529 4354 715 4410 manus
740 4338 960 4410 portarii
985 4341 1231 4393 senioris.
1258 4357 1279 4390 ι
1308 4338 1579 4410 Ampliora
1609 4339 1783 4410 etiam
1808 4338 1975 4410 inise-

418 4409 658 4463 ricordia:
687 4406 891 4464 viécera
922 4424 1044 4478 erga
1075 4422 1334 4478 pauperes
1353 4407 1586 4478 ostendit
1624 4407 1682 4461 S.
1721 4406 1975 4478 Isidorus,

2080 3152 2414 3207 fundatorttm
2442 3153 2786 3207 intentionem
2811 3154 3403 3221 profundunturmertis
3423 3165 3645 3220 quoque

2077 3223 2200 3275 anni
2247 3223 2573 3289 temporibus
2601 3224 2833 3292 quinque
2877 3224 2955 3278 vel
3005 3238 3097 3278 sex
3145 3225 3306 3277 millia
3340 3223 3640 3285 hominum,

2078 3306 2221 3359 saepe
2264 3301 2492 3358 quatuor
2522 3294 2682 3347 millia
2729 3296 2888 3349 etiam
2938 3293 3201 3349 ferentur.
3242 3294 3374 3358 Quis
3400 3303 3647 3346 secretas

2077 3370 2350 3433 recenseat
2391 3363 2454 3416 iis
2507 3372 2713 3418 secreto
2749 3364 2920 3431 datas,
2959 3366 3046 3433 qui
3103 3364 3410 3417 mendicare
3445 3363 3645 3433 erube-

2077 3432 2559 3498 scunt,virginibus
2587 3437 2879 3501 pra-sertim
2912 3431 3192 3492 nobilibus.
3214 3434 3385 3485 viduis
3402 3431 3639 3496 afflictis,

2078 3502 2429 3569 pauperrimis
2469 3506 2562 3557 sed
2602 3504 2863 3557 nobilibus
2901 3504 3058 3556 viris?
3099 3505 3152 3555 In
3185 3504 3249 3555 iis
3276 3516 3485 3572 quoque
3513 3507 3646 3572 cha-

2078 3572 2248 3642 ritatis
2272 3572 2495 3625 affectus
2523 3575 2856 3641 propensior,
2899 3588 3122 3642 quorum
3170 3574 3395 3627 fortuna-
3431 3571 3645 3642 velede-

2073 3640 2324 3706 jertione,
2351 3644 2430 3695 vel
2461 3640 3225 3699 ﬂammis.aliisve'innumeris
3250 3640 3643 3695 calamitatibus

2076 3711 2391 3779 absumptae.
2424 3731 2441 3763 ι
2491 3712 2612 3765 Ηωε
2669 3712 2755 3767 ille
2791 3714 2841 3767 in
2897 3714 3101 3767 laudem
3144 3722 3465 3765 nostrorum.
3525 3710 3643 3763 Non

2078 3789 2228 3833 vacat
2251 3782 2334 3834 hic
2358 3797 2542 3835 omnes
2566 3783 2802 3835 omnium
2833 3784 3216 3842 coenobiorum,
3260 3780 3428 3835 multo
3466 3783 3645 3833 minus

2078 3850 2422 3919 Singularium
2453 3854 2703 3905 abbatum
2734 3868 2855 3920 erga
2888 3867 3146 3920 pauperes
3165 3852 3533 3920 eleemosyuas
3559 3864 3647 3902 re-

2078 3934 2330 3991 censere;
2380 3930 2435 3974 at
2483 3932 2628 3975 certe
2660 3923 2905 3976 nonnulla
2953 3922 3300 3991 quorumdam
3349 3922 3479 3974 facta
3510 3934 3649 3987 prte-

2082 3989 2375 4045 Iermittere
2402 4007 2506 4044 non
2544 4005 2778 4057 possum,
2808 3989 3030 4057 quorum
3073 3991 3373 4058 exemplum
3408 3991 3648 4058 posteris

2078 4061 2142 4111 ad
2158 4059 2577 4166 .rrdilica'tioncm
2605 4062 2865 4116 inservire
2893 4072 3086 4131 potcs',
3117 4070 3173 4116 et
3198 4061 3398 4113 utinam
3427 4059 3493 4113 ad
3524 4060 3649 4112 imi-

2080 4139 2330 4166 Itllllll’lam

2080 4139 2331 4182 tationem
2364 4139 2377 4183 l

2156 4201 2261 4251 llos
2305 4201 2445 4253 inter
2492 4202 2703 4255 excellit
2751 4201 3010 4268 imprimis
3037 4200 3092 4255 S.
3146 4200 3437 4253 Ansliertus
3482 4199 3643 4251 abiis

2082 4267 2527 4339 Ιῖυειιειιιιειιιειιείεἒ
2555 4272 2667 4336 qui,
2700 4282 2755 4325 ut
2782 4267 2968 4324 scribit
2993 4272 3252 4339 Aigradus
3273 4271 3325 4322 in
3358 4270 3473 4339 ejus
3505 4270 3646 4331 Via,

2080 4354 2133 4389 ιι.
2166 4339 2225 4391 21
2256 4337 2399 4401 (Sec.
2427 4355 2463 4393 II
2493 4337 2710 4405 Bened.,
2745 4355 2863 4408 pag.
2897 4337 3079 4408 1051),
3115 4357 3134 4390 ι
3170 4340 3223 4393 in
3245 4355 3338 4406 pra
3357 4338 3462 4391 fato
3489 4352 3649 4390 rene-

2084 4408 2235 4460 rabili
2261 4407 2651 4463 Fontanellensi
2671 4407 3016 4473 monasterio,
3042 4412 3178 4463 inter
3205 4409 3371 4461 felicia
3397 4408 3648 4463 bonitate

414 4493 533 4532 cum
584 4480 792 4533 tertiam
844 4469 1101 4533 [tonui-um
1144 4469 1453 4532 monasterii
1494 4485 1695 4546 partem
1741 4477 1806 4530 ad
1852 4469 1982 4532 usus
2008 4469 2193 4535 Dsua:
2222 4490 2392 4546 gesta,
2425 4477 2585 4532 etiam
2638 4469 3023 4533 xenodochiuni
3065 4478 3406 4532 imbecillium
3437 4492 3499 4531 ac
3548 4478 3648 4529 de-

413 4561 703 4619 cgenorttm
729 4551 956 4620 assignat
986 4548 1135 4620 (Reg.
1160 4564 1206 4601 ο.
1232 4548 1321 4620 18)
1344 4565 1358 4602 :
1380 4565 1398 4597 ι
1421 4548 1516 4620 0m
1528 4562 1616 4613 ne,
1635 4548 1823 4616 inquit,
1841 4547 1983 4620 quod

415 4617 468 4673 in
499 4617 874 4674 monasterium
925 4622 975 4672 iu
1031 4617 1248 4672 nummo
1287 4618 1643 4688 ingredietur,
1695 4620 1795 4671 sub
1837 4617 1984 4688 testi-

415 4690 595 4757 monio
649 4690 916 4743 seniorum
968 4686 1361 4753 accipiendum.
1412 4688 1610 4742 Eadem
1662 4686 1889 4755 pecunia
1926 4687 1978 4740 iu

418 4758 586 4812 tribus
623 4762 859 4825 partibus
890 4759 1174 4815 dividenda
1211 4767 1327 4819 est;
1355 4772 1578 4826 quarum
1610 4772 1712 4809 una
1743 4758 1846 4811 erit
1886 4770 1981 4822 pro

418 4828 642 4883 intirmis
668 4837 723 4880 et
748 4831 981 4892 senibus,
1011 4838 1063 4884 et
1085 4844 1188 4898 pro
1208 4825 1386 4898 aliquo
1405 4828 1697 4882 coemendo
1718 4829 1769 4881 in
1793 4825 1983 4898 diebus

414 4900 614 4952 sanctis
637 4899 829 4952 cultius
850 4900 915 4953 ad
937 4895 1132 4953 victum
1157 4895 1447 4953 fraternum
1472 4913 1488 4961 ;
1516 4898 1620 4950 alia
1651 4912 1743 4962 pro
1790 4895 1981 4966 agatis,

416 4969 571 5022 tertia
602 4982 703 5034 pro.
724 4970 1052 5024 vestimentis
1078 4972 1301 5021 fratrum
1322 4977 1377 5020 et
1400 4973 1711 5035 puerorum,
1743 4965 1827 5035 vel
1864 4965 1981 5035 qui-

415 5039 618 5108 busque
645 5039 709 5089 ad
739 5038 1109 5094 necessitatem
1141 5034 1453 5108 monasterii
1498 5034 1870 5108 coemendis.)
1908 5034 1982 5087 ln-

413 5104 575 5176 supér
602 5110 772 5175 capite
799 5110 1037 5177 sequenti
1069 5118 1123 5162 et
1165 5107 1396 5173 decimo,
1425 5105 1678 5176 quidquid
1708 5104 1979 5177 residuum

414 5174 612 5231 mensa
666 5174 844 5236 luerit.
879 5174 1168 5245 pauperum
1208 5178 1392 5231 usibus
1439 5174 1822 5245 reservandum
1843 5187 1980 5243 prm-

411 5247 595 5302 scribit
649 5244 887 5302 Obtinuit
926 5257 981 5302 et
1009 5248 1124 5302 hanc
1162 5250 1213 5301 in
1246 5247 1488 5301 omnibus
1522 5247 1631 5301 fere
1655 5244 1856 5298 ordinis
1885 5258 1979 5296 no-

411 5327 509 5371 slrt
539 5319 877 5372 monasteriis
905 5320 1253 5371 consuetudo.
1305 5319 1462 5372 Certe
1499 5318 1667 5370 nostri.
1694 5314 1974 5368 Divioneu-

411 5386 566 5441 sees.
586 5386 801 5455 Ileuigni
825 5402 890 5441 ex
924 5401 1051 5441 mss.
1081 5386 1669 5451 Consuetudine,c.45,
1689 5384 1973 5439 etCluuia-

411 5470 598 5511 censes
623 5473 688 5512 ex
723 5457 971 5512 Udalrieo
1003 5457 1096 5511 lib.
1129 5472 1186 5515 tt.
1217 5474 1266 5510 c.
1305 5458 1396 5515 ‘25.
1426 5457 1677 5525 quidquid
1729 5457 1879 5523 panis
1923 5464 1977 5507 et

412 5524 515 5579 vini
543 5542 738 5583 menst-
766 5528 1111 5590 redundabant,
1145 5537 1199 5580 et
1225 5528 1293 5595 de
1336 5529 1401 5579 ali
1424 5542 1451 5580 s
1479 5526 1613 5580 cibis
1640 5526 1973 5579 medietatem

409 5597 729 5669 muneribus
754 5600 1149 5668 tlispensabaut.
1185 5597 1435 5649 Pio-atem
1474 5611 1623 5649 suam
1657 5595 1975 5669 iuomttihus

409 5665 626 5728 omnino
672 5665 935 5727 alimentis
979 5670 1219 5725 extendit
1254 5680 1437 5740 postea
1472 5669 1656 5720 Petrus
1688 5665 1971 5719 Venerabi-

2087 4553 2409 4616 orepitorum
2439 4563 2748 4615 pauperum,
2774 4549 2839 4601 ad
2886 4550 3054 4602 instar
3089 4548 3321 4601 duodeni
3372 4548 3648 4615 apostolici

2089 4617 2293 4671 muneri
2324 4618 2620 4681 constituit;
2664 4617 2929 4685 deputatis
2960 4617 3159 4671 eisdem
3205 4619 3365 4671 rebus
3394 4633 3512 4685 qttze
3539 4621 3650 4668 suf-

2087 4687 2329 4759 licienter
2381 4688 2677 4759 praeberent
2723 4687 3025 4759 alimoniam
3058 4704 3072 4740 :
3101 4688 3233 4739 alias
3261 4702 3471 4759 quoque
3516 4688 3651 4741 duas

2085 4756 2361 4810 constituit
2385 4758 2436 4810 itt
2455 4758 2642 4812 eodem
2666 4756 2992 4811 monasterio
3015 4772 3302 4825 pauperum
3331 4757 3527 4810 Christi
3556 4761 3653 4811 dc-

2086 4826 2267 4880 bilium
2299 4829 2621 4892 mansiones,
2653 4841 2786 4893 quos
2817 4827 2869 4880 in
2895 4827 3234 4894 octogenario
3260 4842 3325 4880 ex
3351 4827 3531 4879 multis
3560 4841 3653 4878 sa-

2085 4905 2231 4966 crato
2261 4913 2484 4950 numero
2509 4897 2813 4966 singillatim
2837 4907 3061 4950 octonos
3086 4896 3323 4951 habitare
3353 4899 3495 4960 fecit,
3526 4901 3651 4963 qui-

2082 4965 2183 5018 bus
2210 4980 2237 5018 s
2260 4982 2325 5019 ne
2349 4965 2633 5035 indigentia
2650 4968 3011 5036 quotidianum
3035 4966 3208 5034 largiri
3233 4967 3426 5019 victum
3458 4981 3651 5034 peren-

2087 5036 2224 5105 ttitcr
2271 5039 2497 5090 censuit.
2541 5037 2738 5091 Horum
2787 5038 2990 5089 vacatio
3040 5037 3178 5089 nulla
3219 5046 3334 5090 erat
3390 5037 3492 5105 alia
3548 5039 3650 5092 nisi

2084 5103 2232 5159 horis
2259 5108 2562 5160 constitutis
2582 5106 2786 5159 diurnis
2810 5106 3148 5160 nocturnisve
3179 5108 3228 5157 in
3252 5106 3411 5159 domo
3443 5107 3531 5160 Dei
3561 5123 3651 5161 re-

2083 5174 2279 5232 sidere.
2306 5177 2533 5230 oratioui
2566 5191 2626 5229 ac
2652 5176 2909 5229 varationi
2940 5176 3131 5229 divina:
3163 5175 3353 5229 devote
3379 5176 3646 5235 insistere.

2083 5253 2137 5314 et
2165 5251 2405 5310 tempore
2432 5249 2489 5300 S.
2517 5246 2758 5300 sacrificii
2776 5261 2869 5314 pro
2896 5246 3066 5299 salute
3090 5250 3445 5299 ctsalntione
3468 5249 3649 5313 populi

2082 5313 2371 5369 Christiani
2404 5316 2745 5385 Ecclesiaque
2778 5313 3040 5370 catholica
3065 5315 3257 5384 ubique
3284 5315 3468 5369 diﬂusa
3491 5318 3649 5369 victi-

2079 5398 2217 5437 mam
2250 5388 2537 5441 salutarem
2568 5386 2779 5440 oll‘erre.
2819 5406 2835 5437 ι
2890 5386 3023 5439 Huic
3047 5385 3407 5440 accrasendus
3442 5388 3649 5440 videtur

2084 5455 2141 5509 S.
2161 5455 2348 5510 Petrus
2362 5456 2528 5509 abbas
2540 5458 2809 5521 t'avcnsis,
2828 5459 2913 5525 qui
2938 5465 3073 5509 tcSte
3086 5455 3352 5510 Vcnusino
3368 5458 3416 5509 in
3435 5457 3648 5522 ejusV‘i-

2081 5534 2152 5585 ta,
2169 5540 2225 5578 ιι.
2260 5524 2457 5592 7(Boll.
2477 5526 2509 5578 ιι.
2526 5525 2710 5593 Μαι-ι.)
2732 5567 2745 5579 .
2762 5524 2959 5595 egenos
2978 5545 2996 5576 ι
3015 5527 3319 5580 catervatim
3346 5541 3564 5594 pascere
3585 5542 3648 5578 ac

2080 5598 2277 5648 vestire
2302 5609 2677 5654 consueverat,
2730 5612 2791 5648 ac
2821 5599 3143 5657 vestit-udos,
3170 5610 3229 5646 ac
3253 5597 3470 5650 alvndos
3500 5607 3650 5648 tanto

2081 5666 2254 5719 studio
2286 5680 2524 5736 qttwrcre
2549 5703 2565 5731 ,
2624 5679 2675 5717 ω
2708 5667 2866 5718 etiam
2900 5681 2993 5733 pro
3044 5667 3369 5721 inveniendis
3406 5668 3651 5720 civitates
