3952 6182
438 309 532 361 551
1520 379 1524 382 ἱ
1775 305 1832 363 s.
1877 303 1931 358 ιν.
1978 303 2335 360 ΒΕΝΕΒΙΕΤΙ
3584 302 3682 359 atra

511 422 744 488 Denique
785 418 920 486 quod
948 417 1211 486 proprium
1241 426 1320 471 est
1346 416 1499 488 hujus
1528 416 1866 488 instrumenti
1894 457 1909 477 ,
1937 415 2002 470 ad
2035 419 2086 476 Α
2111 415 2323 488 quidem
2365 417 2712 488 necessarius,
2737 416 2894 470 dolor
2937 433 3034 486 pro
3085 418 3344 485 peccatis;
3376 418 3467 472 sed
3501 418 3546 473 si
3580 436 3680 475 non

438 494 573 544 bene
593 487 871 547 orandum.
897 490 1064 541 oratio
1093 490 1250 541 debet
1275 502 1394 541 esse
1423 487 1670 555 frequens
1695 495 1749 540 et
1765 487 2001 549 assidua,

439 579 487 611 ιιι
523 563 700 615 ιιιιιιιίς
723 575 818 614 nos
846 559 1117 626 Scriptum
1149 561 1279 613 locis
1307 559 1535 611 edocet:
1575 570 1624 609 et
1653 568 1798 611 certe
1845 576 1862 606 ι
1887 574 2005 624 per-

440 648 627 698 pnrutn
650 639 795 692 orat,
831 630 1070 699 quisquis
1099 631 1189 682 illo
1223 639 1423 682 tantum
1476 639 1750 694 tempore,
1782 643 1886 699 quo
1912 645 2002 698 ge-

439 720 541 756 nua
571 702 870 766 ﬂectuntur,
905 698 1060 754 orare
1079 701 1374 757 consuevit.
1406 719 1424 750 ι
1456 699 1624 767 inquit
1664 701 1830 751 abbas
1861 698 2004 751 Isaae

439 771 906 840 :tptnlCassianutn
927 769 1132 838 (Cotlat.
1161 770 1248 834 10,
1280 785 1392 837 t'ap.
1432 770 1537 834 1'4).

510 841 653 895 Mala
675 859 766 894 sua
797 845 1052 910 prtt'terita
1080 857 1195 892 cum
1249 841 1489 909 lacrymis
1520 841 1596 892 vel
1623 840 1809 904 gemitu
1839 838 2002 901 qunti.

439 914 520 965 die
550 916 602 964 in
629 909 857 964 oratione
888 909 994 963 Deo
1019 910 1272 978 conﬁteri,
1310 913 1371 963 de
1398 910 1520 979 ipsis
1549 912 1696 962 mulis
1723 912 1785 960 de
1824 918 2005 960 cartero

440 985 725 1053 eruendam.
759 981 776 1053 j
818 981 1004 1053 Simile
1045 982 1247 1053 aliquid
1296 982 1592 1053 praescribit
1643 982 1707 1053 ξ.
1743 981 2004 1032 Antonius

439 1051 528 1120 (In
560 1053 740 1122 Regni.
759 1049 826 1104 ~n.
845 1051 940 1120 25)
975 1069 988 1104 :
1029 1071 1045 1102 t
1069 1051 1436 1122 contristare,
1455 1050 1593 1111 iniit,
1625 1049 1714 1102 diu
1739 1061 2005 1122 noctuque

441 1141 536 1188 pro
562 1121 779 1191 peccato
805 1132 915 1188 tuo,
946 1121 1178 1176 acccnde
1230 1121 1528 1186 lampadem
1554 1123 1676 1173 oleo
1701 1121 2003 1191 __ociilorutn

446 1189 691 1256 tuorum,
732 1209 920 1258 nempe
961 1193 1234 1257 lacrytnis.
1266 1210 1283 1243 ι
1338 1193 1399 1244 Et
1428 1191 1615 1244 iterum
1662 1189 1846 1255 (Num.
1873 1190 2003 1256 30):

447 1283 465 1315 ι
495 1267 570 1318 Ne
601 1265 868 1333 glorieris,
895 1279 1067 1332 neque
1107 1261 1281 1316 rideas
1303 1263 1518 1333 omnino
1550 1278 1573 1333 :_
1606 1261 1670 1312 da
1701 1276 1918 1327 cperam
1951 1271 2007 1312 ut

443 1331 622 1396 lugeas
639 1335 708 1385 ob
726 1331 994 1398 peccatum
1022 1345 1187 1398 tuum,
1216 1333 1352 1385 sicut
1392 1332 1535 1400 luget
1565 1331 1609 1384 is
1659 1346 1819 1396 penes
1847 1346 2004 1399 quem
2047 1379 2049 1382 .

443 1407 635 1472 aliquis
662 1417 901 1458 mortuus
929 1413 1029 1459 est.
1054 1423 1071 1454 ι
1101 1404 1164 1456 Ει
1195 1405 1315 1456 item
1343 1401 1532 1468 (Num.
1565 1401 1655 1469 44)
1678 1417 1744 1472 :_t
1769 1401 1914 1472 (lnge
1934 1413 2010 1454 te-

442 1470 613 1542 ipsum
645 1485 701 1527 ut
725 1490 844 1529 ores
869 1486 1124 1544 perpetuo
1147 1487 1266 1528 cum
1296 1474 1574 1544 lacrymis,
1609 1482 1668 1544 ut
1689 1470 2008 1544 forte_m_ise-

444 1541 622 1599 rentur
647 1547 720 1598 tui
747 1541 913 1610 Deus,
945 1541 998 1598 et
1025 1552 1188 1599 exuat
1221 1553 1271 1597 te
1293 1543 1456 1597 veteri
1480 1543 1712 1596 homine.
1751 1561 1769 1593 ι
1813 1541 1916 1596 Sed
1943 1541 2004 1596 ὃ.

443 1615 708 1671 Benedicti
737 1625 934 1670 textum
959 1615 1337 1681 expendamus.

512 1687 755 1755 Quinque
786 1687 1113 1754 potissimum
1147 1684 1230 1737 ltic
1260 1681 1586 1755 praecipitis.
1610 1681 1790 1755 Pater.
1830 1681 2009 1755 Primo

442 1753 1217 1824 peccatorumconfessionem,
1237 1771 1351 1823 qua-
1365 1795 1380 1818 ,
1401 1764 1455 1806 ut
1479 1753 1607 1807 dicit
1621 1753 1678 1824 Si.
1707 1753 2006 1824 Bernardus

443 1823 632 1896 (Epist.
663 1828 807 1896 HS),
852 1845 870 1876 ι
901 1827 1194 1896 peccatoris
1247 1826 1508 1896 estvita,
1545 1823 1673 1891 justi
1702 1823 1904 1896 gloria,
1952 1833 2006 1879 et

442 1893 706 1966 lie-catur:
735 1893 1062 1960 necessaria,
1092 1904 1147 1949 et
1168 1895 1368 1965 justum
1404 1895 1752 1948 nihilominus
1767 1893 1942 1948 decet.
1981 1913 1998 1944 ι

511 1968 760 2022 Secundo
789 1969 895 2020 vnit
916 1967 1303 2020 confessionem
1341 1966 1481 2018 illam
1523 1973 1860 2032 peccatorum
1887 1978 2007 2020 esse

443 2040 854 2105 prasteritorum,
887 2037 1033 2103 rupit
1061 2040 1200 2091 enim
1232 2052 1336 2089 non
1361 2049 1479 2088 esse
1509 2035 1785 2102 praesentia
1822 2051 1835 2086 :
1875 2051 2005 2100 prte-

440 2119 593 2162 tertia
621 2120 796 2160 autem
821 2118 974 2162 vocat
1001 2123 1061 2161 ea
1107 2123 1226 2176 quae
1254 2110 1303 2158 in
1335 2105 1532 2158 saeculo
1551 2115 1675 2158 ante
1700 2105 2006 2176 conversio-

438 2194 562 2232 nem
594 2180 876 2232 commissa
905 2187 1030 2232 sunt
1061 2196 1074 2231 :
1113 2175 1215 2246 qua
1243 2177 1408 2230 semel
1441 2177 1597 2241 facta,
1623 2175 1822 2246 nullum
1846 2175 2007 2246 abeo

438 2251 698 2304 Committi
723 2249 904 2309 voluit,
935 2249 1084 2313 cujus
1123 2245 1358 2316 angelica
1389 2261 1606 2315 prorsus
1633 2261 1753 2298 esse
1778 2245 1884 2298 vita
1909 2245 2004 2300 de-

441 2322 662 2381 blliSScl,
697 2318 1402 2372 utobservatllildemarus.
1449 2317 1538 2368 Vel
1563 2319 1722 2370 etiam
1750 2317 1893 2383 quia,
1951 2325 2005 2370 ut

436 2390 671 2459 ioquitur
701 2389 1000 2443 Bernardus
1022 2388 1379 2451 Cassinensis,
1417 2404 1434 2436 ι
1460 2385 1603 2459 utilis
1627 2387 2005 2459 estdmemoria

441 2456 828 2528 praeteritorum
856 2469 1194 2524 peccatorum
1215 2500 1230 2523 ,
1260 2458 1378 2525 quia
1415 2472 1478 2510 ex
1527 2457 1616 2510 illa
1646 2456 1845 2528 tollitur
1873 2472 2008 2524 prte-

435 2535 692 2596 sutnptio.
721 2542 772 2583 et
805 2531 1070 2584 humilitas
1117 2537 1492 2589 conservatur,
1553 2536 1606 2580 et
1651 2527 1819 2581 virtus
1853 2528 2006 2581 bonae

437 2602 768 2670 operationis
793 2601 1100 2670 acquiritur,
1132 2601 1270 2653 sicut
1290 2615 1354 2653 ex
1375 2597 1706 2670 oppositione
1729 2597 1836 2670 limi
1867 2607 2006 2652 terra

441 2668 610 2734 magis
639 2674 950 2724 fecundatur
969 2681 1022 2722 et
1047 2669 1349 2722 fructificat.
1377 2688 1395 2720 ι
1442 2668 1638 2721 Eadem
1665 2669 2008 2724 similitudine

439 2745 606 2794 utitur
645 2741 918 2797 Candidus
961 2741 1019 2794 in
1071 2740 1187 2794 Vita
1239 2740 1418 2809 Eigilis
1466 2738 1674 2791 abbatis
1725 2737 2008 2794 Fuldensis

437 2828 495 2866 ιι.
544 2811 633 2868 26.

512 2881 724 2966 Tertio,_
739 2879 896 2962 idque
919 2879 1319 2966 cum‘lacrymis
1339 2879 1424 2966 ve!
1448 2877 1822 2966 genti-tinqusd
1843 2878 2006 2966 [zeum

440 2967 666 3006 summa:
712 2951 962 3005 bonitatis
1017 2959 1071 3005 et
1111 2947 1326 3003 infinitae
1374 2947 1667 3002 clementiae
1701 2947 2006 3014 odenderit,

434 3023 576 3091 quod
627 3022 820 3076 diaboli
867 3036 1079 3076 si-rvutn
1120 3037 1211 3087 per
1240 3028 1601 3091 peccatumse
1647 3022 2006 3088 constituerit,

433 3089 580 3160 quod
622 3104 824 3170 teterna
867 3093 987 3146 celi
1032 3092 1221 3160 gaudia
1250 3105 1344 3170 per
1394 3089 1656 3170 modicam
1713 3101 2006 3170 momenta-

2108 487 2180 539 sit
2203 487 2509 552 cootinuus,
2541 503 2671 541 sane
2701 487 3050 543 inter-rotetur
3079 490 3264 543 ltetiori
3313 492 3679 544 recordatione

2109 559 2301 610 divina:
2333 557 2689 626 benignitatis,
2723 573 2789 612 ne
2835 558 2970 612 forte
3001 575 3108 628 prin
3156 561 3369 614 tristitia
3401 560 3680 614 iuduretar

2107 643 2233 690 cor,
2299 637 2354 680 et
2390 628 2763 694 desperatione
2808 639 3008 695 pereat.
3054 630 3371 685 Misceamus
3418 632 3683 684 absinthio

2109 697 2232 760 mel,
2265 710 2321 769 nt
2349 699 2574 751 salubris
2599 699 2896 752 amaritudo
2920 702 3144 754 salutem
3175 703 3303 754 dare
3331 709 3454 754 tunc
3479 704 3676 769 possit,

2107 783 2226 822 cum
2260 768 2502 839 immixto
2533 779 2820 836 temperata
2847 771 3063 824 doleore
3089 771 3196 824 bibi
3227 768 3608 839 poteritaietc.

2179 840 2395 902 Quinto.
2419 837 2650 908 denique
2673 839 2736 892 de
2764 840 2886 909 ipsis
2918 843 3065 894 matis
3093 843 3155 893 de
3182 837 3362 894 certem
3392 843 3680 902 emendare.

2107 909 2229 978 quia
2263 928 2279 958 ι
2299 910 2415 980 ista
2439 920 2518 963 est
2545 923 2667 962 vera
2699 911 3030 978 poenitentia,
3063 913 3276 980 quando
3304 911 3384 964 sic
3412 913 3680 965 converti-

2111 989 2196 1032 tur
2223 979 2340 1047 quis
2366 990 2425 1050 ut
2451 995 2554 1032 non
2579 979 3117 1050 revertatur.quando
3139 983 3218 1036 sic
3248 983 3466 1049 poenitet
3496 992 3550 1036 ut
3578 997 3681 1035 non

2110 1059 2336 1114 repetat,
2367 1069 2389 1121 ι
2416 1049 2587 1116 inquit
2611 1051 2669 1104 S.
2701 1050 2836 1120 Aug.
2870 1049 2962 1104 seu
2991 1052 3163 1118 quivis
3189 1052 3330 1106 alios
3359 1053 3548 1121 (Serm.
3580 1054 3681 1108 117

2107 1122 2163 1172 in
2192 1120 2462 1190 append.).
2498 1121 2558 1174 Et
2583 1131 2754 1183 certe,-
2784 1133 2839 1174 ut
2865 1123 2937 1174 ait
2963 1122 3028 1176 ad
3061 1124 3201 1176 hunc
3231 1120 3404 1176 locum
3436 1126 3682 1190 Smarag-

2108 1191 2227 1254 dus,
2288 1209 2306 1240 t
2343 1191 2429 1259 qui
2465 1191 2658 1261 plangit
2691 1202 2983 1256 peccatum,
3013 1202 3065 1247 et
3095 1193 3284 1246 ito-rum
3306 1193 3534 1247 admittit
3563 1209 3681 1252 oec-

2107 1271 2307 1325 catunt,
2339 1261 2492 1329 quasi
2537 1263 2582 1315 si
2626 1266 2748 1328 quis
2798 1263 2934 1316 lavet
2983 1266 3202 1317 laterem
3251 1265 3493 1332 crudum,
3523 1281 3677 1331 quem

2108 1343 2308 1399 quanto
2349 1332 2515 1400 magis
2559 1332 2765 1394 laverit,
2799 1343 2943 1386 tanto
2988 1335 3217 1396 amplius
3265 1335 3430 1388 lutum
3487 1336 3675 1401 facit.p

2110 1403 2366 1473 apposite
2391 1402 2612 1454 omnino
2659 1401 2844 1456 Petrus
2891 1403 3041 1456 Dim.
3071 1403 3288 1467 (Opusc.
3319 1405 3406 1466 52.
3441 1422 3556 1473 cap.
3585 1405 3657 1459 2‘3

2121 1470 2234 1543 Vid.
2269 1473 2356 1526 lib.
2391 1487 2449 1538 ιι,
2475 1473 2623 1538 epist.
2659 1473 2744 1536 15,
2775 1483 2821 1526 et
2843 1473 3079 1530 S.Bern.
3117 1475 3288 1529 Serm.
3319 1474 3353 1527 5
3378 1477 3432 1528 in
3459 1470 3635 1543 Gaul.)
3662 1492 3676 1528 :

2115 1560 2134 1592 ι
2172 1542 2427 1611 Serpens,
2474 1557 2594 1596 cum
2641 1543 2820 1597 bibere
2865 1545 3216 1612 concupiscit,
3249 1555 3370 1599 ante
3414 1560 3677 1601 venenum

2109 1613 2339 1676 evomit;
2374 1613 2558 1666 hausta
2592 1628 2718 1667 vero
2749 1613 3074 1670 sufﬁcienter
3099 1630 3258 1683 aqua,
3291 1617 3356 1669 ad
3388 1616 3559 1669 locum
3585 1617 3672 1670 ubi

2110 1695 2386 1737 vmnuerat
2435 1684 2587 1744 redit,
2633 1684 2994 1754 vomitumque
3047 1687 3264 1740 resumit
3299 1703 3313 1740 :
3349 1700 3446 1741 nos
3490 1687 3676 1750 etiam,

2112 1767 2232 1807 cunt
2262 1755 2492 1808 cmlestis
2544 1754 2738 1823 eloquii
2788 1754 2980 1808 fluenta
3030 1755 3392 1810 desideramus
3440 1756 3674 1824 haurire,

2113 1839 2207 1889 per
2252 1834 2498 1877 conatum
2552 1840 2694 1892 parte
2738 1825 3091 1880 confessionis
3134 1830 3311 1880 omnia
3343 1826 3590 1881 vitiorum
3625 1839 3678 1882 et

2110 1892 2351 1961 lapsuum
2386 1910 2585 1948 venena
2615 1895 2868 1950 debemus
2911 1910 3184 1962 evomere,
3214 1903 3309 1952 sed
3338 1900 3476 1952 absit
3513 1908 3567 1952 ut
3592 1913 3680 1953 re-

2108 1974 2378 2018 vertamur
2405 1965 2469 2018 ad
2497 1967 2751 2020 vmnitum
2776 1967 2822 2019 ii

2183 2033 2441 2107 Desideria
2485 2035 2652 2088 carnis
2690 2053 2789 2090 non
2834 2034 3117 2107 per/icere]
3159 2035 3314 2091 Juxta
3361 2036 3488 2091 illttd
3530 2037 3676 2094 Petri

2106 2106 2329 2171 apostoli
2358 2122 2370 2157 :
2396 2104 2713 2178 Charissimi,
2744 2110 2947 2160 obsecro
2988 2123 3073 2160 vos
3101 2104 3344 2178 ianquam
3373 2109 3592 2162 advenas
3625 2121 3673 2163 et

2111 2178 2422 2249 peregrinos,
2449 2175 2698 2230 abstinere
2743 2195 2828 2230 vos
2861 2195 2892 2230 a
2922 2175 3210 2232 carnalibus
3253 2179 3536 2245 desideriis,
3560 2196 3680 2249 qui?

2108 2247 2327 2298 militant
2356 2247 2595 2300 adversus
2625 2249 2866 2300 animam.

2187 2314 2508 2388 Votuututem
2539 2319 2816 2388 (prapriam
2886 2317 3070 2388 odire.j
3125 2318 3377 2374 Voluntas
3434 2321 3676 2388 propria.

2109 2395 2166 2440 ut
2193 2387 2264 2439 ait
2293 2386 2633 2456 Smaragdus,
2667 2398 2720 2442 et
2765 2389 2960 2443 citatus
2986 2405 3015 2442 a
3049 2386 3314 2443 Bernardo
3361 2386 3666 2446 (ltissinensi

2108 2469 2162 2528 et
2207 2457 2431 2511 Boberio
2460 2457 2648 2512 Petrus
2677 2458 2957 2524 Diaconos,
3000 2470 3082 2514 est
3108 2476 3166 2512 ea
3199 2477 3315 2528 qua:
3362 2462 3588 2527 privata,
3622 2475 3678 2516 et

2109 2527 2448 2601 singulariter
2495 2542 2587 2582 sua
2641 2540 2740 2592 est,
2785 2546 2941 2596 quam
2990 2531 3162 2584 nullus
3213 2527 3349 2584 alius
3393 2535 3676 2601 approbat,

2111 2599 2285 2652 nullus
2307 2597 2506 2668 justam
2534 2613 2652 2653 esse
2677 2604 2983 2664 proclamat.
3013 2601 3124 2663 Vel,
3147 2597 3442 2654 secundum
3464 2603 3519 2656 S.
3547 2597 3680 2656 Βεετὲ

2110 2669 2331 2740 nardum
2363 2669 2554 2740 (Serm.
2581 2668 2813 2736 2Teutp.
2846 2669 3058 2740 Pasch.)
3084 2689 3094 2724 :
3132 2690 3150 2721 ι
3189 2671 3522 2725 Voluptatem
3549 2674 3680 2726 dico

2111 2739 2402 2806 propriam.
2428 2755 2546 2808 quas
2571 2755 2674 2793 non
2701 2751 2783 2794 est
2812 2742 3109 2794 communis
3136 2756 3256 2795 cum
3292 2743 3398 2794 Deo
3425 2755 3479 2796 et
3509 2745 3680 2797 ltomi-

2111 2810 2286 2876 nibus,
2315 2809 2408 2865 sed
2436 2821 2613 2864 nostra
2641 2821 2862 2878 tantum,
2885 2812 3095 2879 quando
3123 2811 3262 2880 quod
3295 2813 3534 2867 volumus
3565 2829 3675 2868 non

2108 2880 2174 2932 ad
2227 2882 2479 2934 honorem
2532 2881 2646 2945 Dei,
2692 2897 2796 2934 non
2851 2883 2915 2935 ad
2974 2882 3249 2936 utiliatetn
3303 2883 3544 2948 fratrum,
3580 2886 3678 2939 sed

2112 2959 2328 3023 prOpter
2347 2951 2702 3023 nosmetipsos
2720 2952 2960 3016 facimus,
2981 2967 3084 3005 non
3105 2954 3439 3007 attendentes
3462 2954 3679 3023 placere

2111 3021 2304 3095 Deoret
2334 3021 2584 3095 prodes-e
2633 3022 3038 3095 iratrjbuysed
3093 3023 3398 3095 satisfacere
3443 3021 3681 3095 propriis

2113 3092 2340 3162 motibus
2399 3092 2782 3145 auimoruntn‘
2841 3092 3144 3162 Ilnjustnodi
3203 3092 3557 3148 voluntatem'
3595 3095 3684 3150 hic

439 3159 702 3232 neamque
743 3159 1145 3232 delectationem
1198 3160 1438 3214 amiserit
1472 3198 1486 3222 ,
1537 3163 1895 3232 et_nunquam
1943 3161 2000 3214 ft-
2036 3159 2080 3222 C
2106 3160 2355 3232 jttlzemnr
2375 3162 2571 3227 odisse,
2597 3172 2646 3216 et
2672 3164 2884 3232 quidem
2910 3159 3116 3224 merito,
3144 3178 3286 3227 nam,
3313 3174 3368 3217 ut
3397 3164 3468 3217 ait
3493 3165 3550 3218 S.
3580 3165 3683 3220 Pe-

439 3229 633 3288 nienda
662 3233 921 3303 gehennae
959 3231 1204 3303 incendia
1256 3233 1560 3303 meruerit._
1586 3229 1653 3283 Et
1707 3231 1843 3303 bene
1881 3247 2000 3286 cum

443 3299 713 3375 lacrytnis,
737 3303 856 3372 quia
885 3320 904 3352 ι
929 3308 1070 3356 sicut
1099 3302 1234 3375 ignis
1261 3303 1508 3375 stipulam
1529 3299 1789 3375 depascit,
1823 3301 1894 3354 ita
1929 3303 2002 3375 la:

435 3372 638 3445 crytitte
684 3375 909 3445 sincera;
956 3373 1498 3445 quidquidsmdium
1540 3372 1628 3445 vel
1676 3382 1898 3445 apparet
1923 3372 2004 3426 vel

440 3441 544 3499 ιιοίι
576 3452 808 3513 apparet”
827 3441 1049 3497 abluunt
1070 3441 1122 3498 et
1151 3443 1356 3505 delent,
1379 3458 1398 3492 ι
1445 3450 1501 3494 ιιι
1526 3441 1658 3494 dicit
1685 3441 1740 3496 S.
1768 3441 2002 3497 JOattnes

435 3518 703 3572 Clituacus
729 3513 912 3578 (Grad.
935 3513 1011 3584 7).

512 3587 696 3652 Neque
723 3600 858 3638 vero
902 3581 980 3639 S.'
1005 3583 1321 3638 Benedictus
1360 3581 1674 3651 simpliciter
1709 3581 1842 3636 divit
1889 3599 2004 3637 cum

436 3658 675 3724 (aanimi,-
700 3673 718 3720 ;
742 3656 834 3710 sed
866 3658 1106 3724 apposite
1129 3654 1328 3706 addidit
1351 3653 1428 3706 rei
1456 3663 1637 3721 gemitu
1659 3654 1824 3724 {quia
1853 3655 2000 3706 tntilli

439 3723 566 3780 sunt
599 3742 732 3796 quos
768 3723 1117 3797 lacrymaruut
1167 3725 1334 3794 gratia
1366 3725 1502 3776 Deus
1531 3739 1632 3774 non
1667 3723 1858 3786 donat,
1915 3727 2004 3797 qui

438 3795 652 3850 interim
686 3795 1187 3850 tamen‘salubriter
1224 3809 1437 3862 gemere
1467 3803 1714 3862 possunt,
1750 3795 2003 3860 quemad-

438 3871 656 3922 modum
682 3869 740 3919 Β.
771 3867 1025 3920 Alcuinns
1053 3863 1141 3935 (In
1163 3867 1272 3929 eius
1313 3864 1449 3929 Vita,
1477 3882 1529 3916 n.
1584 3864 1647 3916 H
1675 3879 1788 3917 accc.
1819 3879 1868 3917 tv
1909 3863 2005 3916 Be-

440 3941 740 4005 ned.,part.
763 3939 824 4004 t),
857 3937 946 4006 qui
978 3954 997 3986 ι
1023 3935 1434 4006 secretissimum
1464 3938 1756 3986 orationem
1786 3951 2002 4000 semper

436 4010 494 4063 in
527 4011 613 4064 die
647 4048 662 4062 .
698 4048 710 4060 .
743 4045 757 4058 .
783 4023 902 4059 cum
950 4023 1196 4059 manuum
1228 4005 1432 4058 diutina
1472 4007 1646 4058 crucis
1688 4006 2005 4060 extensione

444 4121 461 4133 .
499 4118 514 4132 .
546 4119 560 4132 .
597 4118 610 4132 .
635 4079 814 4131 multis
839 4092 959 4148 cum
988 4076 1319 4148 gemitibus,(
1338 4091 1457 4128 nam
1488 4078 1750 4148 lacryntas
1785 4090 2005 4148 perraro

441 4150 640 4202 habere
669 4151 904 4218 poterat)
935 4144 1245 4218 fundebat.)
1277 4144 1319 4199 E
1342 4157 1524 4218 contra
1547 4160 1676 4199 vero
1697 4144 1753 4218 S.
1780 4147 2006 4200 Benedi-

438 4231 561 4273 eius
585 4219 752 4272 abbas
793 4216 1150 4282 Anianensis,
1200 4216 1267 4270 de
1313 4231 1418 4280 quo
1475 4216 1794 4284 Sutaragdus
1823 4218 2007 4269 scribit

439 4289 659 4360 (Inejus
693 4288 810 4340 Vita
834 4284 1181 4360 inﬁmi-bid.)
1210 4304 1222 4338 :
1261 4305 1277 4336 ι
1305 4287 1431 4360 Quis
1451 4286 1875 4360 unquautsolutn
1902 4287 2003 4360 nisi

437 4356 656 4416 ﬂentem
679 4358 910 4425 reperit?
939 4358 1060 4426 quis
1100 4360 1166 4410 ad
1197 4372 1317 4412 eum
1349 4357 1524 4409 subito
1567 4356 1872 4424 ingrediens
1901 4359 2005 4410 sic-

437 4448 532 4485 cas
569 4429 686 4498 ejus
716 4427 866 4499 147
897 4428 1098 4497 reperit
1143 4427 1350 4496 genas?
1393 4436 1448 4499 et
1492 4441 1863 4499 tion_prorsus
1915 4437 2005 4480 aut

437 4496 1220 4569 hinni—pros—trBiummutcmto
1241 4497 1436 4552 erectis
1467 4496 1708 4550 manibus
1739 4508 1999 4560 stantem;

437 4584 530 4626 aut
558 4588 624 4626 ne
639 4571 784 4623 sacri
817 4569 1098 4623 voluminis
1122 4569 1297 4621 nimiis
1333 4571 1763 4621 lmtneetarentur
1795 4569 2004 4622 ﬂetibus

437 4646 662 4713 paginae,
685 4641 872 4713 pugnis
897 4640 1241 4713 recipientem
1257 4640 1531 4713 lacrytuas
1562 4637 1800 4713 invenit?
1821 4637 2006 4713 [Vide

434 4708 610 4766 Vitam
661 4708 717 4768 S.
742 4708 978 4765 Filiberti
1010 4726 1063 4763 n.
1099 4711 1144 4764 '6
1173 4718 1226 4764 et
1249 4709 1335 4770 ΓΞ,
1369 4711 1426 4764 S.
1464 4708 1710 4762 Ansberti
1745 4725 1797 4760 tt.
1840 4709 1894 4773 9,
1943 4713 2000 4763 ὃ.

435 4783 715 4837 Cutltberti
741 4798 858 4848 cap.
911 4781 998 4846 16,
1039 4795 1162 4835 saec.
1196 4795 1230 4833 ιι
1263 4781 1484 4843 lteued.,
1535 4783 1591 4833 S.
1625 4779 1872 4831 Attalardi
1905 4796 2000 4831 au-

432 4865 585 4908 etore
617 4852 900 4906 l‘ascltasio
931 4868 987 4906 ιι.
1012 4851 1106 4916 25',
1147 4861 1201 4903 et
1221 4849 1368 4903 Vala:
1397 4850 1514 4920 ejus
1545 4851 1718 4902 fratris
1742 4849 1778 4902 Ι.
1815 4865 1849 4912 ι,
1881 4864 2000 4918 cap.

434 4927 524 4988 10,
555 4925 645 4978 ubi
678 4925 870 4976 sitnilia
893 4924 1214 4977 referuntur.

504 4996 725 5062 Quarto,
765 4995 812 5046 id
861 4993 976 5047 ﬁeri
1013 4993 1238 5062 quotidie
1283 4989 1354 5044 S.‘
1380 4989 1696 5062 Benedictus
1745 4989 2002 5058 praecipit,

433 5061 554 5131 quia
585 5083 604 5116 ι
641 5079 738 5117 nec
772 5068 876 5118 reis
907 5064 957 5117 in
985 5078 1201 5117 carcere
1245 5063 1493 5131 gaudent
1519 5061 1716 5131 pullum,
1743 5075 1839 5114 nec
1866 5064 2004 5114 veris

434 5128 712 5192 titonacltis
728 5135 778 5187 in
803 5145 942 5188 terra
966 5134 1144 5186 laetitia
1165 5128 1324 5186 debet
1340 5145 1461 5184 esse
1481 5130 1567 5197 (S.
1585 5128 1740 5182 Joan.
1766 5131 2002 5196 Climac.,

432 5209 584 5281 grttd.
615 5207 726 5273 7)..
767 5205 819 5281 lu
851 5204 946 5281 his
964 5214 1139 5257 tamen
1177 5203 1358 5281 aliqua
1399 5202 1720 5281 discretione
1751 5203 2002 5281 utendum

419 5271 514 5331 {est
537 5297 550 5331 :
577 5271 713 5330 unde
735 5274 860 5328 suos
880 5276 1154 5342 alloquens
1175 5273 1232 5326 S.
1250 5271 1552 5324 Bernartius
1578 5271 1786 5324 dicebat
1808 5271 2000 5340 (Serm.

434 5351 496 5403 Η
532 5350 584 5401 in
614 5346 787 5412 Cum.)
815 5363 828 5399 :
861 5362 880 5395 ‹
913 5346 1123 5398 Suadeo
1173 5345 1322 5395 vobis
1342 5342 1528 5394 amicis
1561 5343 1694 5394 meis
1728 5342 2004 5395 rellectere

431 5422 697 5473 interdum
759 5415 945 5483 pedem
985 5431 1015 5467 a
1061 5414 1281 5468 molesta
1329 5423 1383 5465 et
1423 5413 1585 5483 anxia
1632 5413 2003 5465 recordatione

431 5495 636 5542 viarum
683 5481 1014 5550 vectrarum,
1061 5494 1117 5538 et
1159 5483 1386 5538 evadere
1429 5481 1481 5534 iu
1529 5481 1718 5534 itinera
1765 5483 2000 5548 planiora

427 5558 717 5611 sereniOris
742 5557 1010 5610 memoriae
1039 5555 1416 5608 beneﬁciorum
1443 5552 1554 5615 Dei,
1585 5563 1641 5604 ut
1668 5552 1829 5621 quiin
1855 5552 2004 5606 vobis

432 5627 857 5691 -oniundiunni,
905 5623 1072 5692 ipsius
1132 5624 1322 5677 intuitu
1377 5620 1696 5688 te~pi,t_etis.'
1739 5620 2005 5692 Volorvus

433 5698 661 5758 experiri
692 5697 816 5749 illud
856 5691 996 5765 quod
1039 5700 1295 5765 prdptteta
1337 5700 1581 5765 consulit
1611 5693 1794 5765 dicens
1820 5709 1831 5742 :
1859 5691 2008 5765 Dete-

432 5779 570 5816 czure
598 5767 649 5816 in
682 5763 915 5829 Domino,
939 5775 987 5816 et
1029 5764 1168 5816 dabit
1202 5764 1286 5815 tibi
1319 5763 1589 5830 petitiones
1621 5763 1787 5814 cordis
1820 5765 1909 5816 tui.
1947 5764 2004 5814 lit

2033 4539 2085 4598 D

2113 3244 2224 3306 trus
2248 3231 2487 3306 Datniani
2513 3247 2606 3306 seu
2633 3231 2804 3302 quivis
2833 3236 2976 3306 alius
3002 3232 3290 3306 (Serunde
3319 3235 3380 3289 S.
3415 3234 3635 3306 Bened.)
3663 3253 3678 3289 :

2114 3319 2133 3352 ι
2166 3303 2373 3355 Nullum
2402 3303 2702 3373 aliudonus
2731 3312 2812 3359 est
2835 3305 3048 3372 gravius
3078 3304 3298 3368 homini,
3332 3321 3486 3373 quam
3515 3303 3683 3360 homo

2109 3373 2222 3440 ipse
2263 3388 2277 3426 :
2321 3375 2440 3442 quis
2480 3372 2624 3427 enim
2683 3383 2939 3443 tyrannus
2991 3374 3284 3435 crudelior.
3317 3372 3435 3441 qua:
3481 3378 3682 3430 saavior

2107 3452 2340 3517 potesms
2364 3443 2755 3517 ltomini,quam
2780 3445 3008 3499 hominis
3029 3445 3192 3514 ipsius
3219 3445 3374 3517 148
3398 3447 3684 3502 voluntas?

2078 3515 2080 3518 ’
2108 3515 2382 3582 Nunquam
2412 3515 2478 3597 ab
2506 3531 2565 3568 ea
2601 3515 3254 3597 requiesc_ere._nunquam
3289 3515 3490 3597 sedere
3518 3518 3678 3597 licet;

2109 3594 2162 3638 et
2184 3600 2289 3652 quo
2314 3585 2539 3653 amplius
2557 3596 2606 3638 te
2627 3585 2690 3638 ad
2715 3585 3066 3640 obediendum
3088 3585 3188 3640 sibi
3215 3587 3424 3641 noverit
3445 3588 3679 3656 fatigari,

2108 3669 2174 3707 eo
2199 3658 2364 3722 magis
2389 3666 2559 3720 urget,
2584 3657 2815 3724 instigat,
2841 3668 2894 3710 et
2918 3667 3122 3716 oin-rat,
3142 3659 3350 3725 pietatis
3371 3659 3680 3725 immemor,

2109 3725 2525 3798 misericordiam
2573 3729 2850 3779 nesciens:
2879 3726 2978 3798 live
3019 3729 3159 3780 enim
3203 3728 3470 3798 propriqu
3507 3729 3676 3783 habet

2109 3797 2320 3863 prepria
2354 3802 2613 3857 votuutas,
2651 3808 2704 3847 ιιι
2735 3811 2840 3865 quo
2865 3797 3122 3851 obediens
3157 3797 3489 3852 obedientior
3518 3801 3683 3853 tuerit

2107 3867 2309 3927 sibi,eo
2329 3867 2553 3935 amplius
2573 3880 2692 3919 eum
2716 3867 3097 3921 crudelioribtts
3128 3869 3350 3923 vinculis
3379 3869 3642 3924 innectat.
3660 3889 3681 3921 ι

2107 3935 2289 4005 Neque
2318 3935 2401 3990 ltic
2430 3937 2598 3990 solum
2627 3938 2870 4002 przcseuti
2901 3939 2999 3992 Itoc
3023 3939 3074 3991 in
3105 3939 3296 3992 saeculo
3325 3954 3472 3992 suam
3498 3940 3548 3992 in
3583 3957 3685 3994 ιιιιε

2111 4006 2444 4078 tyrannidem
2477 4015 2697 4061 exercet.
2727 4022 2935 4078 prepr:a
2967 4009 3230 4074 voluntas,
3251 4011 3343 4064 sed
3373 4010 3539 4064 multo
3566 4027 3689 4063 am-

2107 4078 2244 4146 ptius
2269 4077 2319 4130 iu
2349 4078 2544 4140 futuro,
2564 4086 2620 4128 ut
2647 4088 2764 4142 pote
2787 4077 2903 4144 quae
2921 4087 3170 4133 asternam
3199 4081 3351 4133 nob:s
3375 4081 3688 4134 damnatio-

2108 4161 2228 4202 nem
2284 4148 2521 4218 acquirat
2557 4164 2570 4200 :
2602 4152 2740 4201 note
2793 4149 2850 4203 S.
2906 4148 3202 4203 Bernardus
3251 4150 3442 4218 (Serm.
3494 4151 3557 4205 il
3620 4153 3690 4205 de

2106 4218 2317 4291 dirers.)
2349 4236 2362 4270 :
2392 4236 2410 4268 t
2461 4216 2756 4291 caveamus
2787 4235 2814 4270 ιι
2848 4218 3056 4291 propria
3105 4216 3375 4274 voluntate
3424 4228 3688 4291 tanquam

2107 4301 2136 4361 a
2163 4290 2344 4355 vipera
2375 4289 2608 4361 pessima
2647 4300 2702 4361 et
2745 4290 3092 4358 nequissima,
3123 4305 3242 4359 quae
3286 4293 3397 4344 sola
3425 4289 3690 4361 deinceps

2107 4360 2359 4428 damnare
2407 4358 2575 4426 possit
2604 4360 2809 4413 animas
2856 4369 3098 4426 nostras;
3122 4358 3153 4412 ιθ
3175 4371 3228 4414 et
3258 4361 3382 4415 aEibi
3415 4358 3691 4428 (Serum?

2111 4427 2281 4498 Temp.
2315 4427 2530 4494 Pasch.)
2555 4447 2569 4481 :
2592 4429 2775 4483 Cesset
2807 4431 3013 4498 proiiria
3045 4432 3312 4496 voluntas,
3344 4440 3399 4486 et
3425 4427 3693 4487 infernus

2110 4514 2213 4571 non
2241 4499 2358 4552 erit.
2378 4519 2395 4550 ι
2434 4500 2498 4553 Ει
2526 4501 2999 4571 τιριιιιειιε-ἰιιιιιιιῐι
3027 4500 3183 4571 (Coll.
3207 4503 3300 4562 ‘24.
3323 4518 3369 4556 c.
3398 4501 3492 4571 23)
3515 4506 3694 4557 abbas

2110 4570 2374 4623 Abraham
2419 4587 2432 4621 :
2484 4589 2502 4622 ι
2554 4570 2788 4623 Perditio
2832 4582 3009 4624 nostra
3073 4579 3154 4626 est
3205 4570 3492 4626 oblectatio
3559 4577 3694 4626 vitae

2109 4642 2406 4708 pris-sentis,
2431 4653 2506 4706 et,
2530 4651 2589 4694 ut
2617 4641 2923 4706 expressius
2950 4641 3142 4709 dicam,
3169 4648 3438 4698 ess-ecutio
3464 4645 3696 4698 deside-

2107 4712 2304 4765 riorum
2339 4711 2771 4780 voluntatumque
2803 4721 3122 4765 nostrarum.
3148 4733 3166 4764 ι
3503 4751 3507 4755 -

2115 4803 2129 4852 '_
2184 4781 2456 4851 l’rwceptis
2472 4783 2698 4852 _abbatis
2735 4783 2787 4832 in
2817 4782 3046 4834 omnibus
3089 4783 3334 4852 obedire]
3361 4782 3516 4836 Juxta
3551 4787 3693 4840 illud

2107 4849 2396 4925 Scriptura:
2423 4849 2656 4925 :_Facies_
2684 4852 3021 4925 quodcunque
3057 4855 3294 4916 dixerint,
3322 4849 3408 4923 qui
3455 4869 3698 4925 ρηεδωιε

2107 4923 2218 4997 loco
2239 4938 2382 4991 quem
2402 4923 2456 4997 cf
2480 4926 2605 4992 gerit
2632 4922 2897 4997 Dominus,
2919 4933 2964 4976 et
2988 4922 3250 4976 docuerint
3273 4935 3319 4977 te
3338 4922 3490 4997 juxta
3520 4926 3697 4997 lrgcm

2107 4996 2237 5058 ejus,
2261 4995 2579 5062 sequerisque
2617 4993 2916 5045 sententiam
2947 5009 3140 5051 eorum.
3175 5010 3264 5046 ntc
3305 4993 3593 5050 declinabii
3624 5001 3700 5053 ad

2109 5069 2367 5117 dexteram
2406 5071 2563 5130 ireque
2603 5065 2671 5114 ad
2715 5065 3123 5133 sinistram;qui
3171 5076 3338 5117 autem
3379 5069 3702 5129 euperbierit

2109 5135 2284 5186 nolens
2325 5135 2522 5205 obedire
2567 5133 2840 5186 sacerdotis
2879 5139 3112 5202 imperio,
3144 5136 3230 5202 qui
3259 5151 3317 5187 eo
3345 5144 3570 5205 tempore
3593 5141 3700 5192 mi.

2108 5207 2286 5256 nistrat
2320 5203 2539 5257 Domino
2590 5206 2694 5256 Deo
2741 5216 2848 5267 tuo,
2879 5214 2924 5256 et
2970 5205 3402 5273 decremjudicis.
3439 5203 3702 5263 morietur

2107 5277 2257 5346 {torno
2299 5274 2406 5338 ille,
2436 5286 2481 5328 et
2507 5278 2706 5343 auferre
2733 5276 2924 5327 malum
2961 5291 3023 5326 ex
3060 5274 3226 5327 Israel
3258 5275 3494 5346 (Denter.
3527 5287 3697 5343 xvii).

2109 5344 2172 5397 Et
2231 5359 2384 5404 sane.
2425 5346 2869 5413 quetnadlttodunt
2927 5344 3275 5399 ratiocinatur‘
3341 5345 3400 5400 S.
3457 5346 3703 5403 Basilius

2111 5413 2417 5484 (Constitui.
2448 5427 2668 5468 manust.
2702 5432 2748 5467 ε.
2781 5415 2888 5484 '20)
2925 5432 2937 5466 :
2967 5433 2986 5466 ι
3022 5416 3077 5468 Si
3110 5419 3196 5483 qtti
3226 5417 3412 5470 artiiici
3453 5419 3700 5482 cuipiam

2111 5487 2384 5537 manuario
2405 5501 2468 5538 ex
2493 5486 2598 5539 illis
2643 5485 2734 5554 qui
2755 5487 2818 5556 ad
2846 5497 3158 5556 praesentem
3191 5487 3352 5539 vitam
3382 5487 3534 5541 nobis
3571 5495 3701 5545 n~tti

2110 5565 2253 5618 sunt,
2290 5558 2520 5621 seipsutu
2571 5571 2744 5608 cntutu
2769 5555 2858 5620 si',
2889 5558 3136 5610 omnibus
3168 5557 3340 5612 modis
3367 5558 3442 5611 illi
3470 5559 3704 5613 obtem-

2114 5639 2282 5692 ναι-ιιι,
2309 5641 2408 5700 nec
2430 5626 2604 5700 aliqua
2633 5627 2681 5678 in
2714 5641 2771 5679 re
2801 5628 2956 5700 jussis
2973 5627 3124 5700 illius
3152 5629 3488 5691 contradicit,
3515 5647 3704 5700 neque

2115 5700 2194 5747 vel
2228 5695 2434 5746 modice
2467 5698 2612 5746 illum
2645 5698 2865 5757 deserit,
2894 5697 2987 5748 sed
3019 5711 3304 5765 perpetuus
3329 5701 3484 5752 estin
3515 5695 3702 5756 uetitis

2117 5765 2479 5833 pra-reptot'is,
2507 5777 2557 5816 tt
2582 5767 2755 5818 (‘iiitllll
2783 5781 2842 5817 ac
2871 5780 3048 5834 potum
3075 5773 3442 5839 reliquamque
3467 5771 3702 5827 domum
