3952 6182
165 421 272 478 333

170 604 588 677 praescriptum;
620 614 817 673 quanto
842 605 1010 675 magis
1036 606 1126 669 qui
1153 604 1219 658 ad
1246 604 1457 677 pietatis
1474 604 1756 677 .etusancti-

173 674 377 730 inonite
423 675 761 745 disciplinam
807 674 1122 730 accedentes
1153 676 1320 729 semel
1366 674 1468 730 hoc
1496 674 1599 728 sibi
1628 676 1757 739 ipsis

173 756 584 817 persuaserunt,
612 747 752 814 quod
800 746 939 817 apud
986 746 1143 800 istum
1187 756 1568 814 praeceptorem
1602 747 1758 797 talem

176 819 466 873 scientiam
491 816 1023 885 acquirere-valeant,
1042 831 1254 871 omnem
1282 816 1760 880 obtemperantium

178 898 231 942 et
258 888 657 943 exactissimam
685 888 1040 942 oin-dentiam
1072 888 1371 954 prtepositis
1399 887 1510 940 suis
1536 886 1760 940 exhibe-

176 958 345 1024 bunt,
389 968 447 1014 et
492 976 596 1012 non
644 959 859 1023 exigent
907 968 1292 1027 praeceptorum
1340 961 1635 1021 rationein,
1669 958 1761 1008 sed

177 1044 309 1099 Opus
344 1030 556 1084 illorum
588 1030 881 1098 perlicient,
913 1030 1010 1082 ni~i
1042 1028 1177 1082 forte
1200 1038 1455 1098 quantum
1486 1043 1581 1082 eos
1608 1028 1764 1095 quiil-

180 1101 302 1170 quid
363 1101 431 1153 ad
489 1102 712 1155 salutem
767 1100 1032 1155 conducat
1083 1100 1363 1169 ignorant,
1425 1099 1650 1153 honesta
1706 1110 1761 1152 et

182 1169 510 1240 competenti
566 1173 861 1227 reverentia
932 1173 1260 1240 interrogare
1315 1179 1370 1225 et
1420 1170 1609 1224 instrui
1666 1169 1763 1223 de-

181 1243 293 1297 cet!
320 1262 343 1294 ι

252 1312 412 1379 Quod
441 1322 617 1367 autem
646 1313 705 1367 8.
738 1310 1057 1366 Benedictus
1086 1311 1158 1365 ait
1182 1310 1237 1364 in
1267 1309 1499 1365 omnibus
1538 1310 1762 1376 obedire,

184 1393 343 1437 caute
371 1393 456 1438 est
481 1383 904 1452 intelligendum.
929 1382 1059 1436 Nam
1093 1384 1286 1451 primo.
1313 1381 1486 1449 quoad
1520 1391 1764 1449 peccata,

189 1456 335 1508 nulla
369 1456 596 1509 debetur
629 1452 862 1523 prtelatis
889 1468 950 1509 ea
983 1453 1412 1523 pratcipientibns
1436 1453 1763 1514 oheilientia,

189 1534 247 1579 ut
267 1526 475 1579 docent
502 1525 641 1580 inter
668 1525 803 1578 alios
832 1523 890 1579 S.
924 1523 1150 1578 Basilius
1175 1523 1228 1577 itt
1261 1524 1479 1591 Regillis
1510 1523 1656 1578 brev.
1689 1526 1768 1576 in-

192 1606 319 1649 terr.
373 1596 496 1661 Hb,
548 1596 607 1649 8.
655 1594 956 1650 Bernardus
1007 1594 1182 1651 Serm.
1238 1595 1298 1649 4|
1343 1596 1409 1649 de
1440 1593 1666 1647 diversis
1714 1605 1769 1649 et

193 1668 418 1732 epistola
443 1668 497 1727 7,
524 1667 712 1722 Petrus
742 1667 1006 1721 Blesensis
1033 1667 1188 1735 epist.
1219 1665 1341 1729 151,
1366 1674 1419 1719 et
1447 1664 1505 1720 S.
1530 1664 1766 1719 Theresa

195 1737 246 1791 in
271 1736 696 1791 FundatiOnibus
720 1751 934 1791 suorum
966 1737 1402 1791 monasteriorum
1425 1750 1543 1805 cap.
1570 1737 1659 1789 17.

263 1808 535 1871 Secundo,
583 1824 680 1862 nec
728 1816 903 1876 potest
946 1808 1110 1863 abbas
1156 1806 1430 1861 monachis
1477 1805 1764 1875 quidquam

197 1880 336 1945 quod
368 1894 477 1932 non
505 1879 573 1932 sit
601 1879 651 1932 in
683 1878 905 1949 Regula,
929 1889 1021 1932 ant
1044 1879 1232 1933 saltem
1263 1877 1552 1949 secundum
1585 1876 1762 1945 Regu-

203 1949 302 2003 lam
333 1950 626 2017 imperare,
655 1964 751 2004 nec
774 1948 828 2002 ci
858 1963 923 2002 eo
963 1963 1089 2003 casu
1135 1959 1380 2004 tenentur
1426 1948 1616 2002 fratres
1644 1949 1773 2002 obe-

199 2020 331 2075 dire.
369 2022 445 2073 tta
474 2020 635 2073 doci-t
675 2021 860 2075 Petrus
903 2018 1229 2074 Venerabilis
1256 2020 1320 2072 ad
1350 2020 1406 2073 8.
1439 2018 1769 2073 Bernardum

202 2090 445 2146 scribens
495 2091 550 2144 in
594 2089 709 2144 hate
748 2091 909 2143 verba
955 2088 1092 2159 (Lib.
1134 2106 1169 2155 t,
1200 2106 1278 2157 ep.
1306 2090 1398 2150 28,
1428 2089 1520 2142 sub
1550 2090 1725 2154 ﬁnem)
1753 2106 1768 2146 :

208 2179 227 2212 ι
258 2162 411 2216 Sicut
440 2175 537 2216 eos
566 2164 677 2230 qui,
706 2161 1090 2215 oblectamenta
1124 2161 1301 2215 ntttndi
1344 2161 1624 2230 lugentes,
1656 2161 1774 2223 eius

203 2246 390 2300 aSpera
441 2231 513 2287 ob
564 2235 734 2300 majus
783 2231 1028 2286 meritum
1079 2231 1310 2286 discreto
1357 2231 1769 2299 amplectuntur,

203 2317 421 2357 omnino
470 2303 669 2358 scimus
712 2317 832 2358 esse
876 2302 1197 2368 laudandos;
1242 2304 1321 2357 sic
1350 2302 1468 2357 illos
1520 2302 1610 2371 qui
1638 2302 1775 2357 alios

204 2375 266 2426 ad
296 2375 348 2428 id
380 2376 524 2442 quod
558 2389 662 2427 non
705 2383 1119 2441 proposuerunt,
1150 2386 1205 2427 et
1231 2375 1371 2443 quod
1401 2388 1502 2426 non
1533 2372 1771 2441 expedit,

205 2445 473 2515 violenter
515 2460 705 2515 cogere
748 2446 952 2505 volunt,
981 2444 1210 2498 dicimus
1244 2460 1359 2515 _non
1387 2457 1509 2499 esse
1530 2514 1533 2515 ν
1556 2458 1775 2515 prorsus

254 2514 365 2587 ω
412 2513 724 2587 audiendos.
748 2533 799 2587 i_
825 2516 902 2587 Et
929 2514 999 2587 8.
1027 2513 1325 2587 Bernartius
1352 2517 1415 2587 in
1453 2514 1677 2587 epistola
1708 2514 1772 2587 ad

246 2584 478 2641 iunonem
507 2586 751 2640 abbatem
779 2585 835 2641 8.
860 2585 1056 2640 Nicolai
1080 2586 1270 2655 (Epist.
1301 2584 1393 2654 84)
1420 2602 1431 2637 :
1463 2603 1481 2636 ι
1515 2585 1777 2639 lnvitandi

206 2667 327 2710 sunt
352 2658 417 2711 ad
446 2658 730 2711 arctinrem
761 2658 942 2722 vitam,
978 2672 1081 2711 non
1110 2656 1354 2726 cogendi,
1379 2656 1570 2727 quibus
1597 2658 1777 2725 utique

207 2729 374 2782 semel
416 2729 470 2781 in
514 2728 701 2781 ordine
746 2727 1079 2782 Cluniacensi
1121 2742 1353 2797 praeesse
1395 2729 1770 2781 «cnscnsisti.»

208 2796 488 2853 Rationem
538 2798 663 2851 alibi
715 2797 850 2853 hanc
895 2799 1070 2853 reddit
1096 2798 1153 2853 8.
1182 2799 1370 2853 doctor
1407 2797 1509 2867 (De
1537 2796 1705 2853 Prae.
1732 2807 1779 2850 et

206 2870 339 2939 disp.
371 2886 418 2923 c.
448 2869 505 2939 ι)
533 2887 547 2921 :
578 2888 595 2920 ‹
619 2868 732 2923 Νοη
763 2884 945 2939 parum
976 2869 1173 2939 prmlati
1206 2869 1568 2938 praescribitur
1590 2870 1777 2923 volun-

211 2942 320 3003 tati,
350 2940 495 3010 quod
523 2940 570 2994 is
594 2940 680 3009 qui
704 2940 1003 3009 prolitetor,
1031 2941 1257 3007 spondet
1279 2940 1493 3011 quidem
1516 2940 1777 3011 obedien-

211 3011 361 3078 tiam,
392 3027 500 3067 non
532 3024 706 3065 tamen
755 3011 1140 3078 omnimodam,
1165 3012 1257 3066 sed
1293 3010 1656 3075 determinate
1696 3025 1784 3067 se-

210 3085 440 3136 cundum
473 3082 750 3150 ltegulam,
779 3097 877 3137 nec
919 3082 1075 3136 aliam
1117 3098 1276 3153 quam
1307 3082 1367 3138 S.
1400 3082 1633 3137 Benedic
1658 3083 1694 3147 i,
1724 3091 1783 3137 ut

210 3161 456 3221 oporteat
483 3167 603 3207 eum
633 3153 722 3222 qui
730 3161 945 3276 (pra-est
987 3168 1090 3207 non
1135 3156 1281 3208 frena
1312 3167 1425 3209 suae
1464 3153 1644 3208 laxare
1680 3168 1780 3207 vo-

214 3224 398 3276 luntati
429 3239 590 3276 super
629 3222 726 3276 sub
768 3225 889 3276 itos.
922 3225 1014 3276 sed
1045 3224 1317 3276 praeﬁxam
1357 3239 1422 3276 ex
1456 3223 1655 3276 Reaula
1682 3224 1780 3276 sibi

214 3224 398 3277 luntati
429 3239 590 3292 super
629 3222 889 3295 subditos,
922 3225 1014 3277 sed
1045 3224 1317 3292 pra-lixam
1357 3239 1422 3279 ex
1446 3223 1655 3295 Regula
1682 3224 1781 3278 sibi

1241 418 1517 477 REGULA
1557 416 2045 475 COMMENTATA.
2086 416 2242 471 CAP.
2285 415 2371 470 ιν.

168 551 277 590 non
327 533 487 613 aliter
539 541 849 600 exspectat,
897 547 1054 613 quam
1097 533 1245 613 juxta
1283 533 1438 613 illius
1479 532 1753 613 definitum
1787 534 1837 593 Α

1802 1921 1850 1980 Β

3337 421 3441 475 ππι

1936 529 2054 583 Non
2081 530 2206 583 velle
2241 529 2345 584 dici
2372 540 2602 585 snnrtum
2631 541 2896 597 antequam
2922 535 3008 595 sit,
3046 536 3133 585 sed
3164 533 3305 599 prius
3334 553 3442 590 esse

1865 600 1999 669 quod
2046 602 2212 654 verius
2261 600 2507 672 dicatnr.]
2563 602 2911 657 Sanctitatetn
2979 618 3261 672 appe'cre,
3303 609 3441 662 bona

1864 686 2028 736 opera
2054 686 2315 727 exercere
2343 688 2530 728 omnes
2557 674 2815 728 debemus
2834 713 2847 735 ,
2877 688 2997 727 cum
3028 674 3077 727 id
3108 689 3233 731 ante
3263 679 3440 732 omnia

1869 745 2006 795 Iteus
2051 743 2269 809 jusserit
2310 758 2324 796 :
2367 743 2546 798 Sancti
2590 753 2768 808 estote,
2813 746 3055 813 quoniam
3103 762 3195 815 ego
3237 765 3443 802 sanans

1866 829 2012 878 ειηης
2041 824 2093 866 at
2119 828 2248 867 vero
2274 815 2409 869 velle
2435 814 2541 869 dici
2582 827 2826 869 sanctum
2862 830 2964 869 non
2995 814 3441 875 est'Christtano-

1868 885 2223 957 rnm,_multo
2263 885 2434 939 minus
2480 885 2888 957 monachorum,
2936 886 3029 957 sed
3077 902 3439 957 paganorum;

1869 954 1969 1009 nisi
2018 955 2155 1009 forte
2199 955 2449 1010 fraterna:
2494 957 2771 1010 charitatis
2818 956 3011 1011 intuitu
3053 954 3118 1010 ε’(
3161 970 3243 1013 est
3296 965 3438 1015 enim

1868 1041 1997 1098 cum
2012 1025 2209 1098 utiliter
2231 1027 2489 1081 humanas
2511 1026 2691 1081 laudes
2721 1026 3025 1098 recipimus,
3045 1028 3216 1098 inquit
3236 1031 3293 1086 S.
3322 1035 3446 1086 lier-

1869 1097 2068 1151 nardns
2106 1096 2310 1167 (Serm.
2362 1099 2432 1154 85
2479 1100 2541 1151 de
2592 1095 2843 1167 direre),
2891 1095 3138 1153 fraterna;-
3187 1102 3446 1157 duntaxat

1867 1166 2145 1222 charttatis
2190 1167 2408 1241 intuitu,
2438 1178 2491 1223 et
2533 1169 2598 1241 ad
2650 1166 2897 1241 salutem
2925 1184 3112 1224 eorum
3164 1172 3255 1241 qui
3289 1175 3443 1228 nobis

1872 1249 2147 1312 propterea
2181 1239 2387 1312 facilius
2415 1240 2819 1312 arquicscnntg
2852 1239 2995 1312 sicut
3037 1239 3438 1312 (fecit‘Apostn-

1871 1310 1976 1369 lus.
2004 1310 2092 1379 qui
2135 1309 2538 1378 prmilicationes
2564 1319 2618 1364 et
2646 1309 3000 1365 revelationes
3033 1311 3149 1381 ipse
3190 1309 3446 1376 ιιι-ςὶιιΙη-ει-

1871 1390 1948 1452 _vtt
1976 1398 1988 1433 :
2012 1390 2064 1433 at
2084 1396 2211 1434 vero
2228 1394 2374 1434 estra
2414 1383 2569 1452 150
2595 1396 2789 1452 causas
2812 1381 3132 1448 huju5niodi,
3150 1384 3237 1451 qui
3264 1384 3447 1440 laudes

1872 1448 2131 1505 humanas
2151 1451 2353 1518 appetit
2372 1448 2560 1507 similis
2584 1462 2667 1507 est
2691 1451 2831 1505 nudo
2850 1452 3080 1518 cuidam,
3105 1448 3192 1521 qui
3218 1455 3445 1511 lacerant

1870 1532 1924 1575 et
1952 1525 2183 1593 attritatn
2211 1533 2410 1577 vtstem
2436 1531 2528 1577 aut
2552 1524 2773 1593 quodvis
2794 1522 2936 1575 aliud
2970 1528 3181 1579 tandem
3210 1528 3448 1582 invenire

1870 1592 2037 1667 cupit,
2066 1608 2172 1667 quo
2216 1593 2509 1649 nuditatem
2554 1592 2610 1650 et
2642 1593 2988 1664 ignominiam
3031 1604 3300 1667 contegat,
3334 1598 3450 1653 inflt

1870 1665 1927 1717 8.
1960 1664 2272 1718 Dorotheus.

1944 1734 2093 1807 Quod
2117 1750 2244 1789 vero
2256 1734 2489 1807 additur,
2504 1736 2592 1791 sed
2613 1737 2750 1802 prius
2770 1751 2877 1789 esse
2891 1736 3030 1806 quod
3045 1738 3210 1792 verius
3224 1738 3444 1807 dicatur,

1873 1820 1978 1858 non
2007 1804 2085 1861 sic
2110 1805 2424 1874 capiendum
2452 1816 2555 1871 est,
2585 1807 2734 1876 quasi
2763 1814 2883 1875 post
2905 1804 3221 1872 acquisitam
3252 1804 3449 1867 sancti.

1875 1882 2041 1930 tatem
2090 1887 2344 1945 appetere
2386 1877 2567 1933 laudes
2619 1879 2877 1933 humanas
2904 1876 3108 1935 licitum
3138 1892 3314 1946 es~et;
3351 1887 3443 1937 sed

1878 1962 1975 2019 nos
2002 1946 2168 2002 voluit
2196 1950 2341 2017 prius
2367 1962 2487 2004 esse
2510 1960 2743 2013 sanctos,
2778 1958 2835 2001 ut
2862 1950 2906 2005 si
2936 1949 3148 2019 quando
3177 1952 3257 2006 vel
3291 1953 3442 2009 inviti

1874 2018 2011 2073 tales
2053 2018 2422 2087 praedicemur,
2455 2034 2641 2074 verum
2674 2028 2799 2073 tunc
2824 2018 3053 2075 dicatur.

1947 2088 2227 2164 Pra'cepta_
2246 2089 2346 2164 Dei
2365 2090 2515 2164 [actis
2538 2090 2779 2164 quotidie
2803 2088 3158 2164 _adiinptere.]
3188 2092 3323 2160 Quid
3356 2109 3453 2162 per

1879 2169 2146 2231 praecepta
2197 2160 2293 2215 Dei
2337 2161 2428 2232 hic,
2464 2161 2755 2216 debeamus
2802 2160 3453 2232 intelligere{eleganter

1876 2234 2109 2301 explicat
2157 2232 2344 2287 Petrus
2391 2231 2721 2286 Venerabilis
2768 2232 2833 2285 ad
2884 2233 2940 2286 8.
2994 2231 3323 2289 Bernarduin
3373 2237 3453 2292 sit:

1878 2305 2121 2358 scribens
2151 2301 2304 2373 (Lib.
2335 2318 2386 2369 ι,
2413 2303 2562 2373 epist.
2585 2302 2693 2371 '28)
2722 2320 2736 2357 :
2771 2320 2789 2353 ι
2822 2303 3003 2357 Divina
3037 2306 3282 2360 mandata
3313 2307 3451 2362 dici-

1878 2389 1996 2429 mus
2026 2390 2132 2427 non
2163 2374 2334 2427 solum
2364 2388 2430 2428 ea
2461 2388 2579 2442 qu
2611 2389 2706 2441 per
2734 2374 2963 2442 seipsatn
3009 2374 3063 2429 in
3106 2390 3270 2430 carne
3314 2377 3455 2431 Divi-

1878 2449 2018 2501 nitas
2045 2458 2310 2517 apparens
2338 2444 2644 2517 hominibus
2678 2443 2929 2517 trad.dit_,
2970 2455 3062 2499 aut
3105 2461 3169 2501 ea
3206 2464 3324 2515 quia
3358 2464 3458 2517 per

1879 2516 2147 2586 apostolos
2175 2516 2347 2570 teneri
2376 2515 2649 2569 constituit
2668 2554 2683 2578 ,
2712 2530 2824 2569 s:vc
2855 2515 2943 2569 illa
2973 2532 3091 2585 quae
3122 2524 3246 2573 ante
3273 2515 3455 2575 susce-

1878 2598 2022 2658 ptam
2052 2600 2267 2658 carnem
2298 2601 2391 2658 per
2425 2586 2749 2653 patriarchas
2787 2586 2868 2640 vel
2904 2586 3191 2658 prophetas
3231 2590 3451 2643 manda-

1880 2656 1990 2722 vit;
2019 2657 2112 2711 sed
2139 2658 2297 2711 etiam
2328 2656 2415 2710 illa
2441 2672 2559 2726 qua:
2586 2666 2704 2728 post
2728 2656 3121 2726 apostolos'viri
3146 2662 3454 2728 apostolici,

1883 2728 2173 2799 apostolica
2205 2728 2426 2798 vestigia
2468 2727 2675 2793 secuti,
2719 2728 2959 2799 unanimi
2998 2729 3294 2799 (multorum
3325 2727 3457 2785 con-

1881 2798 2043 2855 sensu
2071 2798 2271 2870 servari
2304 2807 2717 2870 praeceperunt:
2754 2798 2897 2870 idem
2922 2798 3065 2854 enim
3094 2800 3303 2857 dminus
3332 2803 3455 2870 Spi-

1881 2870 2055 2931 ritus.
2100 2868 2191 2938 qui
2235 2868 2730 2939 priorum’Patrum
2774 2869 3025 2925 cordibus
3067 2886 3127 2925 se
3170 2868 3461 2928 infundens

1885 2947 2132 2996 humana:
2161 2939 2318 2994 saluti
2347 2944 2692 3013 congruentia
2712 2956 2819 3013 per
2842 2941 3113 3013 eosdedit
3155 2957 3418 3013 praecepta
3442 2985 3457 3006 ,

1885 3026 1981 3082 per
2006 3012 2104 3067 hos
2129 3025 2342 3081 quoque
2361 3051 2376 3075 ,
2404 3011 2854 3080 qurreccntiores
2878 3011 3145 3079 videntur,
3185 3011 3460 3070 hominum

1884 3083 2112 3138 salutem
2144 3082 2352 3150 operari
2383 3084 2619 3136 salubria
2646 3084 2879 3148 jubendo
2909 3098 3014 3136 non
3043 3083 3268 3138 destitit.
3296 3104 3315 3137 ι

1958 3153 2255 3208 Castitatem
2292 3150 2527 3224 πωπω]
2559 3152 2791 3224 Propter
2824 3169 3090 3209 summam
3130 3157 3247 3224 ejus
3286 3159 3465 3211 cxcel-

1888 3224 2103 3279 lentiam
2126 3266 2141 3289 ,
2173 3239 2291 3291 qua:
2317 3241 2335 3275 ι
2363 3223 2475 3278 Deo
2506 3223 2602 3278 nos
2633 3223 2922 3278 familiares
2947 3234 3032 3286 et,
3066 3223 3322 3293 quantum
3360 3227 3460 3280 hn-

214 3295 352 3367 scire
382 3308 711 3367 mensuram,
735 3294 888 3367 et_sic
910 3309 1002 3348 sua
1025 3295 1238 3349 demum
1270 3294 1490 3367 imperia
1515 3294 1778 3367 moderari
1811 3303 1857 3367 ο
1890 3312 2041 3367 mana
2075 3304 2260 3367 natura
2293 3295 2509 3367 patitur,
2538 3295 2744 3367 similes
2774 3294 2971 3367 cilicii.
3006 3315 3023 3347 ι
3054 3307 3111 3350 ot
3140 3296 3371 3364 loquitur
3402 3302 3464 3353 8.

213 3366 351 3420 circa
380 3367 431 3418 id
463 3365 634 3419 solum
674 3364 814 3432 quod
861 3374 1062 3420 rectum
1102 3381 1220 3420 e~se
1259 3366 1577 3431 constiterit,
1612 3381 1785 3433 neque

214 3436 491 3503 quodlibet
521 3450 746 3502 rectum,
777 3435 872 3490 sed
920 3436 1021 3490 hoc
1064 3445 1266 3490 tantum
1307 3436 1448 3505 quod
1498 3437 1785 3504 przcdictus

217 3507 373 3561 Pater
410 3506 658 3571 instituit,
684 3516 776 3559 aut
815 3516 962 3561 certe
1005 3509 1143 3575 quod
1186 3509 1251 3561 sit
1304 3512 1596 3562 secundum
1644 3507 1785 3576 quod

217 3578 468 3642 instituit;
509 3579 588 3631 sic
626 3594 685 3632 se
732 3576 928 3646 quippe
972 3580 1131 3632 habet
1184 3576 1783 3644 professio:Promitto,

216 3664 319 3720 non
367 3647 619 3720 quidem“
644 3649 923 3720 Regulam,
975 3651 1066 3703 sed
1119 3649 1455 3720 obedientiam
1506 3650 1788 3702 secundum

222 3719 466 3788 Regulam
488 3719 551 3773 S.
583 3718 861 3785 Benedicti,
890 3736 993 3775 non
1022 3720 1299 3773 secundum
1321 3718 1628 3774 voluntatem
1659 3736 1790 3790 pra:-

220 3792 388 3858 positi,
412 3810 431 3842 ι
464 3800 570 3845 etc.

286 3862 488 3929 Tertio,
520 3861 660 3916 sicut
699 3860 831 3915 nihil
877 3861 1038 3926 ultra,
1071 3861 1141 3916 ita
1169 3860 1296 3916 nihil
1326 3869 1509 3915 contra
1540 3872 1629 3916 aut
1658 3862 1788 3915 citra

220 3931 475 4003 Regulam
502 3934 667 3986 abbas
691 3932 882 4015 jubere
904 3943 1284 4015 potest,.v.__g.,
1305 3948 1439 3986 sano
1468 3932 1791 4015 manducare

221 4002 429 4066 carnes,
458 4018 490 4057 a
515 4005 795 4060 nocturnis
834 4003 1023 4057 abesse
1068 4002 1284 4074 vigiliis,
1316 4012 1408 4058 aut
1448 4003 1648 4072 aliquid
1695 4007 1793 4057 hu-

218 4074 471 4143 jusmodi,
503 4089 601 4129 nec
630 4074 718 4129 tali
750 4075 940 4129 fratres
971 4083 1218 4129 tenentur
1244 4077 1615 4144 obtemperare
1644 4089 1795 4128 man-

224 4150 346 4200 dato
386 4162 402 4201 :
447 4165 469 4196 r
529 4147 668 4217 Ergo
716 4160 816 4199 nec
872 4144 1078 4214 prazlati
1127 4146 1334 4213 iussio,
1384 4146 1556 4215 inquit
1599 4145 1791 4199 iterum

223 4217 283 4271 S.
312 4217 611 4271 Bernartius
644 4217 746 4288 (De
766 4217 937 4271 Prisc.
965 4225 1012 4269 et
1031 4217 1191 4287 disp.,
1214 4234 1262 4273 c.
1292 4218 1372 4286 5),
1395 4218 1474 4272 vel
1508 4217 1793 4286 prohibitio

227 4303 331 4342 non
401 4298 683 4357 praetereat
759 4288 1018 4342 terminos
1081 4288 1457 4358 professimis;
1502 4303 1601 4342 nec
1658 4291 1794 4341 ultra

225 4362 435 4413 extendi
465 4369 659 4429 potest,
693 4373 791 4414 nec
819 4360 1060 4413 contrahi
1090 4360 1253 4413 citra:
1278 4359 1406 4412 nihil
1430 4374 1514 4413 me
1545 4359 1799 4426 praelatos

228 4431 504 4496 prohibeat
535 4431 722 4485 horum
744 4446 862 4500 qua:
895 4429 1136 4498 promisi,
1160 4445 1258 4485 nec
1290 4430 1407 4496 plus
1430 4431 1611 4499 exigat
1635 4445 1794 4498 quam

230 4502 474 4569 promisi;
502 4512 625 4556 vota
668 4516 784 4556 mea
832 4516 938 4555 non
982 4510 1173 4569 augeat
1202 4502 1319 4555 sine
1346 4516 1461 4555 mea
1497 4503 1793 4564 voluntate,

231 4587 328 4625 nec
356 4575 557 4627 minuat
583 4575 699 4628 sine
742 4582 886 4626 certa
938 4572 1313 4627 necessitate.»
1352 4571 1505 4625 llatio
1549 4583 1630 4626 est
1674 4573 1795 4640 quia

235 4661 253 4691 ι
287 4644 483 4710 absque
516 4644 834 4699 necessitate
869 4644 1116 4697 remissio
1147 4643 1252 4695 voti
1300 4657 1405 4696 non
1438 4642 1791 4712 dispensatio,

231 4713 325 4767 sed
358 4716 717 4780 przevariCatio
741 4721 842 4779 est,
870 4732 890 4766 ι
918 4724 969 4767 ut
998 4714 1229 4783 loquitur
1256 4712 1393 4767 idetn
1412 4714 1485 4783 _S.
1514 4714 1721 4767 doctor.

308 4784 512 4839 Etiamsi
556 4786 685 4855 ipse,
715 4785 852 4855 quod
895 4781 1235 4848 absit,‘aliter
1261 4781 1432 4855 agat.]
1476 4785 1801 4839 Obedientes

233 4859 452 4923 apostoli
485 4858 629 4912 Petri
654 4864 959 4925 praacepto:
988 4855 1154 4922 Servi,
1184 4856 1375 4909 subditi
1395 4866 1551 4908 estote
1578 4856 1632 4908 in
1662 4860 1799 4909 omni

234 4936 407 4981 timore
447 4928 687 4991 dominis,
736 4942 839 4981 non
885 4936 1081 4980 tantum
1127 4928 1267 4980 bonis
1315 4936 1361 4980 et
1402 4926 1661 4990 modestis,
1712 4929 1803 4980 sed

236 4998 381 5050 etiam
407 5000 609 5053 discotis
631 5014 651 5051 :
674 5000 725 5052 in
754 4997 839 5051 his
868 5001 1009 5054 enim
1038 4997 1127 5068 jus
1157 5008 1211 5053 et
1243 5006 1475 5067 potestas
1504 4998 1798 5066 imperandi

239 5070 445 5133 residet,
494 5087 523 5122 a
568 5083 674 5138 qua
722 5084 820 5123 nco
872 5069 1026 5122 malis
1075 5068 1313 5123 moribus
1365 5068 1651 5129 excidunt,
1703 5087 1801 5122 nec

237 5140 404 5193 minus
429 5156 588 5211 quam
617 5142 762 5206 boni,
787 5139 981 5195 Christi
1015 5140 1067 5193 in
1099 5156 1197 5211 nos
1228 5145 1372 5194 vices
1401 5152 1592 5209 gerunt
1618 5157 1629 5191 :
1658 5141 1799 5193 unde

236 5214 468 5282 apposite
491 5211 557 5265 ad
590 5212 733 5266 hunc
766 5213 939 5265 locum
968 5212 1154 5265 Petrus
1186 5210 1423 5264 Damiani
1458 5211 1676 5282 (Opusc.
1709 5213 1798 5277 15,

237 5295 284 5335 τ.
306 5280 392 5351 ω)
416 5300 429 5336 :
454 5302 471 5327 ο
501 5282 697 5349 Nolite,
721 5282 818 5345 ait,
836 5282 901 5337 tle
928 5293 1224 5337 vestrorum
1252 5280 1487 5351 priorum
1516 5298 1797 5352 perperam

239 5353 372 5406 forte
419 5356 708 5409 viventium
758 5354 964 5409 meritis
1010 5352 1303 5422 disputare,
1334 5363 1387 5405 ct
1433 5368 1538 5407 non
1584 5369 1684 5422 qua
1718 5354 1799 5406 via

235 5424 559 5489 gradiuntur,
591 5427 684 5479 sed
728 5422 882 5494 cujus
930 5425 1044 5476 vice
1094 5427 1381 5494 funguntur
1432 5429 1798 5489 attendentes,

239 5495 341 5547 illis
363 5496 412 5548 ill
438 5496 651 5550 Christo
683 5495 951 5549 humiliter
977 5496 1208 5550 obcdite.
1226 5515 1244 5546 ι

310 5562 550 5620 Memora
572 5567 703 5621 illud
728 5566 1037 5618 dominicum
1060 5578 1365 5634 praeceptum
1388 5582 1405 5619 :
1436 5585 1454 5619 (
1484 5567 1610 5633 Qua:
1628 5566 1803 5618 dicunt

239 5635 408 5702 facile;
428 5653 540 5708 quia
557 5649 725 5691 autem
741 5636 934 5707 faciunt
955 5637 1119 5706 facere
1139 5635 1314 5690 nolite.
1330 5656 1347 5687 ι
1370 5641 1484 5708 Quin
1501 5640 1800 5705 respexisse

234 5705 449 5762 videtur
480 5709 668 5763 Petrus
719 5705 984 5763 Blesensis
1008 5747 1023 5770 ,
1056 5723 1175 5762 cum
1228 5710 1361 5761 dixit
1405 5705 1599 5776 (Epist.
1638 5708 1755 5775 151)
1784 5727 1795 5760 :

238 5794 255 5827 ι
293 5777 346 5832 Si
371 5789 544 5836 autent
585 5780 710 5835 vita:
753 5780 1024 5848 nequioris
1070 5790 1153 5833 est
1196 5779 1383 5841 abbas,
1410 5780 1458 5832 ei
1511 5791 1689 5833 tamen
1733 5795 1797 5833 ex

228 5849 479 5905 charitate
522 5851 743 5908 obedire
789 5860 1031 5918 oportet;
1064 5850 1320 5915 scriptum
1353 5860 1433 5903 est
1457 5850 1598 5903 enim
1628 5868 1637 5900 :
1674 5851 1800 5915 Qua:

228 5920 396 5973 dicunt
424 5922 590 5991 facite,
612 5937 724 5994 quat
753 5931 920 5976 autem
950 5921 1146 5992 faciunt
1174 5921 1339 5990 facere
1370 5919 1545 5991 nolite.
1596 5938 1615 5971 i

1828 4692 1880 4753 Ι)

1886 3365 2119 3438 Joannes
2136 3364 2607 3438 Climacnswrad.
2629 3363 2844 3438 lii),au_t
2868 3366 3057 3420 saltem
3087 3363 3287 3437 angelis
3316 3371 3465 3438 ipsis.

1885 3437 2036 3506 juxta
2060 3437 2325 3507 vulgatam
2352 3435 2563 3507 Patrum
2592 3436 2912 3507 sententiam
2930 3479 2945 3499 ,
2971 3438 3023 3490 in
3054 3435 3239 3507 primis
3259 3440 3317 3493 8.
3337 3435 3470 3495 Ber-

1891 3509 2041 3562 nardi
2070 3506 2307 3570 abbatis,
2340 3506 2406 3561 ad
2442 3506 2723 3561 llenricum
2757 3506 3123 3563 Senonensem
3154 3511 3465 3577 episcopum

1889 3580 1956 3632 de
1978 3580 2224 3633 castitate
2246 3578 2315 3631 ita
2340 3578 2624 3633 scribentis
2648 3577 2841 3647 (Epist.
2866 3576 2995 3646 b2):
3026 3598 3042 3629 ι
3069 3576 3203 3644 Quid
3228 3588 3473 3635 castimti:

1892 3650 2138 3704 decorins
2158 3690 2172 3713 ,
2203 3664 2320 3718 qua:
2351 3648 2604 3702 mundum
2635 3649 2701 3703 de
2733 3649 3006 3702 immundo
3035 3661 3353 3719 conceptum
3383 3666 3466 3706 se-

1895 3722 2073 3781 mine,
2104 3720 2171 3774 de
2215 3721 2368 3791 hoste
2414 3720 2800 3791 domesticum,
2843 3724 3091 3788 angelum
3132 3720 3363 3791 denique
3402 3724 3473 3777 de

1896 3792 2113 3845 homine
2144 3790 2312 3845 facit?
2342 3789 2601 3844 Dill'erunt
2626 3790 2842 3860 quidem
2874 3792 3012 3845 inter
3038 3805 3098 3845 se
3130 3789 3290 3846 homo
3320 3793 3471 3858 pudt-

1893 3878 1987 3917 cus
2014 3872 2068 3916 et
2095 3863 2334 3933 angelus,
2366 3861 2459 3933 sed
2494 3862 2777 3927 lelicitate,
2808 3876 2912 3915 non
2946 3862 3179 3928 virtute;
3217 3862 3311 3918 sed
3341 3876 3395 3918 et
3424 3865 3471 3918 si

1896 3934 2036 3987 illius
2063 3932 2280 3988 castitas
2313 3932 2539 3996 felicior,
2575 3932 2732 3999 hujus
2773 3943 2948 3988 tamen
2992 3933 3182 3989 fortior
3221 3949 3342 3991 esse
3382 3950 3474 3988 cii—-

1896 4004 2189 4075 gnoscitur.
2220 4023 2239 4055 ι
2269 4004 2411 4076 ldetn
2452 4003 2713 4076 sentiebat
2754 4002 2945 4076 i’_clrus
2980 4003 3307 4060 Venerabilis
3329 4045 3345 4071 ,
3379 4008 3470 4076 qui

1898 4073 1949 4129 in
1979 4077 2202 4143 epistola
2234 4077 2298 4127 ad
2331 4074 2668 4145 Margaritam
2696 4084 2749 4127 et
2779 4073 3019 4129 Pontiam
3041 4115 3058 4140 ,
3089 4083 3276 4145 neptes
3305 4073 3429 4131 suas
3451 4121 3467 4141 ,

1897 4149 1974 4200 sic
2004 4146 2218 4201 disserit
2246 4145 2382 4215 (Lib.
2410 4161 2459 4199 vt
2484 4187 2502 4216 ,ν
2522 4145 2670 4216 epist.
2694 4146 2789 4216 59)
2815 4162 2828 4199 :
2858 4166 2875 4196 ι
2902 4146 3016 4200 Non
3050 4148 3329 4215 patientia,
3363 4164 3470 4203 non

1900 4217 2193 4284 humilitas,
2226 4232 2331 4270 non
2361 4215 2612 4275 charitas.
2645 4232 2747 4271 non
2775 4219 3024 4284 quaelibet
3053 4219 3153 4271 alia
3186 4219 3356 4273 νει-ιιιε
3382 4235 3473 4273 ευ-

1900 4304 1988 4342 ror
2017 4287 2209 4342 dicitur
2240 4287 2586 4359 angelorum,
2619 4289 2714 4343 sed
2747 4286 3060 4359 virginitas;
3093 4288 3218 4343 hinc
3252 4290 3312 4344 Β.
3345 4290 3475 4345 llic-

1900 4372 2194 4431 ronymus:
2242 4358 2377 4431 Bene
2413 4360 2482 4411 ad
2520 4360 2762 4430 virginem
2800 4358 3026 4431 (angi-lus
3068 4360 3306 4431 mittitnr,
3352 4378 3476 4431 quia

1898 4429 2094 4497 semper
2141 4430 2335 4499 unge'is
2382 4440 2454 4482 est
2501 4429 2718 4498 cognata
2765 4429 3078 4500 tirginias;
3130 4429 3373 4499 prolo'cto
3418 4433 3473 4487 in

1900 4517 2062 4554 carne
2102 4513 2295 4567 praeter
2324 4515 2543 4554 carnem
2579 4503 2790 4564 vivere,
2824 4517 2929 4554 non
2963 4512 3171 4556 terrena
3210 4500 3312 4555 vita
3353 4513 3473 4560 est.

1900 4572 1993 4627 sed
2018 4571 2288 4635 cwle~tis;
2314 4571 2455 4625 unde
2474 4570 2525 4624 in
2548 4586 2707 4624 carne
2730 4573 3021 4641 angelicam
3045 4573 3266 4641 gloriam
3288 4588 3475 4641 acqui-

1905 4658 2053 4703 rere.
2086 4643 2257 4710 majus
2282 4650 2365 4695 est
2407 4643 2654 4695 meritum
2694 4657 2850 4710 quam
2893 4640 3125 4704 habere;
3173 4657 3294 4697 esse
3333 4640 3476 4696 enim

1906 4715 2151 4782 angelum
2184 4712 2452 4767 felicitatis
2481 4723 2598 4780 e-t,
2632 4729 2754 4767 esse
2794 4729 2837 4762 vi
2862 4728 2921 4765 ro
2964 4714 3222 4783 virginem
3264 4712 3480 4767 vit-tntis

1905 4793 2008 4838 est.
2034 4804 2051 4836 ι
2082 4785 2143 4838 Et
2166 4783 2298 4837 infra
2326 4796 2341 4836 :
2369 4802 2386 4834 ι
2409 4783 2542 4850 Quid
2575 4782 2811 4853 pluribus
2836 4782 3098 4851 exsequar
3126 4784 3335 4838 laudem
3360 4799 3480 4837 (fas-

1906 4858 2113 4910 titatis?
2154 4855 2385 4909 Castitas
2426 4864 2585 4907 etiam
2627 4855 2874 4925 angelum
2918 4862 3079 4921 lectt,
3125 4862 3180 4909 et
3219 4856 3309 4923 qui
3357 4871 3477 4909 cani

1906 4927 2141 4981 servavit
2170 4927 2389 4996 angelus
2415 4936 2517 4978 εει.
2545 4944 2562 4975 i
2699 4993 2707 4996 Α
3119 4943 3123 4947 ·

1977 4993 2275 5051 Notandum
2302 5011 2430 5050 vero
2452 4999 2509 5050 8.
2538 4993 2876 5049 Ηνιιυάῖωιιιιι
2908 5012 3013 5051 non
3040 4996 3260 5062 pra‘cise
3281 4997 3482 5052 dixisse

1906 5069 2245 5139 virginitatem
2288 5083 2495 5127 enitare,
2540 5070 2631 5120 Sed
2674 5068 2958 5139 castitatem
2983 5083 3001 5130 ;
3030 5084 3151 5135 qua
3194 5084 3480 5136 paucorum

1905 5138 2104 5193 est’illa
2137 5139 2338 5200 virtus,
2370 5154 2526 5204 quam
2573 5140 2624 5190 in
2668 5138 2813 5191 tnnni
2856 5154 2960 5192 non
3004 5140 3163 5191 modo
3203 5154 3482 5204 carpens,

1908 5212 2002 5265 sed
2044 5211 2204 5264 ctiam
2246 5209 2424 5263 cordis
2468 5209 2868 5275 incorruptione
2912 5219 3198 5275 reponunt.
3244 5209 3311 5263 Et
3351 5225 3483 5262 sane

1908 5283 1968 5337 8.
2022 5282 2236 5345 Basilii,
2282 5282 2434 5345 cujus
2474 5284 2774 5334 cas‘Litateni
2819 5290 3096 5347 tantopere
3141 5286 3483 5335 cntutnenttat

1908 5356 1967 5406 8.
2005 5354 2294 5421 Gregorius
2333 5350 2701 5421 Nazianzenus
2740 5353 2789 5402 in
2832 5363 2969 5421 orat.
3011 5351 3220 5405 l'nnehri
3261 5351 3326 5404 ad
3366 5349 3484 5419 t-jns

1910 5418 2150 5484 Iattdeinw,
2183 5424 2380 5476 dictum
2410 5424 2611 5474 fertur:
2649 5418 2715 5487 Et
2745 5420 3007 5474 mulierem
3038 5425 3239 5490 ignoro,
3267 5432 3314 5475 et
3344 5418 3485 5489 virgo

1909 5510 2010 5546 non
2041 5510 2193 5558 sunt;
2229 5502 2275 5547 et
2322 5494 2433 5561 ipsc
2459 5492 2525 5544 ad
2564 5492 2840 5546 Chilonem
2883 5492 3198 5562 discipulum
3242 5493 3484 5547 scribens

1910 5568 2022 5617 ait:
2057 5585 2073 5616 ι
2101 5567 2163 5618 lit
2206 5564 2417 5630 quidem
2468 5563 2722 5629 ﬂagitium
2767 5563 2928 5617 vitavi
2977 5562 3383 5626 iortticationis,
3431 5580 3483 5616 at

1911 5637 2186 5690 munditia:
2214 5636 2486 5702 virginalis
2518 5636 2701 5687 liorem
2736 5633 2888 5705 151
2917 5649 3111 5688 arcana
3139 5634 3317 5689 cordis
3346 5649 3484 5701 cogi-

1912 5708 2108 5761 latione
2137 5707 2385 5760 l'mdavi.»
2410 5708 2477 5759 At
2500 5720 2624 5758 vero
2647 5718 2828 5759 castus
2852 5720 2972 5759 esse
2995 5706 3156 5759 etiam
3185 5718 3303 5774 post
3328 5708 3483 5761 amiso

1910 5794 2024 5831 sani
2058 5777 2411 5842 virginitatem
2443 5778 2622 5829 nullus
2652 5791 2757 5828 non
2787 5785 2981 5840 potest.

1983 5848 2150 5902 i'orro
2178 5848 2319 5917 quod
2364 5847 2613 5917 jubetnur
2640 5860 2840 5911 anteire,
2872 5862 3083 5902 summo
3128 5848 3349 5917 proinde
3379 5862 3487 5903 sin.

1909 5918 1999 5973 dio
2032 5916 2283 5987 jnbcniur
2319 5916 2621 5983 custodire;
2657 5917 2708 5970 in
2754 5933 2865 5986 quo
2906 5917 3061 5988 plane
3092 5916 3489 5991 redarguendos
