3952 6182
251 224 347 277 557

1300 217 1575 272 REGULX
1614 215 2100 272 ΕΟΜΜΕΝΤᾹΤΑ.
2141 216 2295 271 CAP.
2341 214 2426 271 IV.

3395 214 3521 269 55$“

249 340 478 394 nissime
507 337 557 389 in
588 336 701 395 loco
744 336 793 388 in
821 348 927 403 quo
957 349 1115 389 sexus
1144 334 1400 388 femineus
1426 331 1666 385 habitare
1696 346 1815 399 per-
1845 334 1894 393 Α
1924 330 2005 403 fex
2047 332 2109 385 ad
2138 330 2445 387 Castorium
2486 333 2876 388 Ariminensem
2907 333 3213 401 qriscopum
3254 331 3496 387 scribens

250 410 501 472 mittitur,
520 422 614 473 per
632 420 789 472 quem
811 406 970 458 etiam
1002 406 1262 473 religiosae
1287 419 1528 470 personae
1554 414 1816 468 suspect-.e

252 482 535 533 nabentnr.
561 496 580 528 ι
613 478 681 529 At
720 476 1109 529 constantiores
1150 476 1310 528 etiam
1354 476 1562 526 animos
1610 483 1818 526 terrere

253 550 448 603 debent
478 548 592 600 haec
620 545 678 600 S.
706 546 956 599 Bernardi
1004 548 1161 598 verba
1192 546 1387 615 (Serm.
1414 545 1481 598 (ιε’)
1510 543 1563 595 in
1594 541 1769 606 Cant.)
1801 560 1813 593 :

253 639 272 670 ι
302 620 436 673 Cum
495 618 691 672 femina
738 632 950 683 semper
977 630 1116 679 esse,
1147 625 1204 669 et
1232 631 1335 667 non
1366 626 1688 682 cognoscere
1737 615 1817 666 fe-

254 690 477 752 minam,
512 702 692 742 nonne
720 688 835 755 plus
878 695 961 740 est
986 702 1144 755 quam
1174 696 1437 739 mortuum
1468 686 1765 737 suscitare?
1794 702 1813 733 ι

254 762 357 813 Nec
411 774 500 813 me
542 758 717 811 minus
770 767 1003 823 movent,
1034 773 1150 823 quae
1200 755 1485 808 nonnullus
1532 770 1596 807 ex
1628 755 1820 821 priscis

254 829 531 883 monachis
561 829 774 882 dicebat
810 826 998 895 (Joan.
1036 826 1272 879 Moschus
1317 825 1371 878 in
1422 823 1583 877 Ρωιο
1627 827 1818 892 spirit.,

253 917 297 955 ο.
324 901 429 953 327
448 902 463 970 )
485 917 499 950 :
521 919 539 950 ι
570 897 767 970 Filioli,
791 900 870 951 sal
894 913 960 970 ex
989 910 1122 965 aqua
1151 905 1254 970 est,
1285 896 1411 970 etsi
1437 898 1823 970 appmpiuqua-

255 972 387 1025 verit
409 966 585 1038 aquae,
604 969 852 1023 cuntiqu
879 969 1099 1021 solvitur
1139 976 1191 1020 et
1214 966 1421 1038 deﬁcit;
1453 978 1505 1038 et
1533 966 1822 1018 monachus

254 1035 499 1093 similiter
525 1056 587 1093 ex
613 1038 835 1093 muliere
858 1050 933 1092 eat
961 1055 975 1102 ;
1001 1038 1177 1103 itaque
1206 1037 1248 1089 si
1281 1035 1675 1103 appropinquat
1705 1052 1822 1088 mu-

256 1111 397 1173 lieri,
430 1112 657 1163 solvitur
679 1119 734 1162 et
758 1111 889 1174 ipse,
915 1122 1070 1172 atque
1101 1108 1152 1160 in
1186 1108 1233 1159 id
1264 1107 1549 1167 desinit,nt
1575 1107 1683 1174 jam
1712 1122 1826 1157 inoo

257 1186 463 1234 unctius
511 1196 615 1233 non
661 1181 751 1232 sit.
782 1199 798 1229 ι
854 1180 918 1232 Et
966 1183 1153 1232 l’etrus
1199 1177 1432 1229 liamiuni
1476 1175 1698 1246 (Opust.
1731 1177 1819 1241 53,

258 1269 370 1322 cap.
398 1249 476 1317 5)
510 1268 526 1302 :
564 1252 659 1322 «in
708 1250 935 1322 quodam
980 1259 1160 1301 monte
1189 1248 1425 1301 Orientis
1472 1248 1672 1314 lapides
1702 1257 1824 1322 sunt

259 1318 495 1390 igniferi,
519 1320 612 1388 qui
638 1320 907 1373 masculos
934 1330 986 1372 et
1016 1322 1206 1371 l'eunna
1238 1327 1629 1385 nuncupantur,
1658 1327 1716 1369 et
1740 1318 1823 1369 di-

254 1405 453 1445 cuntur
477 1390 844 1461 pyroboii,qui
875 1390 1276 1461 nimirum‘cutn
1307 1404 1339 1461 a
1361 1390 1673 1461 seinvicem
1702 1404 1826 1453 pro-

258 1463 342 1517 θυι
375 1457 528 1525 sunt,
549 1476 657 1514 non
683 1457 1061 1513 accenduntur.
1090 1458 1144 1512 Si
1172 1474 1296 1512 vero
1318 1457 1511 1512 femina
1540 1462 1826 1527 appropin—

258 1544 455 1601 quator
484 1532 743 1601 masculo.
787 1532 1027 1597 protinus
1054 1545 1119 1583 ex
1145 1531 1223 1582 eis
1253 1530 1389 1597 ignis
1411 1529 1702 1597 egreditur,
1753 1531 1823 1582 ita

259 1600 317 1656 ut
344 1605 528 1657 omnia
554 1617 673 1671 quae
702 1600 842 1655 circa
875 1610 1106 1655 montem
1138 1609 1261 1652 sunt
1307 1601 1531 1671 llatnmis
1560 1614 1824 1671 vaporan-

261 1674 405 1727 tibus
432 1683 747 1727 exuruntur.
783 1672 866 1725 Ab
897 1672 1023 1738 ipsis
1051 1685 1181 1737 ergo
1220 1670 1483 1737 lapidibus
1514 1670 1819 1734 educentur,

261 1756 316 1797 ut
339 1744 389 1798 si
428 1745 672 1796 consumi
703 1741 940 1795 libidinis
968 1740 1212 1795 incendio
1259 1741 1525 1803 nolumus,
1557 1742 1827 1794 muliebris

261 1823 515 1881 aspectus
546 1814 725 1865 faciem
756 1813 1105 1874 declznemus,
1147 1824 1214 1866 ne
1243 1817 1309 1863 de
1336 1825 1618 1878 conspecta
1655 1815 1826 1865 forma

263 1884 473 1938 flaiiuna
497 1884 757 1951 prosiliat,
788 1899 905 1950 quae
934 1884 985 1936 in
1018 1883 1168 1937 nobis
1193 1895 1296 1936 non
1326 1883 1547 1947 montis,
1580 1884 1672 1935 sed
1688 1896 1830 1937 men-

265 1958 329 2008 tis
361 1953 559 2008 fruteta
597 1954 872 2022 pervadat.
896 1977 914 2004 ι

335 2025 511 2078 Nemo
534 2040 659 2091 ergo
683 2023 805 2094 jure
840 2025 1063 2077 miretur
1092 2030 1293 2076 tantam
1334 2022 1385 2076 in
1425 2022 1623 2091 priscis
1647 2037 1833 2074 mona-

264 2096 381 2150 chis
423 2094 651 2149 femin..e
687 2093 882 2153 vitandi
922 2093 1333 2148 sollicitudinem
1364 2135 1377 2153 ,
1421 2103 1477 2147 ut
1515 2108 1619 2146 non
1657 2097 1830 2148 solum

264 2169 340 2220 eis
372 2166 678 2219 monasterii
717 2166 822 2231 sui,
852 2166 946 2219 sed
989 2179 1085 2220 nec
1115 2162 1334 2218 oratorii
1366 2164 1660 2230 ingressum
1710 2179 1835 2232 per-

264 2237 564 2301 mitterent,
608 2240 715 2290 imo
743 2251 842 2290 nec
870 2237 951 2289 sui
988 2246 1329 2304 conspectum
1369 2244 1459 2287 aut
1484 2248 1831 2304 congressum

266 2308 432 2361 facile
472 2308 848 2361 concederent.

344 2376 506 2448 155
532 2377 690 2431 Certe
719 2377 1041 2446 prohibitum
1064 2372 1190 2429 olim
1220 2375 1271 2428 in
1300 2375 1532 2430 virorum
1561 2388 1832 2432 monaste-

267 2448 343 2501 ria
381 2452 591 2502 leoninis
621 2449 816 2502 aditum
848 2462 1041 2516 passon
1083 2454 1345 2501 testantur
1377 2448 1606 2516 antiqua:
1646 2462 1832 2500 monao

264 2527 492 2573 chorum
524 2523 717 2589 regular
745 2536 759 2571 :
788 2518 986 2587 Regula
1018 2519 1168 2571 tertia
1194 2517 1289 2571 SS.
1325 2517 1535 2589 Patrum
1560 2516 1721 2587 (Cap.
1754 2519 1836 2587 4),

273 2609 290 2639 ι
317 2588 731 2643 familiaritatem
761 2604 996 2643 omnium
1038 2589 1337 2651 mulierum,
1366 2588 1553 2657 inquit,
1596 2597 1699 2642 tam
1735 2606 1837 2657 pn-

268 2671 484 2715 rentum
517 2676 671 2729 quant
701 2670 1071 2714 extranearnm
1105 2674 1199 2727 pro
1226 2660 1567 2713 custodienda
1601 2662 1724 2724 vita,
1751 2663 1833 2713 vel

267 2731 526 2784 cavendis
555 2732 755 2799 laqueis
785 2729 980 2783 diaboli
1011 2734 1076 2783 ab
1104 2730 1348 2783 otnnibus
1376 2732 1732 2795 monasteriis,
1754 2733 1836 2785 vel

269 2802 502 2854 culturis
547 2802 957 2865 monachorum;
997 2816 1090 2854 seu
1138 2801 1612 2867 frequentationem
1654 2817 1838 2853 mona-

270 2876 497 2925 chorum
516 2886 544 2923 a
572 2871 908 2925 monasteriis
930 2874 1243 2939 puellarum,
1272 2879 1410 2923 s:cut
1429 2872 1605 2941 regula
1629 2873 1835 2934 edocet,

270 2942 561 3011 prohibere
596 2956 905 3006 censemus;
938 2956 1106 3008 neque
1151 2941 1254 2994 ulla
1296 2943 1488 2996 mulier
1536 2942 1587 2995 in
1616 2943 1838 2997 interius

270 3013 467 3065 atrium
493 3014 801 3067 monasterii
833 3013 1035 3081 ingredi
1066 3012 1275 3065 audeat.
1301 3013 1450 3078 Quod
1481 3014 1523 3065 si
1554 3027 1675 3066 cum
1705 3028 1835 3066 con-

274 3086 398 3136 silio
427 3088 509 3137 vel
537 3084 804 3137 voluntate
832 3084 1037 3155 abbatis
1067 3088 1467 3155 monasterium,
1501 3085 1586 3137 vel
1617 3084 1836 3138 cellulas
1866 3083 1909 3145 C
1944 3089 2025 3139 his
2054 3087 2229 3139 verbis
2255 3084 2343 3155 (In
2371 3096 2489 3138 stat.
2523 3102 2569 3137 c.
2594 3085 2684 3155 2f)

274 3155 661 3209 monachorum
698 3152 938 3221 quadam
987 3153 1141 3207 fuerit
1180 3153 1440 3220 ingressa,
1485 3155 1679 3208 merito
1724 3157 1837 3223 ipse

276 3226 443 3277 abbas
481 3233 538 3279 et
575 3238 767 3278 nomen
806 3223 1016 3277 abbatis
1054 3225 1306 3293 deponat,
1348 3236 1400 3277 et
1439 3226 1740 3278 inferiorem
1782 3240 1841 3279 se

276 3297 531 3349 omnibus
570 3296 896 3365 presbyteris
935 3304 1314 3362 recognoscat;
1343 3296 1462 3362 quia
1503 3295 1623 3347 talis
1654 3305 1840 3349 sancto

276 3369 420 3435 gregi
465 3366 702 3434 praeponi
736 3364 915 3425 debet,
955 3365 1042 3432 qui
1081 3380 1174 3417 eos
1214 3364 1579 3419 immaculatos
1619 3369 1727 3420 Deo
1765 3368 1843 3419 of-

278 3440 421 3489 ferre
452 3445 719 3506 procuret,
751 3451 853 3488 non
887 3449 979 3503 per
1008 3435 1267 3497 quaslibet
1308 3437 1691 3490 familiaritates
1730 3437 1844 3506 dia-

281 3509 407 3559 bolo
448 3505 655 3559 sociare
692 3508 972 3577 festinet.)
1006 3506 1064 3560 S.
1091 3507 1314 3559 Basilius
1354 3508 1564 3577 (Serm.
1596 3507 1621 3559 1
1655 3507 1715 3559 de
1752 3505 1845 3559 In-

284 3579 393 3630 stit.
427 3578 690 3645 monach.)
720 3594 733 3628 :
769 3594 786 3625 ι
823 3576 1066 3647 Mulieres
1090 3592 1118 3629 a
1141 3576 1582 3631 monasteriorum
1607 3578 1845 3647 ingressu

282 3662 504 3715 prorsus
534 3656 835 3701 arceantur.
860 3665 878 3699 ι
910 3647 965 3700 S.
990 3645 1319 3701 Caesariusin
1350 3648 1544 3716 [tegula
1574 3647 1639 3701 ad
1668 3645 1849 3702 Mona-

280 3720 420 3771 cbos
448 3734 568 3786 cap.
596 3723 652 3772 ιι
687 3734 702 3772 :
732 3719 1015 3772 «Mulieres
1045 3718 1097 3772 in
1123 3720 1446 3771 monasterio
1472 3733 1736 3787 nunquam
1769 3719 1848 3772 in-

280 3789 611 3856 grediantur.
646 3808 664 3840 ι
710 3789 907 3858 [tegula
945 3790 999 3841 S.
1027 3789 1260 3843 Ferreoli
1292 3787 1451 3858 (Cap.
1493 3788 1605 3858 4):
1653 3807 1670 3839 ι
1699 3788 1847 3843 Nulla

282 3860 500 3927 penitus
539 3861 729 3913 mulier
765 3864 829 3911 ad
870 3864 1270 3921 monasterium,
1300 3860 1507 3913 etiamsi
1550 3874 1644 3928 pro
1681 3860 1846 3913 dilec-

286 3932 437 3982 tione
458 3940 710 3998 expetere
731 3930 991 3993 videatur,
1018 3933 1257 3983 accedat.
1273 3930 1527 3985 Similiter
1555 3944 1670 3983 eam
1691 3931 1848 3984 etiam

285 4001 555 4067 religiosis
599 4002 809 4053 feminis
846 4001 927 4053 vel
970 4002 1179 4066 puellis,
1221 4014 1287 4054 ne
1324 4016 1425 4070 qua
1468 4002 1604 4053 forte
1643 4002 1853 4055 occasio

286 4071 468 4124 minus
504 4072 922 4139 intelligentibus
962 4073 1305 4138 relinquatur,
1350 4072 1633 4125 accedendi
1686 4073 1851 4125 licen-

289 4147 422 4195 tiam
461 4153 798 4209 amputamus
826 4158 842 4193 :
866 4142 985 4209 quin
1017 4156 1123 4193 non
1155 4151 1329 4209 potest
1355 4142 1607 4196 habitatio
1646 4145 1696 4196 in
1740 4143 1855 4194 lon-

286 4226 418 4280 gum
444 4228 566 4266 esse
603 4226 812 4273 Secura,
842 4212 1056 4264 inimico
1088 4212 1326 4280 proximo
1352 4225 1405 4266 et
1428 4214 1577 4265 hoste
1605 4214 1795 4267 vicino.
1830 4233 1848 4263 ι

290 4283 536 4353 Denique
576 4283 770 4351 Regula
799 4282 1142 4336 Tainateitsts
1173 4284 1477 4337 monasterii
1510 4281 1673 4351 (Cap.
1701 4284 1803 4353 20)
1837 4301 1849 4334 :

297 4370 317 4403 ι
342 4352 579 4407 Feminze
604 4365 834 4407 vestrum
860 4368 962 4405 non
994 4355 1328 4418 l'requenteot
1357 4354 1737 4419 habitaculum,
1762 4354 1854 4407 sed

292 4438 419 4476 cum
450 4439 546 4492 pro
576 4423 857 4478 devotione
886 4438 1002 4490 sua,
1034 4425 1111 4476 vel
1147 4437 1241 4489 pro
1264 4436 1443 4478 amore
1470 4426 1740 4493 religionis
1763 4440 1854 4478 ve.

293 4504 426 4547 sua:
453 4497 769 4563 expetierint
792 4495 1188 4555 monasterium,
1207 4508 1309 4546 non
1333 4494 1410 4547 eis
1429 4496 1748 4549 concedatur
1773 4496 1854 4548 ιη.

294 4566 522 4619 teriores
552 4566 857 4618 monasterii
881 4565 1069 4631 januas
1098 4565 1349 4629 introire;
1380 4565 1473 4618 sed
1506 4568 1555 4618 in
1596 4566 1851 4630 oratorio,

292 4645 392 4687 aut
419 4635 470 4687 in
496 4638 739 4699 bosiiitali
763 4634 921 4687 domo
950 4636 1199 4686 reddatur
1224 4636 1326 4689 illis
1353 4637 1520 4689 honor
1541 4647 1594 4690 et
1623 4642 1807 4699 pratia.
1832 4655 1848 4686 ι

295 4705 448 4758 Hauc
484 4717 722 4759 veterum
764 4707 1144 4758 monachorum
1176 4704 1507 4773 disciplinam
1538 4709 1855 4761 confirmant

292 4776 583 4847 concilium
612 4776 960 4830 Toroneuset
994 4775 1151 4847 (Cap.
1186 4776 1287 4845 Π)
1321 4779 1402 4829 his
1441 4779 1621 4829 verbis
1650 4794 1663 4829 :
1703 4797 1719 4827 ι
1745 4778 1856 4831 Mu-

298 4846 400 4899 lier
438 4847 577 4900 intra
608 4855 753 4915 septa
793 4850 1098 4899 monasterii
1139 4847 1442 4901 nullatenus
1480 4847 1697 4903 introire
1736 4864 1857 4916 per-

297 4919 572 4981 mittatur;
598 4919 640 4970 si
664 4918 825 4971 abbas
846 4916 899 4969 in
930 4917 1026 4970 hac
1053 4927 1199 4984 parte
1225 4925 1316 4970 aut
1345 4919 1655 4985 praepositus
1684 4919 1854 4985 negli-

296 5001 435 5057 gens
463 4989 770 5056 apparuerit
796 4988 883 5055 qui
910 5001 1027 5039 eam
1058 4986 1276 5058 viderit,
1302 4996 1357 5041 et
1394 5003 1499 5042 non
1525 4990 1701 5041 statim
1744 4990 1855 5058 eje-

296 5056 457 5121 cerit,
488 5068 995 5112 excommumcetur.
1025 5076 1043 5108 ι
1070 5056 1364 5113 Concilium
1395 5056 1856 5115 Antissiodorerisc

296 5126 470 5190 (Con.
501 5129 641 5199 26):
680 5146 699 5179 ι
728 5128 784 5183 Si
815 5128 930 5196 quis
957 5128 1119 5199 abbas
1149 5128 1422 5182 mulierem
1449 5130 1503 5181 in
1532 5133 1856 5183 monasterio

295 5212 400 5250 suo
422 5196 621 5268 ingredi
642 5198 961 5263 permiserit,
986 5213 1070 5251 aut
1091 5196 1406 5254 festivitates
1427 5199 1631 5268 aliquas
1648 5202 1718 5253 ibi
1733 5214 1853 5268 spe-

297 5279 450 5324 ctare
473 5270 816 5340 praeceperit,
842 5269 1009 5323 tribus
1032 5270 1306 5323 mensibus
1332 5272 1383 5324 in
1411 5271 1513 5324 alio
1531 5273 1854 5326 monasterio

296 5340 625 5409 recludatur,
660 5356 793 5411 pane
818 5349 874 5411 et
901 5355 1036 5408 aqua
1078 5350 1378 5394 contentus.
1406 5359 1425 5392 ι
1468 5340 1725 5396 Similiter
1755 5341 1859 5393 lto-

296 5425 515 5464 manum
570 5409 673 5465 sub
706 5414 763 5467 S.
804 5409 1058 5479 Gregorio
1096 5410 1288 5481 (Apud
1325 5411 1518 5465 Baron.
1560 5427 1682 5464 ann.
1723 5412 1857 5480 60f)

295 5494 454 5535 cavet
481 5501 503 5533 ς
528 5499 594 5536 ne
624 5483 674 5535 in
714 5496 986 5535 servorum
1021 5482 1111 5536 Dei
1137 5482 1431 5536 recessibus
1462 5493 1515 5537 et
1551 5496 1733 5537 eorum
1775 5497 1859 5536 re-

295 5555 591 5619 ceptaculis
630 5555 713 5607 illa
743 5552 1011 5622 popularis
1047 5562 1339 5606 conventus
1379 5556 1677 5622 praebeatur
1703 5567 1858 5605 occa-

297 5626 403 5683 sio,
433 5626 515 5677 vel
545 5626 824 5678 mulierum
853 5622 945 5674 fiat
982 5636 1148 5675 novus
1188 5623 1457 5687 introitus,
1482 5626 1618 5691 quod
1641 5624 1859 5675 omnino

299 5713 408 5748 non
438 5697 644 5765 expedit
674 5694 950 5749 animabus
977 5707 1179 5748 eorum.
1216 5712 1229 5746 i
1262 5695 1396 5749 idem
1423 5696 1563 5764 jubet
1598 5695 1653 5751 S.
1687 5693 1857 5762 ponti-

1923 401 2072 472 (Lib.
2115 417 2165 455 ιν
2208 403 2250 456 ιι

1923 471 2092 542 (Ibid.
2122 474 2211 525 lib.
2241 471 2319 535 nt,
2352 491 2467 543 cap.
2498 471 2631 543 illi),
2663 476 2753 544 qui
2785 476 3007 528 feminas
3036 477 3087 527 in
3127 491 3225 529 suo
3264 473 3498 527 admise»

1923 554 2007 598 rat
2045 546 2401 597 moiiasterio:
2451 545 2657 613 «Hujus
2694 558 2746 598 te
2788 545 3034 612 praecepti
3074 550 3231 607 serie,
3286 545 3487 607 inquit.

1922 629 2346 677 commonemus,
2379 626 2433 667 ιιι
2462 630 2632 684 neque
2659 618 2908 670 ntuliercs
2952 620 3002 669 in
3045 619 3371 670 monasterio
3400 625 3492 668 tuo

1922 685 2179 752 deinceps
2242 687 2476 754 qualibet
2515 692 2796 739 occasione
2836 690 3113 752 permittas
3152 686 3444 740 ascendere
3472 725 3489 748 ,

1924 770 2096 823 neque
2134 755 2424 810 monachos
2464 768 2581 809 tuns
2619 768 2940 809 eommatres
2968 759 3068 810 sibi
3109 759 3318 817 facere;
3370 772 3491 808 nam

1923 827 1968 880 si
1994 827 2095 880 hoc
2132 825 2309 880 denuo
2337 827 2399 880 ad
2437 842 2593 880 aures
2622 837 2834 880 nostras
2866 829 3185 894 pervenerit,
3221 828 3298 880 sic
3330 837 3381 881 te
3407 840 3495 880 se-

1927 897 2224 951 verissimae
2266 896 2481 951 noveris
2520 897 2705 951 ultioni
2757 897 3113 963 subdendum,
3148 908 3205 950 ut
3238 897 3494 949 emenda.

1926 967 2082 1020 tionis
2114 977 2215 1020 tum
2243 969 2518 1037 qualitate,
2542 967 2723 1022 (διωθινί
2762 969 2876 1021 sine
2904 969 3067 1021 dubio
3092 969 3438 1036 corrigantur.
3469 986 3487 1017 ι

1926 1037 1981 1091 ln
2014 1039 2231 1109 antiqua
2272 1039 2434 1092 etiam
2463 1040 2690 1109 formula
2719 1039 2984 1093 condendi
3014 1039 3276 1109 privilegii
3304 1039 3493 1109 statui-

1925 1118 2009 1160 tnr
2049 1108 2268 1176 (Exstat
2309 1110 2442 1163 Suec.
2482 1123 2534 1161 iv
2588 1108 2815 1171 Heneti...
2860 1122 2993 1175 part.
3020 1107 3084 1171 ﬁt,
3153 1107 3274 1178 pag.
3315 1107 3491 1178 744),

1926 1188 1982 1231 ιιι
2015 1198 2031 1229 i
2053 1181 2333 1233 mulierum
2370 1194 2614 1234 accessus
2646 1180 2781 1233 intra
2816 1193 2997 1245 portas
3025 1177 3332 1233 monasterii
3365 1180 3481 1231 nul-

1928 1251 2136 1302 latenus
2166 1252 2277 1303 flat.
2309 1268 2328 1301 ι
2356 1251 2449 1303 His
2478 1251 2724 1303 omnibus
2755 1253 3016 1304 accedunt
3045 1249 3228 1304 civiles
3261 1251 3492 1314 imperu-

1927 1329 2099 1373 torum
2131 1322 2307 1388 leges,
2354 1320 2635 1375 Justiniani
2674 1322 2881 1374 novella
2920 1323 3018 1375 155
3046 1336 3061 1374 :
3094 1321 3255 1373 «Non
3306 1321 3494 1386 ingre-

1926 1393 2141 1444 diantur
2169 1392 2387 1444 omnino
2436 1405 2606 1459 neque
2654 1392 2843 1445 mulier
2882 1393 2935 1444 in
2983 1392 3308 1444 monasterio
3350 1392 3492 1442 viro-

1926 1476 2064 1521 rum,
2099 1478 2269 1530 neque
2312 1466 2389 1514 vir
2419 1462 2471 1515 in
2505 1463 2786 1527 muliebre,
2819 1464 2899 1516 vel
2946 1462 3167 1516 obtentu
3217 1462 3491 1514 memoria:

1933 1532 2085 1603 1.55
2110 1532 2343 1587 defuncti
2382 1534 2492 1586 illic
2524 1534 2803 1591 reconditi.
2835 1534 2917 1585 vel
2945 1535 3015 1585 ob
3042 1533 3199 1585 aliam
3243 1544 3489 1593 causam;

1928 1618 1982 1657 et
2011 1606 2241 1658 proxime
2268 1603 2320 1657 si
2357 1605 2476 1673 quis
2518 1604 2733 1658 fratrem
2785 1606 2937 1666 forte,
2968 1613 3059 1657 aut
3094 1613 3357 1663 sororem,
3404 1614 3494 1651 aut

1930 1680 2230 1743 quempiam
2272 1690 2334 1728 ex
2386 1686 2581 1743 genere
2629 1676 2931 1739 CuttijCtis
2972 1689 3029 1726 se
3077 1674 3129 1727 in
3171 1673 3497 1726 monasterio

1931 1745 2130 1800 habere
2173 1746 2345 1811 dicat;
2393 1746 2675 1798 inonacbis
2724 1747 2919 1798 etenim
2965 1744 3309 1813 cognatioiin
3353 1752 3494 1795 terra

1932 1831 2036 1869 non
2086 1826 2200 1883 est,
2256 1826 2312 1869 ut
2356 1824 2478 1882 pote
2522 1818 2609 1881 qui
2653 1816 2926 1869 cirlcstem
2966 1812 3125 1867 vitam
3172 1812 3438 1867 affectent.
3470 1830 3491 1860 ι

1931 1889 2098 1952 Quam
2134 1888 2301 1955 legem
2329 1888 2488 1938 etiam
2516 1887 2579 1939 ad
2610 1885 2890 1941 defunctos
2911 1885 3171 1951 extendit,
3199 1885 3493 1955 decernens

1857 1706 1904 1764 B

2254 420 2357 472 eg.,
2383 420 2496 470 cap.
2525 404 2655 473 43);
2696 415 2747 458 et
2785 404 2848 457 ad
2882 405 3209 460 Valentinum
3248 404 3494 459 abbatem

1938 1950 2053 2012 {ne
2080 1950 2248 2011 virum
2294 1958 2655 2011 recontluntor
2686 1959 2737 2010 in
2770 1958 3104 2011 muliebrium
3146 1950 3496 2009 monasterio-

1933 2043 2049 2081 rum
2097 2029 2375 2094 sepulcris,
2409 2042 2577 2096 neque
2603 2030 2855 2082 mulieres
2884 2028 2937 2081 in
2968 2028 3199 2081 virorum
3230 2034 3499 2080 monaste-

1934 2101 2028 2152 riis
2053 2113 2145 2153 seu
2178 2099 2454 2151 asceteriis
2478 2100 2833 2152 defodiantur.
2872 2117 2890 2150 ι

2006 2170 2151 2223 Dicta
2208 2169 2461 2223 hactenus
2514 2171 2795 2223 confirmat
2847 2171 3061 2237 antiqua
3116 2167 3497 2221 monachorum

1937 2242 2140 2309 praxis,
2164 2252 2298 2309 quos
2321 2254 2585 2301 nunquam
2619 2241 2668 2293 in
2703 2242 3023 2294 monasterio
3066 2240 3301 2309 feminas
3334 2238 3500 2290 intro-

1934 2307 2148 2365 dnxi~se
2179 2307 2417 2375 constat,
2449 2318 2510 2363 ut
2548 2311 2762 2365 infinitis
2790 2325 2952 2377 prope
2992 2309 3249 2376 exemplis
3272 2307 3502 2360 damon-

1934 2382 2091 2435 strari
2134 2390 2311 2449 posset
2351 2397 2362 2432 :
2414 2381 2521 2433 imo
2569 2380 2806 2434 nonnulli
2844 2396 2910 2434 eo
2952 2379 3218 2449 progressi
3246 2385 3397 2437 sunt,
3442 2386 3501 2427 ot

1938 2464 2036 2505 nec
2064 2452 2308 2506 animalia
2333 2464 2492 2504 Sexus
2522 2450 2781 2514 feminini,
2815 2459 2935 2515 puta
2963 2463 3176 2513 vaccas,
3207 2460 3414 2514 capras,
3447 2455 3503 2499 et

1938 2526 2041 2576 alia
2063 2520 2360 2592 huiusmodi
2385 2522 2572 2574 nutriri
2596 2524 2646 2573 in
2671 2521 3006 2575 monasteriis
3029 2522 3136 2572 Suis
3164 2527 3500 2592 faterentur;

1942 2593 2113 2660 qualis
2136 2590 2238 2646 l‘uit
2265 2594 2323 2645 S.
2349 2594 2496 2645 Plato
2532 2592 2885 2646 Sacundionis
2916 2591 3217 2643 monasterii
3248 2590 3499 2655 hegnme-

1941 2676 2059 2727 nus,
2096 2674 2229 2716 teste
2259 2662 2538 2717 Theodoro
2566 2664 2771 2717 Studita
2801 2662 2850 2715 in
2881 2660 2997 2731 ejus
3028 2661 3140 2714 Vita
3167 2676 3223 2713 ιι.
3249 2661 3345 2721 223;
3376 2668 3509 2731 qua-

1940 2734 2005 2787 lis
2030 2742 2084 2789 et
2122 2734 2237 2801 ipse
2268 2733 2576 2786 Theodorus
2604 2734 2841 2793 Studita,
2875 2729 2934 2786 ut
2966 2732 3145 2785 videre
3184 2737 3267 2785 est
3297 2732 3347 2801 in
3386 2729 3505 2796 ejus

1940 2799 2305 2864 Testamento,
2328 2804 2468 2871 quod
2502 2804 2671 2857 reis-rt
2693 2804 2950 2856 Baronins
2979 2803 3043 2855 ad
3076 2814 3200 2854 ann.
3225 2799 3347 2854 826.

2013 2876 2261 2927 liamdem
2285 2868 2616 2942 diic-plinam
2641 2876 2779 2926 oliio
2800 2875 3027 2939 amplexi
3049 2882 3171 2925 sunt
3191 2868 3506 2942 posteriores

1942 2946 2322 2999 monachorum
2359 2940 2573 2999 ordines
2612 2946 2835 3010 alia'que
2865 2943 3123 3011 re'igiosae
3145 2940 3508 3011 congregatio-

1944 3032 2057 3069 nes.
2094 3018 2236 3069 llanc
2267 3017 2377 3068 suis
2413 3013 2581 3083 Guign
2612 3016 3001 3068 Carthusiensis
3032 3017 3175 3082 prior
3214 3012 3509 3081 praescribit

2723 3102 2736 3137 :
2771 3104 2791 3134 ι
2824 3085 3069 3138 Mulieres
3090 3124 3103 3146 ,
3147 3083 3398 3137 terminos
3431 3083 3511 3133 in-

1944 3168 2085 3211 trare
2132 3152 2342 3210 nostros
2390 3152 2717 3224 nequaquam
2747 3156 2993 3218 sinimus,
3022 3156 3250 3208 scientes
3279 3152 3511 3224 necSa-

1947 3229 2199 3293 pientem,
2234 3240 2331 3280 nec
2357 3222 2695 3294 Prophetam.
2718 3242 2815 3279 nec
2835 3226 3097 3293 .Iutlicem,
3130 3238 3226 3277 nec
3250 3222 3515 3290 hospitem

1946 3299 2061 3360 Dei,
2094 3311 2193 3350 nec
2223 3297 2392 3364 filios,
2441 3311 2540 3350 nec
2584 3298 2755 3363 ipsum
2799 3297 2889 3350 Dei
2942 3296 3225 3348 formatum
3272 3294 3513 3347 manibus

1945 3369 2326 3439 protoplastum
2364 3368 2597 3432 potuisse
2625 3366 2907 3420 blanditias
2935 3367 3162 3439 evadere
3197 3373 3253 3420 et
3299 3364 3511 3439 fraudes

1948 3435 2323 3493 inulie’rmn....
2356 3439 2464 3491 Nec
2496 3451 2651 3501 posse
2691 3439 2955 3490 hominem
2987 3447 3076 3489 aut
3105 3438 3277 3505 ignem
3311 3435 3362 3488 in
3393 3436 3517 3486 sinu

1946 3511 2276 3563 abscondere
2321 3517 2381 3561 ut
2425 3511 2741 3561 vestimenta
2787 3506 2927 3561 illius
2980 3521 3084 3559 non
3132 3506 3377 3568 ardeant,
3422 3516 3515 3556 aut

1947 3580 2222 3634 ambulare
2266 3592 2426 3647 snper
2471 3593 2664 3646 prunas
2714 3578 2908 3646 plantis
2960 3576 3181 3641 ilfzesis,
3225 3586 3314 3628 aut
3346 3580 3513 3647 picem

1949 3661 2200 3719 tangere,
2245 3644 2345 3703 nec
2381 3644 2669 3713 Inquinari.
2708 3644 2727 3701 ι
2778 3648 2844 3701 Ει
2882 3662 3034 3719 nova
3054 3644 3513 3719 Cartliusiensium

1948 3714 2152 3775 Staiuta
2199 3720 2475 3791 (Secunda,
2509 3729 2668 3791 para,
2720 3735 2765 3772 ε.
2818 3719 2870 3781 6,
2909 3734 2963 3791 η.
3010 3716 3165 3791 _2‘2)_:
3213 3735 3230 3767 ι
3260 3714 3515 3768 Omnibus

1951 3784 2434 3861 personis'ordinis
2468 3784 2799 3861 inbibemus,
2839 3804 2907 3843 ne
2948 3784 3088 3861 infra
3111 3784 3388 3840 domorum
3419 3799 3514 3861 no-

1951 3857 2179 3915 strorum
2211 3861 2515 3924 clausurus,
2544 3859 2625 3912 vel
2654 3860 3015 3913 clausurarum
3052 3859 3387 3910 limitationei
3414 3857 3515 3908 Τυδ-

1951 3932 2083 3987 satis
2118 3931 2201 3985 vel
2247 3931 2415 4000 signis
2468 3930 2867 3997 quibuscunqne
2917 3930 3219 3997 designatas
3271 3927 3517 3979 utiliores

1954 4002 2155 4071 ingredi
2185 4007 2519 4070 permittant;
2560 4002 2652 4054 sed
2698 4002 2869 4067 potius
2899 4015 3149 4069 quantum
3184 4009 3443 4071 poterunt
3458 4012 3516 4048 se

1953 4066 2244 4142 opponant,
2275 4084 2328 4127 et
2375 4072 2678 4133 defendant,
2702 4066 2958 4142 quantum
3002 4072 3052 4122 in
3078 4072 3156 4124 eis
3185 4066 3265 4123 est
3287 4111 3300 4133 ,
3334 4078 3399 4120 ne
3435 4066 3517 4142 iu-

1955 4140 2123 4203 ti-‘ent;
2152 4145 2240 4213 qui
2271 4158 2398 4197 vero
2426 4140 2747 4211 culpabiles,
2776 4141 2857 4195 vel
2881 4143 3203 4208 negligentes
3234 4141 3426 4192 fuerint
3467 4140 3525 4190 ιιι-

1958 4217 2265 4280 irremissis,
2295 4216 2337 4267 si
2370 4217 2571 4281 priores
2602 4213 2829 4277 fuerint,
2861 4213 2967 4265 sint
3014 4222 3166 4265 extra
3208 4214 3362 4263 sedes
3397 4224 3519 4261 SUJS

1958 4287 2153 4348 ubique
2181 4287 2231 4337 in
2257 4295 2520 4337 cmtvcntu
2554 4298 2717 4351 usque
2746 4285 2810 4336 ad
2841 4296 3071 4351 sequens
3109 4282 3391 4349 capitulum
3431 4294 3518 4343 ae-

1960 4356 2157 4413 nerale.
2191 4357 2242 4407 in
2278 4370 2381 4421 quo
2424 4356 2582 4407 etiam
2612 4355 2839 4407 clament
2868 4357 3051 4419 culpas
3087 4366 3239 4413 suas;
3271 4351 3519 4421 aliivisro

1958 4426 2022 4479 de
2047 4425 2235 4479 ordine
2265 4419 2432 4493 usque
2462 4425 2525 4477 ad
2556 4426 2692 4476 idem
2720 4426 3005 4494 capitulum
3036 4424 3141 4477 sint
3168 4423 3219 4475 in
3247 4419 3519 4494 disciplina

1956 4497 2212 4563 generali,
2244 4502 2299 4548 et
2326 4492 2674 4560 ubizdientias,
2708 4494 2753 4547 si
2784 4492 2998 4557 habent,
3027 4494 3287 4548 amittant.
3323 4510 3342 4542 ι
3381 4492 3521 4543 Idem

1958 4574 2215 4620 renovant
2245 4568 2310 4633 (tt
2343 4576 2501 4633 βίη-ιη
2528 4580 2574 4617 c.
2615 4565 2706 4629 ‘20,
2754 4578 2805 4617 η.
2838 4566 2900 4633 ὅ)
2931 4567 2980 4617 in
3029 4576 3162 4617 novit
3211 4563 3520 4615 collectione

1958 4645 2271 4689 statutorum
2300 4636 2517 4689 Parisiis
2548 4637 2802 4702 impressa
2841 4652 2979 4687 anno
3014 4635 3181 4698 1582,
3214 4633 3521 4699 prttllil)-‘ltl->

1958 4722 2061 4773 que
2128 4709 2444 4759 auctoritate
2494 4721 2820 4758 sunniiormn
2865 4706 3167 4770 pontificum
3217 4702 3339 4756 .Iulii
3385 4702 3422 4753 ll
3471 4708 3521 4754 et

1960 4778 2036 4830 l’ii
2090 4777 2150 4840 V,
2190 4795 2207 4826 ι
2247 4777 2347 4829 sub
2387 4777 2556 4844 paruis
2604 4778 2914 4842 privationis
2967 4775 3261 4827 officiorum
3292 4788 3408 4840 qua:
3470 4773 3520 4823 iu

1962 4848 2242 4916 przesentia
2273 4848 2537 4911 obtinent,
2571 4853 2624 4900 et
2668 4847 3014 4899 inhabilitatis
3060 4847 3112 4897 in
3154 4852 3424 4916 posterum
3454 4844 3520 4894 ad

1960 4915 2047 4970 illa
2077 4928 2129 4971 et
2150 4918 2217 4970 ad
2251 4918 2349 4970 alia
2378 4921 2576 4977 omnia,
2609 4929 2662 4969 et
2706 4917 3069 4984 suspensionis
3115 4931 3142 4967 ιι
3187 4915 3380 4966 tlivuiis
3409 4915 3523 4981 ipso

1957 4990 2095 5042 facto
2136 4991 2253 5042 sine
2294 4988 2391 5041 alia
2439 4987 2796 5041 declarations
2846 4985 3197 5040 ineinrendis.
3233 5004 3250 5035 ι
3282 4986 3388 5037 Nec
3428 4987 3523 5036 iiii-

1960 5075 2057 5113 uus
2098 5061 2267 5111 severi
2312 5058 2557 5112 videntur
2593 5058 3003 5121 Cistercieines,
3039 5071 3158 5110 cum
3200 5056 3251 5109 in
3293 5057 3524 5123 antiquis

1957 5129 2352 5183 definitionibus
2401 5128 2516 5182 lucc
2555 5129 2792 5182 scribant
2828 5126 2985 5198 (Dial.
3012 5127 3064 5189 5,
3096 5143 3211 5192 cap.
3245 5128 3298 5194 5)
3338 5142 3352 5179 :
3387 5141 3405 5175 t
3444 5126 3524 5177 ln-

1957 5214 2170 5267 gressus
2199 5200 2478 5253 mulierum
2511 5200 2643 5251 intra
2672 5210 2819 5267 septa
2849 5201 3176 5251 abbatiarum
3216 5210 3519 5267 nostrarum

1958 5266 2174 5322 omnino
2198 5270 2551 5332 interdicitur,
2582 5269 2677 5322 nisi
2704 5266 2863 5339 snper
2894 5270 2993 5323 hoc
3017 5269 3213 5322 domini
3239 5280 3387 5335 papa:
3414 5266 3522 5333 pri-

1963 5342 2206 5407 vilegium
2240 5341 2517 5393 habuerint
2548 5341 2795 5407 special»,
2820 5351 3049 5409 excepto
3079 5340 3238 5409 quod,
3261 5353 3379 5390 cum
3412 5348 3524 5389 ma-

1958 5411 2045 5477 jor
2068 5412 2288 5464 ecclesia
2322 5412 2527 5465 naviter
2555 5410 2857 5476 dedicatur,
2890 5426 2981 5479 per
3006 5422 3193 5464 novem
3223 5410 3334 5461 dies
3362 5420 3523 5461 eausa

1961 5482 2257 5534 devotionis
2290 5481 2568 5534 ecclesiam
2594 5480 2811 5534 vi~itarc
2838 5492 3110 5550 putarunt;
3136 5481 3226 5533 scd
3255 5490 3521 5550 nunquam

1963 5562 2086 5604 tunc
2112 5552 2193 5605 vel
2222 5551 2349 5603 alias
2379 5552 2655 5605 occasione
2683 5549 2854 5620 aliqua
2886 5554 3018 5605 intra
3050 5562 3194 5619 septa
3220 5549 3522 5605 manasrcrii

1966 5633 2275 5688 pi-rnoctarc
2315 5622 2517 5674 :siutbi
2571 5632 2751 5673 contra
2788 5632 3163 5688 [irrcsumntum
3199 5620 3379 5679 fuerit,
3409 5620 3520 5672 dis—

1969 5693 2341 5762 coopcriantur
2371 5693 2576 5758 altaria,
2606 5706 2652 5746 ct
2687 5694 2927 5747 divttzu'u
2962 5696 3190 5746 (illl'l'lttl
3225 5713 3271 5745 ιιι
3298 5706 3432 5750 nis.
3466 5695 3553 5745 iu'
