3952 6182
416 244 518 292 διδ

1760 243 1815 298 8.
1849 243 1918 297 Ῥ.
1964 242 2314 297 ΒΕΧΕΟΙΕΤΙ

3557 238 3591 291 5
3606 233 3661 290 ιι

414 373 573 422 ηιι.ιιιι
609 356 826 424 pateh't.
858 374 875 406 ι
913 354 1060 420 Quod
1092 354 1158 408 de
1187 355 1410 413 ecclesia
1437 353 1845 423 intelligendum
1870 367 1990 407 esse
2022 355 2071 412 Α
2097 352 2379 424 aiidebat.i
2407 352 2512 408 Nec
2530 350 2778 423 deinceps
2801 352 2850 408 id
2870 353 3189 422 permissum
3212 362 3287 406 est
3310 352 3660 424 adismculuin

417 427 755 483 minifestum
788 436 867 479 est
893 442 961 479 cx
997 426 1089 479 lib.
1123 425 1328 485 Mirum.
1361 442 1413 477 ιι.
1452 425 1540 478 l2.

490 499 543 551 In
576 498 953 551 Landeveneco
984 500 1143 550 etiam
1178 495 1500 548 monasterio
1532 494 1673 546 idem
1716 494 1881 561 viguit
1913 494 1988 547 fe-

416 568 579 623 minis
608 567 970 632 interdictum,
1004 568 1153 637 161
1186 575 1416 637 testante
1440 566 1497 621 8.
1534 564 1857 637 Winwaloci
1882 567 1988 617 vita

424 640 579 693 tertia
632 638 770 706 apud
805 635 1150 698 Bollanilitoi,
1177 638 1227 690 in
1252 635 1406 705 cujus
1438 654 1492 689 ιι.
1524 637 1557 688 ii
1591 636 1704 687 lucc
1745 636 1991 706 leguntur

420 707 586 775 (Ball.
619 704 870 773 ollim.)
904 726 916 759 :
956 726 973 758 ι
1012 706 1178 777 llnjus
1209 704 1448 761 loci'ltoc
1479 706 1827 777 privilegium
1854 704 1989 769 fuit,

422 788 477 832 ut
505 795 568 833 ex
615 793 720 847 quo
770 788 944 833 tentus
988 775 1338 845 estprimum
1370 794 1397 830 a
1444 777 1642 830 sanctis
1676 775 1769 828 Dei
1818 776 1931 844 lege
1961 792 1989 827 a

418 850 478 904 8.
512 848 839 917 Gningaloen
866 852 1093 907 sancita,
1125 848 1388 902 femineus
1417 848 1562 899 illutn
1610 860 1877 915 nunquam
1908 857 1991 899 te-

420 930 651 974 tucraret
680 920 950 973 introitus.
981 939 999 971 ι
1034 919 1175 973 ldetn
1200 921 1266 972 de
1290 919 1477 971 Dceusi
1509 918 1758 971 cmuohio
1783 926 1992 970 constat

420 1006 486 1044 ex
522 989 857 1043 Ermeniario
888 990 940 1043 in
976 991 1194 1043 historia
1230 988 1591 1043 translationis
1638 988 1693 1040 S.
1729 986 1989 1052 Filiherti,

419 1060 485 1113 ad
530 1060 839 1127 przcdictuui
874 1063 1257 1113 monasterium
1289 1062 1427 1112 circ.i
1461 1058 1692 1111 medium
1736 1058 1992 1113 saeculum

421 1146 620 1184 nonum
671 1130 824 1184 facta:
852 1131 1014 1195 (ch.
1045 1146 1093 1183 tv
1125 1128 1317 1183 aned.
1373 1138 1507 1195 part.
1539 1133 1600 1192 tl,
1634 1129 1685 1181 in
1717 1142 1817 1196 qua
1848 1146 1863 1178 ι
1897 1128 1991 1182 dn-

423 1202 621 1255 bitatur
650 1210 825 1254 utrum
861 1200 1122 1256 femineus
1152 1215 1313 1257 sexus
1343 1215 1462 1254 cum
1511 1198 1721 1252 enitet-is
1752 1199 1994 1253 lidelibus

420 1270 630 1325 admitti
672 1272 863 1325 debeat
887 1313 903 1334 ,
952 1287 1122 1325 necne
1146 1310 1160 1332 ,
1197 1281 1253 1323 ut
1285 1282 1406 1338 pote
1444 1269 1599 1337 cujus
1641 1268 1994 1337 frequentatio

423 1353 709 1411 poStquzitn
738 1342 983 1396 monachi
1017 1343 1083 1395 ibi
1118 1342 1360 1395 habitare
1386 1350 1683 1405 coeperant.
1711 1340 1849 1411 nulla
1881 1356 1995 1393 oin-

421 1410 555 1466 nino
572 1410 893 1468 exstitisset.
927 1413 1347 1477 Decerniturque
1376 1412 1572 1464 saniori
1615 1410 1841 1464 consilio
1868 1426 1998 1479 qua-

422 1492 580 1537 tenus
630 1497 880 1536 accessus
923 1484 1004 1539 eis
1050 1483 1348 1536 communis
1403 1482 1666 1535 tribuatur
1716 1495 1883 1549 usque
1929 1481 1995 1535 ad

423 1552 626 1675 (ll/X218“
650 1569 784 1675 oleam
815 1557 970 1608 unius
998 1555 1142 1620 anni,
1179 1573 1195 1604 ι
1230 1553 1399 1622 inquit
1425 1550 1790 1605 Ermentarius
1818 1568 1872 1606 ιι.
1904 1552 1992 1609 50.

479 1641 494 1675 ι
534 1640 561 1675 e
590 1640 641 1675 ιι.
683 1641 698 1675 ι
751 1664 763 1675 .

479 1624 561 1677 ide
590 1640 641 1677 ιι.
675 1624 763 1677 72.

495 1694 612 1749 Jun
644 1709 771 1748 vero
800 1697 843 1749 si
874 1694 1096 1763 gradum
1130 1692 1386 1748 faciamus
1420 1693 1484 1747 ad
1515 1702 1693 1748 nostra
1726 1692 1991 1747 Norman-

423 1765 526 1818 nia:
550 1775 601 1819 et
631 1763 890 1820 Picardiaa
919 1764 1264 1829 monasteria,
1291 1765 1429 1819 idem
1454 1765 1749 1819 institutum
1775 1765 1824 1817 in
1854 1781 1991 1832 pra-

424 1836 595 1905 cipuis
627 1846 896 1905 receptum
951 1837 1115 1889 fuisse
1166 1850 1269 1888 non
1316 1837 1489 1889 minus
1518 1834 1817 1897 constabit,
1850 1846 1905 1888 ut
1934 1836 1987 1890 in

426 1904 823 1961 Fontanellensi
846 1906 1316 1973 S.Wandregisili,
1337 1908 1385 1959 in
1412 1905 1756 1960 Madriacensi
1777 1906 1832 1959 S.
1865 1905 1991 1961 Leu-

426 1975 588 2041 fredi,
618 1976 670 2031 in
713 1976 1041 2031 Flaviacensi
1070 1980 1128 2032 8.
1160 1977 1455 2032 Geremari.
1492 1976 1564 2031 De
1598 1976 1990 2031 Fontanellensi

429 2048 530 2100 etsi
563 2063 665 2101 non
698 2049 768 2101 ita
813 2050 1059 2112 eluceat,
1091 2059 1266 2101 tamen
1310 2064 1416 2101 non
1456 2048 1680 2100 obscure
1726 2046 1993 2114 colligitur

425 2132 492 2171 ex
526 2118 616 2171 lib.
643 2118 759 2173 Μὶν.
785 2119 842 2174 8.
868 2118 1247 2187 Wandrcgisili
1268 2133 1385 2182 cap.
1417 2133 1467 2183 t,
1501 2117 1556 2170 in
1586 2132 1687 2186 quo
1711 2117 1899 2171 mulier
1927 2134 1990 2173 et

427 2202 567 2257 pago
589 2188 859 2243 Caletensi
882 2191 950 2243 ob
974 2191 1224 2243 violatum
1254 2189 1368 2242 festi
1402 2188 1507 2241 diei
1531 2188 1588 2240 8.
1618 2187 1992 2256 Wandregisili

429 2259 743 2327 religionem
772 2262 1024 2314 divinitus
1052 2261 1255 2323 punita,
1286 2278 1303 2311 ‹
1336 2259 1576 2327 poposcit
1603 2273 1660 2312 se
1682 2258 1846 2312 ﬂebili
1875 2275 1992 2314 cum

429 2342 563 2383 voce
589 2331 653 2382 ad
687 2330 743 2384 S.
778 2331 956 2385 Maria:
986 2331 1279 2394 basilicam,
1307 2345 1426 2398 qua:
1453 2330 1623 2383 vicina
1651 2340 1768 2382 erat
1799 2328 1996 2383 Fonta—

430 2401 588 2471 nellze
616 2401 881 2464 ctenobio,
916 2401 1138 2471 ejusque
1167 2400 1384 2455 ditionis
1424 2399 1671 2465 perduci,
1714 2419 1731 2450 ι
1766 2414 1996 2467 euntque

430 2469 489 2525 8.
522 2472 846 2526 confessoris
877 2469 1160 2526 ecclesiam
1205 2471 1503 2540 aspexisset
1532 2483 1716 2524 sanna
1746 2481 1849 2525 est.
1898 2472 1993 2526 Ut-

429 2540 558 2609 quid
604 2545 746 2598 enim
795 2542 851 2599 S.
888 2542 1261 2611 Wandt'egisili
1311 2541 1662 2610 patroiiuiuin
1711 2553 1990 2609 rogatttra,

432 2625 538 2664 non
570 2613 685 2678 ejus
716 2614 768 2667 in
795 2615 1099 2674 ocelesiatn.
1134 2610 1243 2667 sed
1273 2613 1325 2666 in
1365 2611 1425 2666 Β.
1470 2612 1651 2667 Mariae
1682 2611 1909 2665 vicinam
1937 2627 1997 2667 se

432 2681 554 2735 duci
588 2685 775 2750 poscit,
806 2685 907 2739 nisi
936 2684 1059 2749 quia
1082 2683 1292 2739 feminis
1313 2691 1429 2737 erat
1455 2682 1765 2737 inaccessa?
1788 2682 1861 2736 De
1889 2685 1998 2738 Ma-

436 2751 701 2806 drincensi
735 2770 819 2809 res
848 2757 978 2808 citra
1001 2754 1419 2809 controi'ersiam
1449 2770 1569 2809 esse
1597 2754 1754 2808 debet
1782 2768 1847 2809 ex
1874 2754 1992 2810 Μὶν.

433 2822 493 2874 8.
526 2820 771 2896 Letifredi
801 2838 919 2896 cap.
960 2826 995 2879 4
1026 2824 1183 2896 (δατ.
1220 2839 1308 2887 ιιι,
1358 2836 1489 2891 ραι-ι.
1523 2839 1668 2896 t,_p.
1711 2822 1859 2896 595),
1907 2826 1995 2880 tibi

442 2911 461 2942 ι
503 2894 696 2947 femina
724 2909 863 2949 cmca
904 2894 1052 2961 juxta
1107 2898 1483 2948 monasterium
1533 2894 1825 2948 adveniens
1875 2912 1994 2950 cum

436 2966 779 3033 cognovisset
809 2966 1007 3020 nulloin
1038 2965 1238 3021 aditum
1269 2965 1477 3019 feminis
1509 2966 1635 3019 illuc
1665 2964 1997 3032 ingrediendi

439 3041 623 3102 patere
647 3079 662 3102 ,
710 3036 857 3091 misit
898 3035 1173 3091 candelam
1214 3035 1280 3089 ad
1313 3038 1621 3089 memoriam
1654 3034 1750 3090 viri
1778 3034 1871 3090 Dei
1902 3052 1997 3103 per

2026 1730 2075 1789 B

2099 437 2268 490 usque
2318 423 2583 481 decimum
2634 433 2907 493 quartum.
2968 424 3203 490 Denique
3255 424 3320 476 de
3376 423 3662 493 inutiii-usi

2098 503 2322 546 testatur
2350 494 2635 549 Folcuinus
2660 492 2717 549 in
2751 495 2888 548 libro
2914 496 2982 548 de
3024 494 3202 552 Gestis
3229 493 3477 547 abbatum
3524 492 3665 547 Lnn-

2102 562 2394 635 biensium,
2428 580 2547 635 cap.
2581 563 2613 617 4
2639 567 2851 629 (Spicil.
2883 575 3005 619 tom.
3048 564 3170 632 γι),
3215 566 3265 617 iii
3310 566 3661 633 princip-lem

2096 634 2153 686 S.
2172 634 2309 687 Petri
2335 634 2605 689 basiliCam
2630 636 2869 690 illicitum
2896 637 3079 697 fuisse,
3106 635 3205 689 ni~i
3232 647 3381 690 certo
3400 645 3664 698 tempore,

2097 703 2309 775 fettiinis
2339 720 2647 767 accessum.
2692 706 2744 762 id
2781 707 2922 775 quod
2971 705 3208 760 Folcuini
3259 715 3497 772 tempore
3521 746 3537 768 ,
3570 708 3662 770 Qui

2096 773 2393 846 obiitanno
2418 776 2544 839 990,
2569 777 2745 832 adhuc.
2794 773 2919 830 usus
2963 777 3236 833 nhtinehat
3273 790 3288 828 :
3333 786 3667 846 quapropter

2096 844 2472 917 S.AUrsmarus
2496 847 2653 904 aliam
2679 848 2731 901 in
2764 849 2959 902 montis
2981 848 3258 913 verticem,
3286 844 3537 917 adquam
3567 861 3667 916 po-

2098 914 2249 984 pulus
2281 916 2551 973 Continere
2579 929 2777 984 posset,
2808 918 3129 971 construxit.

2170 985 2498 1059 Eamdemjn
2520 989 2706 1059 anglia
2740 989 2968 1059 viguisse
2998 987 3668 1056 consuetudinem,agento

2097 1057 2396 1123 praesertim
2425 1057 2480 1112 8.
2505 1057 2818 1122 Cuthberto,
2842 1060 3055 1127 egregio
3081 1059 3320 1127 Turgotti
3354 1059 3669 1114 testimonio

2096 1130 2473 1194 comprobatur
2491 1131 2544 1181 in
2563 1130 2697 1183 libro
2715 1144 2749 1183 ιι
2771 1130 3014 1183 Historia:
3031 1128 3424 1193 Dunelmensir,
3438 1144 3554 1191 cap.
3577 1131 3665 1192 l7,

2097 1196 2282 1265 inquo
2328 1199 2403 1251 sic
2456 1200 2726 1266 loquitur:
2766 1218 2784 1250 ι
2826 1201 2877 1253 lu
2909 1201 3106 1253 nullam
3142 1214 3275 1266 pene
3317 1200 3667 1255 ecclesiarum

2096 1282 2229 1340 quas
2251 1268 2526 1322 confessor
2552 1271 2733 1324 beatos
2760 1271 2840 1340 (S.
2866 1270 3206 1336 Cuthhertus)
3238 1272 3353 1324 sive
3382 1281 3525 1332 ante,
3550 1271 3669 1326 sive

2098 1336 2150 1409 in
2176 1346 2412 1407 tempore
2433 1340 2589 1407 fugze,
2609 1342 2688 1394 vel
2716 1336 2853 1407 post,
2869 1348 2946 1395 sui
2970 1342 3102 1393 sacri
3119 1340 3359 1407 corporis
3381 1343 3670 1409 praesentia

2096 1406 2407 1480 illustravit,
2434 1406 2537 1463 ulla
2581 1406 2747 1480 usque
2779 1413 2935 1466 hodie
2963 1410 3175 1465 feminis
3199 1406 3319 1465 esse
3347 1406 3559 1465 constat
3591 1416 3671 1466 in-

2098 1479 2273 1532 trandi
2307 1479 2536 1534 licentia.
2566 1500 2583 1532 »
2615 1479 2811 1535 Deinde
2836 1496 3047 1535 causam
3080 1482 3244 1539 l'i'dtlil
3270 1498 3284 1543 ;
3312 1491 3421 1536 tum
3446 1481 3665 1537 subdit:

2104 1566 2122 1598 ι
2159 1550 2417 1605 Omnibus
2473 1567 2598 1620 ergo
2628 1562 2680 1606 et
2708 1553 2838 1606 viris
2879 1562 2932 1611 et
2962 1551 3172 1607 feminis
3210 1553 3670 1608 consentientibus

2098 1632 2257 1691 omne
2294 1622 2407 1676 suis
2435 1632 2490 1676 et
2518 1622 2570 1675 in
2604 1626 2847 1688 praesenti
2892 1635 2945 1677 et
2972 1632 3088 1686 post
3118 1622 3307 1677 futuris
3339 1624 3670 1691 temporibus

2101 1689 2356 1745 muliebre
2380 1693 2648 1747 interdixit
2667 1694 3014 1753 consortium,
3035 1708 3320 1758 earumque
3338 1696 3405 1749 ab
3424 1689 3671 1749 ecclesiae

2100 1774 2208 1813 sua:
2232 1761 2471 1827 ingressu
2493 1765 2701 1830 penitus
2720 1765 2920 1818 amovit
2941 1764 3238 1820 introitum.
3257 1763 3405 1820 Unde
3426 1767 3479 1819 in
3498 1765 3671 1820 insula

2099 1831 2241 1885 sedis
2269 1833 2587 1902 episcopalis
2611 1836 2727 1900 ejus
2759 1835 2889 1889 facta
2922 1834 3265 1895 ecelesia.....
3294 1835 3452 1902 jussit
3490 1845 3548 1893 ιιι
3579 1836 3673 1889 illo

2098 1902 2289 1957 missas
2311 1912 2365 1956 et
2386 1906 2605 1957 verbum
2628 1905 2717 1960 Dei
2743 1907 3274 1961 aniliturzc'mulieres
3296 1905 3669 1970 convenirent,

2098 1988 2165 2029 ne
2196 1974 2414 2040 propius
2444 1974 2707 2041 eccle~i:e,
2736 1976 2785 2029 in
2810 1993 2907 2044 qua
2941 1976 3053 2040 ipse
3076 1990 3196 2032 cum
3229 1978 3503 2030 monachis
3533 1990 3670 2031 con~

2096 2045 2430 2107 versabatur,
2460 2061 2688 2113 unquam
2710 2047 3043 2105 accederent.
3068 2050 3197 2111 Quae
3217 2048 3548 2101 consuetudo
3578 2064 3672 2100 us-

2097 2128 2201 2185 que
2241 2114 2397 2185 hodie
2444 2117 2731 2183 diligenter
2760 2118 3094 2181 observatur,
3131 2119 3179 2173 in
3214 2125 3443 2177 tantum.
3476 2134 3527 2169 ut
3564 2134 3599 2171 ιι
3622 2120 3669 2173 si

2099 2193 2271 2239 metus
2297 2184 2503 2241 hostilis
2520 2192 2601 2239 vel
2628 2190 2991 2243 concrematio
3022 2190 3121 2241 loci
3142 2190 3446 2252 compellat,
3484 2203 3586 2242 nec
3612 2190 3665 2242 in

2100 2256 2404 2309 cuztneteiia
2429 2258 2641 2324 quidem
2668 2260 2898 2325 ipsarum
2931 2261 3296 2317 ecclesiarum,
3323 2259 3407 2313 nhi
3438 2258 3502 2313 ad
3534 2270 3675 2313 teni-

2102 2341 2199 2392 ptts
2238 2338 2433 2398 corpus
2471 2328 2586 2398 ejus
2612 2331 2817 2398 requiei
2832 2340 2977 2391 erat,
3013 2329 3322 2385 tnulietihus
3349 2329 3575 2384 introire
3607 2332 3674 2383 li-

2100 2403 2237 2455 ceat.
2270 2413 2286 2445 ι
2317 2396 2440 2450 Haec
2465 2396 2748 2464 Torgottus
2770 2400 2870 2453 sub
2894 2401 3049 2453 finem
3078 2399 3257 2454 swculi
3295 2415 3348 2453 ιιι
3375 2399 3668 2454 Scribebat.

2101 2466 2205 2538 ﬁed
2229 2468 2485 2538 pneclara
2507 2480 2629 2523 sunt
2651 2486 2712 2525 ea
2742 2487 2858 2538 qua:
2879 2471 2946 2523 de
2968 2471 3312 2524 Thorticiensi
3337 2473 3671 2525 monasterio

2102 2536 2267 2611 refert
2296 2536 2610 2594 Gnillelmus
2654 2536 3090 2595 ilalineshuriens
3111 2556 3138 2593 s
3171 2540 3306 2611 (Lib.
3338 2556 3388 2594 tv
3418 2544 3480 2593 de
3510 2540 3667 2596 Pam.

2101 2608 2278 2677 βίηφι,
2299 2616 2390 2680 sub
2422 2611 2573 2679 ﬁre):
2602 2630 2619 2665 ι
2651 2611 2721 2665 Ilii
2744 2612 2973 2666 solitudo
2998 2608 3261 2680 ingens‘ad
3287 2613 3520 2679 quietem
3544 2616 3669 2668 data

2102 2679 2396 2747 tuoiiachis,
2425 2690 2479 2734 nt
2508 2696 2573 2737 eo
2598 2686 2833 2737 tenacius
2860 2679 3096 2736 tumeant
3120 2682 3352 2748 ειιμιιιίε.
3376 2698 3481 2749 quo
3504 2696 3669 2735 casti-

2101 2750 2272 2817 gatius
2297 2753 2553 2807 mortales
2582 2754 2980 2819 conspicamur.
3005 2752 3222 2807 Femina
3252 2757 3295 2808 si
3327 2754 3399 2806 ibi
3430 2754 3668 2818 videtur.

2102 2832 2326 2895 monstro
2344 2822 2568 2895 habetur
2586 2840 2599 2884 ;
2623 2826 2855 2879 maribus
2875 2824 3275 2879 advenientibus
3294 2824 3444 2893 quasi
3458 2826 3672 2895 angelis

2102 2891 2387 2959 plauditur.
2412 2892 2677 2949 Caeterum
2703 2895 2777 2951 ibi
2809 2916 2820 2947 i
2844 2895 2983 2950 ullus
3012 2894 3112 2949 nisi
3140 2891 3512 2951 momentanee
3534 2891 3675 2950 con-

2103 2971 2363 3019 γειειιιυν.
2396 2982 2415 3014 ι

2175 3031 2341 3105 Quam
2362 3034 2411 3105 i_u
2436 3034 2619 3104 Anglia
2644 3034 2891 3091 hauserat
2909 3036 3241 3105 disciplinam
3263 3036 3318 3091 8.
3337 3035 3667 3101 Bonifacius,

440 3096 723 3174 quemdam
767 3108 1057 3163 hominem.
1090 3126 1108 3158 ι
1146 3106 1210 3160 Et
1239 3106 1293 3159 in
1323 3108 1437 3175 ejus
1468 3106 1568 3159 vita
1601 3121 1655 3164 ιι.
1696 3106 1728 3159 6
1751 3149 1764 3168 ,
1801 3107 1852 3161 in
1884 3096 2000 3160 loco
2029 3096 2074 3157 C
2108 3096 2243 3157 banc
2272 3103 2320 3159 ii
2352 3096 2690 3160 Germaniam
2725 3107 2842 3173 prof
2873 3121 2989 3162 ctus
3021 3096 3131 3171 ,'in
3178 3108 3516 3162 monasteriis
3545 3124 3572 3158 a
3606 3096 3668 3163 se

443 3178 797 3243 pnsSessiouis
842 3193 954 3231 suae
995 3179 1285 3231 oratorium
1333 3178 1508 3231 adlmc
1554 3178 1720 3231 laicus
1750 3178 2002 3233 statuiSSe

443 3247 656 3312 dicitur,
684 3266 703 3300 ι
740 3249 827 3302 ubi
865 3249 1039 3302 nullos
1084 3248 1331 3302 introitus
1370 3262 1468 3302 nec
1498 3262 1744 3301 acre~sus
1791 3247 2001 3303 feminis

440 3317 689 3373 dabatur.
725 3337 743 3370 ι
777 3319 1033 3374 Similiter
1063 3321 1129 3371 de
1158 3318 1503 3379 Flavincensi.
1533 3319 1584 3372 iii
1614 3334 1721 3386 quo
1749 3319 1807 3373 8.
1840 3317 2001 3374 Gere-

444 3402 626 3441 marns
677 3391 960 3445 ecclesiam
1011 3406 1077 3443 ex
1128 3388 1279 3458 jussu
1312 3391 1485 3458 angeli
1535 3391 1870 3456 cnnstruxit,
1907 3392 2003 3443 hac

447 3461 775 3527 conditione,
804 3472 854 3515 ut
896 3478 914 3513 ι
953 3462 1264 3513 mulieribus
1295 3462 1470 3513 nullus
1514 3476 1748 3526 unquam
1791 3469 1854 3515 ad
1883 3476 2001 3515 eam

444 3544 695 3584 accessus
723 3530 941 3599 patebit,
973 3551 992 3582 ι
1027 3530 1196 3597 inquit
1223 3528 1353 3583 Vitze
1376 3545 1625 3598 scriptor,
1650 3548 1702 3583 ιι.
1731 3531 1815 3585 94.
1845 3533 2003 3583 διηυ-

444 3602 547 3653 lein
578 3602 909 3667 disciplinam
935 3603 986 3655 in
1028 3617 1126 3656 suo
1154 3603 1482 3655 monasterio
1514 3602 1804 3655 instituisse
1835 3603 2004 3656 Elizav

442 3672 574 3725 char
597 3672 841 3727 abbatem
872 3673 1249 3727 Centnlensetn
1276 3680 1460 3725 auctor
1502 3680 1585 3726 est
1624 3686 1920 3741 anouyinus
1950 3672 2003 3725 iu

447 3740 541 3794 lib.
572 3757 586 3795 ι
617 3743 735 3797 Mir.
764 3743 822 3797 S.
856 3742 1115 3806 Richarii,
1156 3761 1210 3799 ιι.
1244 3741 1299 3808 4,
1331 3750 1387 3797 et
1418 3744 1684 3797 llariull’us
1716 3740 1779 3794 in,
1798 3742 2001 3798 Chron.

443 3813 653 3869 Centnl.
687 3815 778 3869 lib.
812 3829 890 3879 ιιι,
922 3830 1040 3882 cap.
1071 3815 1127 3869 4.

514 3883 619 3939 Sed
642 3883 750 3952 jon
785 3896 990 3953 tempus
1014 3895 1098 3939 est
1126 3894 1183 3941 ut
1212 3884 1263 3938 in
1290 3882 1525 3952 Belgium
1553 3893 2003 3951 pertranseamns.

445 3954 519 4011 lbi
546 3958 714 4024 insign
738 3970 831 4011 ora
853 3955 989 4010 haud
1008 3956 1226 4011 dubium
1245 3955 1564 4009 monasteria
1588 3954 1794 4007 censeri
1811 3953 2008 4007 debent

450 4026 756 4080 Elnonense
787 4029 845 4080 8.
872 4026 1117 4091 Αιιιειιιόί,
1139 4026 1441 4082 Sithivcnse
1465 4026 1522 4080 8.
1557 4024 1774 4087 Bertini.
1798 4033 1853 4077 et
1873 4025 2001 4077 Lau.

446 4097 652 4158 hiense,
668 4097 924 4166 inquibus
944 4098 1187 4150 omnibus
1205 4097 1331 4161 olim
1353 4096 1595 4150 ecclesia:
1611 4095 1827 4149 feminis
1841 4096 2005 4149 haud.

446 4181 711 4238 quaquam
761 4170 1009 4237 patebant
1038 4168 1268 4238 (Spicil.
1299 4177 1424 4221 tam.
1460 4166 1572 4234 IV).
1617 4166 1691 4238 De
1720 4166 2004 4221 Elnonensi

446 4235 776 4292 luculentum
824 4235 1085 4293 habemus
1115 4235 1476 4292 testimonium
1527 4242 1576 4290 in
1622 4235 2007 4306 Supplementa

451 4307 666 4363 Milonis
700 4312 769 4363 de
797 4319 902 4362 Vita
952 4309 1009 4365 S.
1050 4308 1279 4365 Amandi
1305 4324 1425 4377 cap.
1458 4310 1512 4372 6,
1542 4306 1633 4362 ubi
1661 4309 1717 4363 8.
1766 4308 2007 4373 praasulis

452 4392 648 4446 corpus
676 4382 986 4433 translatum
1028 4382 1221 4434 dicitur
1246 4395 1310 4434 ex
1335 4380 1390 4433 S.
1424 4377 1563 4433 l’etri
1592 4377 1807 4432 basilica
1841 4377 2001 4446 (δατ.

451 4463 491 4505 ιι
517 4447 731 4521 lienem,
781 4467 832 4517 ρ.
864 4449 1021 4521 726);
1049 4469 1068 4502 ι
1098 4467 1215 4515 qua:
1232 4450 1489 4521 quoniam
1515 4463 1611 4516 pro
1634 4450 1713 4501 sui
1746 4450 2005 4521 parvitate

452 4519 585 4573 tanti
607 4522 847 4589 praesuzis
868 4519 1070 4575 tumulo
1087 4522 1195 4574 visa
1220 4520 1317 4574 fuit
1337 4522 1646 4587 incongrua,
1666 4530 1825 4587 atque
1844 4519 2003 4589 etiam

450 4588 687 4645 secundo
700 4595 849 4647 sexui
880 4604 1093 4660 promer
1116 4593 1498 4645 monachorum
1524 4590 1823 4643 habitacula
1856 4588 2005 4660 inac-

451 4676 601 4717 cessa
627 4703 643 4727 ,
676 4659 937 4732 frequenti
982 4665 1345 4727 religiosorum
1379 4666 1609 4715 virorum
1638 4669 1902 4714 conventu
1932 4659 2008 4732 vi-

452 4748 572 4789 sum
602 4744 684 4791 est
708 4731 865 4789 aliam
896 4733 1256 4803 magnitudine
1286 4740 1623 4801 praestantem
1651 4732 1853 4803 debere
1872 4731 2008 4783 καί·

454 4803 622 4875 licari,
645 4820 762 4875 quae
782 4820 846 4859 ex
869 4801 1093 4873 utroque
1114 4820 1243 4875 sexu
1267 4822 1295 4856 a
1317 4805 1602 4857 coiilluenti
1631 4803 1720 4856 illo
1738 4801 2009 4875 sufficeret

458 4871 777 4931 multitudini
809 4871 1070 4943 p0pulari,
1106 4874 1354 4928 nimirum
1379 4886 1529 4927 cxtra
1554 4871 1863 4925 monasterii
1890 4888 2007 4943 am-

456 4943 644 4998 bittitii.
676 4963 695 4997 ι
730 4941 1118 5002 υσδιιιιινειιεὶ
1147 4945 1492 4999 nihilotninus
1518 4951 1728 4998 constat
1750 4958 1812 4995 ex
1846 4941 1939 4994 lib.
1974 4957 2010 4995 ιι

460 5015 698 5071 Μιιιιριιι.
726 5016 786 5070 8.
816 5016 1036 5080 Bertini,
1068 5032 1184 5085 cap.
1219 5015 1304 5075 12.
1332 5031 1361 5067 a
1391 5024 1631 5085 tempore
1662 5014 1815 5083 162
1835 5012 1892 5066 8.
1913 5012 2015 5085 Ab-

457 5088 593 5139 batis
622 5102 788 5155 usque
814 5087 898 5157 ad
922 5101 1119 5142 annum
1137 5081 1253 5142 V938
1278 5086 1439 5157 (δατ.
1462 5100 1518 5138 ιιι
1541 5081 1918 5157 Βεηεῖλᾷἶιιιτι.
1946 5081 2008 5152 ι),

457 5171 564 5224 quo
583 5157 770 5220 Adala,
787 5156 1052 5213 Flandriai
1078 5156 1373 5221 comitissa,
1402 5175 1420 5205 ι
1442 5170 1561 5210 cuni
1584 5156 1878 5223 srepiSsime
1900 5169 2015 5205 ma-

384 5246 387 5249 λ
456 5226 576 5298 guis
604 5228 1001 5283 inﬁrmitatibus
1021 5240 1162 5283 esset
1188 5236 1493 5294 aggravata,
1517 5225 1824 5298 desiderare
1845 5224 2014 5298 carpit

458 5294 516 5353 tit
542 5299 597 5353 in
630 5301 731 5354 hoc
776 5302 1098 5355 monasterio
1126 5302 1174 5354 ei
1219 5298 1483 5353 licentiam
1535 5296 1779 5350 monachi
1823 5294 2013 5350 darent

457 5370 682 5434 intrare,
707 5380 764 5426 ut
782 5385 962 5425 coram
988 5370 1140 5424 altari
1182 5370 1238 5425 8.
1268 5369 1466 5425 Bertini
1497 5382 1593 5437 pro
1618 5367 1789 5437 salute
1817 5366 2009 5433 ἀϐριθ-

455 5449 643 5495 catura
682 5442 870 5497 liceret
895 5455 954 5494 se
985 5451 1345 5506 prosternere.
1384 5457 1402 5490 ι
1437 5436 1548 5504 una
1590 5436 1804 5492 licentia
1834 5454 1863 5487 ιι
1895 5451 2010 5488 ιιιο-

461 5514 647 5567 nachis
659 5512 896 5575 obtenta,
920 5528 938 5563 t
962 5510 1091 5566 feria
1112 5512 1342 5566 secunda
1369 5509 1585 5564 Pascha:
1602 5507 2010 5561 introduxerunt

460 5596 579 5635 eam
602 5584 838 5652 episcopi
860 5582 913 5636 in
941 5582 1129 5637 eodem
1160 5581 1482 5636 monasterio
1511 5596 1615 5633 non
1633 5580 1749 5632 sine
1776 5588 2009 5631 tremore

461 5653 712 5717 maximo,
736 5669 984 5723 quoniam
1015 5654 1118 5707 hoc
1145 5653 1232 5706 illa
1256 5654 1421 5723 prima
1451 5652 1627 5706 facere
1659 5662 2012 5723 praesumpsit:

463 5733 544 5781 nt
568 5761 584 5788 ,
615 5718 767 5794 quod
800 5734 955 5781 ante:
985 5718 1287 5794 reginarum
1318 5721 1458 5777 nulla
1501 5721 1879 5791 concupiscere
1924 5718 2007 5775 vel

2103 3175 2426 3227 constructis
2458 3175 2651 3230 ibidem
2677 3178 2891 3245 refudit,
2918 3179 3261 3232 ecclesiarum
3287 3178 3432 3231 aditu
3456 3178 3670 3232 feminis

2106 3259 2323 3312 prorsus
2347 3245 2651 3313 interdicto,
2680 3248 2910 3303 maxime
2929 3265 3054 3303 vero
3076 3250 3126 3301 iu
3154 3249 3400 3302 Fuldeusi
3426 3249 3667 3302 omnium

2105 3314 2457 3385 nobilissimo,
2487 3318 2640 3385 cujus
2674 3318 2892 3373 basilica
2922 3319 3012 3373 uni
3036 3320 3093 3374 8.
3121 3318 3300 3373 ι·οι)ω
3321 3320 3389 3371 ob
3419 3334 3671 3373 reveren-

2106 3396 2230 3439 tiam
2262 3384 2321 3440 S.
2354 3384 2601 3457 martyris
2629 3389 2880 3456 patebat,
2911 3400 2967 3445 ut
2995 3399 3219 3443 testatur
3267 3389 3522 3443 ltudolfus
3551 3408 3674 3443 mo-

2105 3458 2309 3511 nachus
2340 3460 2392 3509 in
2428 3458 2539 3510 Vita
2571 3458 2626 3512 S.
2662 3459 2838 3512 Lioh:e
2873 3475 2992 3521 ciu.
3019 3461 3091 3513 9.2
3119 3460 3293 3529 (Su'e.
3351 3477 3403 3514 ιιι
3446 3459 3670 3524 Βειιεά..

2106 3539 2239 3593 puri.
2273 3543 2330 3592 ιι,
2358 3545 2473 3597 pag.
2503 3529 2653 3598 $56),
2697 3530 2779 3583 his
2820 3531 2998 3585 verbis
3033 3550 3047 3586 :
3080 3551 3099 3582 ι
3133 3533 3396 3585 Interdum
3424 3532 3584 3584 etiam
3617 3542 3675 3586 et

2104 3599 2170 3651 ad
2197 3604 2577 3652 inonnSterium
2603 3602 2945 3655 t-‘nldensinin
2971 3606 3348 3655 monachorum
3370 3616 3527 3655 eausa
3554 3618 3676 3654 ora-

2106 3668 2265 3723 tionis
2296 3670 2481 3741 Venire
2507 3672 2731 3737 solebat,
2763 3674 2900 3738 quod
2927 3687 3025 3726 nec
3048 3676 3214 3741 prius,
3245 3687 3341 3726 nec
3366 3683 3543 3738 postea
3569 3674 3670 3727 ufli

2105 3753 2338 3808 unquam
2364 3738 2675 3795 feuiiuarum
2705 3757 2804 3794 con
2842 3744 2925 3796 edi
2959 3745 3147 3812 potuit,
3179 3738 3299 3811 quia
3332 3744 3450 3795 loco
3479 3743 3575 3803 illi.
3599 3760 3670 3797 ex

2105 3825 2212 3877 quo
2244 3827 2273 3865 ιι
2305 3812 2579 3864 monachis
2608 3812 2833 3866 habituri
2879 3824 3088 3881 cceptus
3113 3824 3195 3868 est
3219 3858 3232 3875 ,
3285 3815 3543 3867 femineus
3573 3830 3674 3869 ne-

2105 3882 2330 3948 gnbatur
2377 3882 2688 3950 ingressus:
2724 3893 2927 3937 tantum
2974 3897 3150 3937 autem
3200 3885 3353 3955 163
3399 3884 3523 3955 huic
3568 3886 3673 3941 stili

2106 3966 2397 4005 concessus
2412 3963 2513 4025 est,
2539 3963 2753 4021 propter
2782 3955 2880 4007 hoc
2896 3955 3035 4020 quod
3058 3955 3117 4010 8.
3137 3954 3340 4025 martyr
3365 3954 3672 4009 Bonifacius

2107 4036 2225 4095 eam
2250 4022 2548 4095 senioribus
2568 4040 2750 4077 eorum
2770 4030 3178 4089 commendavit,
3198 4022 3494 4095 ctirpusqiie
3524 4025 3673 4080 illius

2109 4092 2179 4163 ibi
2224 4094 2585 4161 sepeliendum
2637 4095 2891 4149 decrevit.
2943 4116 2962 4147 ι
3011 4092 3312 4163 δτιιιιιιμιιὶ
3371 4092 3676 4152 Btouverus

2109 4162 2244 4233 (Lib.
2274 4179 2292 4217 t
2322 4163 2493 4237 Antiq.
2530 4163 2713 4237 Fuld.,
2746 4182 2792 4218 ο.
2816 4166 2870 4237 8)
2898 4167 2995 4219 hoc
3016 4178 3175 4234 caput
3194 4162 3539 4236 armajoribus
3562 4178 3672 4221 tam

2110 4244 2295 4307 sancte
2326 4235 2529 4307 cultum
2573 4236 2756 4307 fuisse,
2793 4255 2812 4286 ι
2852 4235 2907 4290 ut
2935 4238 3221 4305 privilegiis
3248 4254 3276 4290 a
3308 4235 3509 4291 Marino
3537 4253 3673 4307 papa

2110 4304 2309 4359 sicculo
2336 4320 2387 4358 lx
2413 4306 2588 4358 abbati
2619 4304 2957 4368 Hadamaro,
2998 4318 3054 4362 et
3083 4304 3395 4363 a’Silvestro
3425 4304 3619 4363 smculi'
3641 4325 3670 4361 χ

2112 4386 2270 4448 nitate
2302 4373 2682 4448 Erkcmhaldo.
2709 4388 2772 4448 et
2790 4394 2819 4429 ιι
2860 4378 3066 4433 Joanne
3097 4380 3369 4433 Richardo
3396 4381 3626 4433 subinde
3653 4422 3671 4448 ,

2035 4468 2089 4529 Ι)
2110 4446 2333 4529 aliisque
2362 4447 2429 4527 ab
2456 4447 2572 4529 aliis
2602 4447 2939 4529 pontificibus
2963 4459 3152 4529 postea
3180 4453 3473 4529 concessis,
3502 4459 3557 4529 et
3577 4446 3667 4503 nu;

2113 4516 2352 4572 tninatiin
2394 4517 2652 4588 insertum
2681 4519 2787 4581 sit,
2821 4528 2874 4573 et
2900 4516 3147 4588 religiose
3172 4535 3199 4572 a
3235 4522 3458 4586 posteris
3488 4522 3664 4573 obser~

2113 4596 2312 4641 vatum.
2363 4606 2382 4638 ι
2436 4587 2489 4659 Id
2530 4590 2670 4657 quod
2723 4591 2910 4657 probat
2960 4587 3069 4642 tum
3118 4593 3186 4645 de
3238 4591 3473 4644 Lotharii
3535 4593 3672 4659 regis

2114 4672 2298 4728 uxore,
2325 4659 2410 4711 cui
2440 4656 2526 4711 die
2549 4664 2608 4716 8.
2635 4656 2976 4714 Pentecostes
3002 4663 3172 4715 sacris
3197 4664 3459 4716 interesse
3487 4663 3538 4714 in
3566 4656 3669 4728 pri-

2114 4727 2285 4799 tnario
2328 4730 2639 4799 monasterii
2674 4734 2871 4799 templo
2909 4748 3015 4784 tton
3046 4732 3235 4794 licuit;
3270 4742 3376 4785 tum
3407 4727 3575 4786 etiam
3603 4734 3671 4786 de

2112 4798 2337 4867 eonjuge
2369 4797 2637 4871 Frederici
2669 4797 3025 4868 imperatoris,
3062 4821 3080 4852 ‹
3111 4804 3218 4863 cui.
3244 4806 3365 4871 quia
3402 4806 3581 4871 regina
3617 4806 3669 4856 in

2114 4881 2366 4922 comitatu
2399 4870 2514 4935 ejus
2543 4880 2656 4925 crat
2680 4914 2695 4937 ,
2726 4877 2909 4925 urbem
2964 4872 3181 4926 Fuldam
3217 4870 3417 4928 intrare
3450 4870 3556 4927 non
3602 4877 3669 4926 li-

2115 4951 2242 4993 cuit.
2268 4958 2286 4991 ι
2321 4941 2478 4994 Addit
2501 4944 2800 4995 lliuuverus
2826 4943 3060 4996 emollita
3087 4945 3252 4997 semel
3282 4945 3367 4997 ita
3388 4945 3668 5010 disciplina

2119 5026 2214 5080 per
2255 5012 2579 5065 Bonil‘aciuin
2624 5028 2809 5078 papam
2850 5012 2938 5073 IX.
2975 5025 3161 5078 rogatu
3189 5015 3409 5067 Joannis
3436 5014 3669 5069 Merlavii

2118 5081 2345 5145 abbatis,
2381 5101 2399 5132 ‹
2430 5098 2573 5136 anno
2606 5082 2741 5139 1398
2770 5089 3022 5152 templum
3055 5086 3318 5140 Fnldense
3345 5086 3569 5139 fulmine
3605 5087 3669 5138 dc

2116 5166 2252 5205 cum
2282 5163 2476 5224 tactum
2505 5194 2519 5216 ,
2552 5154 2581 5205 7
2620 5156 2709 5208 die
2744 5154 2887 5208 Junii
2926 5156 3281 5224 eonfiagrasse
3303 5197 3319 5218 ,
3356 5158 3405 5209 id
3437 5158 3577 5224 quod
3619 5159 3669 5209 in

2120 5238 2330 5289 pinnam
2361 5223 2569 5278 violata:
2598 5225 2894 5294 disciplinae
2915 5223 3179 5279 accidisse
3208 5227 3406 5293 posteri
3429 5223 3665 5281 credide-

2118 5302 2259 5346 runt.
2297 5313 2314 5343 ι
2353 5293 2475 5349 Hice
2501 5304 2676 5349 tamen
2714 5293 2905 5350 summi
2946 5296 3209 5363 pontificis
3247 5299 3524 5352 concessio
3563 5314 3666 5351 non

2117 5364 2216 5417 nisi
2242 5363 2435 5419 fesmm
2453 5366 2509 5420 S.
2529 5366 2781 5420 Bonifacii
2804 5370 3040 5435 aliosque
3060 5369 3176 5421 dies
3200 5369 3362 5422 festos
3388 5370 3666 5422 nonnullos

2113 5435 2445 5503 respiciebat.
2472 5439 2669 5504 alioqui
2700 5438 2858 5492 etiam
2881 5438 3155 5492 'l‘i-ithemii
3181 5449 3418 5503 tempore
3443 5441 3664 5493 necdum

2113 5507 2326 5560 feminis
2359 5508 2571 5574 patebat
2601 5524 2650 5560 ιιι
2682 5509 2911 5563 ecclesia
2940 5506 3191 5564 Fuldeusi
3221 5510 3419 5577 aditus,
3447 5510 3526 5565 uti
3554 5509 3664 5577 ipso

2109 5586 2334 5630 testatur
2358 5582 2407 5629 in
2445 5579 2558 5631 Vita
2588 5577 2809 5632 Rabani.

2184 5647 2330 5721 lianc
2351 5649 2491 5702 circa
2521 5650 2715 5716 templa
2748 5650 3126 5704 monachorum
3154 5651 3462 5721 religionem
3491 5652 3657 5706 omni-

2110 5716 2210 5773 bus
2238 5719 2287 5772 itt
2321 5718 2468 5789 locis,
2502 5728 2557 5773 ut
2596 5721 2795 5788 potuit,
2827 5727 2877 5776 8.
2915 5721 3209 5793 Bonifacius
3252 5716 3494 5780 induxit:
3526 5728 3658 5779 unde
