3952 6182
244 244 356 299 5·Ξ5

1317 249 1585 305 REGL’LA
1628 247 2115 305 COMMENTATA.
2159 252 2307 308 CAP.
2353 252 2416 305 IV

3402 253 3501 308 “illi

243 370 526 431 rngutusa
560 359 617 413 Β.
650 360 840 414 Altone
868 359 1150 416 ecclesiam
1183 360 1262 415 sui
1295 361 1602 431 monasterii
1631 375 1825 417 conse-
1854 366 1905 423 Α
1934 360 2057 413 tiam
2088 363 2454 431 ro'loquvnili;
2484 362 2551 415 ita
2582 373 2760 416 tamen
2788 373 2844 416 ut
2868 362 3031 418 abbas
3059 380 3273 419 causam
3298 366 3365 421 de
3394 386 3492 429 qua

244 446 399 484 crare
441 430 710 495 (Staium,
757 443 886 498 pari.
915 446 981 495 ii,
1021 450 1073 501 p.
1100 431 1261 497 218),
1308 449 1326 482 ι
1364 446 1481 485 cum
1528 430 1621 483 illo
1662 434 1824 483 adve-

247 503 403 555 niens
430 518 568 553 more
588 502 737 555 solito
766 502 927 555 vellet
968 503 1035 555 ita
1079 517 1420 561 consecrare.
1453 511 1509 557 ιιι
1538 501 1676 553 nulla
1710 516 1826 553 mu-

250 572 350 625 lier
390 571 612 626 deberet
643 572 770 625 illud
813 574 1030 636 intrare,
1066 574 1351 640 poStulavil
1388 572 1445 626 Β.
1485 577 1602 624 Atto
1633 588 1698 627 ne
1733 572 1825 627 tali

251 652 405 709 pacto
454 657 607 696 suum
651 648 939 696 oratorium
991 655 1351 699 consecraret.
1398 643 1536 695 Dixit
1588 644 1821 697 maxime

248 728 385 781 opus
414 714 542 765 viris
569 713 763 781 srrpiu~
799 713 864 765 ad
895 728 1054 779 opera
1087 714 1228 769 varia
1264 715 1445 781 procul
1478 714 1732 777 egreSsis,
1765 724 1822 767 ut

250 799 446 837 uxores
471 799 656 837 eorum
690 783 831 837 domi
864 796 1196 839 remanentes
1223 795 1375 837 orent
1402 800 1496 848 pro
1520 799 1578 837 se
1607 787 1824 850 suisque

250 853 409 916 viris;
455 854 542 908 cui
589 853 826 920 petitioni
862 858 1222 919 consentiens,
1256 870 1378 908 mox
1427 854 1481 907 S.
1516 855 1821 909 Bonifacius

249 925 536 979 ecclesiam
583 924 792 994 qudem
838 928 1202 979 consecrando
1249 938 1352 977 tam
1406 923 1614 979 feminis
1660 941 1819 991 quam

252 997 383 1048 viris
436 995 558 1049 fecit
596 1011 717 1050 esse
757 996 1240 1058 communem;sed
1291 996 1489 1048 fontem
1537 999 1821 1061 quemdam

250 1066 300 1119 in
331 1066 525 1120 eodem
558 1068 674 1120 loco
698 1066 845 1135 juxta
875 1083 906 1118 e
928 1067 1156 1120 'clesiain
1199 1067 1422 1135 pusitttm
1454 1080 1515 1119 ea
1552 1066 1825 1121 beneduiit

249 1136 459 1191 ratione
489 1147 548 1190 ut
578 1138 785 1191 mulieri
817 1138 942 1191 nulli
990 1138 1174 1192 liceret
1213 1137 1279 1193 ad
1323 1152 1443 1191 eum
1484 1139 1739 1191 accedere
1771 1147 1824 1191 et

250 1207 488 1261 haurire.
521 1226 542 1258 ι

324 1279 416 1331 flis
460 1279 711 1332 omnibus
750 1279 855 1330 duo
901 1279 1203 1343 superaddo
1249 1281 1518 1345 exempla,
1552 1294 1711 1330 unum
1754 1276 1825 1333 de

250 1347 563 1403 Stabulensi
607 1350 929 1405 monasterio
967 1365 1034 1401 ex
1084 1351 1173 1405 lib.
1207 1352 1322 1406 Mir.
1354 1352 1392 1404 8
1441 1349 1678 1403 Retuacli
1708 1352 1822 1414 epi-

249 1420 397 1488 scopi
440 1418 816 1487 Trajecteusis,
842 1435 959 1485 cap.
983 1421 1074 1481 20,
1108 1424 1157 1475 in
1186 1438 1291 1488 quo
1331 1422 1524 1475 mulier
1548 1430 1818 1472 contracta

250 1490 316 1544 ad
366 1494 542 1544 sancti
586 1492 839 1559 reliquias
879 1492 1102 1545 adducta
1151 1493 1343 1546 dicitur
1388 1493 1554 1560 (Sirc.
1583 1505 1648 1553 tt,
1697 1507 1815 1559 pag.

251 1561 403 1628 50!),
436 1576 557 1625 una:
593 1580 611 1615 ι
640 1564 757 1630 quia
792 1575 894 1613 non
927 1560 1081 1616 facile
1120 1564 1255 1630 apud
1289 1578 1385 1617 nos
1427 1563 1526 1615 nisi
1568 1571 1711 1613 certa
1752 1576 1817 1614 ex

250 1645 408 1685 causa
442 1631 653 1687 feminea
678 1634 1044 1693 admittuntur,
1076 1646 1197 1687 ante
1229 1634 1367 1691 fores
1395 1632 1622 1688 cmuobii
1655 1633 1817 1695 dep".

251 1703 417 1768 nitur,
450 1722 469 1753 ι
507 1704 678 1769 inquit
720 1718 1019 1772 aitonymtts
1059 1706 1304 1770 scriptor.
1336 1704 1577 1760 Alterum
1608 1702 1674 1755 de
1704 1706 1815 1757 Au-

249 1774 526 1842 daginensi
553 1774 798 1830 cmnohio
820 1776 1024 1828 eruitur
1043 1790 1107 1828 ex
1137 1778 1226 1828 lib.
1248 1776 1430 1830 Mirac.
1449 1776 1506 1829 S.
1532 1773 1814 1836 llucltrrti,

250 1858 367 1909 cap.
394 1843 461 1908 6,
512 1846 598 1899 ubi
651 1844 763 1900 hazc
812 1850 926 1913 tego
977 1845 1143 1913 (δατ.
1172 1863 1243 1911 iv,
1282 1857 1415 1914 parf.
1448 1860 1496 1909 ι,
1541 1862 1595 1913 p.
1636 1844 1764 1909 298)
1800 1861 1813 1895 :

256 1932 274 1965 ι
304 1914 455 1969 Tunc
485 1917 738 1984 temporis
761 1917 861 1970 sub
888 1916 1174 1971 venerabili
1201 1916 1430 1973 Sevoldo
1455 1925 1596 1970 tanta
1623 1917 1671 1967 itt
1703 1915 1818 1966 loco

251 1995 362 2041 erat
393 1986 665 2055 religionis
693 1986 1022 2050 reverenia,
1056 1997 1109 2039 ιιι
1139 1989 1434 2056 quibusque
1475 1985 1818 2041 stecnluribiis

250 2056 486 2112 difﬁcilis
534 2067 678 2113 esset
724 2058 797 2112 ibi
845 2058 1196 2111 conveniendi
1243 2058 1489 2122 licentia,
1538 2057 1818 2121 nulluxque

251 2126 585 2196 ingrediendi
619 2128 792 2183 aditus
827 2129 1212 2183 concederetur
1242 2129 1473 2192 feminis,
1504 2128 1603 2181 lllal
1631 2129 1680 2179 in
1722 2142 1815 2179 aii-

256 2198 395 2253 ntiali
426 2196 565 2253 festo
592 2200 757 2266 ipsius
785 2198 1066 2266 pontificis.
1103 2220 1121 2252 ι
1156 2202 1413 2254 Sevolilus
1456 2213 1612 2263 poi-ro
1640 2199 1816 2252 Anda-

250 2270 474 2337 giuense
501 2273 876 2324 monasterium
909 2272 1048 2324 rexit
1076 2270 1229 2327 annis
1256 2271 1319 2327 l9
1341 2273 1404 2323 ab
1434 2285 1519 2322 an.
1545 2267 1671 2325 856.

320 2338 403 2393 Ex
429 2340 586 2395 dictis
617 2342 873 2395 hactenus
916 2341 1045 2396 satis
1074 2340 1494 2397 demonstratum
1528 2351 1673 2408 puto,
1708 2355 1812 2394 non

247 2410 573 2479 singularem
618 2413 996 2479 quorumdam.
1040 2413 1133 2467 sed
1178 2412 1476 2480 generalem
1526 2426 1659 2477 pene
1698 2426 1815 2462 om-

254 2484 402 2535 riium
434 2486 877 2537 monasteriorum
909 2482 1068 2536 fuisse
1098 2482 1537 2538 consuetudinem
1588 2481 1813 2535 feminas

248 2568 277 2605 a
307 2552 528 2620 templis
566 2555 947 2609 monachorum
991 2555 1235 2616 aret-nili;
1268 2570 1424 2621 quam
1468 2569 1517 2605 ιιι
1563 2552 1676 2621 ipso
1719 2569 1813 2604 na-

248 2626 449 2677 scentis
470 2624 673 2679 ordinis
704 2626 781 2677 sui
808 2623 1028 2678 exordio
1054 2625 1390 2690 arripuerunt
1410 2621 1815 2677 Curtltosieuses

246 2696 454 2749 Cisteic
474 2708 737 2761 en~esque
778 2694 1052 2757 monachi,
1095 2711 1119 2746 r
1157 2706 1429 2762 tinentqne
1472 2695 1630 2747 etiam
1675 2707 1814 2747 nunc

247 2780 454 2819 summa
479 2780 599 2822 cum
629 2765 783 2820 laude
800 2765 990 2830 ubique
1004 2763 1429 2827 Cartltusienses,
1453 2763 1606 2834 164
1622 2765 1673 2819 in
1697 2766 1814 2831 ipso

245 2851 379 2889 Vero
420 2835 761 2890 Cisterciensi
810 2838 1085 2902 emnobio,
1133 2838 1354 2905 altisque
1404 2836 1624 2891 forsitan
1674 2851 1812 2888 nou-

250 2908 413 2960 nullis
433 2907 848 2972 Cistercienses;
878 2923 998 2961 nam
1035 2911 1227 2973 paSsittt
1269 2920 1409 2961 nunc
1433 2921 1615 2960 eorum
1644 2905 1814 2961 eccle-

249 2980 343 3031 sne
378 2987 558 3045 patent
590 2977 822 3041 feminis,
854 2992 984 3047 quas
1030 2982 1082 3032 iii
1125 2978 1513 3033 Pantiniaeensi
1553 2974 1690 3031 solis
1708 2980 1813 3032 Att-

246 3050 474 3116 glicanis
533 3050 846 3105 mulieribus
902 3049 971 3102 ob
1033 3050 1383 3105 reverentiam
1443 3047 1499 3101 S.
1552 3048 1811 3102 hdmuiidi

247 3122 381 3173 olim
421 3122 765 3190 aperiebant,
808 3129 940 3175 teste
982 3119 1230 3175 Mattlta'o
1277 3118 1479 3175 l’arisio
1511 3120 1578 3172 ad
1619 3135 1815 3174 annum
1847 3121 1891 3183 C
1923 3135 1957 3172 tt
1994 3120 2214 3183 Ιςιιιιει1.,

249 3192 411 3244 13Ἶ1).

321 3261 762 3317 Camaldulenses
803 3276 905 3316 non
952 3260 1111 3315 modo
1140 3260 1419 3315 ecclesiam
1460 3259 1712 3317 claudunt
1742 3260 1819 3315 fe-

248 3333 433 3395 minis,
460 3336 555 3387 sed
587 3348 686 3387 nec
714 3346 987 3387 accessam
1026 3333 1238 3399 quidem
1267 3335 1331 3384 ait
1374 3332 1589 3394 silvam,
1621 3333 1674 3385 in
1713 3348 1815 3399 qua

248 3417 353 3458 sita
401 3414 553 3470 erat,
606 3402 932 3472 permittunt.
987 3420 1005 3453 ι
1052 3405 1105 3457 lit
1154 3402 1379 3457 circuitu
1433 3415 1610 3456 autem
1660 3403 1817 3457 diem:

248 3475 414 3528 eremi
440 3473 929 3543 (Camalduli'nsis),
956 3474 1124 3540 inquit
1149 3476 1496 3544 Hieronymus
1527 3477 1817 3526 monachus

247 3546 488 3599 Culllltld.
530 3547 584 3599 itt
626 3560 787 3600 serm.
818 3546 884 3599 de
930 3547 987 3602 S.
1021 3545 1319 3599 Romualdu
1348 3543 1402 3598 ii.
1444 3543 1543 3609 ὃὸ,
1574 3553 1659 3597 est
1706 3546 1817 3613 pul-

248 3617 519 3671 cheirima
546 3617 678 3670 silva
718 3616 976 3685 lignorum
1007 3617 1243 3671 abietum
1280 3632 1371 3680 per
1400 3618 1627 3681 spatium
1659 3622 1816 3669 unius

252 3688 500 3741 ιιιςΙΙιιιτιε
540 3689 732 3745 Italici.
757 3702 914 3756 quam
947 3688 1131 3741 silvam
1164 3688 1392 3739 abietum
1434 3687 1576 3738 nulla
1625 3688 1818 3739 mulier

251 3767 429 3825 potest
457 3760 657 3829 ingredi
678 3759 777 3812 sub
804 3774 958 3827 poena
985 3757 1545 3812 excomiuunicationis
1576 3758 1693 3817 lata:
1724 3774 1817 3827 per

247 3828 529 3883 dominum
553 3845 739 3899 papaut
766 3828 1065 3885 sententiie.
1097 3846 1116 3879 ι

322 3903 390 3954 At
424 3917 527 3957 non
556 3897 735 3955 modo
780 3900 1087 3955 monasterii
1137 3907 1226 3951 aut
1269 3897 1486 3953 oratorii
1539 3897 1813 3952 introitum

246 3971 466 4025 feminis
491 3972 619 4025 olim
657 3973 989 4040 denegarunt
1034 3979 1241 4024 veteres
1278 3970 1553 4033 monachi;
1581 3970 1674 4023 sed
1718 3986 1816 4025 nec

246 4056 344 4096 eas
385 4043 548 4097 etiam
590 4042 655 4096 ad
687 4045 1011 4112 colloquium
1055 4043 1176 4094 adm
1201 4040 1407 4094 ttendas
1447 4055 1565 4093 esse
1592 4057 1816 4096 censue-

246 4123 376 4165 runt
402 4130 416 4165 :
448 4115 586 4167 unde
625 4122 840 4183 rogatus
881 4112 1169 4183 aliquando
1194 4114 1248 4164 S.
1281 4112 1594 4166 l’achoutius
1622 4127 1650 4165 a
1681 4128 1811 4179 quo-

245 4191 400 4249 dam,
431 4195 483 4235 ut
531 4182 1128 4253 filiantenerguttteitant
1163 4182 1443 4244 liberaret,
1476 4184 1815 4251 respondisse

246 4258 413 4308 fertur
446 4252 535 4326 (In
565 4258 676 4327 ejus
710 4254 824 4308 Vita
858 4252 978 4327 ’cap.
1007 4256 1099 4322 36)
1130 4270 1152 4327 :_
1182 4272 1198 4304 t
1235 4254 1348 4327 Non
1376 4255 1655 4327 estinobis
1680 4268 1812 4307 eon-

242 4326 474 4379 sneiudo
501 4325 621 4380 cum
652 4326 967 4379 mulieribus
1017 4325 1180 4390 Ionii.
1215 4343 1232 4373 ι
1266 4326 1333 4378 Et
1373 4325 1430 4377 S.
1454 4326 1716 4379 Carilefus
1746 4328 1811 4380 ad

245 4401 443 4451 missos
470 4398 538 4451 ab
566 4397 872 4465 Ultrogotha
916 4398 1095 4464 regina
1126 4410 1242 4461 eius
1270 4404 1560 4464 conspectu
1591 4396 1690 4450 frui
1719 4396 1813 4448 de-

244 4468 572 4523 siderante:
627 4486 645 4519 r
679 4468 893 4523 Certum
945 4466 1417 4537 liabeat,quandiu
1472 4469 1524 4519 in
1583 4482 1809 4537 corpore

245 4537 422 4598 fuero,
453 4538 637 4593 facient
683 4554 766 4592 tne
798 4539 1038 4592 mulieris
1079 4552 1408 4607 nequaquam
1440 4539 1675 4592 visurum
1702 4537 1803 4607 (In

242 4613 356 4679 ejus
396 4608 509 4663 Vita
549 4611 715 4675 n.28,
741 4625 859 4664 uec.
885 4612 954 4678 ι).
988 4629 1006 4661 ι
1044 4610 1107 4663 Et
1144 4610 1278 4677 apud
1310 4607 1619 4663 Cassianum
1662 4606 1798 4678 (Lib.

248 4694 318 4742 tt,
353 4696 401 4732 ι.
431 4682 555 4747 l7):
591 4698 611 4731 ι
648 4681 770 4733 Haec
799 4689 876 4733 est
910 4683 1198 4749 antiquitus
1228 4680 1439 4735 Patrum
1491 4695 1806 4748 permanens

245 4766 389 4805 nunc
433 4758 601 4820 usque
628 4753 981 4805 sententia....
1004 4751 1335 4805 Umniinodis
1376 4754 1692 4804 monachum
1728 4753 1806 4805 fu-

243 4836 371 4885 gere
401 4823 598 4876 debere
619 4823 889 4888 mulieres,
920 4832 972 4875 et
1001 4823 1303 4891 episcopus,
1330 4831 1433 4875 etc.
1463 4840 1483 4874 ι
1518 4822 1807 4891 Episcopos

244 4892 458 4959 quidem
517 4905 734 4962 propter
790 4907 1041 4946 manuum
1098 4894 1527 4958 impasitionem;
1586 4894 1809 4947 feminas

245 4973 463 5033 propter
492 4964 806 5030 perieulum.
833 4964 939 5017 Sed
965 4979 1083 5032 quia
1115 4978 1492 5032 nonnunquam
1523 4965 1661 5017 aliud
1690 4979 1812 5017 sua-

245 5042 338 5087 det
365 5037 684 5099 necessitas,
713 5047 839 5088 tunc
863 5036 1075 5103 quidem
1109 5049 1214 5088 non
1245 5036 1346 5088 nisi
1378 5036 1629 5099 breviter,
1656 5037 1815 5101 idque

247 5121 373 5156 raro
390 5121 512 5160 cum
535 5108 613 5160 eis
636 5107 773 5174 loqui
799 5106 1057 5170 permittit
1074 5106 1131 5160 8.
1157 5107 1378 5159 Basilius
1405 5107 1456 5158 iu
1479 5110 1812 5161 constitutio-

248 5175 407 5230 nibus
430 5178 740 5231 monasticis
767 5192 884 5243 cap.
917 5175 980 5242 4,
1008 5190 1061 5231 et
1090 5182 1305 5245 quidem
1340 5190 1600 5245 praesente
1626 5180 1806 5242 socio;

253 5268 270 5295 ι
296 5248 461 5300 solum
483 5248 623 5302 enini
640 5249 707 5301 ad
727 5250 894 5301 solani
916 5258 1193 5311 accedere,
1218 5248 1406 5316 inquit,
1431 5251 1573 5302 nulla
1600 5250 1814 5318 religio-

246 5320 334 5370 nis
372 5321 505 5371 ratio
534 5318 788 5388 permittit
818 5335 831 5370 :
873 5320 1063 5373 melius
1090 5329 1173 5372 est
1199 5320 1341 5373 enim
1367 5335 1488 5373 esse
1515 5320 1623 5373 duo
1650 5335 1810 5388 quant

245 5402 414 5459 tantis;
453 5389 611 5444 simul
633 5392 777 5443 enim
815 5401 870 5444 et
899 5390 1102 5443 fidelius
1140 5401 1194 5445 et
1227 5391 1390 5444 tutius
1418 5405 1501 5444 res
1529 5392 1751 5459 geritur.
1784 5409 1803 5442 ι

248 5457 391 5536 idem
432 5461 680 5536 decernit
708 5460 906 5529 Regula
949 5461 1007 5515 S.
1034 5460 1270 5515 Ferreoli
1304 5461 1457 5532 (Cap.
1482 5457 1651 5536 [libis
1689 5476 1808 5536 vero

248 5529 373 5582 his:
407 5548 425 5581 ι
454 5532 758 5595 Queutlibet
796 5535 1016 5585 fratrum
1048 5535 1265 5586 eVidens
1294 5529 1453 5586 causa
1482 5532 1804 5600 colloquium

246 5614 369 5654 cum
397 5601 606 5657 feminis
632 5605 895 5658 duntaxat
941 5602 1178 5658 honestis
1226 5603 1421 5657 habere
1460 5604 1802 5671 compulerit,

247 5670 449 5746 sciente
477 5675 557 5729 vel
588 5675 926 5746 permittente
952 5674 1160 5731 abbate.
1193 5685 1248 5726 et
1280 5674 1531 5746 adhibitis
1560 5670 1803 5746 testibus.

248 5744 302 5795 id
324 5751 404 5797 est
438 5745 630 5809 iunxtis
670 5746 874 5800 duobus
905 5760 968 5800 ex
1016 5746 1292 5817 fratribus,
1334 5744 1594 5816 accipiant
1642 5744 1806 5802 liceu-

1839 4507 1887 4567 D

1934 432 2221 485 collocutio
2249 431 2516 487 exstiterit
2556 449 2659 485 non
2703 435 2927 500 ignoret.
2961 454 2977 487 i
3015 434 3155 489 Idem
3200 437 3360 491 etiam
3403 442 3499 491 sub

1931 504 2257 576 gravssiuiis
2289 505 2457 571 pinnis
2500 505 2556 558 8.
2583 505 2943 558 Columbanus
2991 504 3078 576 (In
3110 505 3408 569 Pmttitent.,
3444 528 3496 562 ii.

1933 573 2062 638 '51):
2100 593 2117 617 ι
2146 575 2252 645 Qui
2298 576 2445 628 solus
2485 591 2603 626 t'llln
2650 577 2760 631 sola
2812 573 3039 639 femina,
3091 578 3206 632 sine
3254 584 3498 645 personis

1931 646 2089 698 ci'rtis
2137 644 2461 698 familiariter
2511 644 2762 713 loquitur,
2804 658 3013 700 maneat
3056 649 3169 701 sine
3215 644 3365 711 cibo,
3413 653 3495 703 vel

1931 713 2139 787 duobus
2165 717 2355 768 diebus
2384 715 2435 769 in
2465 734 2598 782 parte
2621 727 2672 768 et
2698 733 2856 782 aqua,
2885 722 2961 769 vel
2992 718 3237 773 ducentis
3267 721 3453 787 plagis.
3475 739 3495 771 ι

1933 784 1996 836 Ει
2026 785 2085 839 8.
2118 786 2438 858 ξ”τιιιίιιιιιδιιδ
2474 788 2570 856 (In
2608 787 2731 856 Reg.
2759 797 2974 840 nimiast.
3006 806 3189 841 comm.
3218 784 3333 853 cup.
3356 784 3454 858 ’13)
3482 809 3495 845 :

1936 874 1953 905 ι
1984 855 2132 920 Quod
2159 859 2199 909 si
2229 856 2294 909 de
2324 873 2482 915 supra
2516 855 2703 910 laxatis
2733 858 2990 923 quisiiiaai
3032 860 3178 911 solus
3222 877 3343 913 cuin
3379 855 3493 915 sola

1932 924 2167 979 fabulare
2222 928 2670 990 deprehenditur,
2730 939 2939 981 rentum
2993 930 3181 983 ictibus
3236 941 3498 987 extensus

1932 996 2137 1064 publice
2182 1000 2526 1063 verberetur;
2559 1010 2613 1053 et
2654 1000 2742 1068 qui
2794 1000 2915 1052 talia
2968 1000 3141 1053 facere
3190 1004 3496 1068 praesumit,

1928 1082 2048 1120 Cum
2078 1068 2324 1121 cautione
2354 1071 2724 1123 admoneatur.
2751 1069 2901 1133 Quod
2935 1069 2979 1123 si
3006 1071 3223 1125 abusive
3251 1075 3496 1127 habuerit

1928 1139 2308 1191 niottat'lturum
2355 1153 2651 1206 privrepta,
2692 1151 2745 1193 et
2796 1142 2929 1193 hanc
2981 1143 3215 1195 secundo
3254 1147 3495 1207 go-inina-

1928 1210 2063 1261 Vet‘ll
2088 1211 2323 1276 culpam,
2354 1223 2663 1265 veroeratus
2694 1211 2869 1263 (lt'lllll)
2895 1214 3097 1265 carceri
3130 1215 3484 1277 mancipatur,

1928 1294 2017 1330 aut
2046 1281 2089 1333 si
2125 1280 2385 1348 paenitere
2430 1280 2688 1342 noluerit,
2725 1281 2863 1333 foras
2905 1282 3231 1348 projii-iatur.
3267 1302 3284 1333 ι
3325 1283 3488 1337 Eunt-

1926 1351 2045 1402 dem
2080 1367 2284 1404 morem
2312 1354 2468 1404 etiam
2499 1352 2734 1420 viguisse
2764 1351 2899 1417 apud
2934 1363 3143 1407 nostros
3173 1353 3492 1406 Cluniacen-

1922 1436 2012 1473 scs
2035 1421 2294 1489 colligitur
2321 1436 2386 1477 ex
2415 1423 2620 1479 Joanne
2647 1422 2907 1477 monacho
2938 1422 2992 1479 in
3020 1424 3111 1479 lib.
3138 1439 3153 1479 ι
3183 1425 3248 1477 de
3281 1423 3396 1477 Vita
3427 1426 3488 1479 S.

1923 1491 2115 1553 0don.,
2144 1507 2197 1547 η.
2224 1494 2310 1546 56.

1996 1561 2234 1630 Denique
2280 1563 2360 1617 his
2402 1562 2650 1617 omnibus
2691 1564 2990 1618 addendum
3034 1574 3113 1618 est
3161 1564 3299 1632 quod
3350 1564 3490 1621 inter

1925 1631 2135 1687 Patrum
2162 1634 2621 1701 Apophtheginata
2655 1634 2880 1700 legimus
2912 1636 3083 1702 (Tom.
3112 1633 3137 1686 1
3170 1631 3313 1689 Moti.
3344 1636 3484 1690 Ecrli

1924 1702 2113 1767 Gram,
2145 1721 2196 1772 p.
2223 1704 2348 1772 517)
2379 1722 2392 1757 :
2430 1723 2449 1756 ι
2481 1706 2603 1759 llree
2634 1710 2681 1755 in
2713 1707 2853 1759 Secti
2884 1707 3214 1760 consuetudo
3243 1707 3485 1761 invaluet

1924 1786 2035 1837 rat,
2067 1787 2119 1827 ut
2162 1776 2208 1829 si
2237 1778 2551 1831 accessisset
2592 1778 2780 1830 mulier
2822 1777 2886 1829 ad
2936 1777 3256 1844 loquendum
3307 1777 3487 1841 fratri,

1921 1846 2002 1917 vi-l
2034 1845 2185 1898 alteri
2232 1849 2534 1900 necessario
2562 1861 2659 1900 suo
2707 1847 2889 1911 procul
2929 1850 3153 1902 invicem
3199 1849 3350 1917 165
3398 1864 3479 1902 se-

1919 1915 2104 1971 dentes
2147 1917 2599 1985 colloquerentur.
2637 1936 2655 1967 i
2692 1917 2823 1971 Vide
2852 1933 2967 1985 qum
3006 1933 3165 1979 supra
3202 1915 3485 1973 retulimus

1919 2002 1982 2040 ex
2025 2002 2155 2041 mss.
2190 1988 2675 2042 Consuetudinitius
2699 1988 2754 2041 S.
2786 1991 3002 2056 Bettigni
3056 1990 3385 2043 Divionensis
3422 2001 3488 2045 ue

1917 2058 2095 2109 officio
2133 2058 2569 2127 eleumnsyuarii,
2604 2074 2656 2125 p.
2692 2058 2820 2119 124,
2854 2061 2987 2113 etin
3022 2060 3115 2113 lib.
3149 2075 3178 2111 ν
3205 2060 3270 2113 de
3304 2062 3482 2128 Aiitiq.

1919 2130 2300 2181 monachorum
2336 2130 2563 2191 llitibus,
2597 2131 2663 2183 de
2695 2128 2945 2184 fratribus
2977 2131 3027 2183 in
3066 2133 3206 2183 viain
3240 2130 3483 2195 directis,

1918 2214 2036 2265 qua:
2063 2215 2241 2253 omnia
2271 2199 2546 2254 declarant
2573 2217 2728 2269 quant
2774 2202 3055 2254 horrerent
3096 2202 3278 2255 Patres
3311 2215 3475 2254 nostri

1921 2285 2353 2339 quarumcunque
2385 2271 2699 2324 feminarum
2742 2276 2819 2323 vel
2855 2273 3173 2325 levissimam
3202 2286 3486 2327 conversa-

1919 2349 2149 2412 tionem,
2182 2353 2234 2394 et
2278 2352 2531 2409 quantum
2562 2357 2661 2396 nos
2701 2343 2767 2394 ab
2794 2357 2976 2397 earnm
3021 2344 3305 2412 eolloquio,
3340 2343 3481 2411 quod

1918 2410 2130 2478 quidem
2165 2412 2415 2478 prodesse
2447 2413 2609 2474 nihil,
2651 2412 2843 2466 ohe-se
2882 2410 3371 2481 plurimumpotest
3415 2424 3480 2465 ιι-

1918 2496 2063 2535 mere
2092 2480 2399 2536 debeamus.
2429 2483 2492 2536 Et
2515 2484 2712 2536 utinam
2744 2498 2894 2549 atque
2920 2480 3302 2537 abliorreatitus'
3331 2498 3393 2539 ac
3423 2485 3481 2537 S.

1916 2551 2148 2624 .loannes
2175 2553 2338 2624 abbas
2366 2552 2691 2624 Gorziensis,
2723 2556 2810 2621 qui
2843 2556 3017 2607 adhuc
3045 2554 3209 2607 laicus
3248 2552 3335 2623 (In
3365 2556 3478 2624 ejus

1931 2621 2042 2673 l’tia
2080 2639 2135 2675 ti.
2167 2622 2260 2687 l6,
2293 2638 2411 2678 me.
2436 2641 2465 2675 v
2498 2622 2716 2689 Beited.)
2749 2641 2768 2674 t
2800 2633 2999 2678 tantum
3029 2621 3295 2693 pudicitia:
3318 2621 3483 2678 virtus

1918 2706 2149 2748 mentem
2180 2709 2296 2760 eius
2342 2703 2501 2748 totam
2558 2703 2901 2763 pervaserat,
2933 2708 2987 2747 ut
3035 2712 3141 2763 quo
3192 2696 3325 2750 forte
3365 2700 3480 2750 loco

1918 2764 2194 2819 mulierum
2234 2764 2436 2821 sedisse
2474 2774 2854 2832 conspexerat,
2888 2767 3032 2819 nullo
3062 2778 3235 2834 paeto,
3269 2766 3358 2819 illa
3389 2782 3474 2821 re-

1915 2838 2166 2899 Cedeute,
2199 2835 2387 2890 eodem
2418 2837 2530 2904 ipse
2562 2840 2641 2891 vel
2675 2836 3045 2902 fatigaliuiidus
3090 2838 3422 2891 succederet.
3455 2856 3476 2888 ι

1915 2906 2019 2959 Sed
2046 2910 2110 2959 de
2137 2905 2217 2959 his
2243 2907 2461 2974 satisﬁsi
2493 2916 2666 2962 tamen
2696 2908 2796 2962 hac
2820 2909 2886 2961 de
2914 2922 2970 2960 re
3000 2908 3131 2961 Salis
3154 2907 3256 2962 dici
3290 2918 3481 2975 potest.

1927 2975 2053 3029 Vide
2085 2976 2141 3031 8.
2174 2976 2335 3031 Basil.
2368 2979 2622 3046 ltegnlain
2664 2994 2726 3032 ex
2760 2981 3003 3031 versione
3034 2978 3229 3034 Bullini
3265 2991 3486 3031 interro-

1918 3060 2025 3112 gat.
2056 3046 2153 3102 197
2178 3059 2229 3101 et
2256 3048 2385 3112 l98;
2418 3048 2587 3102 Vitam
2616 3049 2673 3105 S.
2699 3049 2908 3103 Paterni
2934 3050 3168 3115 eliisvopi
3198 3065 3251 3103 η.
3275 3049 3329 3111 9,
3358 3064 3482 3102 εωο.

2274 3134 2391 3187 pag.
2417 3119 2583 3182 1102;
2621 3129 2676 3174 et
2716 3120 2774 3175 S.
2801 3120 3035 3188 llugonis
3074 3122 3311 3189 epiacopi
3353 3120 3487 3174 Gra-

1924 3190 2223 3255 tianupolit.
2250 3206 2303 3243 ιι.
2331 3189 2417 3253 15,
2439 3192 2577 3259 apud
2608 3191 2740 3245 ΒυιΙ.
2764 3206 2780 3243 ι
2807 3191 2972 3258 April.

1996 3259 2215 3313 Nullum
2245 3260 2428 3332 ναίω]
2455 3263 2615 3315 Bi-cte
2643 3264 2781 3315 enim
2813 3264 2869 3315 S.
2898 3261 3117 3315 Basilius
3147 3260 3340 3329 (Serm.
3364 3261 3398 3313 2
3426 3261 3487 3314 de

1922 3330 2099 3387 litant.
2139 3334 2340 3400 main):
2379 3330 2483 3388 (Si
2516 3332 2677 3397 Deus,
2713 3340 2770 3385 ut
2810 3331 2935 3384 diiit
2972 3334 3227 3397 Joannes,
3257 3335 3489 3385 charitas

1920 3413 2022 3465 est,
2052 3417 2270 3456 necesse
2289 3412 2369 3461 est
2393 3404 2611 3457 omnino
2632 3404 2895 3456 diabolum
2919 3418 3041 3458 esse
3060 3404 3263 3457 odium.
3286 3404 3485 3469 Quem-

1919 3474 2205 3529 adtltoduni
2255 3474 2437 3541 igitur,
2485 3474 2575 3543 qui
2624 3474 2937 3527 charitatein
2989 3476 3179 3537 liabet,
3228 3475 3271 3527 is
3317 3475 3484 3526 Deum

1923 3544 2112 3605 habet;
2144 3546 2222 3600 sic
2264 3557 2317 3600 et
2348 3546 2437 3612 qui
2469 3545 2646 3597 ouium
2681 3544 2872 3607 habet,
2901 3543 3167 3599 diabolum
3196 3545 3246 3597 in
3277 3558 3335 3596 se
3369 3545 3489 3611 ipso

1921 3616 2106 3668 nutrit.
2142 3633 2158 3665 ι
2194 3616 2370 3679 Quare
2399 3616 2463 3667 de
2495 3616 2767 3668 monachis
2809 3617 3117 3668 monasterii
3151 3619 3487 3668 Alexandria:

1920 3697 2102 3739 narrat
2145 3686 2375 3739 Joannes
2417 3687 2685 3740 Cliinacus
2729 3683 2913 3754 (Grati.
2942 3685 3022 3753 4),
3059 3704 3077 3741 ι
3110 3686 3249 3753 quod
3290 3685 3332 3737 si
3364 3685 3485 3751 quis

1918 3772 1982 3810 ex
2016 3758 2225 3811 illorum
2268 3755 2618 3811 contubernio
2657 3757 2881 3809 aliuruut
2930 3769 3055 3811 osor
3098 3755 3483 3823 deprehende—

1917 3836 2087 3893 retur,
2122 3830 2260 3881 hunc
2290 3835 2468 3896 pastor
2498 3831 2548 3881 itt
2578 3830 2875 3891 88,llltcltllll
2909 3831 2975 3879 ah
3004 3828 3122 3879 aliis
3146 3826 3479 3889 εωιιιιιιίιιιιι,

1922 3908 2168 3966 tanquam
2200 3914 2346 3954 reum
2376 3899 2428 3951 in
2458 3898 2709 3952 exsilium
2736 3897 3082 3963 ainaudabat;
3106 3911 3332 3964 cumque
3360 3910 3484 3951 coit-

1918 3971 2147 4025 viciatus
2190 3980 2333 4025 e-set
2381 3969 2666 4038 aliquando
2708 3968 2922 4037 quidam
2973 3967 3134 4022 frater
3177 3967 3364 4031 alteri,
3413 3983 3478 4021 ex

1918 4043 2114 4105 templo
2144 4041 2553 4095 conviciatoreiu
2583 4040 2703 4105 ejiei
2738 4041 3018 4108 pra-cepit,
3051 4043 3234 4093 dcens
3263 4055 3365 4092 non
3388 4039 3485 4089 de-

1917 4111 2045 4166 beie
2073 4110 2207 4166 duos
2236 4112 2505 4166 demoues
2547 4126 2668 4166 esse
2715 4111 2764 4163 iu
2796 4112 3063 4175 coenobio,
3112 4125 3270 4166 unum
3303 4108 3485 4163 visibi-

1916 4183 2020 4236 lem
2038 4222 2055 4247 ,
2078 4193 2132 4236 et
2159 4184 2385 4236 alterum
2414 4183 2754 4236 invisibilem.
2788 4200 2804 4231 ι

1985 4252 2166 4307 Zetum
2194 4270 2293 4307 non
2327 4254 2525 4317 habere,
2568 4255 2809 4306 invidiam
2839 4268 2937 4305 non
2980 4247 3252 4320 exercere.]
3297 4251 3481 4306 Zelum

1914 4328 2117 4379 St‘lllCOl
2146 4325 2516 4379 amaritudinis
2567 4326 2795 4389 malum,
2825 4324 2914 4391 qui
2961 4334 3172 4389 Separat
3214 4339 3245 4375 a
3290 4322 3396 4376 Deo
3425 4334 3481 4375 et

1915 4397 2059 4451 ducit
2098 4397 2164 4451 ad
2206 4396 2501 4459 infernum,
2541 4396 2609 4449 ile
2650 4409 2757 4462 quo
2802 4410 2920 4460 cap.
2956 4395 3044 4446 71.
3090 4396 3154 4446 lit
3192 4393 3481 4462 invidiam,

1918 4482 2009 4533 per
2053 4482 2209 4537 quam
2259 4481 2404 4520 mors
2449 4461 2757 4519 intravitiu
2804 4466 2985 4517 urbem
3038 4472 3316 4537 terrarum.
3362 4461 3480 4537 νέᾳ.

1912 4533 2216 4592 La~s.'coll.
2260 4538 2355 4599 l8,
2405 4552 2523 4606 cap.
2567 4537 2666 4601 l7;
2718 4547 2774 4593 et
2805 4537 3058 4604 Regulam
3108 4534 3167 4589 8.
3212 4533 3477 4599 Ferreoii,

1906 4623 2022 4677 cap.
2056 4613 2109 4660 ιι.

1981 4673 2366 4733 Coutmtionem
2394 4694 2494 4732 non
2522 4676 2741 4749 autem]
2776 4694 2794 4727 i
2824 4675 3126 4749 Contentio,
3157 4688 3221 4728 ex
3251 4673 3308 4728 S.
3334 4673 3480 4749 Basi-
3554 4706 3557 4709 ν

1914 4751 1986 4804 lio
2016 4750 2224 4821 (llegiil.
2254 4750 2387 4821 brev.
2417 4751 2593 4821 interr.
2626 4746 2739 4816 uti),
2767 4760 2877 4821 est,
2911 4748 3338 4821 quandocunque
3361 4746 3479 4813 quis

1912 4837 1985 4875 ne
2026 4816 2195 4874 altero
2239 4820 2459 4875 inferior
2502 4820 2959 4881 rideatur,facvre
2979 4816 3179 4884 aliquid
3224 4817 3419 4867 studet.
3458 4832 3478 4866 ι

1915 4893 2063 4946 llam:
2105 4894 2241 4944 idem
2291 4894 2347 4942 8.
2389 4891 2573 4945 doctor
2600 4900 2845 4957 tanquam
2871 4888 3244 4941 iiteditutioueut
3274 4896 3318 4939 et
3347 4886 3478 4939 viain

1915 4966 1983 5016 ad
2010 4964 2357 5025 rebellionem,
2388 4978 2417 5017 a
2460 4959 2796 5015 moua5tertis
2825 4958 3094 5012 ainandari
3138 4957 3310 5023 iubet;
3342 4957 3478 5011 unde

1915 5050 1967 5089 et
1999 5036 2049 5086 in
2081 5050 2199 5102 pren
2224 5050 2249 5086 s
2278 5051 2395 5095 utne
2425 5034 2525 5087 sub
2556 5029 2688 5102 ejus
2703 5031 2919 5085 nomine
2954 5039 3165 5102 exstant
3202 5029 3340 5102 inter
3366 5026 3478 5097 i-jus

1914 5099 2161 5173 opera'n.
2188 5104 2249 5159 21
2287 5106 2480 5175 (Serm.
2507 5103 2632 5175 Sile
2661 5099 2835 5155 quit.
2859 5103 3056 5175 more),
3080 5101 3179 5153 ista
3211 5100 3434 5152 habetur
3463 5113 3477 5150 :

1921 5171 2027 5230 (Si
2056 5175 2177 5243 quis
2200 5176 2267 5228 de
2298 5171 2590 5243 'Scripturis
2633 5172 2969 5243 contentiose
2991 5171 3271 5243 (disputat,
3298 5178 3475 5243 careat

1916 5240 2304 5319 benedictione.
2336 5263 2355 5298 ι
2390 5240 2456 5299 Et
2482 5245 2534 5299 in
2554 5245 2761 5319 rliegula
2793 5247 2847 5297 8.
2883 5241 3154 5319 l’acbornii
3180 5240 3377 5319 (Art.__l
3398 5241 3476 5319 till

1916 5317 2072 5383 lego:
2106 5336 2123 5368 ι
2155 5317 2213 5373 Si
2263 5320 2507 5371 inventus
2548 5318 2704 5370 fuerit
2750 5328 2887 5389 unus
2914 5327 2945 5366 e
2988 5311 3239 5389 fratribus
3283 5310 3475 5389 aliquid

1915 5404 2011 5456 per
2050 5391 2462 5459 contentionem
2494 5401 2675 5459 agens,
2711 5387 2792 5441 vel
2839 5383 3214 5438 contradicens
3262 5383 3474 5459 majoris

1916 5454 2162 5523 imperio,
2197 5454 2556 5526 iiicrepahitur
2580 5457 2726 5524 juxta
2758 5468 3058 5509 mensuram
3091 5454 3424 5526 peccati__sui.
3456 5467 3475 5501 t

1915 5531 2045 5596 Qua:
2079 5531 2296 5584 totidem
2327 5522 2455 5583 verb
2478 5547 2501 5579 s
2527 5522 2735 5583 exSIani
2764 5527 2815 5579 in
2846 5526 3042 5595 llegula
3072 5522 3329 5596 Orientali
3358 5537 3474 5596 cap.

1917 5591 1981 5653 ιίι
2012 5599 2183 5669 (Tom.
2212 5597 2238 5653 Ι
2272 5598 2415 5653 Mart.
2446 5596 2589 5651 Ei'cl.
2614 5596 2805 5661 σιἀτ..
2837 5591 2954 5666 pag:
2983 5594 3291 5669 56l).AQuid
3319 5591 3474 5669 ergo?

1921 5690 1938 5722 ι
1970 5663 2029 5724 Si
2055 5675 2172 5739 quis
2200 5672 2407 5725 locutus
2437 5670 2594 5723 fuerit
2622 5669 2690 5722 de
2724 5663 2959 5743 qualibet
2987 5683 3071 5743 re,
3100 5666 3277 5743 aiebat
3316 5663 3477 5715 alilias

1916 5743 2137 5810 blatocs,
2164 5758 2226 5798 ne
2255 5743 2548 5799 contendas
2576 5756 2696 5796 cuut
2723 5756 2819 5795 ρο·
2852 5739 2943 5795 sed
2974 5740 3015 5791 si
3050 5746 3189 5791 ft:th
3230 5739 3474 5797 ύιυδιιω.
