3952 6182
434 255 535 310 517

1783 253 1839 310 S.
1881 254 1939 310 Ρ.
1983 253 2337 310 BENEDICTI

3568 248 3671 304 518

433 369 558 423 dic:
593 366 799 430 Etiam;
840 366 881 420 si
923 380 1048 419 vero
1073 365 1231 429 tnale,
1260 364 1455 439 dicito:
1487 364 1565 419 Tu
1601 366 1997 439 scisquomodo
2024 369 2076 429 Α
2100 383 2284 423 verum
2312 365 2533 436 iustitiae
2559 367 2773 433 Solem,
2803 370 2888 439 qui
2922 379 3047 424 tunc
3079 370 3230 425 nobis
3257 371 3502 425 occidere
3540 371 3669 423 ilici-

434 439 701 506 loquaris;
751 451 920 505 neque
960 446 1207 490 concerta
1252 450 1373 489 cuin
1416 438 1508 491 illo
1542 439 1607 488 de
1651 438 1809 490 rebus
1856 452 1992 503 quas

435 511 684 571 rrutulit;
714 521 870 576 atque
899 510 1011 559 liter,
1040 516 1121 559 est
1166 508 1452 561 humilitas.
1484 527 1500 556 ι
1536 508 1667 560 llinc
1692 508 1750 561 S.
1775 507 1991 560 Colum-

434 578 607 633 banus
648 581 696 631 itt
727 578 1078 633 l’wnitentiali
1106 593 1118 630 :
1158 596 1177 627 ι
1206 579 1303 643 Qui
1354 578 1533 645 fratri,
1567 578 1763 645 inqttit,
1794 577 1990 646 aliquid

431 649 687 719 judiCauti
732 647 1098 719 responderit;
1144 648 1257 701 Non
1291 649 1359 701 ita
1390 658 1474 702 est
1514 658 1569 702 ut
1612 648 1763 711 dicis,
1801 660 1994 715 printer

435 717 675 775 Seniores
716 719 1015 787 junioribus
1059 717 1299 772 dicentes
1350 720 1691 786 simpliciter,
1740 720 1989 787 supposi-

438 792 578 845 tione
603 790 826 853 silentii,
860 800 949 841 aut
977 790 1353 857 quinquaginta
1384 788 1813 857 percussionibus
1842 789 1991 911 ἔειφ-

438 862 523 911 ule
553 863 854 911 olet-tatur.)
881 857 993 911 Nisi
1024 860 1123 911 hoc
1162 868 1363 911 tantum
1395 859 1517 911 licet
1557 861 1809 911 comunali
1863 859 1989 911 ratri

436 862 523 929 ple
553 863 854 927 plectatur.)
881 857 993 913 Nisi
1024 860 1123 911 hoc
1162 868 1363 913 tantum
1395 859 1517 913 licet
1557 861 1809 927 cozequali
1842 857 1989 913 fratri

436 946 554 991 suo,
583 932 624 983 si
657 932 899 984 veracius
924 940 1005 983 est
1030 930 1227 998 aliqaid
1264 930 1421 1001 166
1448 945 1603 999 quam
1637 929 1726 984 ille
1750 930 1908 1001 dicit,
1940 940 1996 984 et

435 1000 781 1055 recordatur:
815 1001 870 1055 Si
918 1001 1054 1054 bene
1104 1000 1343 1068 recolis,
1377 1000 1572 1066 frater;
1622 1013 1675 1055 et
1719 1000 1852 1054 alter
1895 1000 1996 1053 hoc

435 1073 657 1125 audiens
685 1085 789 1125 non
820 1071 1047 1124 affirmet
1071 1085 1369 1125 sermonem
1390 1086 1544 1125 suum
1562 1111 1575 1132 ,
1604 1071 1695 1123 sed
1724 1070 1996 1124 humiliter

435 1142 623 1195 dicat:
655 1142 824 1209 Spero
869 1141 1008 1210 quod
1052 1151 1106 1194 tu
1153 1141 1345 1195 melius
1392 1141 1710 1206 recorderis,
1758 1156 1857 1209 ego
1903 1156 1996 1208 per

436 1211 756 1267 oblivionem
782 1212 832 1265 in
859 1212 1021 1265 verbo
1043 1212 1280 1275 excessi,
1309 1215 1530 1279 ptenitet
1569 1226 1653 1264 me
1692 1212 1831 1280 quod
1860 1213 1997 1264 male

436 1284 566 1337 dixi.
612 1284 751 1336 Ecce
797 1283 952 1336 verba
1005 1282 1230 1335 filiornut
1287 1282 1471 1336 Dei....
1502 1281 1763 1336 Cancrum
1809 1284 1896 1349 qui
1941 1297 2000 1335 se

437 1354 800 1414 excusaverit,
832 1367 935 1405 nou
965 1352 1104 1405 lilius
1137 1353 1227 1406 Dei
1258 1354 1528 1421 spiritalis,
1561 1353 1655 1406 sed
1686 1353 1853 1407 Adam
1883 1366 2002 1405 car-

443 1424 579 1477 nalis
614 1422 899 1487 judicetur.
930 1422 1029 1488 Qui
1059 1425 1102 1476 si
1146 1440 1250 1475 non
1294 1424 1399 1476 cito
1427 1426 1491 1477 ad
1539 1432 1747 1492 portum
1795 1423 1999 1489 requiei

440 1493 749 1548 humilitatis
783 1494 1069 1546 Domitticze
1111 1493 1435 1562 confugerit,
1472 1494 1749 1548 nimiarum
1790 1504 1994 1547 contra-

441 1565 731 1618 ilictionum
762 1564 882 1618 aliis
912 1563 1176 1631 aperiens,
1213 1567 1265 1617 iit
1304 1565 1551 1631 superbia
1594 1567 1902 1633 persistens,
1935 1564 2001 1617 de

440 1634 679 1690 libertate
704 1645 901 1688 sancta:
939 1634 1193 1689 Ecclesia:
1228 1635 1280 1689 in
1310 1634 1499 1691 cellula
1526 1637 1594 1688 ob
1633 1634 2001 1705 pmtiiteutiam

437 1708 694 1774 agendam
721 1717 1013 1773 separetur.
1046 1725 1063 1756 ι

511 1774 794 1828 litationem
823 1775 1037 1846 [αρσια]
1057 1775 1220 1845 Cujus
1248 1785 1476 1845 quatuor
1497 1776 1701 1845 species
1730 1783 2003 1829 enumerat

439 1845 496 1901 8.
517 1848 804 1918 (ἰιοιςοι-ἰιιε
832 1845 961 1916 papa
989 1845 1301 1918 (Lib.xxvtu
1328 1847 1542 1910 Maral.,
1566 1862 1611 1899 ε.
1635 1847 1724 1916 7):
1745 1846 1795 1899 1⁸
1819 1860 2001 1899 eorum

438 1917 526 1981 qui
574 1917 768 1969 bonmn
818 1931 847 1969 a
877 1918 1067 1985 seipsis
1106 1917 1303 1971 habere
1350 1920 1685 1981 exi~tiinant;
1723 1918 1788 1970 ‘10
1817 1930 2002 1970 eorum

436 1987 525 2056 qui
558 1987 750 2042 bonum
772 1988 985 2055 quidem
1017 1988 1114 2042 sibi
1141 1987 1320 2042 datum
1343 1997 1667 2055 agnoscunt,
1699 1987 1790 2040 sed
1816 1988 1882 2041 de
1909 2003 2005 2039 suo

438 2063 655 2121 italum,
698 2070 751 2112 et
793 2073 888 2124 pro
924 2060 1036 2114 suis
1086 2059 1289 2113 meritis
1333 2073 1603 2124 at‘ceplSse
1648 2059 1899 2120 credunt;
1941 2058 2003 2111 5°

436 2144 619 2181 eorum
651 2129 738 2197 qui
781 2142 841 2182 se
873 2127 1071 2196 jactant
1118 2129 1318 2184 habere
1347 2131 1485 2194 quod
1529 2144 1632 2182 non
1688 2128 1909 2191 habent;
1943 2128 2003 2178 4°

436 2214 622 2271 eorum
643 2202 728 2267 qui
752 2200 1020 2267 despectis
1043 2202 1271 2264 ceteris,
1297 2201 1636 2271 singulariter
1659 2199 1825 2253 videri
1846 2214 2007 2268 appe-

438 2278 554 2322 tunt
585 2270 779 2325 habere
808 2270 945 2335 quod
978 2272 1191 2325 habent.

508 2338 748 2412 seniores
786 2340 1059 2412 venerari.]
1094 2341 1348 2396 Seniores
1384 2349 1540 2395 vocat
1569 2340 1877 2412 nonisolum
1908 2338 2005 2412 de-

435 2411 685 2479 crepitos,
732 2412 824 2465 sed
874 2411 1220 2478 antiquiOres.
1264 2423 1317 2466 et
1360 2412 1559 2480 primos
1601 2411 1805 2474 ordine,
1839 2411 2008 2480 digni-

437 2480 799 2551 tate,roflicio,
835 2484 1038 2535 meritis
1090 2493 1141 2537 et
1179 2483 1395 2546 virtute,
1438 2498 1572 2551 quos
1609 2496 1797 2535 omnes
1838 2495 2003 2535 vene-

436 2553 541 2604 rari
568 2550 740 2621 jubet.
777 2571 795 2603 ι
834 2552 1117 2608 Veneratio
1160 2564 1334 2606 autem
1390 2550 1689 2618 seniorum,
1738 2566 1805 2605 ex
1849 2552 2003 2605 Sma-

435 2624 621 2689 tagdo,
658 2624 816 2677 debet
841 2637 959 2677 esse
995 2628 1044 2677 tu
1080 2625 1258 2678 verbis
1288 2635 1339 2678 et
1371 2624 1421 2677 in
1466 2624 1659 2677 factis:
1702 2624 1755 2677 in
1803 2624 2005 2686 verbis,

439 2701 496 2744 tit
523 2695 600 2747 eis
635 2708 798 2761 pauca
840 2702 894 2747 et
924 2696 1254 2748 rationabilia
1296 2697 1453 2747 verba
1503 2694 1774 2748 humiliter
1823 2693 2009 2763 loqua-

438 2771 555 2828 tur,
595 2772 650 2816 et
695 2778 816 2819 eum
864 2775 1209 2821 reverentia:
1252 2765 1304 2819 in
1355 2766 1505 2819 factis
1555 2776 1764 2827 autem,
1816 2773 1872 2817 ut
1919 2763 2008 2816 illo

438 2840 763 2887 transeunte
798 2832 979 2903 junior
1022 2845 1236 2904 su'gat,
1278 2837 1369 2889 illo
1415 2835 1604 2889 iterum
1643 2835 1864 2904 jubente
1916 2849 2007 2889 se-

439 2904 593 2971 deat,
625 2908 713 2959 ilto
745 2908 991 2973 loquente
1035 2907 1258 2961 auitietzs
1291 2917 1491 2972 tat-eat,
1525 2904 1869 2975 interroganti
1912 2904 2010 2975 Itu-

439 2975 635 3046 tntl.ter
662 2976 1008 3046 respondeat,
1034 2977 1242 3046 jubentt
1271 2979 1516 3041 obediat,
1548 2974 1801 3031 inclinato
1835 2974 2009 3046 capite

436 3044 860 3100 benedictionem
895 3044 1067 3116 petat,
1090 3058 1144 3102 et
1182 3048 1232 3102 ia
1264 3048 1532 3113 omnibus,
1565 3047 1652 3102 ulti
1682 3044 2009 3099 rationabili-

2035 1750 2082 1809 B

2101 450 2209 503 tur,
2255 453 2375 510 cum
2413 441 2605 510 gratiae
2649 454 2759 493 sua:
2804 440 2979 493 radios
3030 443 3079 495 in
3128 457 3338 510 poenam
3383 442 3668 494 discordiae

2098 508 2380 562 subtrahit.
2412 507 2484 560 lta
2513 511 2800 563 Cassianus
2829 512 2918 565 lib.
2959 527 3048 565 vui
3088 507 3154 566 de
3202 513 3311 572 lra.
3370 527 3486 578 cap.
3521 512 3574 565 9.
3609 516 3670 565 5°

2098 579 2346 651 TrOpice,
2377 584 2543 632 solem
2586 582 2846 634 sumendo
2890 597 2988 649 pro
3020 585 3244 648 ratione,
3282 601 3301 633 ι
3332 598 3449 651 qua:
3480 598 3576 650 pro
3603 600 3669 635 eo

2096 649 2236 718 quod
2267 664 2456 720 omnes
2481 651 2662 703 cordis
2691 653 3042 720 cogitationes
3068 649 3521 719 discretionesque
3553 669 3670 719 pcr-

2098 721 2319 781 lustret,
2364 719 2444 791 sol
2488 727 2681 791 merito
2710 736 3063 789 nuncupatur,
3108 735 3162 777 ut
3194 725 3426 791 loquitur
3462 724 3671 777 Cassia-

2100 806 2202 845 nus
2231 791 2346 862 loco
2368 789 2550 844 citato.
2586 790 2682 845 Ira:
2710 806 2840 860 ergo
2866 794 2995 846 vitio
3026 809 3129 845 non
3158 789 3545 862 exstinguatnr,
3578 809 3665 858 ne,

2099 876 2160 914 ea
2187 860 2483 922 oecidente,
2530 863 2984 928 perturbationum
3025 865 3257 918 tenebrat:
3288 860 3408 917 etim
3454 875 3671 919 auctore

2100 946 2198 985 suo
2224 930 2438 985 diabolo
2483 932 2785 987 universum
2826 934 3003 987 cordis
3033 935 3199 989 nostri
3248 946 3508 1000 occupent
3545 950 3672 989 sen-

2102 1016 2241 1056 Sllm.
2274 1019 2292 1053 ι

2171 1072 2701 1145 Quocunque__sensu
2745 1084 3011 1137 sumatur,
3042 1083 3190 1129 certe
3232 1074 3362 1129 nihil
3394 1075 3664 1145 indignius

2103 1141 2154 1194 in
2182 1156 2337 1195 servo
2361 1143 2450 1195 Dei
2478 1142 2738 1197 discordia
2768 1161 2781 1197 :
2810 1160 2928 1198 nam
2958 1165 2975 1196 ι
3005 1145 3139 1198 sicut
3166 1145 3331 1200 factus
3357 1157 3441 1199 est
3466 1141 3530 1197 in'
3541 1161 3672 1211 pace

2103 1212 2250 1267 locus
2281 1212 2528 1277 Domini,
2562 1216 2640 1267 sic
2686 1214 2739 1268 in
2787 1214 3051 1268 discordia
3096 1215 3270 1269 locum
3319 1219 3431 1270 fieri
3462 1217 3676 1271 diabolo

2103 1284 2438 1336 manifestum
2461 1292 2563 1346 est,
2598 1303 2615 1335 ι
2641 1284 2770 1338 ιιι8.
2799 1285 3051 1338 [ιρι-μογιιὶ
3086 1287 3267 1339 verbis
3285 1296 3402 1339 utar
3421 1286 3616 1349 (Serm.
3640 1289 3675 1341 5

2103 1354 2167 1405 de
2195 1351 2378 1407 Dedic.
2408 1354 2557 1424 ercl.)
2586 1370 2601 1408 :
2632 1359 2771 1409 unde
2810 1364 2866 1410 et
2889 1358 2978 1423 qui
3026 1358 3300 1409 monachis
3332 1357 3478 1424 leges
3508 1357 3678 1409 tradi-

2103 1426 2333 1486 derunt,
2386 1423 2516 1476 nihil
2556 1426 2823 1494 antiquius
2871 1426 3118 1480 habuisse
3153 1423 3398 1480 videntur
3425 1443 3583 1495 quam
3617 1439 3675 1479 ut

2103 1494 2465 1566 dissensiones
2494 1495 2653 1566 etiam
2683 1498 2781 1549 sub
2810 1496 3139 1566 gravissimis
3164 1497 3342 1566 poenis
3363 1512 3391 1547 a
3424 1494 3677 1550 elaustris

2104 1565 2463 1637 eliminarent.
2497 1564 2570 1637 Ita
2601 1567 2658 1619 S.
2690 1564 2953 1620 Cmsarius
2985 1564 3191 1637 (Regni.
3233 1568 3302 1620 ad
3348 1566 3633 1620 Monachus
3659 1608 3675 1632 ,

2106 1650 2152 1689 c.
2176 1635 2269 1704 24)
2302 1652 2313 1686 :
2352 1653 2369 1684 ι
2402 1634 2481 1697 Si,
2511 1635 2715 1704 inquit,
2749 1636 2904 1697 forte,
2941 1634 3270 1692 ut'se'habet
3291 1638 3549 1706 fragilitas
3577 1640 3679 1691 ltu-

2110 1721 2297 1777 mana,
2332 1706 2382 1777 in
2414 1715 2613 1777 tantum
2642 1707 2791 1761 nefas
2819 1708 2980 1777 aliqui
3022 1707 3089 1761 de
3130 1708 3381 1762 fratribus
3409 1708 3520 1761 ausi
3563 1708 3680 1762 fue-

2116 1777 2220 1829 riut
2248 1775 2465 1846 diabolo
2508 1775 2790 1846 instigante
2818 1775 3186 1846 prorumpere,
3219 1790 3344 1832 ut...
3375 1778 3425 1831 in
3455 1793 3513 1831 se
3541 1778 3683 1830 invi-

2107 1861 2227 1919 cem
2249 1845 2548 1919 convicium
2578 1845 2827 1912 mittant,
2838 1848 3037 1915 justum
3064 1859 3144 1902 est
3171 1858 3227 1903 ut
3252 1848 3538 1919 legitimam
3567 1849 3685 1901 dis-

2108 1916 2357 1983 ciplinam
2386 1917 2668 1984 accipiant,
2701 1934 2731 1971 a
2758 1919 2950 1987 quibus
2978 1920 3173 1988 regulre
3205 1916 3440 1973 instituta
3468 1921 3682 1972 vnolan-

2111 1996 2213 2040 tur.
2245 2006 2263 2039 ι
2296 1988 2394 2040 Per
2418 1988 2751 2058 disciplinam
2774 1997 2950 2042 autem
2977 1990 3222 2055 intelligit
3243 1990 3677 2058 flagellationein.

2110 2058 2166 2131 Sp.
2198 2058 2481 2111 Ferreolus
2511 2057 2600 2131 (In
2642 2058 2768 2129 Reg.
2809 2076 2855 2131 ο.
2894 2059 3037 2131 5");
3073 2079 3090 2111 ι
3129 2061 3251 2114 Illos
3298 2057 3453 2128 igitur
3487 2075 3681 2113 mona-

2109 2128 2241 2181 chos
2266 2168 2278 2186 .
2321 2143 2456 2193 quos
2499 2129 2580 2182 vel
2613 2128 2767 2183 unius
2789 2130 2894 2183 diei
2929 2128 3051 2183 linis
3078 2131 3351 2185 discordes
3394 2132 3681 2193 invenerit,

2109 2200 2195 2263 qni
2228 2214 2394 2267 usque
2438 2199 2504 2250 ad
2551 2214 2827 2268 vesperam
2876 2200 2996 2254 lites
3029 2202 3278 2266 tralmnt,
3326 2210 3379 2255 et
3420 2212 3540 2254 ante
3572 2218 3680 2253 tttm

2107 2270 2398 2323 excludunt
2426 2268 2603 2323 odium
2633 2286 2789 2339 quam
2822 2271 2902 2324 sol
2936 2285 3221 2334 cognoscat
3261 2286 3504 2325 occasum
3525 2312 3538 2329 ,
3588 2271 3683 2335 qui

2108 2340 2303 2393 dicenti
2361 2340 2616 2411 Apostolo
2670 2356 2766 2411 per
2816 2342 3231 2396 inobedieuiam
3277 2342 3681 2403 contradicunt,

2109 2412 2393 2463 Statuintus
2415 2410 2593 2463 tandiu
2619 2410 2935 2466 abstinentia
2962 2414 3329 2476 macerandos,
3358 2412 3588 2482 quandiu
3614 2413 3683 2465 ad

2110 2494 2289 2534 veram
2322 2496 2380 2535 se
2420 2483 2758 2536 concordiam
2792 2484 3027 2536 ultronea
3059 2484 3419 2537 satisfactione
3448 2498 3683 2536 conver—

2110 2560 2297 2624 tant.)
2348 2551 2406 2605 S.
2458 2551 2816 2624 Columbanus
2865 2552 2954 2624 (In
2986 2552 3195 2620 l’wnit.)
3231 2572 3243 2605 :
3281 2573 3297 2602 ι
3336 2554 3391 2608 Si
3423 2553 3543 2620 quis
3577 2553 3685 2605 ira-

2109 2622 2393 2687 cundiam,
2440 2624 2522 2676 vel
2571 2622 2836 2677 tristitiam
2860 2622 2882 2686 ,“
2906 2625 2987 2679 vel
3020 2625 3273 2679 invidiam
3322 2632 3685 2678 tenetcmitra

2110 2692 2325 2746 fratrem
2362 2709 2557 2765 suum,
2614 2702 2671 2746 ut
2700 2702 2905 2763 tempus
2950 2697 3177 2749 tenuerit
3216 2695 3290 2765 (id
3331 2705 3414 2765 est
3443 2696 3683 2762 quandiu

2108 2766 2402 2817 servaverit
2433 2764 2815 2835 iracundiam),
2845 2766 2947 2835 erit
2974 2764 3285 2835 pinnitentia
3315 2764 3430 2834 ejus
3459 2765 3510 2816 in
3544 2779 3684 2835 pane

2108 2844 2163 2888 et
2190 2849 2324 2901 aqua
2360 2851 2375 2888 :
2406 2834 2451 2887 si
2483 2849 2609 2888 vero
2638 2836 2804 2903 prima
2841 2834 2927 2891 die
2962 2834 3239 2890 confessus
3276 2838 3453 2898 fuerit,
3488 2834 3679 2901 viginti

2108 2914 2331 2972 quatuor
2356 2906 2605 2972 psalmos.
2646 2924 2664 2957 ι
2702 2905 2898 2961 Scribit
2925 2907 3082 2960 etiam
3110 2907 3169 2961 S.
3210 2906 3444 2961 Joannes
3474 2906 3679 2958 Clima-

2108 2991 2203 3029 cus
2250 2974 2316 3046 de
2358 2977 2631 3029 monachis
2657 2978 2961 3031 monasterii
2994 2977 3336 3032 Alexandrini
3361 2974 3550 3046 (Grad.
3582 2979 3678 3043 1),

2116 3065 2133 3097 ι
2166 3045 2305 3115 quod
2329 3047 2417 3115 qui
2442 3059 2501 3100 se
2545 3048 2875 3101 reconciliari
2906 3064 3008 3103 non
3039 3045 3463 3116 paterentunab
3493 3062 3679 3100 mensa

439 3126 521 3196 ter
550 3120 927 3196 res__postulat,
956 3120 1130 3196 iunior
1157 3120 1447 3196 moaachus
1473 3118 1669 3196 seniori
1699 3117 1914 3196 obediat
1929 3135 1959 3196 ἐ
1984 3136 2001 3169 ι
2035 3134 2079 3196 C
2114 3118 2376 3196 tantisper
2402 3118 2753 3184 arcebantur,
2800 3119 2974 3196 quoad
3005 3119 3187 3196 positis
3218 3119 3353 3196 odiis
3382 3116 3676 3196 amicitiam

434 3189 579 3258 justa
626 3186 751 3240 illud
802 3188 1015 3258 [legulae
1053 3190 1152 3245 SS.
1190 3191 1336 3243 Pauli
1380 3204 1427 3243 et
1474 3188 1732 3258 Stephani
1778 3190 2002 3251 cap."5:

444 3275 463 3307 ι
493 3256 736 3313 Jnniores
766 3256 1063 3314 senioribus
1108 3262 1313 3314 since-ra
1357 3256 1687 3326 subjectt‘one
1726 3260 2003 3325 obciliant,

442 3343 615 3401 neque
637 3336 856 3383 tumenti
883 3333 1091 3385 cervice
1113 3331 1162 3384 in
1186 3348 1498 3401 quocunque
1520 3331 1894 3399 t'esttondeant,
1920 3339 2010 3384 aut

439 3398 731 3473 lastidicnti
779 3404 958 3455 animo
998 3412 1051 3455 et
1101 3398 1576 3473 tiegliuentc'aure
1614 3398 2007 3467 imperantibus

437 3470 656 3523 obedire
702 3470 1029 3538 detrectent,
1074 3470 1541 3537 seil'nnanimiter,
1577 3483 1631 3528 et
1673 3474 2010 3527 concord-ter

439 3540 625 3613 tamin
653 3542 873 3609 spiritali
901 3560 1063 3610 apere
1096 3561 1252 3613 quam
1285 3547 1334 3600 in
1365 3554 1579 3599 terreno
1610 3544 1790 3599 labore
1819 3556 2008 3599 omnes

440 3610 584 3663 fideli
612 3613 903 3667 tnta-ntione
922 3610 1255 3670 occurrant.»
1344 3647 1351 3653 -

507 3679 749 3756 leniores
777 3684 1033 3756 ἀπῇμεν-αι
1066 3686 1264 3749 Duplici
1296 3687 1501 3740 ratione
1526 3684 1827 3754 junioribus
1857 3683 2010 3738 exhi-

438 3750 663 3805 bendam
706 3769 824 3808 esse
863 3750 1200 3810 dilectionem
1234 3758 1317 3811 hic
1346 3757 1504 3810 ducet
1527 3750 1909 3824 'Sinaragdus:
1950 3756 2007 3807 1⁰

438 3825 559 3889 quia
589 3824 799 3896 fratres,
825 3826 881 3878 ti."
905 3843 1027 3896 quia
1064 3829 1364 3881 senioribus
1392 3836 1515 3881 sunt
1542 3827 1873 3896 oliedienies,
1900 3825 2011 3879 eis-

442 3907 545 3959 que
590 3894 860 3949 humiliter
897 3894 1165 3965 serviunt,
1207 3900 1459 3968 scrip'uin
1486 3908 1569 3953 est
1606 3899 1786 3953 enim:
1822 3895 2009 3950 Servus

437 3975 670 4039 εειιδιιιιιε
698 3970 762 4018 sit
801 3969 890 4020 tibi
936 3967 1150 4021 dilectus
1196 3971 1342 4039 quasi
1380 3970 1551 4022 animo
1584 3979 1697 4032 tua,
1724 3968 1868 4035 quasi
1893 3968 2011 4039 fra-

437 4042 565 4109 trem
585 4037 818 4109 siceum
848 4048 1025 4091 tracta.
1070 4037 1216 4093 Hittc'
1237 4040 1436 4109 ltegula
1482 4041 1580 4095 SS.
1612 4038 1759 4093 Pauli
1788 4047 1842 4092 et
1886 4037 2009 4109 Ste-

440 4103 597 4170 phani
627 4106 780 4176 (Cap.
803 4110 861 4161 2i
889 4127 902 4160 :
936 4128 955 4159 ι
984 4109 1254 4175 Seniores,
1288 4103 1487 4179 inquit,
1525 4110 1824 4179 junioribus
1850 4107 2012 4161 affec-

442 4184 551 4250 tum
582 4187 856 4241 paternum
891 4180 1227 4247 impendant,
1260 4191 1313 4235 et
1347 4196 1466 4235 cmn
1500 4179 1792 4250 imperandi
1826 4195 2012 4232 net-es-

437 4247 637 4299 .arium
668 4251 856 4314 fuerit,
890 4267 992 4304 non
1025 4253 1249 4305 tumenti
1281 4247 1619 4306 animositate
1668 4261 1722 4304 et
1760 4251 2010 4303 (σικυούς

442 4318 691 4391 Vocibus,
736 4321 829 4373 sed
863 4322 1199 4387 fiducialiter,
1245 4322 1527 4391 tranquilla
1564 4322 1920 4386 simplicitate,
1956 4329 2011 4372 et

436 4388 752 4461 auctoritate
793 4390 947 4445 bona:
989 4394 1108 4445 vita:
1154 4394 1220 4446 ad
1268 4388 1622 4461 peragendam
1665 4407 2006 4445 communem

437 4457 715 4533 utilitatem
742 4477 861 4533 quae
891 4466 941 4515 lu
963 4464 1084 4516 'rint
1104 4457 1717 4533 opportuna'iujnngant.
1746 4481 1764 4513 ι

2111 3188 2554 3256 redintegrarent,
2586 3199 2671 3241 aut
2700 3190 2918 3243 omnino
2946 3206 2974 3243 a
3003 3190 3351 3242 contubernio
3383 3187 3685 3240 sodalitatis

2110 3258 2477 3327 ejiciebantur.
2517 3277 2534 3309 ι
2571 3258 2917 3314 Cassinenses
2968 3258 3058 3331 (In
3085 3260 3284 3313 Drclar.
3333 3259 3401 3311 ad
3445 3260 3688 3331 capJO)

2110 3344 2239 3383 vero
2279 3330 2572 3383 simultates
2615 3330 2753 3383 inter
2781 3345 2839 3384 se
2870 3329 3180 3385 exercentes
3202 3372 3217 3393 ,
3251 3340 3306 3383 et
3350 3342 3507 3383 recon
3545 3329 3686 3382 iliari

2111 3400 2336 3454 invicem
2368 3410 2675 3455 recusantes
2703 3416 2734 3453 ιι
2764 3400 2957 3455 divinis
3002 3402 3365 3468 suspendunt,
3408 3399 3585 3452 officio
3632 3408 3688 3453 et

2110 3471 2274 3539 gradu
2324 3471 2550 3539 privant,
2596 3485 2658 3524 ac
2708 3474 2918 3526 tandem
2946 3472 2998 3526 in
3044 3473 3311 3527 simultate
3342 3471 3689 3540 pertinaciter

2111 3552 2450 3613 replanetites
2476 3541 2676 3613 earceri
2710 3545 3034 3613 mattcipaut.

2183 3610 2251 3664 Et
2281 3612 2344 3664 de
2374 3612 2466 3692 Dei
2499 3612 2844 3693 misericordia
2866 3609 3125 3680 nunquam
3155 3609 3473 3693 desperare.j
3506 3613 3687 3691 Appo-

2112 3684 2213 3738 site
2257 3687 2473 3737 omnino
2502 3682 2561 3737 S.
2609 3682 2961 3753 Benedictus,
2997 3699 3266 3753 pra-mssa
3314 3699 3405 3749 pro
3450 3682 3687 3737 inimicis

2112 3754 2357 3808 oratione
2382 3764 2430 3806 et
2461 3769 2580 3807 cum
2613 3752 3042 3809 discordantibus
3071 3754 3523 3816 reconciliatione,
3550 3754 3688 3806 dixit

2111 3826 2179 3879 de
2207 3823 2302 3894 Dei
2332 3825 2697 3894 misericordia
2719 3840 2984 3894 nunquam
3017 3827 3301 3892 desperare
3333 3842 3345 3875 :
3376 3824 3510 3877 hanc
3537 3825 3683 3876 i-nim

2114 3894 2251 3949 haud
2275 3893 2491 3947 dubium
2527 3893 2960 3963 obtinebunt’qui
2986 3896 3106 3950 aliis
3139 3896 3558 3949 misericordiam
3583 3894 3689 3946 im-

2152 3964 2395 4019 enderint
2428 3982 2439 4016 :
2476 3964 2619 4017 Beati
2644 3967 3010 4027 misericordes.
3044 3967 3210 4034 inquit
3242 3967 3351 4033 ipsa
3379 3965 3689 4018 inisericdrs

2160 4036 2340 4097 eritas,
2373 4038 2610 4104 quoniam
2636 4037 2735 4104 ipsi
2765 4038 3165 4091 misericordiam
3195 4046 3581 4096 consequentur.
3623 4036 3691 4090 Ut

2112 4116 2287 4160 autem
2316 4109 2382 4160 de
2411 4107 2774 4161 miserit-ordia
2811 4109 2900 4162 llei
2951 4124 3055 4161 non
3105 4110 3471 4174 dc~peremus.
3507 4106 3690 4159 multa:

2115 4193 2210 4230 nos
2242 4193 2456 4231 movere
2489 4188 2713 4245 possunt
2742 4181 2993 4240 rationes,
3040 4194 3173 4235 nitas
3202 4178 3385 4231 videre
3422 4178 3578 4247 168
3601 4188 3690 4230 est

2111 4249 2247 4313 apttd
2274 4248 2331 4301 S.
2361 4248 2686 4302 Bernardum
2715 4250 2769 4303 in
2790 4250 2946 4318 epist.
2973 4248 3099 4316 585,
3121 4260 3174 4303 et
3192 4264 3353 4303 serm.
3373 4251 3442 4303 58
3468 4264 3518 4301 ιιι
3548 4251 3686 4301 Catt-

2113 4330 2234 4373 U08.

2186 4390 2315 4445 hcce
2342 4392 2451 4443 Iure
2478 4402 2596 4445 sunt
2622 4392 2958 4445 instrumenta
2987 4393 3111 4446 artis
3134 4388 3463 4462 spiritantia]
3496 4389 3687 4445 Hacte-

2113 4476 2213 4513 nus
2246 4465 2595 4515 instrumenta
2641 4465 2772 4516 artis
2803 4463 3096 4530 spiritualts
3124 4462 3184 4518 S.
3217 4463 3371 4515 Pater
3407 4463 3687 4529 exposuit;

508 4525 575 4605 In
596 4520 979 4605 Christiamore
1007 4551 1100 4605 pro
1129 4520 1303 4588 i'nlimic
1324 4551 1348 4587 ι
1375 4520 1781 4605 οταῖε.]”8ιιιι11θ
1807 4532 2004 4605 aliquid
2037 4520 2087 4579 Ι)
2112 4532 2204 4585 scil
2232 4533 2353 4599 quia
2381 4534 2556 4601 Opifici
2587 4551 2689 4588 non
2714 4520 2848 4588 satis
2866 4547 2947 4589 est
2973 4537 3174 4600 optima
3200 4538 3463 4598 reperisse
3481 4520 3689 4587 instru;

435 4599 486 4652 iit
516 4601 721 4675 tlegnla
759 4603 965 4675 abbatis
1006 4599 1151 4659 lsaia:
1182 4606 1371 4674 legitur
1408 4599 1673 4675 (Capflil)
1701 4622 1714 4657 :
1748 4623 1765 4655 ι
1797 4605 1850 4657 Si
1879 4604 2005 4657 dum

435 4671 641 4745 sederis
664 4674 714 4725 in
741 4674 873 4727 cella
903 4686 990 4729 tua
1018 4671 1329 4731 memineris
1354 4671 1494 4744 quod
1509 4671 1715 4745 aliquis
1750 4677 1843 4727 tih't
1870 4676 2007 4728 mala

438 4741 652 4808 fecerit,
686 4759 845 4806 surge
866 4747 1073 4810 statim,
1101 4757 1155 4802 et
1182 4762 1273 4801 ora
1306 4741 1400 4813 pro
1427 4749 1517 4800 illo
1544 4749 1592 4800 in
1617 4741 1782 4799 corde
1814 4756 1927 4808 tuo,
1952 4755 2010 4797 ιιι

438 4823 620 4893 parcat
647 4814 721 4867 illi
769 4815 945 4893 Dens:
978 4818 1046 4871 ita
1088 4820 1231 4872 enim
1283 4819 1458 4887 passio
1495 4833 1653 4887 quam
1691 4816 1809 4886 ejus
1849 4832 2008 4870 causa

438 4887 653 4949 patieris
674 4887 963 4942 evanescit.
999 4906 1017 4939 ι

483 4951 630 5034 .Cn‘m
650 4956 1248 5034 discordanteantesefie
1266 4958 1580 5034 occasumjn
1603 4974 1779 5034 pneent
1801 4956 2011 5027 ταῦτα]

436 5025 530 5097 llic
561 5025 617 5078 S.
648 5026 806 5080 Pater
842 5029 1031 5083 alludit
1059 5031 1125 5084 ad
1152 5031 1277 5083 illtid
1307 5030 1548 5097 Apostoli
1589 5025 1655 5083 ad
1688 5029 1881 5097 Ephes.
1917 5044 1967 5081 tv
1997 5025 2010 5081 Ξ

431 5092 527 5148 Sol
558 5111 658 5148 non
688 5099 883 5150 occidat
912 5116 1066 5167 super
1093 5092 1412 5154 iracundia-nt
1440 5110 1675 5153 vestram.
1718 5092 1887 5165 Quem
1934 5102 2013 5151 l0-

433 5181 554 5241 eum
587 5168 755 5223 tribus
805 5172 979 5225 modis
1024 5172 1361 5240 interpretari
1416 5171 1568 5241 167
1603 5184 1903 5239 possumus.
1952 5171 2009 5223 l°

440 5234 784 5302 Littei-aliter,
816 5249 872 5293 ut
919 5256 1043 5297 ante
1087 5234 1380 5296 nia-terialis
1417 5234 1552 5295 ’ᾗιῖιὲ
1593 5234 1842 5295 occasum
1886 5256 2009 5294 cum

434 5307 867 5381 discOi-dautihus
896 5311 948 5365 in
994 5328 1179 5381 pacem
1232 5313 1533 5377 redeamus,
1562 5329 1629 5366 ne
1673 5312 1811 5365 forte
1844 5313 2009 5364 inter-

430 5379 676 5433 veniente
721 5393 874 5435 ttoCIe
911 5379 1177 5447 diabolus,
1213 5393 1395 5450 aptum
1442 5393 1650 5445 tempus
1692 5392 1901 5442 nactus,
1942 5396 2003 5435 ea

429 5463 549 5527 que
576 5454 914 5527 contigerunt
958 5455 1128 5523 magis
1168 5469 1233 5506 ac
1263 5454 1432 5522 magis
1462 5454 1787 5527 inflammet.
1834 5459 2007 5519 Atque

427 5524 497 5569 tta
526 5524 765 5592 apostoli
796 5524 967 5577 locum
996 5534 1274 5589 exponunt
1300 5527 1359 5577 S.
1386 5524 1705 5577 Ambrosius
1737 5525 1787 5575 in
1818 5527 2011 5592 psalm.

430 5600 481 5664 ἓν
501 5604 514 5648 ς
538 5590 601 5646 S.
626 5590 860 5664 Isidorus
890 5594 1161 5648 l’elusiota
1189 5595 1279 5647 lth.
1309 5610 1342 5647 ιι
1362 5636 1376 5658 ,
1406 5594 1567 5663 epist.
1596 5593 1726 5654 189;
1758 5590 2012 5661 Evagrius

430 5661 483 5707 in
515 5670 642 5737 tum.
675 5661 735 5715 111
786 5663 1024 5737 Monum.
1069 5664 1210 5737 I'Iccl.
1249 5661 1469 5737 Gt'a'cag,
1504 5680 1621 5737 pag.
1654 5664 1745 5737 7‘2.
1772 5667 1835 5717 ‘2“
1868 5666 2012 5718 Alle-

432 5734 628 5797 ευιιου,
660 5746 752 5801 per
796 5735 961 5791 solem
1012 5735 1361 5806 intelligendo
1410 5734 1679 5790 Clu-istum
1730 5736 2008 5793 Dominum

2111 4613 2311 4665 menta,
2336 4605 2434 4657 nisu
2460 4608 2670 4659 tandem
2690 4606 2751 4658 iis
2766 4605 2828 4656 ad
2847 4619 2981 4672 opus
3004 4606 3100 4658 sibi
3128 4604 3452 4671 pr0positum
3476 4613 3686 4660 utatur:

2118 4691 2135 4725 t
2173 4677 2241 4726 ob
2269 4676 2369 4727 hoc
2399 4677 2540 4728 enim
2562 4716 2577 4737 ,
2612 4677 2779 4735 inquit
2808 4675 3096 4729 Cassianus
3125 4674 3337 4729 .Collat.
3369 4690 3415 4737 t,
3447 4689 3564 4739 cap.
3592 4677 3646 4742 7)
3670 4714 3688 4740 ,

2113 4746 2230 4811 quis
2261 4745 2584 4800 ferramenta
2630 4748 2913 4814 cujuslibet
2958 4755 3091 4799 artis
3142 4745 3424 4799 insiituere
3474 4744 3573 4797 sibi
3626 4760 3689 4799 ac

2117 4831 2413 4882 prieparare
2446 4817 2679 4879 festinat,
2727 4832 2830 4869 non
2882 4827 2938 4869 ut
2974 4833 3034 4869 ea
3071 4819 3337 4884 possideat
3363 4815 3557 4875 otiosa,
3591 4830 3688 4870 nec

2117 4897 2175 4937 ιιι
2204 4888 2548 4940 emolumenti
2579 4890 2722 4940 illius
2753 4891 3001 4950 fructum,
3045 4890 3135 4955 qui
3167 4897 3412 4954 speratur
3442 4902 3504 4940 ex
3535 4886 3687 4953 ipsis,

2117 4957 2169 5009 in
2202 4960 2337 5010 nuda
2368 4959 2842 5011 inStruntentoruiu
2878 4958 3218 5023 possessione
3251 4957 3559 5018 constituat,
3591 4958 3686 5011 sed

2121 5038 2176 5079 ut
2213 5042 2396 5081 eorum
2444 5028 2743 5083 ministerio
2781 5031 3024 5096 peritiam
3054 5030 3319 5092 finemque
3360 5027 3498 5079 illius
3526 5027 3679 5081 disci-

2121 5098 2275 5165 plina:
2298 5140 2312 5163 ,
2344 5098 2497 5166 cujus
2529 5100 2641 5153 haec
2666 5099 2969 5168 adjumenta
2998 5109 3122 5152 sunt
3139 5139 3155 5163 ,
3179 5098 3466 5151 efficaciter
3493 5112 3686 5166 appre-

2116 5169 2345 5233 hendat,
2379 5189 2397 5220 ι
2435 5171 2554 5224 ideo
2597 5184 2694 5223 nos
2739 5173 2839 5223 hac
2888 5170 2945 5225 8.
2998 5169 3316 5222 Benedictus
3343 5168 3601 5231 clausula,
3634 5180 3684 5220 ut

2118 5239 2386 5307 prtedictis
2418 5240 2784 5295 instrumentis
2813 5256 2949 5308 opus
2974 5240 3126 5293 nobis
3152 5241 3496 5293 commissum
3524 5253 3684 5291 exse-

2114 5326 2357 5377 qnamur,
2413 5312 2655 5365 hortatur
2689 5312 2875 5366 dicens
2908 5328 2920 5363 :
2958 5328 2978 5361 ι
3015 5311 3151 5365 Ecce
3196 5310 3310 5364 lucc
3334 5321 3456 5363 sunt
3487 5309 3684 5363 instru-

2118 5390 2295 5434 menta
2326 5383 2458 5436 artis
2486 5382 2778 5451 spiritualis
2804 5398 2924 5452 qua:
2955 5382 3102 5434 vobis
3133 5380 3405 5452 proposui,
3434 5380 3681 5449 propriis-

2116 5467 2239 5521 que,
2271 5462 2329 5505 ttt
2353 5462 2421 5505 tta
2452 5453 2652 5511 dicant.
2678 5456 2728 5505 in
2757 5451 3002 5507 manibus
3025 5451 3239 5505 tradidi.
3277 5470 3297 5503 ι

2188 5522 2316 5586 Quae
2362 5539 2477 5575 eam
2523 5524 2713 5589 fuerint
2741 5540 2773 5576 a
2811 5524 2954 5576 nobis
2987 5523 3069 5577 die
3095 5533 3344 5589 noctuque
3376 5519 3679 5574 incessabili-

2188 5524 2316 5586 Qua:
2362 5539 2477 5575 eam
2549 5525 2713 5577 uerint
2741 5540 2773 5576 a
2811 5524 2954 5576 nobis
2987 5524 3069 5577 die
3095 5533 3344 5589 noctuque
3376 5524 3679 5574 incessabili-

2119 5602 2193 5645 ter
2220 5524 2549 5664 adimpletaj
2577 5594 2670 5649 Die
2698 5604 2965 5663 noctuque
2984 5636 2997 5657 ,
3026 5592 3077 5646 id
3100 5602 3184 5648 est
3212 5608 3446 5660 semper,
3485 5594 3561 5645 vel
3582 5631 3595 5645 .
3629 5600 3679 5642 ut

2117 5666 2336 5731 expmiit
2356 5664 2703 5734 'l‘rithcmius,
2731 5664 3094 5737 prosperitatis
3118 5674 3172 5719 ct
3195 5665 3531 5731 adversitatis
3555 5671 3680 5716 teut-
