3952 6182
448 212 541 272 551

1781 211 1841 268 5.
1880 211 1941 267 Ρ.
1984 210 2335 275 BENEDICTI

3566 214 3667 267 552
3710 220 3713 223 λ

439 336 564 401 esse
593 330 865 401 nequeat:
892 336 1012 376 nam
1028 320 1453 401 gbipbedieritia
1476 330 1591 401 est,
1622 322 1693 376 ibi
1711 332 1805 401 est
1832 322 2004 401 humi-

2185 339 2257 389 Ac
2281 338 2327 390 si
2354 333 2602 387 divinitus
2639 334 2935 401 imperetur,
2975 349 3176 386 moram
3205 331 3313 391 uati
3359 330 3671 383 uesciuutin

442 393 566 448 litas
606 403 662 449 et
686 394 940 448 Charitas.
975 413 992 442 ι
1025 393 1093 447 Et
1141 392 1240 446 hoc
1278 408 1435 447 sensti
1478 394 1672 462 primus
1702 393 2006 447 humilitatis

439 466 627 532 gradus
651 464 788 518 idem
810 472 965 517 sonat
982 474 1140 529 atque
1162 480 1287 516 unus
1308 463 1605 517 obedientiaa
1626 466 1853 531 gradus;
1884 478 2003 530 quae

439 535 706 599 expositio
734 534 941 587 videtur
966 534 1336 599 antiquissima
1364 575 1378 597 ,
1417 543 1645 588 testante
1680 534 2003 598 Hildemaro,

441 606 662 672 primum
694 605 781 657 hie
815 618 911 672 pro
938 610 1067 665 solo,
1096 605 1386 657 secundum
1412 605 1763 673 quorumdam
1795 615 2010 658 senten-

440 677 587 737 tiam,
615 675 800 740 accipi.
830 674 895 728 Et
922 689 1050 727 sane
1079 676 1367 727 secundum
1387 676 1668 729 tertiutnve
1690 675 2008 729 obedientire

443 745 666 813 gradum
697 745 945 809 deinceps
981 745 1041 798 S.
1075 744 1233 815 Pater
1268 760 1370 797 non
1402 755 1666 815 assignat;
1700 746 1790 798 sed
1836 761 2007 813 neque

444 818 540 870 SS.
573 815 758 869 Patres
794 816 943 887 111
983 816 1139 867 aliain
1171 814 1447 869 admisisse
1483 814 1726 868 videnlur
1754 816 2008 870 obedien-

440 887 599 949 tiam,
631 896 821 952 praeter
848 901 963 938 eain
988 901 1105 951 qua:
1138 900 1298 937 mora:
1338 895 1481 939 e-set
1520 887 1829 953 impatiens;
1866 887 2007 940 unde

440 967 495 1008 et
551 972 665 1009 eam
730 954 1047 1009 deﬁnierunt
1106 957 1483 1018 persuasionem
1540 958 1649 1008 sine
1696 957 2008 1009 discussione

445 1024 531 1094 (S.
564 1026 821 1088 Antioch,
859 1024 1036 1077 Iwmil.
1060 1026 1173 1095 '59),
1202 1042 1458 1094 reutnque
1487 1026 1857 1080 inobedientiae
1888 1042 2005 1079 cen-

438 1106 658 1150 suerunt
684 1111 803 1149 eum
835 1097 921 1162 qui
952 1097 1031 1149 vel
1063 1098 1332 1149 minimam
1374 1098 1423 1150 iti
1464 1098 1772 1164 ex~eqtiend
1799 1119 1809 1143 ι
1853 1111 2003 1149 man-

438 1167 567 1220 dato
608 1182 809 1219 moram
843 1171 1039 1219 taceret
1072 1183 1084 1218 τ
1119 1184 1136 1217 t
1172 1168 1227 1220 Si
1257 1167 1372 1231 quis
1396 1209 1411 1232 ,
1442 1167 1611 1235 inquit
1642 1170 1699 1222 δ.
1728 1167 2009 1219 Columba-

437 1251 538 1288 nus
558 1236 768 1306 (Hequl.
793 1252 839 1289 ο.
867 1238 945 1304 2),
965 1238 1179 1290 verbum
1198 1238 1416 1291 audiens
1437 1239 1612 1289 statim
1636 1253 1739 1289 non
1761 1252 2006 1290 surrexe-

437 1309 530 1372 rit,
552 1308 1187 1372 inoliediensjudicandus
1208 1318 1310 1361 est.
1342 1322 1362 1359 ι
1385 1308 1573 1364 Simile
1601 1308 1793 1376 aliquid
1815 1310 2005 1375 legitur

439 1376 495 1429 iii
518 1447 521 1448 ν
545 1378 739 1446 llegttla
771 1378 1055 1442 Cujusdatn
1097 1380 1162 1431 ad
1204 1379 1495 1432 monachos
1536 1377 1685 1448 (Cap.
1720 1377 1812 1445 9.9)
1842 1395 1855 1431 :
1892 1396 1911 1429 ς
1946 1378 2002 1432 Si

437 1447 559 1510 quis
584 1455 647 1500 ad
684 1461 864 1500 vocem
906 1454 1260 1516 conipulsoris
1298 1452 1413 1503 sive
1449 1447 1723 1503 invitantis
1753 1450 1816 1501 ad
1858 1448 2001 1502 aliud

440 1519 816 1587 quodcunque,
851 1533 953 1571 non
984 1519 1164 1572 statim
1190 1520 1499 1583 surrexerit,
1524 1518 1607 1572 hic
1630 1519 2004 1573 inobedientie

439 1602 566 1640 rens
598 1600 679 1642 est
713 1606 724 1639 :
762 1598 903 1655 petat
938 1590 1178 1652 veniam,
1213 1601 1265 1643 et
1305 1591 1497 1643 iterare
1538 1605 1639 1643 non
1683 1600 1998 1656 praesumat,

442 1659 690 1729 g-uoniam
722 1668 930 1727 oportet
968 1675 1398 1728 unumquemque
1426 1660 1491 1713 ad
1524 1664 1787 1729 propriam
1818 1675 1999 1712 vocem

438 1726 711 1782 invitantis
756 1726 1067 1797 assurgere,
1110 1726 1253 1784 velut
1291 1726 1333 1784 si
1374 1726 1538 1783 carbo
1577 1726 1717 1799 ignis
1763 1731 2001 1783 ardentis

436 1799 795 1852 descendisset
826 1815 984 1863 super
1013 1816 1155 1853 eum.
1194 1802 1248 1854 Si
1281 1802 1578 1855 obedientia
1614 1805 1724 1853 lia-c
1755 1816 1857 1853 non
1892 1800 2005 1855 fue-

438 1877 534 1931 rit,
567 1885 723 1937 quam
751 1870 1013 1930 diximus,
1054 1881 1258 1924 mortua
1288 1882 1400 1934 est,
1432 1883 1483 1924 et
1520 1887 1624 1923 non
1656 1871 2003 1938 acceptabilis

437 1940 578 2010 apud
609 1940 794 1993 Deum.
832 1958 851 1989 ι
888 1940 1031 2003 Alta,
1083 1942 1175 1994 sed
1231 1943 1395 2010 magis
1440 1942 1609 2010 lepida
1657 1942 2004 1996 similitudine

438 2009 771 2081 demonstrat
806 2012 863 2066 S.
897 2011 1122 2065 Basilius
1144 2051 1158 2075 ,
1188 2009 1346 2081 quam
1376 2009 1614 2078 prompta
1648 2024 1702 2065 et
1731 2013 1879 2066 velox
1908 2013 2005 2067 de-

438 2080 696 2135 beatesse
714 2085 1095 2136 monachorum
1116 2084 1417 2137 obedientia
1449 2101 1463 2137 :
1489 2085 1839 2148 interrogatus
1861 2088 2003 2137 enim

443 2166 463 2199 ι
500 2164 620 2203 cuni
645 2152 784 2218 quali
809 2150 1086 2206 aliectiooe
1108 2154 1325 2207 obedire
1348 2161 1558 2219 oportet
1583 2156 1629 2206 ei
1654 2169 1738 2220 qui
1768 2155 1830 2205 ad
1857 2170 2005 2207 man-

436 2220 544 2273 dati
580 2225 976 2276 exsecutionem
1011 2237 1107 2277 nos
1144 2223 1393 2277 sollicitat
1419 2237 1471 2278 et
1508 2224 1693 2290 urget?
1731 2243 1748 2273 ι
1784 2238 2006 2290 τεειιοιι-

436 2290 528 2345 det
557 2308 570 2342 :
609 2312 625 2341 ι
663 2294 795 2347 Cum
828 2303 969 2347 tanta
1001 2304 1192 2362 quanta
1220 2297 1469 2362 parvulus
1498 2293 1704 2348 vocanti
1738 2308 1795 2347 se
1823 2296 1887 2347 ad
1916 2310 2005 2348 re-

435 2362 717 2417 fectionem
745 2363 938 2416 nutrici
965 2364 1161 2428 obedit,
1183 2374 1237 2418 et
1252 2365 1471 2431 quilibet
1496 2366 1579 2418 cui
1605 2365 1707 2417 vita
1729 2366 1888 2418 chara
1910 2364 2001 2431 sit,

437 2434 486 2484 ei
518 2436 604 2501 qui
636 2435 736 2489 sibi
762 2449 826 2487 ea
853 2449 969 2503 qua
997 2434 1062 2489 ad
1091 2451 1121 2486 ν
1145 2436 1371 2488 venduin
1401 2434 1700 2489 necessaria
1748 2446 1871 2488 sunt
1898 2436 2004 2489 lar-

436 2503 611 2576 giatur
637 2504 845 2569 obcdit;
890 2509 997 2558 imo
1032 2507 1199 2561 multo
1235 2507 1467 2575 majore,
1508 2520 1615 2576 quo
1658 2507 1763 2558 vita
1803 2514 2004 2561 aeterna

439 2572 667 2627 nobilior
692 2586 773 2628 est
798 2591 858 2629 ea
883 2592 1000 2643 quae
1032 2592 1170 2630 nunc
1194 2589 1293 2631 est.
1322 2572 1354 2628 ἰ

514 2642 685 2719 [trag]
719 2642 966 2719 niitiirutn
990 2648 1288 2719 obedientia
1315 2648 1430 2701 sine
1452 2661 1627 2711 mora,
1655 2645 1907 2719 [conreni‘t
1928 2644 2007 2699 Itis

437 2714 525 2787 qui
556 2714 684 2767 nihil
700 2717 792 2787 sibi
810 2734 839 2767 α
865 2716 969 2769 Chr
989 2718 1287 2770 storltarius
1307 2720 1501 2787 aliquid
1525 2714 1855 2786 existimaui
1878 2717 2007 2783 Quis

439 2784 581 2837 enim
639 2785 738 2839 nisi
785 2788 966 2841 divino
1014 2802 1303 2842 succensus
1349 2784 1532 2842 arnore
1588 2791 1654 2840 ita
1694 2788 1761 2840 ad
1818 2784 2005 2841 nutum

438 2855 729 2923 superioris
757 2857 1112 2911 obedientiam
1142 2858 1414 2923 exhibeat,
1448 2871 1503 2912 ut
1524 2859 1662 2912 nulla
1695 2856 2005 2926 interposita

438 2940 588 2995 mora
616 2927 978 2995 obtemperet?

517 2992 733 3063 Propter
760 2992 1013 3051 si'rvttium
1044 3006 1272 3052 sanctum
1301 2998 1436 3067 quod
1465 2999 1680 3069 professi
1708 3008 1844 3071 sunt,
1877 2997 2005 3071 elc.]

2116 405 2400 477 faciendo.]
2428 406 2505 458 Διὶ
2527 405 2694 477 instar
2721 404 3090 477 dlgvptjorum
3120 401 3678 477 Talienoeusittuique

2114 469 2525 539 monachorum,
2564 476 2628 527 de
2658 469 3181 543 quibus-Cassianus
3215 470 3349 530 (Lib.
3379 487 3431 524 tv
3463 469 3670 543 (nstin.

2114 567 2161 603 c.
2198 549 2283 611 10)
2309 565 2322 600 :
2354 564 2375 597 ε
2407 544 2496 598 Sic
2527 540 2775 598 universa
2801 546 3072 613 complere
3098 557 3434 613 quaecunque.
3471 540 3675 613 luc'riitt

2113 621 2181 672 ali
2198 634 2264 672 eo
2294 625 2580 685 prmcepta,
2602 625 2850 682 tanquam
2876 612 2980 668 sia
3014 614 3119 667 Deo
3140 613 3247 666 sint
3268 612 3481 666 coalitus
3504 612 3673 685 edita,

2115 682 2347 742 sinettlla
2364 687 2704 739 discussiOtte
2721 686 2995 747 ’t‘rStil‘aﬂ',
3015 696 3066 736 ttt
3085 696 3489 747 nonnumquam
3508 682 3672 747 etiam

2111 740 2463 812 ttiitnissibilia
2508 748 2722 799 sibimet
2766 740 3021 811 imperata
3053 759 3114 796 ea
3145 745 3245 797 lide
3281 740 3361 796 η’
3391 740 3679 797 devotione

2109 817 2436 885 suscipiant,
2479 830 2533 869 ut
2582 827 2688 869 tota
2735 816 2959 875 virtute,
2992 823 3043 866 et
3080 814 3195 866 sine
3229 812 3335 866 ulla
3365 812 3539 866 t'ordis
3564 814 3676 885 hie.

2109 883 2358 940 sitatinue
2385 886 2638 953 perlicere
2659 899 2742 945 ea,
2761 896 2851 937 aut
2871 898 3241 937 consummare
3261 886 3512 937 nitantur.
3544 902 3561 933 ι
3593 883 3672 936 Ex

2112 955 2311 1024 llegula
2342 959 2502 1010 etiam
2536 957 2629 1009 SS.
2662 954 2987 1021 Serapionis,
3017 954 3248 1015 Macarii,
3289 953 3588 1019 l‘apltnutii,
3619 964 3679 1007 et

2108 1028 2325 1080 alternis
2372 1027 2620 1091 Macarii,
2669 1026 2929 1090 superiori
2979 1034 3224 1089 tauquam
3286 1024 3510 1077 Domino
3544 1039 3672 1077 cum

2109 1099 2249 1151 omni
2281 1099 2458 1151 laetitia
2490 1096 2843 1150 uliedietidttm
2883 1104 2984 1147 est.

2188 1167 2260 1238 De
2284 1171 2466 1238 quibus
2492 1167 2740 1220 Dominus
2770 1166 2890 1218 dicit
2923 1181 2940 1217 :
2972 1183 2992 1238 t
3024 1164 3279 1238 Obauditu
3296 1163 3437 1217 auris
3460 1163 3676 1219 obedirit

2110 1237 2255 1309 milii.
2294 1235 2311 1289 ὁ
2336 1237 2352 1309 ]
2379 1242 2428 1290 ld
2461 1250 2562 1301 est,
2593 1240 2769 1290 statim
2795 1247 2849 1309 ut
2876 1235 3091 1309 audivit,
3116 1237 3367 1309 oliedivit.

2182 1308 2244 1362 Et
2294 1305 2410 1360 item
2458 1309 2579 1360 dicit
2609 1308 2895 1359 doctoribus
2928 1322 2946 1358 :
2971 1308 3057 1374 qui
3083 1322 3166 1358 vos
3197 1307 3336 1357 audit
3366 1322 3443 1358 me
3477 1305 3674 1377 audit.]

2110 1378 2448 1441 Doctoribus,
2479 1380 2675 1447 inquit,
2708 1392 2773 1430 ne
2816 1380 2947 1430 forte
2977 1377 3095 1444 quis
3122 1377 3253 1429 solis
3295 1378 3550 1445 apostolis
3578 1392 3676 1432 aut

2106 1451 2380 1517 disripulis
2413 1451 2524 1502 haec
2553 1451 2688 1502 dicta
2717 1447 3070 1500 existimaret.

2178 1516 2316 1586 Ergo
2338 1522 2388 1572 In'
2410 1517 2579 1590 tales.]
2604 1518 2705 1585 Qui
2730 1518 2861 1572 nihil
2881 1518 2982 1571 sibi
3000 1517 3213 1571 Christo
3234 1516 3447 1571 charitts
3471 1517 3673 1586 aliquid

2105 1592 2428 1645 existimant.

2180 1658 2531 1731 Relinquentes
2570 1663 2741 1715 statim
2769 1676 2881 1729 qua!
2899 1675 2991 1731 sua
3032 1656 3291 1731 sunt.]hld
3334 1668 3414 1712 est
3455 1675 3573 1722 qua}
3610 1659 3675 1712 ad

2110 1729 2378 1800 propriam
2399 1733 2673 1785 utilitatem
2702 1732 2799 1785 sibi
2824 1731 2890 1782 ab
2907 1730 3098 1783 abbate
3124 1740 3177 1782 et
3201 1729 3394 1789 Regula
3418 1743 3674 1800 concessa

2105 1799 2260 1866 Sunt,
2320 1814 2377 1856 ut
2415 1804 2640 1872 exponit
2673 1803 3032 1864 Hildetnarus;
3084 1815 3202 1852 nam
3244 1799 3675 1872 monachisunm

2112 1874 2241 1926 nihil
2276 1870 2503 1934 habent,
2522 1889 2640 1925 t'llln
2667 1888 2765 1926 nec
2794 1887 3036 1938 corpora.
3061 1885 3157 1923 nec
3182 1873 3475 1922 voluntates
3497 1870 3551 1923 in
3576 1888 3674 1923 sua

2106 1943 2318 1997 illorum
2338 1952 2619 2011 potestate.
2643 1943 2738 1997 Vel
2760 1957 2877 2011 quae
2898 1957 2991 1995 sua
3017 1951 3161 2002 sunt,
3184 1942 3390 1994 scilicet
3421 1955 3570 2007 apere
3597 1943 3674 1994 ret

2106 2017 2355 2077 custodia,
2390 2024 2446 2068 ut
2498 2014 2728 2083 loquitur
2759 2016 3015 2066 bolieritis
3057 2015 3107 2064 in
3138 2015 3371 2065 secundo
3399 2027 3675 2065 commen-

2109 2092 2263 2150 tario,
2298 2087 2346 2138 id
2377 2095 2457 2137 i-st
2486 2102 2600 2150 qua:
2622 2085 2877 2153 agebant,
2905 2098 3118 2151 sumque
3146 2083 3333 2153 tradita
3362 2094 3516 2136 erant
3544 2098 3670 2135 cus-

2107 2158 2283 2209 todite.
2320 2154 2409 2207 Vel
2451 2152 2671 2209 tandem
2688 2172 2807 2224 quae
2843 2169 2934 2207 sua
2968 2164 3107 2219 Sttltl,
3144 2152 3244 2224 hoc
3274 2161 3356 2224 est
3407 2168 3521 2222 qum
3574 2154 3672 2205 sibi

2107 2228 2267 2296 magis
2311 2226 2518 2296 eligunt,
2571 2221 2829 2295 magisque
2870 2225 3101 2293 placent,
3144 2222 3294 2292 juxta
3340 2221 3670 2277 Bernartium

2104 2294 2314 2350 Cassio.
2345 2294 2399 2350 et
2431 2294 2709 2350 Boheriuin
2740 2297 2791 2349 iii
2821 2298 2990 2364 primo
3016 2308 3213 2347 comm.

2180 2366 2243 2419 Et
2274 2370 2579 2420 voluntatem
2626 2362 2883 2435 propriam
2915 2362 3241 2435 deserentes.]
3282 2364 3381 2416 Per
3426 2362 3673 2416 volunta-

2108 2446 2212 2490 tem
2240 2441 2502 2506 propriam
2527 2437 2613 2491 hic
2633 2437 3035 2490 delectationem
3060 2444 3112 2488 et
3138 2438 3477 2506 voluptatem,
3507 2450 3667 2499 quam

2108 2508 2160 2560 iit
2186 2508 2455 2577 operando
2484 2509 2821 2575 percipimus,
2854 2507 3091 2572 ititrlligit
3121 2505 3449 2558 llildeiuarus
3480 2521 3493 2558 :
3528 2508 3673 2557 unde

2106 2578 2264 2631 etiam
2307 2579 2606 2632 Bernartius
2634 2579 2964 2630 (Lassinensis
3011 2580 3123 2629 ha-e
3160 2579 3318 2628 verba
3361 2577 3672 2641 przecedeuo

2108 2649 2235 2701 tium
2264 2664 2381 2703 esse
2405 2649 2709 2714 exposititia
2735 2649 2943 2709 asserit,
2974 2656 3031 2699 ut
3059 2647 3194 2699 idem
3221 2647 3310 2709 sit,
3341 2643 3405 2697 Et
3432 2646 3673 2699 vallum-

2108 2728 2204 2772 tem
2230 2720 2489 2786 propriam
2518 2720 2763 2779 deserere,
2787 2729 2834 2773 et
2860 2734 2971 2786 qua:
2998 2734 3092 2769 sua
3120 2726 3235 2769 sunt
3264 2717 3561 2781 relinquere.

2180 2788 2306 2844 Mox
2332 2794 2653 2856 exoccupatt's
2692 2789 2940 2844 manibus.
2974 2798 3018 2841 et
3047 2788 3182 2853 quod
3204 2787 3415 2856 agebant
3439 2786 3680 2856 imperfe-

2107 2869 2243 2911 ctum
2277 2858 2655 2931 relinquentes.]
2694 2862 2767 2913 lla
2794 2860 2998 2912 Marcus
3025 2860 3333 2931 monachus.
3364 2870 3416 2931 ut
3442 2859 3679 2931 jubcnxis

2112 2942 2324 2997 pareret
2360 2932 2610 3001 imperio,
2638 2928 2867 2984 litteram
2895 2934 2937 2982 υ
2967 2928 3329 2997 itttperfeCtam
3361 2929 3675 3001 dereliquit,

2112 3001 2383 3070 multaque
2437 3000 2735 3068 tiujustnodi
2788 3004 3033 3068 exempla
3082 3001 3132 3052 iit
3186 3008 3491 3070 sanctorum
3542 3000 3680 3051 actis

444 3065 539 3141 llic
590 3074 699 3141 tres
743 3078 990 3136 pi0ponit
1034 3074 1266 3141 rationes
1288 3065 1322 3133 ,'
1359 3065 1570 3141 quibus
1593 3070 1739 3136 quasi
1785 3065 2005 3141 totidem
2030 3076 2080 3141 ς
2114 3065 2309 3139 passim
2338 3065 2624 3126 occurrunt
2660 3089 2671 3124 :
2704 3073 2795 3125 sed
2820 3065 3086 3141 nunquam
3117 3067 3404 3141 perfectius
3432 3083 3563 3136 opus
3594 3073 3680 3121 et-

440 3136 672 3190 stiinulis
717 3141 981 3193 excitatur
1023 3140 1313 3193 monachus
1367 3136 1433 3192 ad
1490 3140 1842 3193 obeitiendutn
1889 3140 2006 3194 sine

442 3221 610 3281 mora.
646 3206 844 3281 _Pritna
895 3218 977 3263 est
1023 3223 1227 3281 propter
1278 3211 1536 3263 servitium
1584 3222 1813 3262 sanctum
1870 3211 2006 3278 quod

440 3278 656 3347 profui
705 3289 856 3343 sunt,
909 3283 956 3333 id
995 3278 1077 3333 est
1111 3278 1328 3349 propter
1362 3282 1742 3349 professionem
1765 3320 1780 3344 ,
1817 3295 1917 3349 qua
1948 3296 2008 3335 se

440 3363 621 3401 coram
651 3350 803 3402 altari
839 3356 889 3403 in
931 3361 1212 3418 perpetuos
1261 3366 1445 3405 servos
1482 3367 1730 3418 supremo
1768 3356 2005 3405 omnium

446 3419 671 3473 ltonttto
717 3419 1053 3476 addisteiunt.
1100 3422 1297 3475 Eodem
1346 3423 1565 3475 Stimula
1606 3437 1734 3475 suos
1771 3423 1829 3475 ὃ.
1879 3423 2006 3476 Ber-

446 3490 644 3543 nardus
666 3490 928 3544 excitabat
952 3493 1017 3545 ad
1043 3495 1371 3558 repellendas
1393 3493 1604 3545 illicitas
1634 3491 2003 3560 cogitationes,

447 3578 468 3609 ς
503 3560 671 3631 Tune,
720 3562 964 3631 hquiens
994 3563 1189 3630 (Serm.
1212 3566 1300 3625 53,
1332 3565 1393 3615 de
1419 3564 1651 3631 divers.),
1697 3564 1811 3615 ltzei:
1844 3564 2009 3618 debes

344 3678 347 3679 ν
438 3630 695 3702 cogitate,
726 3630 813 3700 qui
846 3633 1098 3688 sacerdos
1126 3648 1207 3698 es,
1230 3650 1317 3702 qut
1345 3632 1572 3688 cleiieus
1595 3630 1672 3695 es,
1703 3634 1793 3701 qui
1827 3647 2009 3685 mona-

439 3700 571 3772 chus
592 3701 683 3755 es?
700 3703 1111 3771 Cultorjustitite
1128 3700 1285 3759 delet
1302 3704 1353 3757 in
1376 3718 1435 3757 se
1454 3700 1739 3771 quidquam
1766 3703 2005 3772 iniquum

440 3771 755 3826 admittere?
782 3772 943 3828 Decet
969 3790 1177 3829 servum
1199 3773 1417 3838 Christi,
1442 3786 1734 3827 amatorem
1764 3771 1876 3837 Dei,
1905 3775 2008 3827 tale

438 3841 640 3911 aiiqu.d
672 3849 750 3896 vel
783 3845 849 3897 ad
879 3848 1143 3901 modicum
1169 3844 1447 3899 meditari?
1483 3863 1501 3895 ι
1539 3844 1737 3899 Eadem
1768 3847 2008 3899 oratione

442 3912 736 3983 Qilbertum
794 3919 1071 3970 ereinitam
1138 3916 1205 3969 ad
1264 3917 1641 3983 pet-lectionem
1697 3917 2010 3968 hortabatur

440 3980 629 4036 Petrus
658 3983 986 4039 Venerabilis
1020 3986 1155 4057 (Lib.
1207 3980 1278 4054 t,'
1303 4003 1386 4054 ep.
1427 3984 1518 4050 20)
1564 4003 1576 4037 :
1623 4004 1642 4036 ι
1686 3985 1883 4039 Cetlam
1916 3986 2007 4039 tibi

438 4068 699 4126 proiiono,
725 4068 775 4107 ut
801 4056 1089 4111 secundum
1110 4057 1307 4124 antiqui
1324 4056 1596 4126 cujusdam
1623 4057 1790 4109 l’atris
1808 4058 2006 4110 dictum

441 4126 554 4191 ipsa
586 4123 1082 4196 solaeloqnetttius
1120 4123 1366 4181 omnibus
1389 4123 1661 4196 magistris
1703 4129 1926 4181 tacendo
1957 4137 2008 4180 te

443 4201 663 4259 doceat;
714 4195 850 4250 hanc
877 4211 1022 4251 certe
1060 4215 1163 4251 non
1186 4199 1369 4251 audire
1399 4195 1504 4251 non
1535 4199 1763 4264 poteris.
1796 4199 2008 4266 quando

442 4281 560 4335 eam
592 4266 961 4335 qumidianutn
990 4271 1174 4322 salutis
1204 4281 1307 4323 tua:
1348 4271 1663 4322 monitorem
1705 4269 1945 4322 habebis.
1981 4287 2001 4319 ι

444 4334 619 4407 Porro
640 4340 697 4392 S.
732 4338 1051 4393 Benedictus
1085 4339 1466 4407 professionem
1504 4339 1851 4392 monasticam
1900 4355 2005 4392 non

441 4406 755 4474 simpliciter
780 4411 1055 4475 servitium,
1086 4406 1180 4465 Sed
1206 4414 1462 4464 servitium
1489 4418 1719 4461 sanctum
1749 4411 2002 4478 appellat,

442 4460 560 4530 tnm'
595 4460 717 4546 quia
744 4460 984 4533 sanctum
1023 4460 1575 4545 éiiié.1'.;.n.seiiu.i.,’
1604 4460 1713 4532 lunt
1754 4460 2007 4548 sane;
2035 4460 2088 4519 D

441 4562 559 4601 eam
598 4550 767 4603 sancti
798 4561 1101 4605 sanctorum
1136 4553 1344 4606 Domini
1382 4552 1603 4605 servitio
1642 4565 2003 4613 consecratur,

441 4626 552 4691 tum
583 4622 740 4673 etiam
769 4638 788 4671 ι
825 4622 946 4689 quia
974 4635 1159 4675 sancto
1190 4623 1459 4691 proposito
1488 4637 1550 4673 ex
1582 4621 1779 4688 Spiitu
1820 4636 2006 4675 sancio

440 4687 746 4744 inchoatum
776 4687 879 4755 est,
913 4710 931 4743 ι
968 4694 1168 4747 utdicit
1192 4687 1547 4748 ”ι“ιῐι11υιιιίυδ.
1581 4687 1823 4746 Secunda
1873 4693 2009 4744 ratio

440 4770 522 4812 est
568 4771 776 4829 propter
812 4773 996 4817 metum
1020 4765 1291 4833 gehenmc;
1320 4780 1424 4833 quo
1467 4765 1679 4817 nomine
1715 4780 1818 4815 nott
1850 4764 2008 4815 modo

440 4839 726 4903 retentant,
757 4834 851 4887 sed
882 4834 1099 4903 insuper
1131 4840 1479 4902 temporalem
1519 4850 1726 4900 pmuatn
1764 4836 2011 4901 intelligit

442 4899 805 4973 llildetnartis;
837 4899 1138 4973 quanquam
1160 4907 1224 4959 de
1245 4899 1360 4957 Sola
1406 4899 1726 4973 sempiterna
1765 4899 2004 4972 gehenna

439 4969 639 5025 dictum
668 4972 724 5028 S.
755 4974 812 5027 Ρ.
848 4969 1119 5031 Benedicti
1144 4977 1458 5041 Capieitduin
1488 4969 1743 5029 censeant
1770 4969 2010 5028 Iteratur-

439 5043 539 5095 ἀοι
566 5043 900 5099 Cassinensis
948 5059 1001 5099 et
1045 5048 1321 5101 Bolterius.
1368 5047 1545 5100 Tertia
1577 5047 1713 5099 ratio
1742 5055 1823 5097 est
1856 5045 2009 5115 172

443 5123 645 5183 propter
670 5115 891 5185 gloriam
920 5118 1034 5170 vitm
1064 5127 1285 5179 wternw,
1317 5133 1432 5186 qua:
1454 5130 1678 5186 quantos
1706 5119 2009 5186 hominibus

437 5187 503 5234 ad
558 5199 705 5239 recte
752 5188 1061 5253 vivendum,
1112 5199 1167 5242 et
1215 5185 1489 5242 monachis
1536 5190 1601 5241 ad
1651 5185 2007 5240 obciliendmn

436 5254 683 5325 stimulos
719 5260 918 5311 addere
946 5259 1131 5325 possit,
1165 5274 1320 5313 neuio
1351 5276 1452 5311 non
1484 5260 1650 5313 videt.

508 5324 637 5401 lto:
690 5337 748 5401 ut
792 5324 987 5397 aliquid
1036 5331 1337 5401 imperatum
1386 5346 1418 5381 a
1469 5332 1665 5399 majore
1713 5327 1908 5399 fuerit.]
1962 5330 2006 5383 A

433 5396 659 5467 majore,
695 5396 884 5467 inquit,
909 5402 1033 5466 quia
1063 5396 1166 5454 non
1191 5401 1361 5453 solum
1386 5396 1562 5453 abbai
1588 5412 1676 5452 aut
1700 5396 2001 5468 pra-posito,

433 5470 530 5519 sed
550 5471 707 5521 etiam
730 5472 993 5538 prioribus
1008 5472 1121 5524 sive
1140 5471 1524 5539 antiquioribus
1544 5471 1763 5525 obedire
1786 5473 2002 5533 deliettl;

435 5540 715 5603 prauuisso
744 5550 917 5595 tamen
946 5541 1153 5596 abbatis
1182 5552 1273 5594 aut
1300 5550 1704 5610 ptaapositorntn
1746 5543 2001 5608 imperio,

432 5616 489 5680 iit
526 5619 673 5661 notat
712 5610 998 5676 Bohcrius,
1030 5626 1271 5680 qatamws
1304 5613 1388 5665 hic
1418 5613 1629 5677 Μῃονὶς
1667 5613 1879 5668 nomine
1910 5614 2003 5667 tib-

430 5675 604 5734 batem
632 5686 842 5752 proprie
868 5675 1270 5756 intelligendum
1301 5698 1418 5740 esse
1441 5675 1800 5740 existimarem

2113 3142 2289 3195 ﬁcitur
2332 3158 2487 3211 quam
2519 3157 2638 3196 cutn
2674 3150 2889 3211 propter
2916 3140 3274 3195 obedentiatn
3305 3140 3678 3207 imperfectum

2112 3211 2448 3278 relinquitur.
2775 3224 2784 3231 '

2189 3280 2367 3335 Vicina
2388 3282 2683 3336 obedieniire
2705 3282 2830 3348 pede
2851 3281 3076 3351 jubentis
3098 3296 3261 3334 vocem
3286 3281 3433 3350 [actis
3456 3296 3679 3347 sequim—

2111 3364 2213 3415 tur,
2243 3352 2369 3424 etc.]
2402 3355 2521 3406 [huc
2553 3354 2726 3424 verba,
2759 3354 3089 3424 expasitione
3121 3369 3223 3404 non
3276 3352 3504 3414 indigent
3527 3392 3541 3414 ,
3577 3353 3675 3405 sed

2111 3425 2282 3491 praxi.
2318 3422 2468 3494 1'73
2507 3426 2580 3477 Ex
2608 3423 2761 3477 dictis
2791 3439 2947 3490 porro
2979 3422 3233 3476 hactenus
3272 3425 3339 3474 de
3369 3424 3675 3474 ubedtentia

2112 3509 2229 3547 sme
2261 3511 2428 3555 mura,
2457 3498 2585 3549 satis
2620 3496 2866 3547 damnata
2910 3505 3086 3547 manet
3117 3495 3493 3545 monachorum
3538 3509 3679 3559 quu-

2111 3566 2350 3618 ruindatn
2381 3566 2570 3634 agendi
2602 3569 2770 3632 ratio,
2798 3564 2890 3631 qui
2916 3575 3038 3617 ante
3077 3563 3343 3634 discidere
3371 3564 3680 3634 voluntkstt-

2111 3639 2379 3704 periurum
2407 3630 2573 3704 j'ttssa.
2604 3630 2762 3704 quam
2791 3630 3099 3703 adimplere;
3131 3633 3198 3687 de
3224 3632 3416 3704 quibus
3446 3634 3499 3685 S.
3547 3630 3677 3685 Ber-

2111 3708 2306 3760 nardus
2328 3703 2519 3775 (Serm.
2552 3703 2701 3758 “de
2726 3707 2931 3767 divers.)
2960 3724 2971 3757 :
3006 3722 3025 3754 ι
3066 3705 3256 3775 Multos
3291 3703 3527 3775 videmus
3559 3712 3680 3771 post

2112 3773 2466 3844 precipientis
2514 3776 2791 3844 impeiiunt
2840 3776 3034 3829 multas
3072 3774 3248 3828 facere
3291 3773 3611 3842 qumstiones
3661 3791 3673 3825 :

2110 3849 2236 3911 Cur,
2269 3862 2453 3916 quare,
2478 3848 2819 3915 quamobrem
2849 3845 3043 3913 saepius
3070 3846 3419 3912 interrogare,
3452 3846 3679 3898 crebras

2114 3918 2438 3985 ingeminare
2489 3918 2733 3986 querelas
2762 3936 2772 3969 :
2801 3932 3043 3986 quasrei-e
3064 3930 3229 3984 quare
3256 3916 3674 3986 hocpraicepit?

2113 3991 2251 4040 unde
2297 3991 2396 4041 hoc
2428 3985 2741 4057 venit?quis
2779 3985 2878 4039 hoc
2904 3988 3173 4039 atlittvenit
3197 3985 3679 4057 consilitttni’ilttde

2113 4060 2484 4120 ttinrmuraiio,
2515 4056 2824 4111 ἱηαενεώη
2860 4060 3327 4110 murmurationem
3360 4066 3412 4107 et
3436 4056 3679 4121 indigna-

2114 4130 2308 4182 tionem
2340 4129 2613 4192 sonantia,
2642 4140 2695 4182 et
2736 4128 3025 4182 redolentia
3069 4126 3515 4190 amaritudinem;
3555 4124 3681 4180 inde

2114 4200 2359 4267 It‘rqllells
2407 4205 2676 4254 excusatio
2698 4240 2713 4261 ,
2759 4200 3027 4252 Simulatio
3061 4196 3502 4266 iutpossihilitatis
3526 4235 3543 4259 ,
3581 4208 3679 4249 an-

2113 4272 2319 4323 vocatio
2348 4271 2672 4334 amicorum;
2730 4290 2748 4321 ι
2785 4285 2902 4322 cum
2930 4279 3101 4322 tamen
3121 4308 3136 4332 ,
3170 4276 3227 4320 ut
3253 4268 3328 4320 ait
3366 4267 3682 4320 Guillelmus

2112 4340 2277 4393 abbas
2329 4341 2385 4393 S.
2425 4341 2739 4393 Theoderici
2780 4339 2880 4407 (De
2932 4338 3030 4391 l’it.
3061 4340 3197 4391 salit.
3227 4354 3279 4391 η.
3327 4338 3447 4407 14),
3482 4356 3501 4387 s
3554 4351 3681 4405 per-

2112 4412 2244 4465 fecta
2296 4411 2593 4463 obcdientia
2641 4413 2747 4476 sit,
2799 4410 3027 4463 maxime
3077 4410 3128 4461 in
3170 4408 3480 4477 incipiente,
3514 4408 3681 4461 indis-

2113 4493 2291 4545 creta,
2348 4484 2446 4536 Iioc
2490 4496 2571 4535 est
2612 4496 2715 4534 non
2773 4481 3073 4533 discernere
3103 4494 3196 4533 cur
3232 4481 3313 4532 vel
3354 4493 3518 4547 quare
3548 4492 3681 4546 prae-

2112 4552 2338 4613 cipiatur
2366 4593 2380 4616 ,
2434 4554 2525 4605 scd
2576 4553 2674 4605 hoc
2723 4561 2925 4603 tantum
2982 4552 3111 4612 titti,
3142 4560 3195 4602 ut
3223 4550 3446 4603 lideliter
3484 4557 3536 4602 et
3577 4549 3681 4600 ltu-

2114 4623 2311 4676 tn:ltter
2337 4628 2423 4674 hat
2465 4623 2603 4691 quod
2627 4639 2652 4672 a
2681 4626 2878 4690 majore
2912 4621 3232 4690 praecipitur.
3265 4638 3282 4671 ι
3316 4620 3447 4673 "illc
3490 4618 3681 4691 Petrus

2116 4694 2377 4747 illest-usis
2410 4690 2598 4762 (Epist.
2645 4693 2765 4759 151)
2808 4710 2820 4744 :
2871 4710 2888 4743 ς
2927 4694 3053 4745 Sine
3093 4694 3238 4744 omni
3282 4691 3521 4752 delectu,
3546 4690 3681 4762 sine

2114 4766 2255 4815 omni
2309 4760 2633 4829 exceptione
2676 4762 2833 4816 faciat
2863 4764 3076 4830 [tegulae
3114 4772 3379 4829 protessor
3417 4760 3558 4829 quod
3599 4760 3681 4813 iti-

2110 4836 2351 4906 jttugitur
2391 4836 2491 4887 sibi
2526 4849 2540 4897 ;
2606 4834 2731 4904 quid
2774 4850 2919 4897 vero,
2961 4834 3043 4885 vel
3074 4834 3260 4906 quale,
3304 4832 3384 4906 vel
3423 4841 3679 4906 quantum

2115 4907 2183 4957 sit
2209 4902 2347 4973 quod
2389 4902 2677 4976 iujungitur
2701 4922 2802 4958 non
2826 4906 3123 4976 discernat;
3148 4902 3382 4976 alioquin
3406 4903 3682 4970 pra-sumit

2113 4972 2393 5029 comedere
2443 4972 2509 5029 de
2543 4972 2694 5045 ligno
2722 4976 2958 5030 scicntia:
3002 4973 3122 5026 boni
3162 4983 3216 5027 et
3263 4972 3415 5036 ntali;
3456 4986 3679 5045 censura

2115 5046 2261 5099 enim
2292 5043 2627 5100 discretionis
2652 5058 2734 5100 est
2765 5062 2924 5113 penes
2968 5055 3170 5113 patrem
3220 5045 3513 5113 spiritalem
3536 5084 3550 5107 ,
3592 5043 3679 5110 qui

2113 5118 2291 5169 omnia
2322 5117 2610 5184 dijudirat,
2642 5127 2695 5170 et
2723 5116 2836 5183 ipse
2878 5132 2905 5167 a
2948 5131 3159 5168 netn:tte
3185 5115 3455 5182 judicatur
3498 5129 3510 5163 :
3545 5114 3676 5165 ῐιὶὶιιΙ

2114 5201 2241 5256 ergo
2268 5187 2554 5245 discernat.
2585 5189 2654 5242 sit
2674 5188 2990 5241 indiscretus
3021 5196 3075 5238 ut
3101 5186 3373 5256 intelligat,
3399 5186 3467 5237 sit
3490 5194 3680 5256 stnztus

2115 5253 2403 5325 ut'sapiat.
2446 5278 2464 5310 ι
2503 5258 2629 5311 Nam
2677 5270 2731 5311 ut
2775 5258 2912 5311 idem
2963 5258 3084 5310 alibi
3122 5255 3252 5309 dicit
3292 5253 3482 5325 (Epist.
3508 5253 3631 5325 151)
3666 5270 3676 5303 ;

2121 5346 2139 5376 ι
2178 5322 2394 5396 Spir-cies
2426 5331 2777 5382 Contuniacize
2823 5327 2996 5381 estde
3031 5328 3187 5380 modo
3230 5322 3461 5396 mandati
3506 5322 3679 5393 inqui-

2117 5395 2257 5461 rere,
2292 5400 2555 5457 hmsitare.
2586 5400 2912 5463 discernere,
2938 5409 3026 5451 aut
3050 5398 3292 5459 dilTerre;
3323 5395 3376 5449 in
3408 5404 3679 5448 contractu

2114 5474 2253 5521 t‘llllll
2284 5471 2601 5523 obedicnlim
2628 5485 2731 5523 non
2763 5470 2921 5522 habet
2948 5470 3234 5537 disputatio
3272 5477 3363 5520 aut
3416 5465 3679 5532 discepta-

2115 5548 2187 5590 tio
2214 5540 2383 5592 locum
2430 5558 2441 5592 ε
2479 5557 2596 5593 nam
2628 5541 2672 5593 si
2703 5540 2754 5592 in
2781 5540 3166 5593 discussionem
3200 5552 3293 5592 seu
3322 5537 3675 5605 suspicionem

2111 5626 2173 5662 ea
2199 5627 2317 5678 qua:
2338 5611 2427 5664 tibi
2450 5621 2571 5663 sunt
2589 5612 2833 5663 mandata
2855 5609 3162 5682 deduxeris,
3189 5608 3252 5682 ad
3284 5610 3482 5677 lignum
3505 5606 3675 5682 scien-

2113 5676 2368 5736 tix'boui
2409 5691 2458 5735 ct
2502 5683 2621 5736 ntali
2670 5696 2880 5735 tnaniiin
2925 5679 3373 5750 praevaricationis
3417 5676 3677 5733 extendis.
