3952 6182
355 289 458 347 553

1705 284 1764 342 S.
1796 285 1856 339 Ρ.
1901 282 2252 342 BENEDICTI

3510 286 3614 340 ῗξέο

352 403 512 458 Israel
544 401 847 461 occidente;
879 401 934 455 5°
959 400 1265 456 exclusione
1294 415 1320 453 a
1354 408 1494 455 terra
1528 398 1919 472 promissionis.
1951 403 2001 461 Α
2030 400 2211 466 velim,
2236 401 2388 471 quasi
2418 401 2557 458 Dens
2583 416 2742 457 omne
2772 401 3120 457 mnrmnrinm
3153 401 3320 472 lepra,
3349 402 3471 472 igne
3496 417 3611 458 cte-

347 481 586 542 uuorum
638 483 942 527 «terrorem
983 489 1102 526 cum
1142 474 1489 527 evacuationc
1533 470 1737 542 praemii
1785 470 1922 524 obe-

284 556 287 557 '
350 541 565 600 «tientia-
595 545 778 599 incutit
810 544 867 596 Β.
895 544 1209 597 Benedictus
1250 541 1728 606 murmurantibus,
1766 559 1785 592 ο
1843 542 1924 593 iit-

348 618 464 684 quit
530 615 824 669 Bernardus
880 613 1255 677 Cassinensis,
1318 614 1470 683 cujus
1533 613 1923 684 expositionem

349 680 575 757 rejicere
604 687 810 757 videtur
842 685 1096 757 Boherins
1127 687 1266 738 hunc
1306 680 1581 757 _in'lo_cum
1607 680 1705 757 sic
1748 680 1922 736 disse-

352 752 477 812 rens
504 774 517 810 :
553 774 572 807 ι
602 754 826 822 Quidam
860 756 959 809 hoc
987 765 1262 825 exponunt
1288 754 1356 809 de
1382 752 1692 821 tpiintuplici
1741 767 1920 820 paena,

353 843 509 895 quam
556 826 770 895 quidam
811 836 1201 880 murmurantes
1247 826 1444 879 acriter
1492 825 1843 895 pertulerunt,
1875 839 1927 895 in

357 897 532 951 Veteri
556 894 917 957 Testamento,
945 907 1001 950 ut
1030 896 1123 949 fuit
1148 898 1311 965 lepr-.e
1334 898 1588 961 incursio,
1617 903 1790 949 etc....
1822 894 1927 948 Sed

356 970 496 1021 absit
522 967 734 1036 quidem
774 967 916 1037 quod
957 968 1225 1038 Magister,
1270 967 1360 1035 qni
1405 966 1612 1020 dulcem
1652 965 1931 1038 nobisas-

351 1038 575 1108 signavit
599 1036 871 1107 Regulam,
914 1036 1143 1107 rigorem
1186 1046 1418 1091 veterem
1464 1048 1518 1091 et
1558 1050 1660 1089 non
1702 1036 1927 1108 gratiam

354 1106 531 1163 in'hoe
558 1106 799 1175 tempore
828 1106 1009 1178 gratia:
1039 1107 1195 1162 luerit
1240 1109 1615 1175 imprecatus,»
1644 1116 1770 1178 _etc._
1806 1106 1931 1174 Ejus

354 1180 633 1233 sententize
692 1175 963 1244 astipulari
1013 1178 1220 1232 videtur
1263 1178 1555 1233 Ricliardus
1625 1175 1694 1232 de
1738 1176 1797 1231 S.
1829 1184 1933 1229 Au-

354 1252 494 1313 celn,
520 1250 590 1303 ita
620 1248 860 1304 scribens
886 1266 900 1302 :
933 1269 949 1302 ι
984 1248 1145 1304 Poena
1175 1250 1399 1303 istorum
1426 1251 1526 1303 erit
1555 1246 1619 1301 ad
1650 1246 1929 1301 arbitrium

356 1320 583 1379 abbatis.
627 1326 747 1374 cum
796 1318 882 1373 hic
931 1336 1036 1374 non
1086 1321 1155 1374 sit
1202 1328 1425 1384 statuta,
1476 1320 1557 1373 vel
1603 1317 1752 1371 dicas
1790 1318 1931 1388 quod

356 1391 608 1456 procedet
637 1399 821 1444 contra
847 1392 978 1444 istos
1007 1390 1298 1445 secundum
1329 1390 1542 1444 modum
1580 1389 1807 1457 positum
1854 1389 1934 1442 iu-

355 1460 434 1515 ira
461 1461 526 1514 dc
555 1462 1102 1515 excommunicatioue
1125 1461 1425 1528 culparum.
1476 1459 1737 1515 Similiter
1766 1458 1926 1513 Nico-

354 1532 471 1584 ians
498 1533 563 1585 da
595 1531 845 1585 Fractnra
875 1545 891 1584 :
938 1550 958 1583 α
993 1532 1154 1587 Ptena
1198 1534 1304 1585 erit
1331 1533 1431 1585 ista
1460 1547 1476 1585 :
1507 1531 1796 1585 secundum
1832 1529 1935 1584 Do-

353 1601 488 1655 mini
516 1603 683 1655 nostii
710 1612 1034 1672 prmceptum
1065 1603 1223 1658 debet
1250 1602 1526 1656 admoneri
1558 1599 1724 1672 semel
1754 1610 1807 1654 et
1835 1601 1936 1654 ite-

358 1688 499 1737 rum,
538 1680 592 1725 et
635 1673 869 1732 secundo
895 1671 1119 1728 secrete
1164 1687 1192 1726 a
1232 1674 1535 1728 senioribus
1581 1671 1723 1735 suis;
1756 1672 1933 1724 sinon

356 1742 741 1809 eruendaverit,
772 1742 1083 1812 objurgetur
1121 1743 1331 1810 publice
1366 1757 1546 1797 caram
1578 1741 1856 1805 omnibus;
1888 1743 1931 1795 si

356 1827 483 1866 vero
524 1828 697 1880 neque
736 1812 815 1866 sic
856 1814 1167 1879 correxerit,
1209 1814 1254 1868 si
1294 1813 1537 1883 intelligit
1576 1812 1745 1883 qualis
1776 1826 1933 1881 paena

356 1886 446 1955 sit,
477 1883 1011 1955 excommunicationi
1056 1885 1357 1955 subjaceat;
1399 1885 1481 1938 sin
1513 1894 1689 1955 autem
1736 1887 1934 1955 impro-

354 1952 455 2008 iuis
496 1965 596 2012 est,
646 1953 893 2008 vindicta:
940 1952 1201 2024 corporali
1251 1955 1525 2024 subiaceat
1569 1971 1585 2009 :
1633 1953 1710 2008 sic
1749 1953 1937 2008 detinit

356 2024 609 2095 Magister
637 2026 771 2079 infra
801 2024 870 2078 de
892 2024 1460 2095 (Excommuuicatione
1484 2024 1818 2093 culparum.»
1844 2024 1933 2077 Vi-

354 2094 514 2166 detur
546 2108 719 2151 tamen
754 2096 838 2149 hic
881 2094 938 2151 S.
968 2096 1283 2151 Benedictus
1312 2096 1457 2166 loqui
1485 2096 1553 2149 de
1583 2110 1737 2164 paena
1764 2111 1794 2148 a
1825 2095 1931 2149 Deo

355 2164 657 2230 inferenda,
689 2167 826 2219 sicut
872 2168 939 2221 de
983 2167 1231 2221 mercede
1277 2167 1345 2221 ab
1386 2164 1455 2220 eo
1495 2165 1783 2235 eroganda,
1834 2177 1936 2235 qua

358 2237 702 2290 nniruuiriosi
732 2247 1024 2305 privantur,
1055 2252 1117 2291 ac
1146 2236 1368 2304 proinde
1391 2232 1643 2291 Bernardi
1671 2232 1939 2290 sententia

356 2307 710 2376 praetcreuda,
728 2322 885 2373 quam
907 2310 975 2360 ab
994 2308 1297 2363 llildemaro
1317 2316 1373 2361 et
1391 2308 1682 2373 Smaragdo
1702 2308 1943 2375 accipere

359 2377 546 2449 potuit.
600 2377 664 2431 Et
707 2390 853 2431 certe
892 2377 949 2433 S.
976 2378 1133 2433 Pater
1161 2379 1245 2431 hic
1280 2379 1388 2449 agit
1418 2383 1485 2432 de
1524 2392 1675 2449 pinna
1702 2391 1947 2449 murmu-

354 2447 597 2502 rantibos
627 2463 732 2501 non
762 2449 931 2501 solum
965 2463 1079 2515 ore,
1114 2449 1209 2503 sed
1240 2447 1400 2503 etiam
1437 2452 1601 2503 corde
1630 2447 1806 2502 debita
1843 2465 1856 2499 :
1889 2453 1945 2500 at

360 2534 495 2572 unus
525 2518 666 2571 Deus
705 2518 882 2573 cordis
921 2528 1128 2573 secreta
1177 2520 1440 2588 agnoscit,
1488 2533 1592 2573 nun
1636 2519 1821 2577 abbas.
1853 2526 1941 2571 aut

354 2589 530 2656 quivis
572 2588 708 2643 alius
748 2589 951 2643 homo:
994 2603 1098 2644 non
1136 2604 1264 2659 ergo
1292 2590 1359 2644 de
1396 2604 1552 2658 paena
1593 2589 1820 2657 regulari
1852 2601 1942 2641 su-

359 2660 555 2725 periori
583 2660 864 2730 arbitraria
890 2659 974 2714 hic
1001 2660 1149 2729 locus
1196 2660 1575 2730 intelligendus
1605 2669 1706 2725 est,
1741 2659 1836 2715 sed
1875 2662 1943 2713 de

355 2731 585 2783 vindicta
616 2730 708 2783 Dei
743 2728 908 2800 justa,
947 2730 1238 2784 occultiora
1279 2728 1395 2800 qua:
1440 2733 1617 2785 lumen
1663 2736 1940 2785 oculorum

353 2800 472 2869 ejus
500 2815 606 2853 non
646 2800 813 2855 latent
842 2799 1169 2870 judicantis:
1201 2799 1343 2871 quod
1376 2812 1552 2856 tamen
1583 2816 1691 2856 non
1717 2802 1795 2856 sic
1824 2801 1942 2870 capi

1966 1787 2013 1847 Β

2035 472 2173 536 lesti,
2202 482 2359 527 terra:
2387 474 2552 538 hiatu,
2600 484 2727 540 etc.,
2766 474 3005 541 puniret;
3047 474 3139 527 sed
3169 474 3358 528 horum
3404 483 3611 527 tantum

1997 554 2291 603 .terrorem
2346 544 2534 597 incutit
2582 543 2639 599 S.
2677 544 3023 606 Benedictus,
3084 556 3141 599 nt
3191 546 3264 599 ait
3310 543 3616 598 Bernardus

2033 613 2243 668 Cassio.
2274 614 2457 683 Neque
2486 623 2662 669 tamen
2697 615 2901 669 inlicias
2930 616 3015 670 ibn
3046 631 3200 685 pinna
3232 615 3455 685 regulari
3489 615 3604 684 plus

2033 685 2281 738 ctendum
2333 699 2453 738 esse
2504 687 2851 739 nnirmutium
2907 701 3027 741 cum
3090 687 3231 742 foras
3277 687 3605 754 prorumpit;

2034 770 2157 807 nam
2190 765 2242 808 et
2282 755 2409 809 illud
2448 757 3005 812 excommunicatione
3046 757 3168 811 l'erit
3204 758 3267 813 S.
3294 756 3611 811 Benedictus

2034 826 2168 879 infra
2214 840 2329 895 cap.
2360 827 2452 888 25,
2484 828 2749 897 variisque
2781 829 2955 897 pinnis
2996 828 3123 882 illud
3153 829 3445 883 affecerunt
3473 828 3616 880 anti-

2033 898 2122 962 qui
2156 900 2538 951 monachorum
2573 897 2780 961 Patres,
2812 908 2867 951 ut
2898 908 3034 965 patet
3071 914 3134 953 ex
3165 914 3322 965 supra
3366 897 3521 953 dictis
3550 897 3616 951 ad

2033 981 2153 1032 cap.
2185 968 2240 1029 4,
2277 978 2332 1021 et
2372 969 2590 1025 insuper
2616 984 2680 1024 ex
2709 969 2986 1035 Cassiano,
3020 972 3079 1023 S.
3105 968 3318 1031 Basilio,
3350 978 3405 1023 et
3432 968 3488 1023 S.
3513 967 3618 1020 Co-

2038 1038 2309 1109 lumbano.
2357 1039 2596 1092 Cassiani
2640 1041 2799 1091 verba
2850 1039 2963 1093 hazc
3006 1050 3126 1093 sunt
3156 1039 3290 1109 (Lib.
3320 1054 3371 1093 tv
3393 1045 3457 1091 de
3484 1036 3613 1091 Inst.

2035 1124 2080 1161 c.
2106 1108 2201 1177 6):
2236 1104 2261 1160 ῒ
2293 1111 2385 1163 Sin
2420 1125 2547 1163 vero
2577 1109 2839 1177 quoddam
2875 1124 2936 1164 ev
2977 1124 3043 1164 eo
3075 1104 3513 1163 murmurationis
3542 1110 3620 1160 vi-

2036 1182 2192 1244 tium,
2215 1180 2299 1235 vei
2332 1195 2507 1250 prava:
2537 1179 2820 1249 cujuslibet
2850 1180 3222 1235 innhedientia'.
3253 1180 3463 1248 culpatn
3494 1193 3619 1248 pro-

2037 1252 2264 1305 cessisse
2305 1251 2779 1318 deprehenderint,
2830 1260 3089 1305 cxuentes
3135 1267 3255 1305 eum
3307 1250 3619 1304 monasterii

2035 1321 2230 1389 quibus
2270 1321 2484 1375 indutus
2515 1321 2684 1375 fuerat
2721 1323 3074 1387 vestimentis,
3107 1332 3161 1377 et
3200 1322 3429 1390 antiquis
3475 1336 3615 1375 reve—

2036 1392 2242 1456 stitum,
2271 1407 2389 1461 qu-e
2421 1392 2631 1445 fuerant
2660 1400 3013 1460 sequestrata,
3046 1392 3337 1461 depellunt.
3380 1411 3397 1443 ι
3432 1390 3491 1445 S.
3518 1391 3621 1445 Ba-

2036 1462 2187 1515 silius
2230 1462 2382 1533 (Reg.
2410 1464 2513 1532 fus.
2538 1478 2584 1516 c.
2611 1461 2703 1527 29)
2754 1465 3194 1516 murmurantium
3230 1477 3365 1531 opus
3395 1463 3463 1515 ah
3487 1462 3621 1533 alii?-

2039 1548 2155 1585 rtnn
2201 1528 2473 1586 laboribus
2521 1533 2706 1600 seponi
2755 1534 3083 1601 gravissimis
3132 1528 3359 1602 imperat
3411 1528 3617 1595 verbis,

2038 1612 2284 1670 vetatque
2313 1604 2439 1657 illud
2470 1604 2521 1656 in
2552 1618 2888 1658 communem
2923 1603 3141 1657 fratrum
3172 1620 3326 1658 usum
3359 1604 3620 1658 canverti.

2041 1673 2303 1754 Similiter
2341 1674 2401 1729 S.
2428 1672 2790 1754 Coltnnbanus
2814 1674 2984 1754 .(lieg.
3008 1690 3056 1728 c.
3086 1677 3181 1739 5):
3219 1693 3237 1725 ι
3275 1675 3328 1730 Si
3368 1675 3506 1743 quis,
3539 1675 3623 1754 in-

2039 1745 2174 1813 quit,
2224 1745 2665 1807 murrnuraverit,
2712 1756 2763 1798 ct
2814 1745 2926 1813 ipse
2964 1753 3209 1814 tanquam
3253 1762 3357 1799 non
3396 1761 3457 1798 ex
3495 1753 3624 1798 voto

2039 1816 2315 1877 ohediens,
2343 1815 2655 1870 inobediens
2678 1819 2939 1884 putandus
2959 1826 3071 1880 est;
3111 1817 3311 1871 idcirco
3339 1830 3473 1883 opus
3501 1814 3622 1883 ejus

2040 1886 2343 1956 ahjiciatur,
2383 1890 2554 1941 donec
2584 1888 2718 1940 bona
2764 1887 2905 1940 illius
2942 1890 3192 1941 voluntas
3221 1896 3559 1955 agnoscatur.
3597 1904 3617 1936 ι

2045 1956 2107 2010 Et
2160 1966 2344 2029 octava
2387 1958 2643 2029 synodus
2703 1958 2855 2029 177
2910 1958 2995 2011 hic
3050 1972 3079 2011 a
3131 1956 3359 2011 Boherio
3411 1957 3619 2029 citata:

2050 2045 2070 2077 α
2110 2028 2327 2082 Alienus
2355 2026 2422 2080 sit
2452 2029 2520 2081 ab
2549 2026 3025 2091 unitatwefratrum,
3058 2031 3145 2095 qui
3176 2027 3622 2091 tunrmuraverit;

2044 2109 2096 2152 et
2138 2113 2270 2166 opus
2309 2099 2425 2166 ejus
2464 2098 2763 2165 ahjiciatur,
2806 2099 2894 2168 qui
2941 2113 3283 2153 murmurans
3334 2097 3622 2160 exstiterit,

2046 2183 2114 2223 ne
2141 2184 2351 2237 poenam
2383 2171 2827 2223 murmurantium
2870 2169 3127 2233 incurrat,
3157 2169 3223 2223 de
3247 2183 3349 2237 qua
3380 2169 3453 2221 ait
3480 2170 3623 2236 Apo-

2050 2241 2220 2294 stolus
2249 2257 2262 2293 :
2292 2241 2474 2309 Neque
2497 2241 2955 2294 murmuraveritis
2984 2242 3125 2294 sicut
3152 2241 3364 2307 quidam
3398 2254 3628 2291 murum-

2051 2326 2336 2369 ravernnt.
2379 2322 2432 2365 ct
2473 2315 2746 2379 perierunt
2784 2314 2852 2363 ab
2891 2311 3337 2372 exterminatore;
3372 2328 3390 2360 ι
3435 2309 3626 2379 quibus

2049 2382 2280 2436 concinit
2306 2381 2365 2437 S.
2390 2381 2622 2436 Joannes
2649 2381 3064 2450 Ctirysostnmus
3093 2382 3173 2434 his
3202 2380 3623 2445 verbis(Hamit.

2050 2452 2103 2515 8,
2130 2453 2180 2505 in
2211 2454 2358 2523 epist.
2380 2453 2446 2505 ad
2469 2451 2676 2521 Phil.):
2725 2471 2744 2503 ι
2778 2453 3165 2523 Μειίυενῐιιενι
3210 2452 3337 2505 nihil
3388 2450 3625 2519 operari,

2048 2539 2207 2590 quant
2242 2522 2465 2592 'operari
2511 2539 2630 2577 cum
2684 2522 3104 2577 murmuratione
3139 2539 3153 2575 :
3185 2535 3329 2589 s:epe
3363 2523 3626 2575 malumus

2050 2594 2345 2647 ministerio
2388 2597 2615 2662 privari,
2661 2610 2816 2664 quam
2860 2604 3282 2647 inurmurantem
3329 2596 3626 2664 sustinere;

2051 2665 2225 2733 gravis
2253 2660 2416 2730 enim,
2444 2680 2643 2734 gratus,
2671 2660 2905 2735 inquam,
2938 2674 3019 2720 est
3049 2675 3427 2730 niurtuurator,
3464 2671 3521 2717 et
3547 2660 3630 2714 vi-

2052 2735 2206 2789 cinus
2235 2736 2603 2806 blasphemiae.
2640 2756 2658 2788 ι

629 2974 729 2986 --ρ

1625 3074 2123 3161 CAPUT
2203 3076 2380 3156 VI.

1695 3259 1785 3318 De
1820 3257 2311 3317 Taciturnitatc.

428 3397 707 3453 Faciamus
732 3396 874 3469 quod
899 3398 976 3453 ait
1015 3398 1271 3470 propheta
1303 3414 1316 3451 :
1345 3397 1489 3465 Dixi,
1514 3397 1815 3453 Custodiam
1839 3398 1945 3452 vias
1975 3406 2019 3468 (ζ
2050 3402 2171 3467 quia
2194 3417 2292 3453 non
2314 3397 2526 3467 e/I‘ugies
2552 3400 2577 3429 θ
2601 3410 2862 3467 peccatum
2891 3396 3071 3468 (Prov.
3099 3395 3176 3461 ι).
3205 3396 3269 3449 Et
3296 3395 3421 3449 alibi
3447 3415 3460 3449 :
3488 3395 3635 3451 Μοη

279 3508 292 3522 ο
360 3496 518 3555 meas,
544 3501 601 3543 ut
632 3506 731 3544 non
761 3490 1054 3561 delinquant
1084 3492 1136 3544 in
1165 3491 1343 3562 lingua
1365 3507 1476 3546 mea
1500 3507 1519 3546 :
1553 3507 1702 3561 pasu:
1731 3490 1811 3543 ori
1841 3506 1950 3544 mea

359 3583 687 3637 custodiam:
711 3583 961 3649 obmutui,
984 3594 1030 3639 et
1058 3586 1354 3639 humiliatus
1378 3601 1514 3648 sum,
1537 3597 1583 3638 et
1606 3585 1727 3638 silui
1752 3601 1783 3637 a
1806 3583 1952 3638 bonis

358 3672 804 3746 (Psal.xxxvut).
839 3675 935 3731 llic
975 3676 1211 3731 ostendit
1248 3684 1272 3713 °
1312 3674 1593 3746 propheta,
1639 3674 1683 3730 si
1728 3690 1759 3729 a
1802 3675 1953 3729 bonis

359 3769 589 3837 eloquiis
636 3767 905 3823 interdum
948 3779 1165 3839 propter
1216 3768 1633 3823 taciturnitatem
1670 3768 1832 3823 debet
1875 3777 1956 3822 ta-

359 3875 518 3927 cere;
566 3870 767 3931 quanta
803 3862 970 3932 magis
1009 3877 1037 3916 a
1068 3862 1225 3918 malis
1253 3862 1434 3918 verbis
1480 3869 1699 3931 propter
1742 3876 1955 3931 penam

362 3953 565 4020 peccati
604 3952 765 4008 debet
794 3968 1008 4009 cessare
1032 3952 1095 4008 δε
1131 3954 1273 4025 Erga
1315 3953 1559 4025 quamvis
1596 3956 1663 4010 de
1701 3955 1855 4009 bonis
1902 3962 1956 4008 et

365 4047 569 4099 sanctis
607 4052 664 4100 et
700 4044 1111 4100 aedificationum
1143 4056 1165 4085 ε
1198 4045 1458 4116 eloquiis,
1505 4045 1758 4116 perfectis
1795 4044 1958 4100 disci-

365 4137 508 4205 palis
540 4148 760 4208 propter
784 4138 1162 4193 taciturnitatis
1189 4141 1527 4209 gravitatem,
1563 4153 1682 4193 rara
1710 4139 1957 4209 loquendi

363 4230 693 4287 concedatur
722 4231 958 4297 licentia,
988 4232 1113 4302 quia
1139 4232 1401 4302 scriptum
1432 4240 1516 4287 est
1535 4230 1558 4269 δ
1589 4249 1604 4285 :
1634 4229 1701 4286 In
1730 4230 1958 4285 multilo-

437 4414 464 4441 ι
503 4403 615 4471 AL,
656 4402 777 4457 hinc
808 4404 1049 4460 ostendit.

441 4473 471 4513 δ
510 4474 621 4539 AL,
659 4476 868 4529 cessari.

370 4616 407 4686 ﬁ
440 4556 464 4585 ι
505 4546 690 4614 Narb.,
715 4556 906 4600 sancta:
933 4546 1313 4613 tediﬁratiatn's.
1339 4546 1507 4615 Ilild.,
1531 4548 1717 4602 sanctis
1740 4546 1808 4600 ad
1826 4548 1959 4601 auli-

410 4625 684 4671 cntionem.

410 4625 684 4671 rationem.

438 4685 463 4724 ἀ
505 4688 656 4755 Apud
690 4687 830 4743 Hild.
852 4688 1094 4758 scriptum
1118 4697 1190 4742 est
1212 4688 1387 4745 deest.

442 4766 469 4829 ξ
508 4757 694 4821 Narb.,
734 4757 1027 4829 eﬂ'ugietur.

444 4824 464 4866 ί
507 4828 614 4893 AL,
654 4824 986 4901 discipulum.

2058 3503 2107 3546 et
2146 3493 2249 3546 vita
2288 3492 2342 3545 in
2380 3490 2613 3545 itionibus
2655 3487 3378 3561 linguw(Prar.xvm).Nam
3413 3489 3553 3565 loqui
3577 3498 3636 3544 et

2058 3584 2276 3650 docere,
2343 3582 2653 3653 magistrum
2725 3581 3016 3646 condecet;
3078 3589 3162 3635 tac
3198 3596 3257 3635 re
3303 3590 3359 3635 et
3426 3581 3634 3643 audire,

2060 3677 2321 3747 discipulo
2353 3673 2372 3714 ί
2402 3677 2669 3731 convenit.

2133 3768 2198 3823 Et
2223 3769 2363 3831 ideo,
2386 3767 2554 3838 siqua
2583 3766 2900 3837 requirenda
2922 3774 3047 3821 sunt
3070 3781 3099 3820 a
3128 3767 3323 3837 priore,
3346 3781 3467 3821 cum
3490 3764 3637 3818 omni

2062 3861 2359 3916 humilitate
2402 3866 2457 3913 ct
2490 3860 2822 3928 subjectione
2866 3860 3188 3914 reverentiae
3218 3870 3244 3907 κ
3281 3859 3637 3930 requirantur,

2064 3968 2130 4007 ne
2159 3951 2398 4007 videatur
2432 3952 2551 4022 plus
2579 3951 2720 4021 loqui
2752 3967 2908 4021 quam
2932 3951 3149 4020 expedit
3172 3948 3220 4004 ιι.
3281 3949 3641 4006 80111⁵1·ίιὶ13ιι”8

2063 4061 2191 4100 vcro
2244 4046 2327 4100 vel
2370 4047 2531 4098 verba
2578 4046 2746 4098 otiosa
2793 4052 2847 4098 et
2895 4045 3057 4098 risum
3112 4042 3401 4107 moventia,
3442 4051 3640 4096 aterna

2064 4140 2307 4194 clausura
2358 4139 2409 4192 in
2459 4138 2706 4191 omnibus
2757 4138 2887 4193 locis
2935 4138 3251 4191 damnamus
3284 4154 3297 4189 :
3326 4146 3381 4191 et
3408 4135 3474 4190 ad
3518 4136 3642 4190 talia

2065 4233 2276 4301 eloquia
2307 4231 2625 4302 discipulum
2667 4235 2878 4300 aperire
2906 4247 2967 4286 os
2997 4247 3102 4286 ItOu
3133 4230 3504 4303 permittimus.

2062 4405 2199 4459 omni
2233 4405 2515 4460 humilitate
2547 4418 2591 4459 et
2612 4406 2941 4473 subiectione.
2966 4405 3116 4477 Lyr.,
3134 4404 3349 4471 Faron.,
3374 4423 3486 4459 cum
3510 4408 3648 4461 omni

2068 4477 2355 4530 humilitate
2392 4488 2439 4530 et
2479 4480 2783 4532 reverentia.
2806 4478 2952 4539 Am.,
2997 4476 3189 4541 Audin,
3223 4476 3406 4543 lladr.,
3438 4479 3645 4544 Ehrnl.,

2071 4547 2236 4600 Paris.
2266 4563 2452 4619 t,_cum
2494 4551 2631 4602 omni
2663 4548 2976 4614 humilitate,
3002 4557 3045 4601 ct
3077 4547 3408 4619 subjectione,
3432 4559 3478 4602 et
3504 4566 3648 4604 reve-

2066 4619 2251 4671 rentia.
2278 4617 2463 4684 Narb.,
2489 4635 2605 4673 cum
2625 4620 2775 4673 modo
2797 4621 2851 4671 in
2874 4635 3074 4672 summa
3097 4617 3300 4672 reoeien
3325 4620 3394 4671 ia.

2141 4687 2167 4726 ιλ
2208 4688 2331 4742 ιΙωα
2360 4693 2521 4745 verba
2563 4706 2626 4744 ne
2650 4691 2878 4743 rideatur
2909 4692 3024 4760 plus
3066 4691 3204 4758 loqui
3238 4706 3393 4760 quam
3422 4692 3650 4757 expedit,

2069 4775 2189 4827 qua
2217 4769 2436 4813 exstant
2459 4764 2513 4815 in
2539 4762 2735 4822 Oxum,
2760 4760 3132 4815 desiderantur
3162 4775 3294 4826 pene
3325 4763 3376 4813 iu
3405 4765 3655 4815 ttlttll~|tll5

2070 4846 2199 4883 mss.
2229 4829 2336 4884 Sed
2363 4845 2416 4886 et
2442 4832 2676 4887 Ilildetn.
2712 4833 2853 4885 hunc
2879 4831 3054 4885 locutu
3081 4846 3356 4900 exponens
3387 4833 3462 4887 ait
3495 4852 3507 4885 :
3552 4850 3656 4885 non

437 4907 467 4946 ⁸
506 4901 703 4962 0:0n.,
734 4898 847 4954 cum
873 4918 1071 4955 suntme
1099 4900 1405 4956 reverentia.
1449 4901 1548 4957 Ms.
1577 4900 1808 4964 Concln,
1841 4916 1956 4954 cum
1993 4898 2038 4955 D
2062 4914 2136 4955 est
2161 4903 2213 4955 in
2241 4901 2455 4971 Regula,
2480 4904 2566 4957 sed
2588 4902 2883 4956 subauditia
2903 4914 2999 4955 est.

1569 5082 1728 5155 178
1770 5081 2421 5144 COMMENTARIUS.

448 5206 724 5262 Faciamus
750 5206 883 5272 quod
912 5207 984 5261 ait
1014 5205 1305 5278 prapheta.]
1356 5206 1556 5278 AcnteA
1574 5204 1825 5278 observat
1869 5203 1957 5258 hic

374 5279 729 5343 llildemarus,
774 5288 828 5330 et
869 5288 988 5348 post
1014 5274 1149 5333 eum
1190 5274 1492 5332 Beriiardns
1519 5274 1960 5348 Cassiuensis‘et

372 5350 620 5407 Nicolaus
648 5351 713 5403 de
738 5346 991 5404 Frac‘tura
1029 5350 1086 5403 S.
1112 5350 1454 5404 Benedictum
1503 5363 1628 5400 suos
1659 5346 1958 5414 discipulos

376 5422 733 5490 adloquentem
773 5435 877 5473 non
914 5420 1233 5486 simpliciter
1250 5421 1462 5490 dixisse
1494 5419 1721 5485 furiatis,
1756 5418 1849 5471 scd
1880 5421 1963 5490 [ατ

372 5487 597 5556 ciamus;
630 5491 881 5546 ni-nirum
917 5490 1104 5544 miscet
1139 5508 1197 5543 se
1236 5489 1486 5544 fratribus
1516 5490 1651 5555 suis,
1687 5504 1786 5542 nec
1818 5487 1958 5543 aliud

371 5568 441 5615 an
480 5563 608 5629 ipsis
650 5562 895 5632 requirit,
925 5562 1067 5631 quod
1108 5561 1222 5631 ipse
1264 5562 1471 5632 primus
1512 5568 1637 5615 ante
1678 5560 1961 5615 alios'nun

376 5643 592 5700 paratus
620 5634 691 5684 sit
717 5632 957 5701 msequi.

455 5702 595 5774 Diri,
624 5703 917 5771 Custodiam
962 5704 1071 5757 vias
1093 5706 1279 5774 mena]
1308 5702 1362 5756 Id
1390 5711 1475 5757 est
1517 5717 1705 5759 omnes
1729 5703 1849 5759 vita:
1875 5717 1964 5759 ac-

376 5782 483 5841 tus,
517 5773 583 5823 de
609 5788 642 5841 ιι
666 5789 741 5826 ’οΓ
763 5792 830 5827 un
861 5774 1098 5830 custodia
1129 5773 1361 5830 diximus
1389 5787 1508 5844 cap.
1542 5776 1598 5828 ι.

2145 5203 2213 5259 Ut
2262 5221 2364 5259 non
2395 5204 2709 5277 delinquant
2757 5205 2808 5259 in
2833 5205 3011 5277 lingua
3051 5203 3219 5277 metu}
3255 5205 3486 5261 Difficile
3530 5222 3662 5272 ergo

2065 5277 2361 5329 membrum
2394 5274 2633 5346 hominis
2657 5278 2859 5346 (lingua,
2892 5274 3010 5346 qtue
3044 5293 3111 5331 ne
3140 5274 3417 5345 ilelinquat
3447 5278 3538 5332 tali
3578 5280 3661 5333 in-

2064 5347 2208 5416 diget
2258 5345 2804 5418 ctistodia;jdiflicile
2849 5345 3114 5414 prorsus:
3173 5370 3189 5398 ‹
3223 5350 3342 5418 quis
3383 5350 3552 5412 enim,
3604 5359 3663 5404 nt

2067 5422 2123 5471 S.
2150 5419 2407 5472 Bernardi
2455 5416 2635 5471 verbis
2681 5427 2798 5472 utar
2840 5418 3038 5477 (Serm.
3070 5418 3157 5481 i7,
3189 5416 3255 5471 de
3280 5420 3517 5481 dicarat,
3564 5437 3663 5472 un-

2069 5499 2241 5543 meret
2265 5497 2490 5559 quantas
2521 5487 2788 5541 modicum
2823 5490 3017 5555 lingua:
3049 5491 3348 5544 nn-mbrnm
3375 5491 3663 5545 contrahat

2070 5559 2279 5617 sordes,
2314 5575 2470 5627 quam
2504 5559 2777 5628 titultiplex
2826 5560 2878 5613 in
2923 5562 3075 5615 labiis
3120 5560 3511 5617 incircnittcisis
3558 5578 3663 5614 tino

2072 5631 2327 5684 munditia
2356 5632 2706 5697 cmguletur?
2735 5644 2931 5697 quanta
2963 5634 3029 5683 sit
3061 5632 3327 5699 pernicies
3354 5638 3463 5687 uris
3495 5636 3661 5686 int-ir-

2072 5701 2424 5767 cumscripti?
2468 5700 2565 5771 Est
2600 5701 2742 5754 enim
2785 5703 2961 5771 lingua
3004 5700 3262 5756 diSsoluta
3306 5704 3358 5757 in
3400 5705 3662 5758 scrtncni-

2075 5775 2170 5827 bus
2200 5771 2409 5837 otiosis,
2444 5782 2527 5827 est
2558 5770 2732 5841 lingua
2768 5770 3057 5839 impudica,
3089 5785 3171 5830 est
3201 5784 3254 5829 et
3284 5778 3659 5850 tltﬂgttiloqtm;
