3952 6182
301 314 413 341 ’ἑφθή

303 321 413 375 5337
1378 321 1653 380 REGULA
1692 322 1902 377 COMRH

2022 322 2151 379 ΑΤΛ
2219 323 2302 378 CA
2315 322 2375 379 P.
2416 323 2502 378 Vl.

3467 325 3572 380 558

301 448 533 505 quarum
568 432 1017 505 priina‘lasciviie,
1044 447 1273 502 sequens
1303 434 1623 504 arrogantiae
1653 433 1877 486 famiila-
1909 443 1961 502 Α
1992 451 2108 488 rum
2141 445 2201 488 et.
2223 436 2479 490 similium
2508 451 2535 487 a
2565 434 2834 489 mundano
2865 429 3089 505 stré’pitu
3120 444 3323 492 semota
3353 437 3570 493 collatlo

302 501 415 558 titr.
455 501 544 558 Est
571 501 734 558 etiam
776 504 949 574 lingua
989 501 1190 560 dolosa.
1236 513 1290 557 el.
1330 501 1454 559 item
1497 506 1673 571 lingua
1716 505 1880 557 male-

306 576 460 635 dica;
487 591 710 639 quarum
753 582 917 628 altera
963 576 1014 628 iii
1062 574 1394 643 falsiloquam
1437 585 1492 630 et
1534 576 1882 627 adiilatnriain

308 645 700 706 subdividitur;
741 648 905 698 altera
942 660 1070 699 vero
1097 660 1237 699 nunc
1266 645 1317 698 in
1349 645 1481 700 facie
1511 646 1883 699 contumeliam

305 717 531 782 irrogat,
576 731 715 768 iiuiic
754 717 988 769 detriiliit
1027 719 1077 769 in
1119 716 1349 770 occulto.
1384 736 1402 768 ι
1453 719 1516 770 Ει
1558 719 1743 769 Petrus
1787 716 1887 768 Da-

309 788 473 839 mimi
508 786 727 856 (Opusc.
755 787 811 848 9,
836 803 882 841 c.
910 787 1004 852 27)
1039 804 1052 838 :
1104 805 1122 837 ι
1161 787 1298 839 Dicit
1332 788 1618 854 Aposmlus
1652 804 1664 839 :
1695 785 1884 839 Omnia

302 857 576 923 siquidem
609 858 841 910 ferarum
870 872 1065 925 genera
1107 857 1158 910 in
1197 857 1370 925 lingua
1412 860 1763 926 reperiuntur.
1815 856 1887 911 lbi

306 932 510 995 quippe
536 937 619 981 est
644 929 831 980 leiitas
862 928 1154 992 volucrum,
1189 927 1260 980 ibi
1294 927 1544 982 ferocitas
1576 928 1885 984 bestiartttll.

308 999 384 1051 ibi
423 1002 571 1051 trans
609 1001 868 1051 virulenta
903 999 1227 1066 serpentium
1260 1000 1543 1052 :volatiles
1584 998 1724 1052 enim
1768 1006 1893 1051 sunt

308 1069 402 1137 qui
439 1068 715 1135 proferunt
752 1069 801 1120 in
834 1070 1028 1123 emittm
1065 1083 1128 1123 os
1154 1084 1331 1133 suum,
1358 1078 1413 1123 et
1441 1084 1665 1137 quorum
1708 1083 1769 1121 os
1814 1071 1891 1120 lo-

308 1150 492 1191 cntum
528 1148 611 1193 est
651 1140 960 1203 vanitatem,
992 1139 1144 1206 quasi
1176 1139 1449 1193 volucrum
1484 1140 1781 1202 levitatem;
1816 1139 1893 1193 fe-

312 1226 471 1263 roces
509 1219 631 1262 sunt
658 1210 837 1264 bestia:
865 1212 951 1279 qui
980 1220 1304 1263 exacuerunt
1341 1220 1399 1264 ut
1424 1210 1655 1280 gladium
1690 1210 1894 1278 linguas

311 1294 473 1343 suas,
515 1294 798 1341 serpentes
848 1292 1118 1349 postremo
1163 1290 1307 1341 sunt,
1348 1282 1414 1335 de
1452 1281 1648 1350 quibus
1691 1281 1892 1335 dictum

312 1360 399 1403 est
429 1368 442 1403 :
476 1352 594 1419 quia
622 1366 864 1404 centenum
894 1352 1127 1420 aspidum
1148 1354 1241 1404 sub
1262 1350 1409 1405 labiis
1428 1366 1623 1405 eorum.
1657 1369 1676 1403 ι

394 1420 551 1473 Pasni
582 1423 657 1473 ori
689 1439 795 1473 meo
824 1421 1158 1492 custodiam]
1202 1421 1317 1475 Non
1361 1422 1638 1491 parietem,
1671 1420 1765 1475 sed
1795 1436 1892 1474 cu-

311 1494 576 1553 stodiam,
616 1493 729 1546 sive
768 1493 997 1558 ostium,
1041 1504 1134 1545 aut
1170 1493 1361 1560 janua,
1400 1508 1519 1560 qua:
1556 1510 1574 1543 t
1613 1492 1895 1561 aliquando

311 1564 603 1624 clauditur,
646 1563 928 1632 aliquando
969 1563 1373 1629 aperitur......
1408 1573 1463 1616 ιιι
1511 1572 1750 1631 tempore
1797 1576 1895 1615 suo

319 1644 515 1695 tat-eat,
561 1644 613 1686 et
659 1644 897 1701 tempore
939 1648 1035 1687 suo
1073 1649 1194 1701 qua:
1233 1634 1455 1688 dicenda
1497 1643 1621 1688 sunt
1669 1633 1831 1695 dicat,
1870 1651 1888 1684 ι

316 1704 490 1771 inquit
510 1703 861 1757 llilileiiiariis.
886 1702 979 1757 Vel
1011 1704 1195 1768 etiam,
1219 1717 1277 1758 ut
1298 1703 1368 1757 ait
1395 1703 1695 1757 Bernartius
1720 1704 1896 1758 Cassi-

318 1776 523 1837 tiensis,
562 1792 580 1824 ι
618 1773 863 1829 Custodia
894 1775 997 1827 dici
1030 1783 1203 1840 potest
1244 1776 1441 1829 silentii
1474 1777 1741 1837 clausura,
1778 1775 1888 1827 sive

316 1848 513 1897 oSiiuni
557 1845 605 1897 in
637 1860 740 1912 quo
770 1845 936 1899 virtus
974 1846 1343 1900 taciturnitatis
1373 1855 1453 1898 cst
1488 1845 1553 1898 ad
1593 1845 1884 1897 custodiam

318 1916 562 1982 quzedatn
591 1915 788 1979 clavis;
833 1916 971 1969 unde
1013 1920 1241 1984 majores
1274 1917 1440 1970 nostri
1484 1918 1661 1971 solent
1687 1917 1884 1981 dicere,

318 1987 462 2054 quod
490 1986 755 2040 silentium
785 1997 866 2040 est
888 1986 1048 2039 clavis
1077 1987 1365 2055 religionis.
1406 2007 1423 2037 ι

395 2056 633 2108 Obmutui
676 2067 722 2110 et
764 2058 1060 2127 humiliatus
1104 2057 1262 2127 sum]
1300 2060 1426 2125 Qua:
1473 2056 1596 2121 duo,
1629 2068 1703 2111 ἰιι
1746 2067 1892 2113 notat

321 2126 682 2190 llildemarus,
729 2126 884 2179 simul
937 2128 1234 2196 conjunxit,
1278 2128 1430 2197 quasi
1474 2129 1679 2182 diceret
1722 2127 1890 2182 :Non

318 2200 532 2267 superbe
556 2199 721 2263 tacui;
746 2210 869 2251 sunt
894 2198 1035 2252 enim
1064 2198 1302 2253 nonnulli
1331 2209 1419 2252 aut
1448 2215 1539 2267 per
1565 2201 1890 2266 superbiam,

317 2278 412 2321 aut
448 2284 542 2337 per
572 2270 705 2322 iram
744 2279 999 2329 tacentes.
1038 2268 1106 2322 de
1144 2270 1335 2338 quibus
1364 2272 1420 2324 5.
1444 2271 1727 2337 Gregorius
1756 2270 1891 2339 (Lib.

318 2355 489 2392 :xxw
533 2338 747 2403 Jlornl.,
790 2356 904 2408 cap.
935 2339 1026 2409 ‘20)
1060 2355 1073 2391 :
1133 2364 1150 2391 ι
1188 2341 1481 2409 Aliquando
1511 2342 1726 2408 superbi
1766 2338 1895 2405 pro-

320 2424 470 2464 teiva
498 2428 611 2479 quo
643 2412 895 2469 sentiunt,
931 2426 1258 2479 nequiquam
1294 2413 1550 2478 produnt;
1599 2423 1650 2463 et
1682 2412 1732 2464 lii
1764 2429 1895 2478 quo-

319 2497 442 2533 rum
492 2483 783 2550 loquacitas
831 2483 914 2534 vix
959 2484 1354 2548 compescitur,
1404 2497 1781 2549 nonnunquam
1832 2498 1897 2535 ex

320 2556 436 2604 sola
508 2553 861 2605 amaritudine
933 2552 1105 2606 intimi
1177 2555 1413 2606 rancoris
1479 2556 1897 2614 obmutescunt,

319 2622 414 2690 qui
454 2640 548 2686 per
574 2623 812 2675 dolorem
844 2626 1034 2677 mentis
1064 2623 1400 2691 procacitatis
1442 2640 1551 2675 sum
1580 2625 1738 2676 verba
1775 2624 1902 2675 sub-

323 2694 601 2746 trahentes
630 2710 748 2746 eum
779 2701 914 2748 male
944 2699 1082 2764 loqui
1113 2695 1338 2756 soleant,
1370 2694 1517 2759 pejus
1550 2706 1715 2747 tacent
1738 2710 1753 2757 ;
1777 2696 1899 2762 quia

321 2779 446 2815 cuin
493 2777 772 2829 peeraiites
810 2766 1005 2834 aliquid
1048 2769 1115 2819 de
1156 2766 1487 2819 correctione
1527 2765 1768 2828 audiunt,
1824 2768 1906 2817 itt-

321 2835 608 2903 diguatiles
644 2837 803 2887 etiam
843 2835 1206 2901 responsionis
1241 2838 1395 2889 verba
1427 2837 1775 2902 su~petidiint.
1812 2855 1828 2885 i

322 2974 349 3029 f
410 2906 567 2976 179
596 2905 662 2957 Et
691 2907 809 2958 silui
841 2923 872 2959 a
900 2904 1084 2976 bonis.]
1127 2907 1201 2959 Ex
1234 2924 1339 2975 quo
1384 2909 1440 2962 S.
1487 2907 1801 2960 Benedictus
1829 2906 1909 2959 itt-

343 2991 467 3029 ert:

343 2991 429 3029 ert
452 2994 467 3030 ε

402 3045 507 3099 Hic
523 3047 734 3098 ostendit
752 3046 997 3116 prop/icta
1012 3048 1054 3100 si
1080 3064 1109 3100 α
1127 3046 1267 3100 bonis
1290 3047 1501 3111 eloquiis
1528 3048 1780 3100 interdum
1798 3062 1911 3118 pro-

324 3128 440 3186 pter
464 3119 856 3170 taciturnitatem
899 3118 1041 3170 debet
1079 3132 1260 3177 εοεαε,
1296 3131 1481 3188 quanto
1514 3120 1673 3188 magis
1701 3136 1731 3170 a
1763 3118 1909 3171 malis

324 3178 492 3241 barbis
523 3201 720 3258 propter
754 3204 948 3252 paruam
968 3193 1153 3260 peccati
1179 3178 1318 3242 debel
1346 3190 1573 3241 cessare!
1589 3178 1908 3260 l'l’ropheta:
1939 3196 1983 3259 ρ

327 3260 494 3311 verba
510 3265 569 3310 ait
589 3260 785 3312 silentii
803 3259 1318 3314 commendationem
1343 3261 1555 3326 .idaptat
1570 3262 1624 3315 δ.
1649 3262 1823 3323 l'aier,
1841 3259 1909 3312 li-

328 3340 422 3383 cet
438 3330 490 3382 in
514 3330 787 3398 proprioei
807 3332 1037 3399 genuino
1050 3346 1204 3384 sensu
1224 3331 1289 3383 de
1312 3330 1767 3397 prmdicatoribtts,
1791 3346 1909 3399 pec-

330 3408 579 3453 catorum
610 3400 731 3453 vitia
763 3415 880 3453 cuni
910 3416 1161 3455 eoercei-e
1205 3411 1494 3469 nequeunt,
1523 3403 1802 3454 silentibus
1832 3402 1912 3453 iii-

334 3471 630 3538 telligenda
685 3470 999 3525 videantur:
1050 3487 1259 3534 verum,
1308 3479 1364 3524 ut
1402 3475 1475 3524 ait
1522 3474 1577 3525 ὃ.
1623 3470 1912 3539 Gregorius

334 3541 479 3609 (Lib.
514 3557 549 3595 ιι
581 3542 799 3611 Regist.,
837 3559 883 3595 ε.
918 3542 1080 3610 lbi):
1122 3561 1138 3591 ι
1175 3544 1227 3594 ιιι
1269 3542 1537 3595 intellectu
1568 3556 1731 3596 sacrae
1773 3544 1913 3595 Scii-

337 3625 511 3680 pttira:
543 3614 715 3680 respui
748 3628 852 3664 non
878 3614 1038 3666 debet
1078 3614 1330 3681 quidquid
1362 3628 1507 3665 sanze
1541 3613 1661 3665 lidei
1703 3630 1804 3665 non
1832 3630 1914 3664 re-

336 3683 681 3747 sistit;sicnt
709 3684 853 3737 enisi
884 3700 944 3737 ex
1008 3700 1111 3735 uno
1161 3698 1291 3736 auro
1322 3684 1409 3736 alii
1452 3688 1775 3745 ninreiiiilas,
1824 3685 1912 3735 alii

335 3755 597 3819 annulus,
643 3754 730 3807 alii
760 3754 1015 3807 dextralia
1063 3754 1125 3806 ad
1172 3767 1415 3806 ornatum
1462 3753 1692 3819 faciunt;
1734 3756 1802 3807 ita
1848 3771 1913 3808 ex

338 3840 447 3877 una
471 3825 761 3892 Scriptura:
789 3827 1010 3877 scientia
1046 3835 1381 3893 exposituros
1411 3840 1607 3891 quique
1636 3841 1728 3887 per
1759 3826 1915 3877 innit-

336 3910 523 3948 meros
544 3895 837 3949 intellectus
862 3896 1011 3965 quasi
1044 3898 1189 3948 Varia
1217 3906 1532 3950 ornamenta
1564 3905 1912 3961 componunt,

336 3983 464 4031 qua:
493 3976 666 4019 tamen
698 3967 873 4020 omnia
918 3968 982 4019 ad
1015 3968 1261 4019 decorem
1290 3967 1525 4020 caelestis
1552 3981 1763 4035 sponsa:
1796 3983 1917 4035 pro-

339 4040 549 4090 licittnt.
580 4054 598 4085 ι

418 4109 531 4161 Duo
560 4122 684 4161 viiro
711 4122 775 4160 ex
808 4106 1077 4176 propheta:
1104 4107 1281 4161 verbis
1322 4107 1585 4162 concludit
1619 4107 1679 4161 S.
1728 4107 1913 4161 Pater:

339 4195 531 4240 unum,
578 4193 606 4229 a
641 4180 792 4231 bonis
833 4178 1060 4246 eloquiis
1111 4190 1325 4247 propter
1381 4180 1817 4244 taeitm'tiitatem,
1866 4178 1916 4230 iii

338 4261 433 4304 est
459 4250 653 4302 silentii
680 4250 1011 4317 dignitatem,
1062 4260 1143 4302 est
1182 4251 1322 4302 enim
1355 4252 1526 4304 eiiltiis
1552 4251 1805 4316 jusutiic.
1839 4250 1919 4301 al-

345 4332 547 4382 terum,
579 4334 607 4371 a
652 4325 804 4371 malis
835 4320 1010 4372 verbis
1039 4330 1257 4387 propter
1289 4336 1496 4388 poenam
1530 4321 1729 4388 peccati
1758 4319 1920 4372 silen-

340 4393 507 4454 ilum;
534 4394 574 4442 si
605 4392 747 4443 enim
773 4392 838 4443 de
865 4390 1027 4443 verbo
1057 4391 1229 4444 otioso
1252 4393 1507 4445 reddituri
1545 4406 1727 4443 sumus
1751 4391 1804 4443 in
1832 4390 1919 4444 die

335 4462 528 4531 judicii
563 4464 841 4523 rationein,
872 4472 1069 4530 quanto
1097 4463 1264 4530 magis
1287 4462 1354 4516 de
1382 4464 1523 4515 malo
1550 4463 1563 4515 Ξ

419 4531 560 4602 Ergo
587 4534 812 4597 quamvis
841 4533 904 4584 de
942 4532 1084 4584 bouis
1129 4540 1174 4584 et
1218 4534 1408 4586 sanctis
1446 4545 1489 4587 et
1525 4532 1919 4600 (edificationum

346 4603 607 4673 eloquiis]
680 4604 932 4668 Qua-nam
988 4603 1095 4655 sint
1133 4603 1437 4672 liujusmodi
1492 4605 1699 4672 eloquia
1740 4606 1916 4669 aliquo

344 4680 506 4726 modo
556 4673 1076 4744 disccrieipossumus
1124 4688 1187 4727 ex
1233 4676 1311 4727 bis
1351 4691 1467 4744 qua:
1506 4677 1692 4728 scribit
1731 4674 1916 4727 Petrus

352 4744 678 4798 Venerabilis
718 4743 781 4797 ad
826 4744 1037 4797 Petrum
1080 4743 1465 4799 Pictavieiisem
1505 4744 1557 4798 in
1602 4748 1714 4799 lnec
1757 4748 1914 4799 verba

346 4814 486 4878 (Lib.
511 4830 673 4875 tt,ep.
722 4813 857 4880 2:2):
896 4833 914 4865 ι
952 4815 995 4868 0
1025 4816 1255 4883 quoties,
1282 4817 1459 4883 jzinuis
1498 4815 1712 4881 clausis,
1771 4816 1917 4869 nullo

351 4888 625 4940 nobiscum
657 4886 893 4938 admisso
924 4887 1244 4951 tnortalium,
1273 4888 1365 4941 illo
1397 4898 1600 4941 tantum
1634 4895 1791 4952 teste,
1824 4889 1914 4954 qui

348 4958 416 5009 ile
438 4972 494 5009 se
520 4954 874 5024 cogitantibus
900 4966 989 5007 aut
1012 4957 1407 5012 conferentibus
1437 4973 1704 5026 nunquam
1740 4958 1913 5018 deest,

351 5028 724 5080 formidolosus
768 5042 945 5080 sermo
991 5027 1198 5082 habitus
1247 5043 1327 5082 est
1376 5030 1443 5083 de
1481 5029 1654 5082 cordis
1700 5029 1914 5082 humani

346 5099 582 5151 ca-eitate
600 5109 754 5163 atque
769 5099 981 5165 duritia,
1007 5098 1072 5150 de
1093 5097 1316 5154 diversis
1335 5110 1667 5162 peccatorum
1692 5099 1915 5167 laquei,

348 5170 417 5221 de
447 5171 605 5222 variis
651 5170 952 5222 dmmonum
997 5169 1224 5228 insidiis.
1266 5171 1331 5223 de
1361 5171 1556 5239 abysso
1595 5169 1919 5237 jlldlt‘lorllm

353 5239 466 5302 Dei,
489 5254 645 5307 quam
666 5241 912 5293 terribilis
941 5240 991 5293 in
1012 5240 1251 5294 consiliis
1277 5257 1436 5309 super
1464 5243 1597 5295 lilios
1622 5240 1916 5302 hominum,

348 5312 488 5376 quod
518 5312 708 5378 quibus
739 5312 849 5363 vult
878 5313 1179 5377 miseretur,
1213 5321 1267 5365 et
1287 5328 1424 5382 quos
1452 5314 1561 5365 vult
1606 5312 1835 5382 indurat,
1860 5322 1919 5382 et

343 5382 486 5447 quod
518 5383 687 5435 nescit
716 5382 874 5435 homo
913 5394 1088 5435 utrum
1117 5381 1317 5437 amore
1338 5398 1403 5436 an
1436 5384 1559 5436 odio
1588 5381 1781 5451 dignus
1821 5381 1912 5446 sit,

347 5453 413 5505 de
447 5452 645 5505 incerta
696 5462 750 5506 et
790 5451 1108 5506 formidabili
1148 5455 1424 5507 vocatione
1466 5463 1667 5514 nostra,
1702 5454 1769 5507 de
1809 5454 1918 5505 dis-

344 5523 656 5591 pensatione
684 5525 872 5576 salutis
910 5522 1157 5578 humanae
1201 5540 1296 5591 per
1325 5524 1744 5578 incarnationem
1795 5523 1913 5576 Filii

344 5590 441 5644 Dei
473 5608 533 5646 ac
564 5597 862 5663 passionem
905 5593 1063 5656 facta,
1096 5597 1163 5648 de
1203 5590 1243 5647 ti
1257 5598 1483 5649 emendo
1516 5594 1685 5648 ultimi
1730 5593 1917 5663 judicii

342 5667 452 5728 die,
482 5666 549 5719 de
588 5665 1111 5732 incouiprehensibili
1139 5665 1303 5720 divini
1326 5668 1587 5719 examinis
1608 5666 1916 5725 severitate,

343 5748 447 5800 qua
488 5734 539 5787 in
581 5747 893 5803 perpetuum
936 5736 1106 5789 milos
1147 5739 1335 5806 punit,
1376 5747 1429 5790 et
1467 5738 1533 5790 de
1575 5736 1917 5790 inenarrabili

344 5807 729 5871 misericordia,
763 5822 863 5876 qua
896 5819 1095 5861 talenta
1128 5807 1282 5864 bonis
1323 5813 1537 5878 pra-mia
1569 5807 1761 5863 reddit.
1810 5807 1914 5877 Ila~

1996 506 2123 559 milii
2149 507 2541 574 qiiodammodo
2569 508 2620 558 in
2643 506 2816 560 medio
2834 506 3106 561 hominum
3122 507 3571 564 eremutiirefere-

1993 576 2103 638 bat,
2133 588 2186 630 et
2207 577 2414 631 Domini
2440 577 2839 631 tabernaculum
2868 580 3304 645 reprmsentabat,
3336 580 3400 631 ad
3428 581 3567 647 quod

1991 662 2019 698 a
2045 648 2226 700 mundi
2260 648 2573 700 tumultibus
2612 649 2777 701 veluti
2808 649 3015 717 Moyses
3043 664 3071 702 a
3100 649 3407 703 Judteorum
3441 652 3569 717 lapi-

1991 718 2147 788 dibus
2183 718 2574 788 confugio-bam.
2612 718 2737 788 [Et
2763 720 2827 771 ad
2857 719 3102 773 Pontium
3149 722 3364 775 fratrem
3410 737 3563 773 suum

1996 787 2208 859 (Lib.t,
2258 786 2476 859 ep.'l6)
2511 805 2525 840 ε
2566 806 2582 836 ι
2642 786 2832 842 Fuerat
2873 790 3195 844 cohabitatio
3224 800 3310 843 tua
3357 806 3562 845 mecum

1994 858 2106 913 fere
2134 858 2464 924 decennalis,
2512 872 2617 926 quo
2648 870 2885 925 tempore
2926 872 3118 928 quanta
3175 862 3312 914 inter
3359 877 3457 914 nos
3502 863 3570 914 de

1992 929 2187 983 divitiis
2212 930 2421 994 collata,
2450 944 2608 998 quam
2659 934 2871 983 tervens
2902 929 2967 984 de
2998 932 3329 997 Spiritalibus
3367 948 3567 992 sermo,

1994 1015 2153 1067 quam
2188 998 2443 1068 frequens
2480 999 2545 1053 de
2588 1003 2930 1068 praesentium
2979 1011 3280 1070 contemptu
3329 1003 3567 1064 collatio,

1995 1070 2166 1136 qualis
2213 1070 2281 1123 de
2311 1082 2630 1125 azternornm
2658 1074 2895 1138 appetitu
2947 1071 3246 1125 cohortatio
3296 1073 3474 1135 fuerit,
3520 1084 3574 1126 et

1994 1142 2108 1208 ipse
2139 1141 2297 1204 nositi,
2325 1152 2377 1195 et
2405 1156 2501 1209 ego
2525 1154 2628 1194 non
2676 1143 2724 1193 in
2759 1150 2868 1194 toto
2905 1140 3099 1195 oblitus
3130 1156 3267 1195 sum.
3303 1143 3573 1197 Efferbtie-

1996 1221 2079 1264 rat
2125 1212 2259 1264 inter
2306 1228 2399 1264 nos
2430 1227 2495 1265 eo
2541 1218 2733 1265 ardore
2786 1213 2960 1265 fervor
2989 1213 3286 1275 cliaritatis,
3320 1226 3368 1265 nt
3406 1214 3490 1282 qui
3519 1223 3573 1267 te

1995 1282 2113 1335 solo
2142 1281 2370 1350 impulsu
2416 1292 2617 1335 natura:
2655 1296 2921 1350 cteperam
2955 1284 3196 1351 diligere,
3237 1286 3344 1349 jam
3385 1296 3434 1337 te
3466 1302 3570 1336 iioii

1996 1367 2211 1406 nossem
2245 1352 2346 1406 nisi
2384 1368 2444 1406 ex
2476 1353 2607 1414 Deo,
2635 1352 2764 1406 etin
2811 1355 2917 1406 Deo
2947 1370 3149 1408 amare.
3193 1373 3211 1405 ι
3247 1355 3368 1407 llaec
3397 1364 3448 1408 et
3478 1354 3577 1407 liu-

1991 1422 2231 1491 jusniodi
2264 1427 2512 1476 dicuntur
2552 1423 2688 1476 bona
2736 1433 2788 1476 et
2833 1434 3037 1488 sancta,
3079 1435 3129 1479 et
3162 1425 3572 1479 a-dlicationnm

1998 1494 2229 1561 eloquia.
2264 1493 2388 1549 Hme
2416 1495 2608 1548 decent
2629 1508 2813 1547 servos
2846 1493 2935 1548 Dei
2968 1494 3255 1564 colloquia,
3308 1503 3364 1549 et
3392 1504 3450 1548 ut
3480 1492 3579 1548 Ge-

1998 1564 2140 1635 rardi
2188 1564 2361 1635 {Belgae
2413 1566 2656 1617 monachi
2687 1566 2864 1618 verbis
2899 1576 3014 1619 utar
3045 1565 3136 1635 (In
3185 1565 3381 1619 Comm.
3421 1580 3573 1631 super

1998 1631 2129 1707 Reg.
2177 1634 2237 1689 S.
2272 1633 2468 1688 Bened.
2504 1651 2551 1687 c.
2591 1635 2680 1707 42)
2714 1653 2725 1686 :
2765 1653 2782 1685 t
2825 1636 2947 1688 llmc
2994 1631 3092 1689 una
3128 1637 3384 1691 iecreatio
3421 1637 3577 1707 180

2001 1706 2156 1771 digna
2189 1707 2466 1759 monachis
2498 1707 2549 1758 in
2598 1706 2809 1759 Patrum
2840 1711 3133 1771 exemplis;
3167 1711 3249 1759 cui
3279 1706 3459 1761 autem
3496 1710 3576 1760 iii-

2006 1776 2074 1827 liil
2104 1776 2312 1839 videtur
2334 1791 2484 1842 inque
2525 1775 2860 1837 delicitisiim,
2892 1794 3048 1842 quam
3078 1778 3261 1831 audire
3289 1778 3354 1830 de
3394 1778 3574 1831 saeciili

1996 1847 2321 1911 rumoribus,
2343 1847 2579 1915 profecto
2602 1846 2687 1897 ille
2713 1862 2833 1901 vere
2849 1848 3178 1913 dignoscitur
3207 1858 3361 1901 terra:
3384 1849 3577 1901 etiarn-

1994 1932 2119 1969 nuin
2152 1932 2271 1969 esse
2311 1927 2369 1970 et
2393 1917 2574 1969 sazculi
2627 1918 2787 1970 lilins.
2829 1937 2845 1967 ι
2884 1919 3026 1972 Belle
3058 1920 3274 1971 omnino
3305 1917 3576 1972 Gillierttts

1992 1986 2059 2039 de
2103 1986 2402 2040 lloillandia
2431 1986 2624 2051 (Serm.
2672 1988 2756 2050 18,
2799 2005 2913 2058 sup.
2967 1990 3168 2053 Cu:it.),
3203 2008 3220 2038 ι
3282 1990 3566 2052 Memento,

1993 2059 2187 2119 aieliat,
2213 2072 2273 2110 os
2304 2070 2447 2111 tuitui
2479 2058 2787 2112 etelestibos
2816 2060 3010 2112 osculis
3040 2074 3089 2113 ei
3124 2061 3354 2114 oraculis
3382 2074 3574 2113 cense-

1994 2138 2236 2194 cratttui;
2284 2129 2627 2198 sacrilegium
2658 2138 2802 2196 puta,
2836 2130 2881 2182 si
2905 2133 3027 2198 quid
3091 2146 3193 2183 non
3234 2132 3412 2196 dulce,
3471 2146 3578 2184 non

1995 2199 2253 2262 divinum,
2284 2215 2388 2253 non
2424 2201 2490 2254 de
2517 2201 2689 2253 divini
2724 2204 2913 2270 pagina
2949 2211 3121 2254 sonet.
3152 2219 3171 2252 ι

2076 2301 2319 2370 Perfectis
2361 2298 2672 2370 discipulis]
2718 2302 2989 2359 Perlectis.
3025 2303 3211 2371 inquit.
3248 2301 3577 2369 Imperfectis

1999 2388 2127 2437 ergo
2158 2383 2211 2426 et
2235 2374 2409 2425 stultis
2442 2375 2577 2424 nulla
2610 2387 2841 2440 linquam
2868 2382 3214 2439 praeterquam
3245 2373 3295 2425 iii
3335 2388 3581 2425 necessa-

2002 2448 2103 2496 riis
2136 2454 2245 2495 ttim
2294 2442 2642 2505 spiritalibus,
2692 2453 2801 2495 tum
2828 2443 3196 2510 corporalibus
3239 2443 3485 2511 loquendi
3518 2445 3581 2495 lt-

2004 2516 2179 2567 centia
2209 2511 2552 2567 concedenda
2582 2524 2686 2574 eSI,
2719 2522 2775 2565 ιιι
2812 2515 3028 2581 exponit
3062 2514 3421 2567 Hildeniarus.
3460 2516 3592 2579 Qui-

2004 2601 2123 2637 nam
2154 2600 2281 2637 vero
2319 2585 2536 2650 perfecti
2577 2583 2820 2652 discipuli
2874 2584 3128 2636 censendi
3184 2586 3292 2636 sint
3342 2584 3577 2638 declarat

2005 2656 2267 2709 Bolierius
2311 2655 2391 2705 liis
2422 2653 2598 2707 verbis
2628 2670 2640 2704 :
2680 2673 2697 2702 t
2738 2653 2960 2706 Perfecti
2990 2654 3240 2708 dicuntur
3263 2656 3349 2722 qui
3386 2668 3583 2708 renun-

2010 2725 2143 2779 tiant
2172 2724 2421 2779 omnibus
2463 2725 2775 2779 substantiis
2804 2725 2937 2787 suis,
2967 2735 3023 2778 et
3066 2725 3225 2778 vitain
3274 2724 3470 2779 Clirisd
3502 2740 3588 2777 se-

2008 2804 2265 2864 quuntur,
2296 2795 2482 2855 quales
2511 2795 2707 2848 debent
2732 2811 2851 2847 esse
2880 2799 3059 2863 utique
3090 2795 3467 2850 coenobium...
3490 2794 3586 2848 Vel

2009 2868 2169 2920 etiam
2193 2866 2437 2919 dicuntur
2464 2865 2703 2934 perfeeti,
2732 2868 2820 2934 qui
2839 2866 2947 2933 jam
2979 2877 3327 2920 teiitatzoniim
3353 2867 3583 2935 pericula

2012 2948 2324 2997 evaserunt,
2368 2937 2505 3001 apud
2533 2951 2667 3004 quos
2694 2952 2798 2989 non
2831 2947 2915 2989 est
2960 2936 3060 2990 ni~i
3102 2938 3392 3006 gratiarum
3423 2947 3585 3002 actio,

2012 3017 2066 3060 et
2089 3023 2187 3060 vox
2222 3008 2409 3060 laudis.
2449 3006 2649 3059 Deinde
2674 3009 2760 3072 qui
2796 3008 2958 3061 etiam
2990 3021 3093 3059 non
3123 3016 3340 3062 iitiintur
3366 3023 3590 3061 conces-

1966 3108 1971 3112 ο
2014 3079 2088 3130 sis
2119 3092 2145 3131 a
2176 3080 2288 3145 leue
2321 3076 2536 3144 perfecti
2567 3077 2876 3143 probantur.
2930 3096 2947 3127 ι
2985 3077 3371 3139 Discipulorum
3414 3089 3590 3133 anteiit

2017 3151 2234 3202 nomine
2256 3148 2497 3202 Nicolaus
2530 3149 2725 3199 llravns
2750 3149 2994 3217 intelligit
3027 3166 3045 3198 t
3080 3150 3586 3217 niaitimejuniores,

2014 3230 2067 3271 et
2098 3235 2191 3272 eos
2214 3221 2303 3288 qui
2337 3223 2416 3272 vel
2448 3220 2640 3272 canitie
2670 3222 2757 3270 vel“
2796 3218 2955 3271 oflii-ii
3001 3220 3319 3272 auctoritate
3362 3220 3456 3272 dis-
3480 3220 3593 3286 ipti-

2015 3290 2179 3343 latnui
2223 3290 2455 3342 nondum
2486 3290 2783 3343 excessisse
2816 3290 3078 3343 videntur.
3122 3307 3137 3340 i
3194 3290 3297 3345 Sed
3329 3290 3469 3343 absit
3516 3301 3593 3352 ut,

2015 3362 2139 3413 dum
2174 3360 2407 3419 iuniores
2436 3360 2535 3412 sub
2556 3360 2769 3412 silentio
2802 3369 3065 3423 tenemus,
3097 3360 3317 3413 liberam
3352 3361 3593 3423 senibus,

2015 3444 2105 3482 aut
2130 3432 2261 3484 alias
2287 3430 2351 3484 ad
2385 3430 2597 3497 aliquod
2628 3430 2865 3483 officium
2909 3431 3114 3485 evectis
3154 3432 3400 3499 loquendi
3433 3433 3570 3485 lii-en

2019 3504 2144 3553 tiatit
2179 3502 2580 3570 permittamus;
2606 3514 2724 3552 cuni
2755 3500 2853 3568 ipsi
2880 3502 3054 3569 pOIiUs
3084 3502 3303 3565 silentii,
3334 3503 3589 3555 aliarum-

2017 3588 2123 3639 que
2152 3573 2399 3626 virtutum
2424 3573 2664 3636 exempla
2688 3572 3201 3625 adolesieiitioribus
3225 3577 3594 3625 demensum--

2018 3642 2269 3697 debeant.
2318 3642 2465 3695 Adeo
2496 3642 2727 3706 ineptam
2760 3642 3167 3709 explicationem
3215 3644 3437 3695 revnicit
3483 3646 3597 3705 ipse

2019 3712 2077 3764 S.
2106 3716 2418 3766 benedictus
2456 3714 2505 3764 in
2551 3715 2654 3764 line
2706 3712 2859 3779 ὴιιιιις
2907 3713 3115 3780 capitis,
3161 3712 3249 3765 ubi
3308 3713 3597 3779 prohibens

2023 3785 2402 3846 SClltl‘llllaleS,
2451 3791 2497 3835 et
2525 3782 2593 3833 ad
2619 3782 2777 3848 talia,
2822 3784 3012 3847 inquit,
3041 3784 3237 3848 eloquia
3287 3781 3599 3854 discipulum

2019 3856 2222 3919 operire
2259 3871 2315 3908 os
2374 3869 2475 3905 non
2525 3854 2893 3920 periiiittt'mns:
2947 3853 3036 3907 tibi
3068 3864 3204 3906 Sicut
3248 3864 3301 3907 et
3329 3852 3501 3921 capite
3543 3852 3597 3917 '5,

2021 3928 2121 3980 sub
2169 3925 2418 3992 discipuli
2475 3924 2687 3978 nomine
2740 3924 3113 3991 complectitur
3144 3938 3329 3979 omnes
3376 3925 3600 3976 omnino

2022 3998 2331 4058 monachos,
2369 4011 2503 4063 quos
2535 3994 2619 4048 liic
2670 3997 2933 4062 perfectos
2977 3994 3267 4061 discipulos-
3327 3996 3547 4063 appellat
3580 4038 3595 4057 ,

2020 4072 2143 4138 quia
2178 4083 2281 4119 non
2312 4066 2468 4118 modo
2499 4066 2905 4133 pertectioneiu,
2937 4067 3030 4119 sed
3060 4066 3399 4134 perfectionis
3429 4069 3602 4136 Perfe-

2022 4140 2250 4191 etioneui
2280 4153 2371 4188 vm
2384 4147 2559 4189 erunt.

2100 4228 2316 4298 PrOpter
2348 4226 2703 4280 taciturnitatis
2732 4224 3075 4298 gravitatem.]
3124 4226 3178 4281 ιιι
3226 4237 3306 4283 est
3350 4229 3595 4284 eminen-

2025 4301 2171 4357 tiam.
2202 4301 2232 4351 d
2257 4303 2532 4368 gnitateiii,
2557 4311 2611 4351 et
2640 4302 2919 4352 utilitatem
2948 4299 3171 4352 silentii.

2098 4390 2237 4444 llura
2265 4392 2573 4442 concedatur
2600 4390 2836 4458 loquendi
2866 4388 3117 4461 licentia]
3157 4391 3211 4444 lit
3244 4407 3400 4460 quem
3430 4392 3604 4447 locum

2024 4460 2080 4514 S.
2116 4461 2449 4530 llildegartlis
2482 4478 2494 4513 :
2537 4480 2553 4511 ι
2591 4462 2803 4515 Seilicet
2832 4471 2958 4514 tunc
2978 4477 3098 4514 cum
3140 4462 3315 4530 aliqua
3346 4465 3394 4515 iii
3420 4479 3603 4517 ('OllCl-

2032 4534 2137 4597 liis,
2165 4536 2340 4597 aliqua
2371 4532 2423 4584 in
2453 4532 2702 4600 negotiis,
2734 4547 2829 4586 seu
2858 4532 2912 4585 in
2952 4533 3245 4597 majoribus
3276 4536 3606 4587 ltCCﬂSsllflll-

1954 4583 2002 4642 θ
2030 4583 2137 4656 iiiis'
2162 4583 2380 4672 agenda
2404 4583 2908 4659 suntuliilitivicetu.‘
2948 4583 3172 4657 eth‘tioti—

2026 4676 2237 4739 qucndo
2286 4677 2406 4727 data
2441 4674 2687 4736 licieutia,
2745 4687 2799 4728 et
2848 4674 3075 4738 modice,
3105 4689 3168 4729 ac
3218 4676 3449 4729 breviter
3489 4691 3610 4743 qua:

2024 4760 2193 4812 Opus;
2224 4755 2272 4799 et
2306 4745 2500 4799 deinde
2524 4744 2658 4798 facto
2686 4745 2839 4813 signo
2864 4761 3049 4798 omnes
3079 4747 3129 4797 in
3175 4745 3391 4798 silentio
3418 4759 3609 4799 secun-

2025 4818 2481 4869 ilniiiconsuetutn
2516 4831 2719 4869 morem
2750 4818 2963 4869 sileant.
3012 4816 3273 4881 Quoniam
3313 4815 3452 4871 idem
3503 4817 3605 4870 Be-

2028 4886 2269 4940 nedictus
2296 4887 2561 4940 licentiam
2589 4889 2725 4939 hanc
2750 4895 2947 4940 stituta
2991 4886 3119 4939 liora
3165 4889 3215 4939 in
3256 4890 3495 4957 qualibet
3521 4889 3609 4942 die

2027 4974 2131 5011 non
2166 4962 2486 5024 prtelixerat,
2522 4959 2617 5011 sed
2647 4973 2763 5011 eam
2814 4958 2865 5010 iit
2909 4968 3325 5029 potestatesiia,
3358 4963 3611 5029 quemad-

2027 5029 2242 5082 modum
2274 5030 2529 5097 oportuit,
2558 5028 2819 5092 habebat;
2863 5043 2982 5082 nam
3015 5028 3285 5083 licentfiatn
3320 5028 3456 5083 hanc
3499 5047 3605 5083 non

2027 5099 2186 5152 dabat
2214 5099 2329 5153 sine
2371 5099 2513 5165 jnsta
2569 5099 2740 5167 aliqua
2797 5098 3134 5164 necessitate,
3183 5116 3279 5154 seu
3312 5100 3487 5169 aliqua
3522 5102 3607 5169 pia

2027 5171 2251 5224 utilitate
2288 5170 2621 5239 couipttlots.
2669 5170 2919 5223 Attamen
2966 5171 3089 5238 quia
3139 5170 3487 5225 inltumaniini
3527 5180 3610 5224 est

2028 5242 2296 5294 hominem
2327 5244 2379 5293 in
2409 5241 2770 5295 taeitttruitate
2798 5256 3011 5306 semper
3037 5256 3174 5305 esse,
3208 5249 3389 5296 etnon
3425 5242 3606 5309 loqui,

2027 5311 2167 5366 idem
2201 5310 2359 5365 Pater
2399 5312 2450 5364 iii
2475 5321 2736 5380 potestate
2767 5325 2820 5364 et
2850 5312 3171 5366 discretione
3197 5313 3403 5366 abbatis
3426 5313 3605 5367 dimit-

2026 5384 2109 5447 tit,
2139 5382 2584 5451 quemadmodum
2613 5384 2713 5435 alia
2746 5383 2973 5449 plurima
2989 5382 3038 5436 ei
3062 5386 3330 5446 coiiciedit,
3360 5393 3412 5436 ut
3442 5383 3607 5436 disci-

2026 5455 2164 5522 pulis
2208 5453 2319 5507 suis
2363 5452 2546 5506 horam
2588 5463 2977 5521 cotupetentent
3012 5456 3307 5522 provideat,
3351 5469 3452 5520 qua
3506 5453 3610 5521 ipsi

2027 5532 2141 5577 inec
2166 5538 2284 5593 quae
2314 5526 2534 5577 honesta
2577 5535 2631 5577 et
2659 5525 2958 5577 tteCessutia
2999 5537 3123 5577 sunt
3165 5527 3229 5577 ad
3270 5525 3494 5578 invicem
3529 5531 3609 5577 Io-

2023 5605 2274 5663 qnautur,
2300 5604 2353 5648 et
2383 5612 2450 5647 ne
2481 5595 2533 5648 iii
2563 5595 2854 5648 indiscreto
2902 5594 3115 5648 salentio
3160 5594 3318 5648 tardio
3368 5597 3489 5648 al'lie
3513 5610 3611 5649 an-

2024 5676 2148 5731 tur;
2203 5668 2454 5734 quoniam
2516 5677 2635 5734 post
2691 5663 3000 5734 litijusuiodi
3072 5667 3318 5735 loquendi
3376 5668 3606 5721 invicem

2026 5735 2455 5805 permissionem,
2500 5736 2909 5791 conveniendus
2938 5746 2993 5789 et
3018 5741 3257 5799 seveiins
3288 5736 3351 5790 ad
3388 5749 3612 5791 tacitur-

2025 5812 2244 5863 nitalcm
2300 5807 2574 5862 adiitotieii
2620 5819 2670 5867 et
2709 5806 2946 5863 θυρωριῆ
2980 5822 3247 5878 poterunt.
3286 5828 3304 5863 ι
3342 5811 3608 5865 inuentis
