3952 6182
390 330 494 388 559

1737 326 1791 380 S.
1836 326 1893 380 Ρ.
1940 325 2284 383 ΒΙίΝΙΞΙηξίΤΙ

3529 322 3638 380 360

387 447 445 502 S.
491 438 840 512 llildcgardls,
883 435 1032 506 cujus
1079 450 1144 490 ex
1189 436 1366 492 verbis
1397 437 1496 491 tria
1527 434 1783 507 colligere
1818 452 1943 505 pos-
1977 442 2023 498 Α
2059 441 2121 494 15
2143 441 2232 493 lib.
2258 456 2291 512 γι
2341 438 2471 491 l‘list.
2514 434 2761 512 Neubrig.
2801 431 2929 488 Vide
2960 432 3022 489 S.
3054 434 3306 503 Stephani
3341 435 3505 493 Obaz.
3540 440 3611 497 Vi

550 530 594 568 S.

550 530 594 568 ς.

388 530 619 657 mih
649 581 904 657 Primum.
935 576 1136 657 nullum
1162 593 1226 631 ex
1251 577 1448 657 Regula
1476 579 1633 632 fixum
1664 587 1946 657 aestatum

390 648 707 710 esse'iiiiitui
736 648 981 717 colloquii
1014 660 1221 714 tempus
1260 652 1604 718 assignatum,
1653 649 1745 702 sed
1798 648 1953 714 quasi

392 736 700 793 perpetuum
734 719 1286 793 inoiiacliisindictum
1314 736 1432 793 esse
1474 719 1774 793 silentium;
1814 719 1954 793 undi:

390 789 660 852 Cilbertus
685 795 750 846 de
781 790 1072 844 Hoillaudia
1113 789 1305 861 (Serm.
1351 791 1380 842 7
1411 792 1461 842 in
1505 789 1679 858 Cant.)
1728 807 1740 843 :
1771 808 1788 840 ι
1826 790 1956 861 Μο-

396 868 683 920 nai-horum
734 871 835 924 est,
888 861 1078 929 inquit,
1126 860 1234 913 non
1264 860 1605 929 colloquium,
1658 860 1752 913 scil
1792 860 1957 914 silen-

393 937 545 990 tium.
581 954 599 986 ι
637 935 698 987 Et
726 947 856 986 sane
897 930 1266 1000 .‘Euyptiorum
1300 932 1679 985 menacboi-um
1712 930 1957 997 vestigiis

392 1018 645 1076 quantum
669 1006 835 1073 potuit
856 1002 915 1056 8.
946 1003 1098 1076 Pater
1127 1002 1355 1064 inhaesit,
1385 1002 1491 1068 qui,
1514 1011 1569 1076 ut
1588 1009 1807 1076 testatur
1833 1008 1849 1051 t
1874 1013 1960 1076 as}

394 1070 575 1130 sianns
602 1117 617 1139 ,
670 1070 929 1143 perpetuo
1002 1075 1283 1143 silebant;
1328 1088 1447 1124 nam
1472 1089 1495 1143 ι
1536 1070 1695 1143 finitis
1728 1113 1743 1134 ,
1790 1072 1959 1139 inquit

394 1148 680 1201 Cassianus
732 1143 871 1207 (Lib.
924 1158 990 1207 it,
1044 1158 1157 1212 cap.
1218 1142 1323 1209 l5),
1371 1142 1622 1211 psalmis,
1677 1150 1727 1195 et
1784 1143 1959 1209 quoti-

397 1219 554 1270 diana
600 1214 1038 1283 congri-gatione,
1092 1215 1228 1266 sicut
1280 1213 1521 1280 superius
1574 1227 1961 1283 commemora-

396 1290 588 1351 vimus,
633 1282 868 1339 abSoluta
907 1326 920 1344 ,
985 1284 1159 1336 nullus
1208 1298 1391 1335 eorum
1446 1282 1527 1334 vol
1583 1283 1645 1334 ad
1695 1282 1958 1334 modicum

397 1363 708 1418 siibsistero,
758 1364 847 1407 aut
891 1352 1216 1407 sermocinari
1271 1357 1420 1406 (ιιιάρι
1465 1366 1578 1405 Cum
1636 1354 1822 1415 altera;
1866 1352 1959 1403 sed

398 1431 679 1493 nequidein
716 1440 808 1493 per
841 1433 1006 1477 totum
1038 1422 1143 1477 diei
1188 1428 1416 1491 Spatium
1465 1438 1497 1477 e
1538 1424 1668 1478 cella
1702 1440 1792 1474 sua
1840 1436 1961 1491 pro-

398 1501 588 1570 gredi,
641 1506 730 1551 aut
782 1496 1033 1549 deserere
1079 1510 1227 1570 Opus
1261 1494 1507 1570 quod_itt
1555 1508 1620 1570 ea
1669 1493 1857 1570 solitus
1883 1500 1964 1570 est

406 1563 685 1629 Exercere,
715 1576 986 1634 prresumit
1010 1581 1024 1629 ;
1048 1565 1187 1633 quod
1218 1567 1285 1617 ita
1313 1565 1528 1634 explent
1552 1564 1690 1618 fores
1711 1563 1961 1633 ingressi,

399 1652 455 1693 nt
516 1641 656 1691 nulla
704 1640 835 1691 inter
881 1653 965 1688 eos
1013 1636 1367 1689 sermocinatio
1416 1637 1612 1702 penitus
1643 1636 1902 1687 audiatur.
1939 1652 1958 1684 ι

402 1708 585 1763 Refert
610 1711 768 1763 etiam
804 1707 1066 1760 i’alladins
1092 1708 1157 1761 de
1182 1706 1373 1759 abbate
1400 1705 1615 1759 Theona
1640 1703 1820 1775 (Laus.
1846 1719 1961 1775 cup.

399 1779 469 1834 50
490 1790 536 1833 et
562 1778 674 1850 85),
711 1777 847 1850 quod
880 1778 1088 1850 triginta
1112 1776 1346 1850 quinque
1372 1776 1523 1850 anuis
1553 1773 1788 1840 silu‘erit;
1819 1773 1966 1850 etde

401 1846 874 1917 qtiatlattt’virgiue,
926 1848 1066 1915 quod
1111 1850 1264 1900 annis
1299 1846 1484 1917 vigipti
1508 1850 1738 1917 quinque
1765 1846 1961 1917 nemini

399 1914 657 1974 collocuta
687 1920 774 1973 sit.
812 1937 829 1967 ‹
888 1918 1141 1971 Dicebant
1169 1919 1327 1971 etiam
1361 1914 1532 1983 (Tom.
1564 1917 1578 1968 l
1620 1916 1765 1970 Man.
1816 1914 1960 1968 Eccl.

401 1990 591 2052 Gra’c,
624 2007 741 2060 pag.
770 1990 894 2055 577)
927 1990 992 2041 de
1018 1988 1208 2041 abbate
1257 1989 1534 2060 Agathone
1579 2002 1674 2060 per
1711 1998 1965 2060 tres__an-

405 2078 502 2115 nos
524 2055 669 2115 illum
690 2055 942 2126 'lapidein
973 2074 1068 2113 ore
1102 2067 1339 2127 gestasse
1359 2059 1528 2112 donec
1567 2058 1724 2112 silere
1754 2055 1965 2110 didicis-

400 2142 499 2186 set.
533 2149 550 2182 ι
574 2132 682 2186 Sed
708 2133 804 2183 bos
833 2145 1018 2183 omnes
1063 2130 1332 2197 superavit
1352 2128 1583 2183 Joannes
1616 2140 1967 2197 cognomento

400 2204 753 2265 Silentiariue,
782 2201 871 2269 qui
898 2216 962 2253 ex
990 2201 1245 2268 episcopo
1266 2200 1432 2254 factus
1460 2201 1775 2265 monachus,
1824 2206 1965 2269 totus

401 2274 745 2335 quadraginta
781 2268 982 2340 septem
1015 2286 1184 2323 annos
1232 2272 1284 2323 in
1332 2271 1541 2324 silentio
1569 2272 1769 2331 exegit.
1798 2268 1962 2340 Quid

402 2343 471 2398 de
518 2343 729 2412 Virgine
781 2339 1024 2412 DeiparaA
1058 2343 1453 2412 loquanouie,
1494 2350 1729 2412 ntrnotat
1775 2339 1962 2412 doctor

400 2410 686 2468 inellillu'us
702 2413 895 2481 (Serm.
921 2415 973 2464 in
995 2410 1244 2465 Dominic.
1271 2411 1410 2478 infra
1421 2419 1520 2464 σει.
1538 2410 1846 2478 Assumpt.),
1864 2426 1968 2463 niti

400 2485 504 2538 nisi
530 2494 717 2551 quater
746 2484 800 2536 in
832 2492 943 2536 toto
976 2482 1376 2551 Evangeliorum
1408 2485 1634 2535 decursu
1671 2482 1844 2535 locuta
1892 2481 1969 2533 le-

400 2556 572 2625 gitur?
606 2553 1183 2625 iiujiismodiexeinpla
1214 2552 1277 2606 ad
1310 2552 1657 2606 imitationem
1698 2552 1966 2625 proposita

401 2622 860 2692 discipulisdiaud
906 2624 1123 2677 dubium
1156 2625 1320 2677 voluit
1361 2638 1480 2678 esst:
1526 2634 1742 2677 sanctus
1791 2622 1967 2685 Pater,

403 2712 526 2750 eum
556 2698 756 2750 nullum
805 2698 856 2747 in
911 2694 1108 2758 [legata
1140 2705 1345 2764 tempus
1375 2694 1620 2762 loquendi
1655 2702 1966 2760 proposuit:

403 2766 559 2836 cujus
597 2767 734 2819 votis
772 2774 830 2818 ιιι
856 2766 1286 2836 obsecundurettt
1310 2765 1642 2836 dilectissimi
1684 2764 1969 2817 liliiconti-

406 2835 569 2892 mium
604 2852 739 2904 pene
780 2836 830 2888 iii
858 2837 1119 2889 ('(Blltililis
1146 2835 1412 2889 silentium
1444 2835 1729 2889 observare
1758 2836 1971 2887 studue-

405 2918 552 2961 runt.
595 2907 702 2961 llos
729 2908 866 2959 inter
894 2905 1132 2959 enituere
1162 2922 1270 2973 pra:
1300 2905 1549 2958 omnibus
1594 2904 1972 2959 Cluniacenses

414 2978 683 3041 monachi,
707 2980 793 3045 qui
825 2977 925 3030 sibi
949 2978 1097 3044 quasi
1142 2980 1195 3028 in
1224 2988 1534 3045 perpetuum
1565 2990 1658 3028 ore
1690 2976 1969 3045 pra-cluso,

402 3064 590 3103 manus
616 3049 670 3101 in
701 3044 906 3116 linguas
947 3044 1305 3111 commutasse
1342 3046 1675 3107 videbantur,
1709 3044 1971 3098 adiuven-

406 3121 473 3174 tis
500 3120 665 3189 signis
686 3122 713 3151 ’⁵
742 3121 955 3187 quibus,
983 3118 1109 3189 dum
1138 3120 1314 3184 lingua
1342 3127 1563 3189 taceret,
1586 3131 1703 3189 quae
1736 3130 1974 3170 necessa-

401 3191 487 3245 rio
534 3188 848 3258 requirenda
887 3196 1038 3242 erant
1076 3188 1301 3242 invicem
1352 3188 1739 3256 exprimebaut.
1774 3191 1840 3258 ᾼι
1867 3201 1970 3239 non

406 3264 525 3315 sine
575 3257 928 3314 admiratione
963 3262 1136 3327 legere
1168 3274 1447 3325 possumus
1483 3258 1626 3326 quod
1675 3258 1742 3327 de
1768 3257 1971 3311 Cister-

402 3331 669 3385 ciensium
711 3330 922 3383 silentio
952 3326 1136 3381 scribit
1163 3328 1475 3383 Guillelmus
1502 3330 1664 3382 abbas
1706 3326 1763 3381 S.
1798 3328 1971 3381 'l‘beo-

402 3402 568 3455 tlerici
611 3404 664 3455 in
706 3401 841 3453 libro
871 3417 885 3453 ι
915 3399 980 3453 de
1014 3400 1126 3452 Vita
1159 3401 1214 3453 8.
1245 3399 1521 3465 Beritardi,
1554 3413 1672 3468 cap.
1724 3400 1774 3451 7.
1813 3415 1831 3447 ι
1872 3398 1973 3451 Πιε-

405 3474 566 3541 nique
593 3473 644 3524 in
675 3472 809 3523 valle
842 3470 927 3523 illa
960 3471 1111 3538 plena
1168 3472 1458 3533 hominum,
1513 3472 1565 3523 io
1621 3485 1724 3538 qua
1769 3469 1967 3541 nemini

400 3540 631 3596 otiusum
653 3556 770 3595 esse
796 3542 1006 3605 licebat,
1030 3541 1274 3595 omnibus
1298 3541 1679 3603 laborantibus,
1705 3551 1757 3593 et
1788 3540 1971 3607 singu-

404 3614 472 3667 lis
510 3615 652 3667 circa
697 3610 933 3680 injuncta
971 3615 1261 3680 occupatis,
1310 3612 1482 3671 media
1513 3611 1599 3665 die
1648 3609 1836 3664 media:
1876 3625 1969 3664 no-

404 3686 506 3737 ctis
543 3682 811 3736 silentium
851 3698 880 3736 a
911 3684 1416 3751 supervenientibus
1441 3682 1805 3736 inveniebatur
1838 3695 1971 3751 pra:-

406 3765 489 3809 ter
511 3754 752 3807 laborum
797 3752 1025 3816 sonitus,
1057 3754 1138 3806 vel
1179 3755 1223 3807 si
1274 3755 1462 3808 fratres
1503 3758 1553 3807 in
1601 3752 1846 3807 laudibus
1878 3750 1968 3806 Dei

401 3833 807 3891 occuparentur.
838 3826 1002 3878 Porro
1029 3824 1223 3877 silentii
1256 3825 1421 3893 ipsius
1449 3825 1581 3877 ordo
1606 3838 1657 3877 et
1691 3823 1827 3875 fama
1856 3832 1969 3875 Liu-

401 3905 508 3949 tam
535 3896 692 3948 etiam
731 3893 867 3961 apttd
918 3895 1204 3949 smculares
1253 3895 1493 3949 homines
1532 3894 1970 3961 supervenientes

400 3967 481 4019 sui
513 3966 734 4018 faciebat
759 3967 1127 4029 reverentiam,
1160 3976 1213 4019 ut
1238 3977 1289 4019 et
1322 3968 1419 4034 ipsi
1453 3982 1555 4019 non
1579 3967 1751 4019 dicam
1784 3978 1962 4031 prava,

404 4038 489 4090 vel
537 4037 732 4097 otiosi,
768 4036 858 4087 Sed
890 4036 1087 4103 aliquid
1133 4039 1291 4089 etiam
1320 4037 1461 4105 quod
1490 4037 1555 4088 ad
1580 4053 1687 4088 rem
1715 4051 1818 4087 non
1845 4037 1969 4087 atti-

406 4116 580 4168 neret,
610 4106 683 4158 ibi
714 4109 856 4174 loqui
885 4117 1213 4160 vererentur.
1257 4128 1274 4158 ι
1306 4110 1429 4160 llaec
1456 4109 1736 4160 confirmat
1765 4107 1877 4174 ipse
1906 4108 1961 4160 8.

404 4177 702 4229 Bernartius
726 4192 845 4230 cuin
871 4191 994 4229 suos
1015 4184 1272 4244 hortatur,
1306 4189 1360 4231 ut
1385 4180 1578 4231 bonum
1606 4177 1704 4230 sibi
1736 4176 1966 4230 invicem

403 4248 592 4300 darent
612 4249 926 4310 consdium;
958 4257 1014 4301 et
1059 4249 1158 4300 hac
1202 4250 1299 4302 sibi
1332 4257 1599 4315 proposna
1626 4248 1963 4316 objectione:

407 4335 427 4370 ι
465 4318 614 4385 Quod
657 4333 757 4389 ego
797 4316 1255 4389 coiisiliumdabo
1306 4319 1475 4385 fratri,
1522 4321 1605 4372 cui
1649 4334 1746 4371 nec
1776 4333 1964 4389 Annum

401 4391 615 4459 quidem
644 4386 861 4442 verbum
889 4390 1066 4443 dicere
1088 4386 1164 4443 fas
1190 4401 1271 4443 est
1315 4393 1513 4459 absque
1542 4387 1790 4443 licentia?
1822 4406 1841 4439 ι
1882 4405 1967 4442 re-

400 4461 661 4529 spondet,
685 4464 1036 4513 utconsulant
1075 4460 1219 4513 fratri
1254 4476 1273 4507 ι
1310 4476 1414 4513 non
1447 4463 1626 4525 verbo,
1661 4475 1831 4529 neque
1866 4460 1965 4514 liii-

398 4545 524 4600 gua,
554 4532 647 4584 sed
672 4545 833 4598 opere
863 4538 915 4584 et
944 4541 1184 4590 veritate.
1224 4550 1242 4583 ι
1276 4532 1418 4585 bono
1466 4532 1665 4585 scilicet
1690 4534 1957 4599 exemplo.

406 4602 579 4657 Simili
605 4602 715 4655 fere
735 4600 932 4655 silentii
957 4606 1237 4655 severitate
1259 4602 1476 4670 hujusce
1502 4603 1678 4655 saeculi
1705 4604 1964 4670 principio

398 4687 456 4726 se
490 4673 840 4727 devinxeruut
876 4672 1154 4727 strictim-is
1202 4674 1556 4726 ob~ervantite
1613 4676 1665 4726 in
1716 4676 1962 4741 llispauia

397 4743 826 4798 sanetimoniales
876 4744 1078 4795 ordinis
1139 4744 1525 4799 Cistercieusis.
1585 4745 1686 4796 bed
1751 4760 1963 4797 omnem

397 4828 613 4883 prorsus
636 4818 754 4866 hom
781 4829 903 4867 num
930 4814 1301 4882 cogitationem
1320 4830 1569 4882 superare
1598 4816 1801 4868 videtur
1827 4817 1966 4883 quod

396 4889 464 4939 de
521 4884 944 4939 Fiintis-Ebraldi
996 4886 1488 4939 sanetimonialilnis
1530 4886 1714 4939 seribit
1767 4885 1964 4939 Willet-

395 4970 513 5028 Inus
567 4955 1048 5010 Malitiesburicnsis
1085 4955 1218 5028 (Lib.
1265 4973 1293 5008 ν
1348 4956 1410 5009 de
1467 4958 1683 5024 [legibus
1733 4957 1967 5027 Augl.):

403 5045 421 5077 ι
478 5026 677 5080 Prieier
725 5035 1037 5081 cazterarum
1093 5026 1472 5083 'iilecebraruin
1545 5026 1958 5093 abdicationem,

394 5098 710 5169 quantulum
762 5099 888 5153 illud
920 5111 1023 5165 est,
1067 5101 1208 5167 quod
1240 5101 1291 5153 in
1348 5100 1492 5152 nullo
1542 5101 1696 5171 182
1728 5102 1844 5154 loco
1882 5102 1959 5153 lo-

391 5184 624 5239 quantur
650 5180 839 5235 pnetcr
872 5174 921 5222 in
953 5171 1203 5239 capitulo,
1234 5171 1503 5239 proposita
1531 5188 1559 5223 a
1586 5171 1841 5239 magistro
1870 5186 1961 5240 pe-

392 5242 572 5295 rennis
605 5242 975 5295 taciturnitatis
1025 5244 1233 5303 regula,
1278 5257 1400 5311 quia
1450 5241 1615 5296 semel
1671 5250 1843 5295 taxato
1885 5244 1961 5295 si-

394 5311 561 5366 lentio
583 5312 789 5367 feminae
814 5327 998 5382 prome
1027 5325 1151 5366 sunt
1177 5314 1242 5366 ad
1264 5312 1650 5366 mussitantlutn
1682 5314 1905 5379 frivola;
1935 5331 1953 5363 ι

390 5385 633 5450 quamvis
659 5397 869 5451 postea,
903 5384 1003 5437 huc
1028 5396 1106 5437 est
1144 5399 1285 5437 anno
1324 5384 1481 5445 “50,
1517 5386 1630 5439 hanc
1656 5385 1962 5438 silentii'ds-

393 5456 598 5509 strictio
638 5458 959 5509 auctoritate
997 5456 1187 5508 summi
1239 5457 1504 5523 pontiticis
1548 5456 1616 5509 ita
1668 5467 1958 5523 temperata

391 5534 488 5585 est,
528 5544 545 5575 ι
581 5537 635 5579 ιιι
665 5527 819 5581 liceat
843 5526 982 5595 loqui
1015 5536 1131 5594 post
1158 5542 1364 5593 preces,
1394 5538 1450 5578 ut
1481 5538 1694 5590 Vocant,
1725 5541 1958 5595 prunas;

394 5595 584 5669 deinde
614 5608 727 5663 post
769 5599 977 5669 signum
1010 5598 1072 5649 ad
1118 5598 1607 5669 laboreuilactuin.
1654 5616 1672 5648 ι
1709 5601 1962 5666 quemad-

394 5666 607 5720 n.oduiu
634 5666 880 5725 observat
918 5668 1153 5724 Joannes
1194 5668 1445 5723 l’icardus
1476 5671 1529 5725 in
1574 5670 1713 5725 notis
1743 5672 1807 5724 ad
1834 5684 1959 5741 cap.

2059 521 2185 569 tam,
2216 511 2308 563 lib.
2340 524 2390 573 ι,
2424 523 2478 561 ιι.
2510 511 2565 561 9.

2126 580 2449 634 Secundum.
2464 575 2717 645 Quamvis
2731 574 2932 629 nullum
2949 573 3146 643 Regula
3166 574 3519 633 determinate
3534 578 3630 635 de-

2055 648 2223 719 signet
2248 664 2451 717 teinpus
2475 662 2580 716 quo
2604 647 2793 719 fratres
2815 647 2950 719 inter
2968 660 3026 699 se
3053 648 3396 719 conveniant,
3433 663 3631 705 come.

2056 717 2284 776 [tientius
2310 731 2484 773 tamen
2515 719 2643 786 ipsis
2662 717 2924 770 interdum
2948 718 3144 769 mutuis
3170 718 3447 785 colloquiis
3470 723 3636 774 animi

2056 792 2323 846 relaxandi
2341 789 2712 854 indulgentiam
2734 802 2851 841 esse
2863 787 3284 855 concedendam;
3302 789 3635 844 inhumanum

2057 876 2129 916 es'
2164 864 2296 915 inim
2326 862 2575 915 hominem
2619 876 2669 911 in
2701 860 3045 929 taciturnitate
3080 875 3274 929 semper
3304 876 3428 923 esse,
3455 870 3503 913 et
3533 879 3637 914 non

2057 933 2222 1003 loqui,
2248 933 2433 1003 inquit
2463 933 2530 1003 8οἒ
2553 928 2903 1003 llildegardis,
2950 928 3212 1003 atque‘ita
3245 942 3527 1003 senserunt
3574 932 3637 987 S.

2058 998 2461 1073 Antmiiusfln
2492 998 2708 1073 Constit.
2741 1006 2961 1073 manust.
2993 998 3183 1073 c._12),
3211 1012 3263 1053 et
3289 1001 3639 1073 S.__B_asilius,

2059 1075 2291 1139 insignes
2313 1070 2471 1127 ambo
2492 1072 2612 1125 vita;
2639 1072 2943 1123 iuonasucae
2973 1070 3203 1123 cultores
3238 1087 3251 1122 :
3283 1090 3300 1122 ‹
3350 1070 3486 1127 Utile
3528 1074 3640 1129 fue-

2059 1145 2129 1199 rit
2159 1146 2321 1212 loqui,
2370 1144 2415 1196 si
2468 1148 2532 1212 de
2562 1146 2757 1212 virtute
2787 1151 3085 1212 opportuno
3132 1149 3369 1208 tempore
3396 1144 3639 1197 dissera-

2062 1225 2167 1283 tur,
2205 1210 2428 1283 {inquit
2455 1211 2803 1283 S.7Basiliu~:._
2834 1211 2899 1264 Et
2928 1210 2984 1264 8.
3021 1212 3319 1283 Antonius,
3367 1214 3641 1270 referente

2062 1284 2119 1339 S.
2155 1278 2454 1338 'Atban'asio
2495 1282 2582 1346 (In
2605 1286 2716 1353 ejus
2762 1278 2878 1333 Vita
2908 1297 2953 1334 r.
2986 1279 3095 1352 15),
3130 1300 3148 1332 ι
3186 1282 3393 1336 dicebat
3424 1285 3488 1336 ad
3520 1302 3643 1339 om-

2068 1372 2186 1409 nem
2242 1358 2453 1423 quidem
2509 1351 2875 1406 mandatorum
2940 1351 3275 1420 disciphnain
3334 1357 3643 1422 Scriptores

2064 1441 2219 1494 posse
2256 1425 2524 1487 suflicere,
2567 1424 2657 1476 sed
2688 1429 2743 1475 et
2783 1426 2882 1494 huc
2912 1423 3173 1490 Optimum
3207 1426 3340 1489 fore,
3369 1427 3414 1478 si
3442 1431 3643 1481 mutuis

2062 1493 2121 1549 Se
2152 1498 2374 1549 invicem
2398 1494 2586 1547 fratres
2612 1493 2945 1547 sermonibus
2967 1494 3391 1548 consolarentur.
3423 1515 3441 1548 ι
3464 1503 3642 1558 Atque

2065 1581 2180 1619 eam
2225 1566 2388 1621 fuisse
2414 1565 2472 1619 8.
2522 1563 2787 1617 Benedicti
2835 1576 3065 1617 mentem
3094 1572 3256 1631 patet,
3289 1574 3396 1618 tuin
3439 1583 3505 1621 ex
3538 1566 3643 1623 hoc

2065 1638 2259 1706 capite,
2292 1652 2396 1706 quo
2424 1636 2621 1704 aliqua,
2654 1632 2777 1687 licet
2805 1650 2925 1686 rara
2955 1634 3200 1687 concedit
3231 1636 3461 1703 eloquia,
3495 1640 3642 1693 vult-

2066 1725 2168 1776 que
2197 1709 2279 1762 ori
2323 1711 2571 1774 exempto
2619 1706 2895 1776 prophetat
2939 1706 3129 1773 apponi
3180 1709 3474 1776 custodiam
3526 1710 3643 1763 sive

2068 1774 2260 1832 Ostium
2287 1780 2423 1848 quod
2450 1776 2726 1845 aliquando
2755 1774 3004 1839 aperitur,
3046 1775 3322 1848 aliquando
3352 1777 3636 1844 clauditur,

2072 1859 2129 1902 ut.
2154 1852 2228 1902 ait
2262 1846 2623 1909 lliltlemarus;
2656 1852 2766 1899 tum
2793 1861 2856 1899 ex
2881 1849 3051 1913 capite
3080 1846 3171 1908 48,
3206 1850 3253 1898 in
3286 1862 3390 1916 quo
3415 1852 3644 1905 mentio-

2070 1937 2188 1973 nem
2218 1920 2341 1973 favit
2369 1917 2611 1970 librarum
2644 1917 3106 1986 incompeteutium,
3138 1918 3330 1986 quibus
3377 1920 3522 1974 fratri
3573 1923 3643 1975 ad

2070 1991 2287 2045 fratrem
2317 2005 2374 2043 se
2396 1989 2683 2056 adjungere
2714 1986 3112 2054 haudquaquam
3145 1988 3317 2053 liceat,
3344 1988 3482 2055 quod
3505 2006 3641 2054 sup.

2069 2064 2213 2131 ponit
2257 2061 2407 2113 lioras
2436 2065 2802 2131 competentes,
2858 2057 3347 2131 qiiibusjfratribus
3381 2060 3521 2129 loqui
3553 2065 3609 2116 in
3630 2090 3647 2103 -

2070 2126 2276 2185 uultum
2305 2132 2394 2184 sit.
2432 2130 2497 2183 Et
2544 2142 2725 2181 revera
2755 2131 2930 2196 capite
2957 2126 3020 2182 51
3054 2129 3205 2197 jubet
3248 2144 3301 2182 ut
3331 2126 3469 2185 boris
3499 2150 3642 2185 com:

2072 2203 2356 2270 petentibus
2388 2202 2569 2254 dentur
2594 2214 2704 2271 qua:
2731 2197 2902 2271 danda
2939 2210 3077 2271 sunt,
3128 2208 3363 2264 petantur
3414 2218 3528 2264 qui):
3556 2221 3644 2271 pe-

2069 2269 2219 2326 tenda
2244 2281 2380 2339 sunt,
2410 2272 2549 2341 quod
2584 2280 2648 2323 ite
2677 2269 2973 2341 hujus-nodi
3007 2272 3171 2322 mutui
3211 2272 3458 2341 Colloqttii
3493 2269 3643 2329 horis

2069 2338 2441 2399 intellexerunt
2471 2340 2668 2408 antiqui
2703 2338 2885 2393 Patres
2912 2341 3109 2403 nOStri;
3152 2345 3289 2394 unde
3328 2338 3381 2396 et
3412 2345 3643 2399 cellera-

2071 2417 2179 2468 rius
2193 2428 2244 2467 et
2263 2412 2587 2466 cainerarius
2608 2412 2668 2464 iis
2685 2410 2941 2463 interesse
2966 2413 3296 2472 tenebantur,
3317 2428 3433 2466 cuin
3448 2415 3647 2471 fratres

2071 2484 2123 2538 in
2139 2487 2369 2537 claustro
2386 2483 2612 2536 invicem
2636 2480 3162 2555 loquebaiiturmtqui
3176 2483 3349 2555 aliqua
3365 2503 3376 2535 i
3391 2499 3421 2539 e
3438 2485 3645 2555 indige-

2072 2564 2211 2616 rent.
2232 2564 2522 2623 praesentes
2534 2568 2627 2607 eos
2655 2554 2930 2616 haberent,
2948 2562 3001 2604 et
3025 2554 3185 2607 libere
3199 2554 3263 2606 ab
3286 2554 3365 2607 eis
3388 2554 3571 2620 petere
3584 2568 3646 2613 et

2071 2627 2311 2694 accipere
2332 2628 2590 2677 valerent.
2617 2623 2789 2689 Atque
2809 2625 2945 2694 hunc
2965 2636 3084 2677 esse
3112 2624 3323 2691 Itegulie
3350 2640 3643 2694 genuinum

2072 2710 2285 2751 sensum
2319 2704 2458 2760 patet
2483 2711 2548 2748 ex
2576 2694 2633 2748 8.
2678 2693 2942 2747 Adalardo
2969 2703 3076 2747 tuin
3109 2698 3157 2746 in
3193 2695 3286 2747 iib.
3332 2693 3370 2748 ti
3411 2696 3646 2753 Statuto-

2076 2781 2211 2830 rum,
2243 2781 2291 2820 ρ.
2324 2767 2376 2830 6,
2406 2766 2492 2818 ubi
2525 2766 2638 2818 hinc
2667 2763 2822 2816 habet
2859 2762 3027 2831 (Tom.
3057 2761 3119 2816 IV
3157 2764 3364 2835 Spicil.)
3399 2784 3413 2822 :
3451 2787 3467 2817 ι
3509 2771 3646 2822 Cum

2073 2848 2201 2890 vero
2225 2838 2367 2889 liora:
2393 2835 2812 2905 incompetentes
2840 2836 3167 2897 transieiint.
3185 2847 3358 2890 ettam
3386 2839 3646 2908 loquendi

2072 2923 2233 2977 quam
2262 2908 2854 2977 conjungeiiditempus
2885 2908 3182 2970 advenerit,
3212 2917 3351 2971 etc.;
3393 2928 3411 2959 ι
3445 2921 3549 2963 tum
3573 2928 3647 2967 ex

2072 2976 2314 3051 ejusdem
2341 2977 2584 3051 capitulis
2612 2976 2679 3030 de
2705 2978 3155 3051 admonitionibus
3198 2979 3247 3030 iu
3274 2984 3642 3051 cOugregatio.

2074 3047 2141 3104 ne
2161 3091 2176 3113 ,
2207 3048 2258 3103 in
2280 3049 2471 3117 quibus
2497 3049 2565 3103 45
2594 3056 2694 3105 est.
2734 3064 2751 3097 ι
2785 3047 2852 3100 de
2880 3048 3023 3100 horis
3048 3047 3549 3116 inc0tnpeteiitilius,
3588 3056 3644 3109 id

2074 3130 2157 3192 est
2186 3123 2251 3174 de
2280 3120 2491 3192 silentio
2522 3135 2590 3192 :__i
2630 3118 3050 3192 competentibus
3091 3133 3219 3187 ergo
3244 3122 3435 3192 licebat
3475 3124 3647 3192 loqui.

2000 3193 2048 3257 C
2081 3191 2185 3244 Nec
2216 3199 2299 3244 est
2319 3189 2457 3256 quod
2503 3189 2697 3261 aliquis
2724 3189 2881 3251 dicat,
2907 3205 2979 3261 ev
2994 3206 3058 3242 eo
3096 3194 3232 3256 quod
3256 3190 3314 3246 S.
3370 3192 3430 3245 Β.
3460 3189 3617 3261 probi

2078 3260 2220 3322 beat,
2266 3274 2336 3314 ne
2385 3262 2545 3334 frater
2579 3259 2830 3329 jungatur
2860 3261 2923 3312 ad
2958 3257 3170 3334 fratrem
3207 3257 3647 3334 liorisincompe.

2077 3334 2327 3393 tentibus,
2356 3331 2759 3398 haudquaquam
2788 3344 2899 3381 erui
2932 3346 3087 3397 po~se
3114 3331 3316 3385 dandas
3339 3347 3459 3387 esst:
3482 3331 3649 3391 horas

2074 3411 2459 3469 competentes,
2492 3402 2683 3467 quibus
2743 3400 2883 3453 tioite
2928 3400 3131 3466 p0~sittl
3177 3404 3366 3456 fratres
3413 3406 3649 3461 invicem

2070 3474 2218 3543 jungi
2251 3483 2301 3548 et
2330 3486 2554 3525 miscere
2577 3472 2864 3548 colloquia,
2906 3474 3054 3538 quasi
3107 3474 3243 3548 idem
3271 3484 3452 3548 essent
3487 3479 3650 3548 jungi

2075 3556 2128 3598 et
2156 3544 2314 3614 loqui,
2342 3556 2474 3614 cuin
2492 3553 2544 3595 et
2572 3543 2625 3595 S.
2660 3543 2813 3614 l’ater
2841 3553 3122 3614 utrumque
3168 3546 3462 3614 distinguat
3487 3543 3650 3601 infra

2073 3631 2190 3683 cap.
2214 3613 2301 3675 26,
2328 3612 2414 3665 ubi
2444 3613 2509 3666 de
2538 3613 3051 3667 counnuuicantibus
3072 3628 3189 3667 cum
3214 3612 3649 3673 excommunica-

2076 3697 2141 3739 tis
2166 3688 2233 3738 ita
2264 3686 2421 3737 habet
2450 3702 2466 3739 :
2498 3683 2608 3755 [Si
2638 3683 2757 3750 quis
2777 3685 2938 3738 frater
2962 3690 3358 3755 praesumpserit
3380 3690 3495 3742 sine
3526 3691 3631 3755 jus-

2073 3757 2222 3809 sioiie
2265 3755 2470 3809 abbatis
2517 3754 2664 3807 fratri
2718 3762 3177 3809 excoininunicato
3216 3758 3454 3824 quolibet
3483 3754 3649 3813 modo

2073 3843 2126 3878 se
2147 3828 2386 3894 jungere,
2418 3835 2505 3879 aut
2536 3825 2676 3894 loqui
2719 3839 2832 3877 cum
2854 3840 2933 3890 eo,
2972 3826 3055 3879 vel
3099 3828 3405 3881 mandatum
3435 3831 3483 3884 ei
3515 3831 3651 3884 diri-

2072 3913 2218 3966 gere,
2269 3898 2493 3948 similem
2541 3897 2797 3949 sortiatur
2855 3900 3421 3953 ext0inmuiiiCationis
3483 3902 3653 3957 vindi-

2070 3978 2229 4021 ctam.
2271 3985 2288 4017 ι
2343 3969 2490 4031 Non,
2527 3967 2769 4035 inquam,
2818 3967 2866 4021 id
2912 3970 3114 4022 obstat.
3155 3969 3287 4022 Nam
3328 3970 3373 4022 si
3402 3973 3541 4039 quod
3575 3988 3652 4028 sit

2070 4041 2398 4111 discrimen,
2438 4039 2571 4111 illud
2606 4054 2767 4111 unum
2796 4050 2909 4111 est,
2951 4039 3091 4109 quod
3128 4041 3282 4111 jungi
3303 4040 3370 4095 de
3410 4043 3558 4109 longa
3595 4059 3652 4098 ct

2070 4110 2283 4178 prolixa
2327 4106 2755 4161 confabulatione
2778 4106 3023 4173 dicatur;
3066 4106 3349 4176 loquivero
3380 4112 3446 4166 de
3470 4106 3651 4169 trans-

2067 4189 2228 4233 eunte
2280 4189 2334 4233 et
2385 4180 2530 4233 brevi
2580 4184 2717 4233 sicut
2737 4180 2802 4234 de
2845 4182 2997 4250 leuga
3043 4182 3390 4251 intelligatur.
3424 4185 3482 4237 Et
3513 4200 3654 4242 sane

2067 4252 2124 4305 8.
2160 4251 2477 4322 Benedictus
2518 4250 2606 4322 qui
2656 4251 2744 4322 illo
2799 4251 2953 4322 183
3009 4254 3183 4320 capite
3214 4250 3373 4307 uinne
3410 4269 3526 4308 cum
3547 4273 3654 4310 ex-

2066 4321 2472 4375 conimunicatis
2500 4320 2825 4392 colloquium
2864 4320 3143 4392 prohibet,
3198 4328 3389 4392 capitis
3434 4327 3651 4382 titulum

2067 4394 2137 4445 ita
2168 4392 2319 4445 effert
2342 4408 2354 4442 :
2376 4392 2489 4470 ὐε-
2510 4391 2588 4443 his
2610 4394 2695 4459 qui
2729 4395 2836 4470 sine
2871 4391 3106 4470 jussione
3145 4391 3651 4470 abbatisjunguntnr

2066 4461 2556 4525 excommunicatis;
2603 4478 2706 4515 non
2732 4461 2885 4517 dicit'
2901 4466 3192 4535 junguntur
3222 4466 3297 4519 vel
3325 4461 3609 4536 loquuntur
3630 4514 3650 4536 ,

2066 4536 2184 4602 quia
2215 4547 2495 4607 uirumque
2540 4536 2639 4587 sub
2668 4536 2829 4588 verbo
2848 4536 3136 4607 junguntur
3159 4536 3308 4592 intell
3328 4542 3491 4607 gitur.
3529 4545 3652 4595 Ad-

2072 4608 2162 4679 det
2191 4605 2380 4673 aliquis
2410 4609 2581 4679 tucum
2629 4621 2692 4679 ex
2717 4605 2858 4679 cap.
2882 4605 2962 4661 49’
2988 4610 3054 4661 de
3088 4605 3455 4665 observatione
3498 4610 3653 4679 Qua-

2074 4677 2413 4747 dragesinue,
2443 4678 2495 4728 in
2525 4689 2627 4747 qua
2649 4678 2707 4731 8.
2742 4676 2896 4730 Pater
2918 4680 3157 4744 praecipit
3182 4680 3249 4733 ali
3274 4681 3377 4747 ιιιίά
3405 4676 3657 4740 ειιιιιιςιιιὶ

2076 4748 2137 4799 de
2167 4746 2479 4824 loquacitate
2495 4746 2720 4824 aliorum
2735 4754 3050 4824 temporum
3071 4767 3085 4814 ;
3110 4746 3553 4824 coulirinaturque
3584 4775 3654 4810 ex

2078 4831 2338 4890 perpetua
2367 4818 2567 4890 ordinis
2597 4820 2747 4885 praxi
2767 4862 2780 4884 ,
2832 4821 2986 4887 cujus
3031 4824 3334 4890 exemplum
3364 4818 3541 4878 Videte
3563 4841 3655 4880 est

2081 4884 2133 4942 in
2165 4889 2277 4941 Vita
2320 4884 2727 4962 Safrodobertt
2766 4884 2973 4943 abbatis
3004 4884 3262 4947 Celleusis
3290 4894 3447 4962 (Sac.
3484 4911 3519 4949 ιι
3548 4895 3656 4951 Be-

2082 4962 2222 5023 ned.,
2265 4974 2317 5035 p.
2366 4956 2511 5035 6.30),
2560 4962 2996 5035 u_bi_quaudoque
3023 4978 3139 5015 cum
3169 4956 3436 5035 discipiuis
3482 4969 3652 5021 collo-

2083 5046 2257 5099 quium
2287 5032 2542 5100 [antitiare
2588 5031 2839 5086 habuisse
2888 5034 3101 5087 dieitur.
3139 5037 3270 5089 llinc
3303 5031 3364 5089 lit
3395 5049 3449 5090 ut
3494 5043 3657 5091 taedio

2070 5117 2176 5154 non
2205 5100 2309 5154 afti
2334 5104 2506 5154 tantur
2538 5106 2807 5169 monachi,
2840 5113 2894 5158 et
2921 5106 3159 5159 Severius
3189 5118 3308 5171 post
3338 5116 3449 5160 haec
3484 5110 3656 5165 silen-

2070 5174 2199 5226 tium
2218 5177 2560 5247 observetur,
2609 5185 2663 5227 ut
2706 5176 2865 5247 docet
2893 5174 2953 5229 8.
2999 5176 3347 5247 liildegardis.
3387 5179 3656 5237 Pertiuie-

2067 5242 2431 5310 sceiiduinque
2459 5256 2541 5297 est
2573 5261 2639 5299 ne
2678 5247 2723 5299 si
2752 5246 2953 5299 diutius
3001 5259 3092 5300 aut
3130 5242 3365 5314 silentio,
3396 5262 3486 5303 aut
3524 5266 3653 5305 ora-

2068 5324 2195 5369 tioni
2226 5327 2515 5388 occupetur
2535 5321 2770 5378 animus.
2800 5318 3012 5372 tandem
3034 5316 3265 5381 deficiat,
3295 5331 3435 5375 Sicut
3462 5338 3654 5388 aiens,

2068 5400 2177 5454 qui,
2219 5399 2345 5455 cuiu
2382 5386 2537 5439 nimis
2567 5398 2654 5439 aut
2687 5388 2890 5444 diutius
2916 5390 3259 5455 diglenditur,
3290 5393 3370 5446 vel
3397 5386 3653 5449 debilitaé

2071 5452 2180 5532 tur,
2217 5458 2300 5510 vel
2326 5452 2603 5527 frangitur.
2641 5458 2751 5532 Nec
2782 5462 2947 5515 refert
2978 5463 3116 5526 quod
3160 5452 3357 5531 Regula
3415 5479 3532 5532 cap.
3574 5468 3653 5520 42

2064 5529 2219 5597 jubet
2241 5534 2384 5580 omni
2410 5540 2648 5594 tempore
2674 5530 2891 5587 silentio
2918 5533 3135 5587 studere
3163 5529 3453 5589 monachos
3471 5529 3496 5598 ξ
3523 5552 3651 5590 nam

2071 5602 2294 5652 multum
2323 5600 2572 5672 diil'erunt
2600 5614 2800 5671 semper
2841 5603 3010 5668 κλωπ-ε,
3055 5615 3111 5659 et
3139 5608 3275 5659 omni
3322 5616 3543 5672 tempore
3570 5612 3657 5661 si-

2070 5673 2221 5724 temio
2252 5669 2493 5735 studere;
2542 5669 2756 5738 semper
2787 5677 2943 5731 silere
2972 5686 3052 5731 est
3082 5690 3346 5747 utinquam
3384 5669 3557 5747 loqui,
3598 5692 3655 5736 at

468 5822 497 5854 ³⁸
538 5819 659 5875 11αέ
696 5826 836 5896 signa
868 5824 1016 5878 habes
1047 5826 1095 5878 iii
1130 5828 1256 5881 libro
1289 5844 1316 5881 ι’
1346 5828 1406 5881 de
1446 5827 1672 5899 Antiquis
1710 5824 1850 5883 lion.
1884 5829 2064 5884 ritibus
2086 5870 2102 5898 ,
2134 5844 2179 5881 τ.
2228 5825 2309 5882 18.
