3952 6182
204 315 305 369 δδι

1264 312 1531 367 iiEGllL.\
1573 311 2061 365 COMMENTATA.
2101 310 2249 367 CAP.
2296 313 2381 367 V'l.

3342 312 3450 368 53?.

204 443 332 484 vero
363 434 538 498 potest
564 427 752 497 aliquis
780 427 939 482 etiam
985 425 1249 498 loquendo
1293 425 1765 498 silentiostudere,
1799 435 1848 490 Α
1873 426 2064 498 quibus
2093 424 2217 479 dum
2248 429 2316 481 ad
2352 436 2631 498 utramque
2683 428 2896 481 missoin
2927 425 3166 492 oﬂ‘ertur,
3196 425 3320 480 dum
3350 442 3447 493 pax

206 510 331 569 puta
356 496 659 554 necessaria
680 498 935 552 duntaxat
967 496 1307 569 proferendo,
1332 498 1499 569 idque
1516 496 1767 552 breviter.

204 566 258 624 et
308 571 579 623 submissa
610 584 741 624 voce
790 586 804 621 :
848 570 1091 636 quamvis
1136 567 1433 630 laudemus,
1488 566 1776 635 beatosque

207 642 564 709 pnedicetnus
595 655 687 694 eos
726 640 813 707 qui
846 648 1066 706 possant
1094 639 1371 707 valentque
1415 640 1486 691 ita
1522 649 1774 705 perpetuo

206 713 385 773 silere,
415 728 463 764 u:
500 712 643 763 nullo
676 712 957 762 hominum
978 709 1253 763 consortio
1278 709 1580 774 indigeant;
1613 718 1774 774 atque

207 793 259 834 ut
289 785 392 835 hoc
424 782 579 835 nobis
624 781 904 850 aliquando
946 779 1142 833 donum
1192 780 1329 833 Deus
1374 784 1654 844 concedat,
1684 782 1777 833 nb-

206 854 324 907 nixe
344 853 715 917 deprecamur.

274 923 556 988 Tertium,
614 937 679 975 ex
729 922 935 976 abbatis
966 920 1198 988 pendere
1248 922 1469 975 arbitrio
1506 920 1778 987 assignare

209 995 344 1055 dies,
382 998 567 1056 horas,
602 1003 807 1059 tempus
829 1006 923 1044 seu
952 990 1207 1059 spatium,
1230 991 1426 1059 locum,
1459 990 1779 1058 modumque

208 1064 482 1129 colloquii.
516 1063 827 1117 Communis
857 1072 1031 1115 tamen
1064 1063 1265 1115 ordinis
1293 1078 1420 1116 usus
1442 1061 1689 1118 obtinuit.
1723 1072 1781 1114 ut

208 1149 311 1189 non
352 1136 455 1187 nisi
484 1135 701 1203 privatis
741 1133 928 1185 diebus
958 1133 1122 1203 abbas
1150 1132 1474 1201 colloquium
1508 1132 1780 1199 permitte-

207 1216 305 1263 ret,
324 1204 614 1258 dominicis
640 1205 894 1272 festisque
939 1202 1126 1256 diebus
1157 1202 1440 1257 duodecim
1492 1204 1777 1258 lectionum

208 1279 467 1330 continuo
495 1276 711 1329 silentio
738 1274 1082 1327 consecratis.
1117 1274 1179 1325 Et
1208 1284 1354 1326 certe
1384 1273 1523 1327 inter
1550 1275 1782 1342 quinque

208 1346 437 1412 capitula
486 1362 603 1413 qua:
649 1346 878 1408 receptis
907 1343 1115 1398 concilii
1171 1345 1487 1412 Aquisgran.
1536 1343 1783 1404 capitulis

208 1418 528 1470 addiderunt
555 1415 954 1469 Centuriatores
1012 1413 1180 1481 (Tom.
1234 1414 1271 1467 ll
1320 1413 1538 1484 Capitul.
1573 1413 1779 1475 Butam,

244 1525 260 1540 .
294 1488 459 1556 1092)
480 1528 495 1549 ,
526 1499 769 1555 quartum
800 1486 867 1538 ita
900 1486 1125 1538 habetur
1158 1504 1170 1538 :
1218 1504 1236 1535 ι
1277 1484 1345 1539 Ut
1375 1486 1425 1538 in
1456 1485 1782 1538 hebdomada

244 1525 260 1540 ο
294 1507 459 1556 ιυυΖ)
480 1528 495 1549 ,
526 1507 769 1555 quartum
800 1507 867 1538 lla
900 1507 1125 1538 llilUUllll'
1158 1507 1170 1538 ξ
1218 1507 1236 1535 1
1279 1507 1345 1539 υι
1375 1507 1425 1538 III
1456 1507 1782 1538 ΙΙΒΗυυΙΙΙἎυὶΙ

210 1507 431 1612 βηςοιμι
456 1560 508 1611 in
547 1563 780 1611 claustro
821 1570 923 1609 non
958 1556 1263 1623 loquantur,
1293 1556 1384 1609 sed
1418 1556 1578 1610 lectio
1605 1557 1782 1608 divina

211 1629 277 1682 ab
306 1629 560 1681 omnibus
591 1636 837 1681 teneatur
866 1667 881 1685 ,
911 1627 1157 1681 similiter
1187 1628 1237 1678 in
1271 1626 1602 1680 hebdomada
1648 1625 1783 1680 Pen—

213 1710 468 1762 toeostes,
502 1707 553 1753 et
587 1700 636 1751 in
664 1699 910 1750 omnibus
950 1696 1137 1750 diebus
1164 1697 1465 1763 dominicis,
1490 1712 1583 1751 seu
1610 1698 1659 1750 in
1686 1699 1786 1750 ba-

212 1770 298 1824 tali
336 1771 569 1833 Domini,
602 1779 653 1823 et
684 1769 735 1821 in
767 1768 1013 1821 omnibus
1067 1769 1159 1821 SS.
1216 1767 1365 1821 festis
1416 1768 1716 1835 praecipuis.
1757 1786 1775 1819 ι

212 1842 477 1896 Similiter
501 1841 731 1906 antiquae
759 1836 1183 1892 consuetudines
1219 1837 1313 1892 SS.
1347 1839 1560 1906 Benigni
1610 1837 1783 1890 Divin-

213 1912 394 1965 nensis
422 1908 577 1977 (Cap.
610 1913 737 1976 (ii):
777 1929 794 1960 ι
827 1910 924 1962 Per
949 1921 1070 1962 octo
1100 1909 1213 1962 dies
1253 1909 1487 1975 l’aschae,
1518 1919 1574 1963 et
1600 1908 1784 1962 Pente-

213 1994 410 2043 c05tes,
443 1991 497 2034 et
522 1982 717 2034 Natalis
745 1980 971 2044 Domini,
1005 1991 1056 2032 et
1088 1980 1136 2032 in
1162 1979 1538 2047 Rogationihus
1568 2021 1584 2044 ,
1632 1991 1687 2033 et
1733 1982 1785 2032 in

214 2054 358 2107 Omni
388 2052 648 2115 secunda,
680 2060 888 2116 quarta,
920 2061 971 2103 et
997 2059 1142 2104 sexta
1177 2050 1307 2103 feria
1336 2049 1787 2119 Quadragesima),

214 2134 262 2177 et
288 2123 342 2175 in
370 2123 621 2175 omnibus
648 2121 711 2174 l2
736 2121 1224 2183 lectionibus,nulla
1252 2120 1308 2173 lit
1340 2121 1535 2174 locutio
1568 2126 1617 2173 in
1638 2124 1786 2173 clau-

213 2202 340 2247 stro.
378 2211 398 2243 ι
440 2193 573 2259 Qu:e
614 2192 831 2246 tetidem
877 2192 1056 2245 verbis
1100 2201 1309 2245 exstant
1354 2191 1405 2245 in
1457 2191 1618 2245 veteri
1654 2191 1785 2244 Cor-

214 2264 415 2319 beiensi
430 2264 713 2317 Ordinario
726 2278 850 2324 ms.,
867 2262 1055 2330 quibus
1067 2261 1298 2315 concinit
1312 2262 1443 2316 liber
1458 2261 1655 2316 Usuum
1673 2263 1792 2316 Bec-

212 2350 480 2399 censutm,
510 2336 767 2402 loquelam
801 2335 853 2386 in
879 2337 1114 2385 claustro
1147 2334 1364 2397 privatis
1392 2334 1649 2402 duntaxat
1677 2333 1790 2385 dte-

215 2407 310 2460 bus
341 2401 642 2472 indulgens.
690 2406 915 2458 Ecoutra
944 2406 1146 2457 Statuta
1174 2403 1425 2469 Guigonis
1466 2401 1551 2471 (ϐ.
1571 2405 1621 2466 ’7,
1654 2420 1708 2455 n.
1734 2402 1789 2469 Si)

214 2476 498 2529 dominicis
526 2476 848 2539 colloquium
881 2488 993 2540 puSt
1024 2488 1215 2527 nonam
1242 2482 1569 2540 permutunt;
1599 2472 1789 2541 quibus

216 2545 429 2614 antiqua
462 2546 918 2600 Carthusiensimn
951 2555 1143 2598 statuta
1190 2544 1445 2612 adjiciunt
1473 2543 1606 2597 festa
1639 2557 1788 2612 ωρι-

218 2618 340 2679 tuli;
374 2620 472 2671 sed
506 2618 556 2669 itt
608 2617 748 2669 Nova
794 2616 1121 2670 Statuturnm
1152 2614 1483 2670 ColieCIiune
1512 2614 1791 2682 excipiun-

218 2698 299 2740 tur
325 2689 610 2749 Nativitas,
643 2686 803 2740 C(Blta
851 2685 1078 2750 Domini,
1110 2684 1330 2748 Pascha,
1362 2695 1417 2738 et
1449 2684 1790 2738 Pentecostcs

219 2774 334 2811 eum
367 2759 521 2811 iesds
544 2758 680 2811 intra
714 2758 1094 2810 hebdomadam
1142 2757 1193 2807 in
1221 2755 1630 2824 Quadragcsima
1661 2770 1790 2809 cnn-

222 2827 595 2895 tingentibus:
655 2838 908 2895 prmterea
963 2825 1188 2897 singulis
1232 2827 1544 2897 septimanis
1592 2828 1789 2896 spatia-

221 2910 454 2954 Inentunt
488 2900 809 2953 concedunt.

290 2970 486 3023 Horam
512 2970 775 3037 duplit-em
807 2969 859 3022 in
887 2967 975 3021 d'c
1005 2966 1070 3020 ad
1105 2966 1427 3038 colloquium
1459 2965 1786 3036 designatam

222 3052 333 3094 esse
361 3040 502 3106 apud
531 3042 902 3093 Cluttiacenses
934 3038 1186 3092 discimus
1214 3037 1278 3092 ex
1322 3037 1568 3093 Uldarico
1589 3077 1604 3100 ,
1653 3040 1791 3092 scili-

222 3122 305 3163 cet
332 3120 520 3165 mstate
543 3119 662 3179 post
691 3110 980 3178 capitulum
1009 3118 1063 3161 et
1086 3124 1277 3162 nonam
1302 3126 1317 3172 ;
1350 3110 1525 3162 hieme
1557 3119 1675 3175 post
1697 3123 1787 3162 ca-

1873 495 2028 567 datur
2050 506 2104 550 et
2128 499 2399 565 accipitur,
2432 495 2625 552 dumin
2655 500 2885 567 capitulo
2909 498 2975 552 de
3005 513 3110 550 uno
3161 506 3251 549 aut
3280 498 3451 553 altero

1876 566 1976 620 hoc
2001 577 2056 621 et
2085 567 2211 621 illud
2235 571 2574 623 reclamatur.
2609 566 2733 622 dum
2761 571 2920 622 tantis
2952 570 3004 621 in
3028 570 3307 623 refcc'orio
3330 583 3445 622 ser-

1876 643 2032 699 vitur,
2070 654 2170 690 non
2199 640 2411 692 minima
2439 654 2561 708 pars
2582 640 2901 707 expenditur
2925 640 3026 693 (Ιίνί
3053 655 3067 703 ;
3117 656 3234 707 qua:
3275 648 3448 693 tamen

1880 707 2084 777 singula
2111 751 2125 771 ,
2158 708 2343 763 ordine
2378 707 2558 762 uoStro
2580 712 2728 763 salvo
2759 719 2811 762 et
2864 710 3069 777 integro
3098 749 3111 770 ,
3173 723 3451 764 remanere

1879 791 1984 831 non
2010 790 2247 844 possunt;
2272 791 2486 850 propter
2513 782 2654 849 quod
2691 785 2720 832 h
2748 795 2818 832 ira
2870 780 3116 848 loquendi
3148 784 3451 836 necessario

1879 851 2045 917 magis
2067 861 2147 904 est
2176 851 2380 915 brevis;
2409 861 2462 904 et
2483 867 2523 904 si
2551 852 2725 905 minus
2755 852 3135 919 aliquantulum
3163 851 3447 915 loquimur,

1881 921 1931 972 in
1958 925 2055 974 hoc
2084 922 2287 975 ordinis
2334 921 2547 989 quidem
2580 935 2734 975 nemo
2757 923 2926 975 sensit
2948 922 3109 973 ulltitn
3136 935 3254 974 esse
3281 922 3448 974 detri-

1881 1000 2132 1062 mentum.
2167 1010 2187 1042 ›
2223 992 2354 1046 Cum
2379 1008 2508 1062 ergo
2537 992 2709 1045 nullus
2734 993 2926 1046 existat
2952 993 3036 1057 qui
3066 993 3198 1043 intra
3226 993 3452 1046 mediam

1882 1060 2065 1115 horam
2093 1060 2576 1123 privatamtnissatn
2593 1072 2809 1116 cantare
2839 1062 2973 1114 baud
2989 1072 3165 1130 queat,
3191 1063 3324 1113 ultra
3356 1065 3455 1115 hoc

1883 1134 2136 1199 temporis
2183 1138 2407 1197 spatium
2431 1178 2445 1195 ,
2501 1134 2641 1201 quod
2668 1143 2847 1192 postea
2877 1135 3037 1186 etiam
3089 1133 3453 1185 abbreviation

1882 1214 1983 1265 est,
2005 1204 2169 1272 prima
2196 1205 2474 1258 loeutionis
2494 1206 2617 1256 hora
2643 1220 2746 1257 non
2777 1202 3178 1256 attendebatth
3213 1202 3456 1257 Secunda

1884 1276 2043 1326 etiam
2074 1289 2142 1327 ex
2166 1277 2353 1329 eodem
2381 1275 2625 1328 lldalrico
2657 1277 2815 1342 longe
2837 1273 3049 1327 brevior
3079 1284 3191 1325 erat
3227 1291 3236 1323 :
3279 1274 3455 1326 tNona

1886 1353 2061 1398 autem
2086 1385 2103 1410 ,
2136 1346 2305 1415 inquit
2332 1344 2572 1416 (Ibidem)
2596 1385 2612 1409 ,
2638 1348 2701 1398 ad
2735 1361 2893 1414 quam
2928 1352 3052 1397 sunt
3088 1358 3146 1416 se
3190 1342 3411 1416 levatnri
3440 1388 3454 1410 ,

1886 1416 2019 1468 adeo
2050 1414 2353 1483 tarda’erit,
2380 1425 2435 1469 ut
2492 1426 2767 1485 postquam
2802 1417 2854 1468 in
2890 1415 3173 1467 refectorio
3204 1414 3455 1477 biberint,

1887 1496 1938 1538 et
1967 1487 2155 1540 iterum
2188 1487 2432 1554 loquendi
2476 1488 2741 1541 licentiam
2773 1487 3076 1549 habuerint,
3110 1486 3354 1538 eamdem
3385 1485 3461 1537 lo-

1887 1556 2079 1621 quendi
2116 1558 2320 1625 horam,
2359 1568 2413 1611 et
2441 1558 2538 1610 hoc
2564 1559 2900 1611 intervallum
2921 1565 3044 1610 ante
3068 1570 3319 1622 vesperas
3352 1571 3457 1609 non

1889 1626 2155 1681 immerito
2186 1630 2357 1695 potius
2378 1630 2604 1682 dixerim
2634 1629 2836 1681 nullum
2883 1642 3039 1694 quam
3072 1642 3290 1694 parvum
3320 1645 3330 1677 :
3363 1641 3462 1678 sa:-

1891 1701 2007 1767 pius
2037 1708 2211 1751 autem
2245 1702 2548 1766 priusquam
2565 1714 2751 1752 omnes
2782 1702 2832 1751 in
2865 1698 3096 1750 claustro
3128 1697 3461 1759 consideant,

1892 1780 1945 1823 et
1970 1768 2160 1835 aliquis
2194 1772 2415 1823 fratrum
2440 1770 2525 1824 vel
2561 1785 2722 1823 unum
2752 1768 2972 1823 verbum
3017 1768 3197 1830 faciat,
3223 1769 3463 1835 puISatnr

1889 1842 2095 1907 signum
2127 1840 2191 1893 ad
2218 1855 2469 1909 vesperas
2500 1883 2512 1897 .
2562 1850 2615 1894 et
2673 1854 2798 1894 ecce
2848 1838 3095 1906 loquendi
3150 1839 3288 1890 ﬁnis.
3331 1857 3348 1888 ι
3386 1839 3467 1909 (Et

1890 1912 2014 1963 alibi
2044 1909 2181 1980 (Lib.
2217 1926 2256 1973 ι,
2287 1908 2400 1982 cap.
2428 1912 2539 1982 40)_
2572 1911 2637 1965 de
2660 1911 2846 1963 eadem
2882 1909 3178 1982 locutione,
3208 1925 3335 1982 cum
3372 1908 3461 1982 tie:

1892 1990 1973 2035 ret
1996 1992 2111 2048 post
2139 1979 2381 2035 sextam:
2441 2001 2461 2033 ι
2499 1980 2613 2035 Non
2643 1982 2812 2035 solum
2862 1992 2979 2047 post
3019 1981 3332 2046 eapitulum,
3367 1979 3456 2032 set'

1889 2053 2051 2106 etiam
2100 2062 2215 2119 post
2264 2063 2467 2107 sextam
2519 2053 2776 2106 habemus
2851 2051 3097 2118 loquendi
3154 2051 3460 2108 liet-ntiam.

1889 2137 2188 2192 quanquam
2222 2124 2347 2177 illud
2392 2125 2617 2191 spatium
2665 2123 2828 2176 soleat
2885 2136 3005 2174 esse
3055 2122 3466 2185 brevissimum;

1891 2209 2010 2247 nam
2038 2209 2140 2246 non
2172 2196 2398 2263 amplius
2428 2195 2529 2247 erit
2550 2208 2706 2261 quam
2740 2204 2796 2245 ut
2818 2192 3067 2247 sacerdos
3097 2203 3151 2244 et
3191 2193 3370 2245 caeteri
3401 2195 3465 2245 ad

1892 2266 2147 2332 majorem
2180 2262 2393 2319 miSsam
2422 2264 2674 2319 servituri
2706 2264 2885 2318 lavent
2927 2277 3135 2328 manus,
3174 2272 3226 2315 et
3271 2262 3377 2316 sint
3408 2278 3466 2319 se

1890 2335 1957 2388 ad
1989 2334 2313 2388 induendum
2336 2337 2523 2405 parati.
2561 2354 2579 2385 ι

1969 2407 2123 2477 185
2154 2404 2540 2460 CiSIercienses
2563 2421 2623 2458 ex
2649 2405 2849 2477 Jacobo
2864 2404 2931 2457 de
2952 2404 3191 2477 yitriaco
3207 2404 3464 2477 integram

1892 2478 1942 2527 in
1970 2474 2236 2539 (animum
2265 2480 2446 2530 horam
2481 2475 2854 2529 insumebant:
2894 2492 2913 2526 t
2944 2474 3246 2538 Silentium,
3300 2475 3470 2543 inquit

1890 2546 2025 2612 (Lib.
2051 2561 2085 2600 tt
2122 2547 2317 2599 llislor.
2358 2546 2533 2599 Occid.
2566 2562 2677 2613 cap.
2713 2544 2824 2615 14),
2864 2561 2959 2611 per
2988 2554 3148 2597 totam
3185 2546 3293 2598 fere
3324 2546 3464 2599 diem

1888 2619 2258 2680 observantes,
2290 2622 2487 2671 mutuis
2534 2616 2977 2670 eollocutionibus
3007 2624 3061 2669 et
3090 2615 3469 2671 collationibus

1890 2701 2048 2741 unam
2070 2688 2168 2741 sibi
2196 2688 2377 2741 horam
2405 2696 2700 2748 reservant,
2734 2687 2961 2741 invicem
3002 2687 3367 2750 consolantes,
3412 2696 3468 2741 et

1892 2760 2119 2812 invicem
2168 2759 2517 2811 instruentes.
2556 2776 2573 2808 ι
2623 2756 2772 2821 Quod
2827 2759 2896 2809 ita
2949 2756 3177 2825 explicat
3229 2758 3472 2811 Julianus

1895 2829 2119 2883 Varnier
2151 2828 2252 2896 (De
2276 2831 2395 2884 Ant.
2432 2828 2593 2881 Praxi
2619 2828 2800 2899 Regni.
2828 2827 2887 2883 S.
2925 2825 3013 2892 B.,
3047 2842 3162 2895 cap.
3211 2827 3318 2893 l6),
3365 2843 3473 2881 non

1888 2900 2040 2968 quasi
2068 2900 2289 2968 singulis
2318 2900 2508 2953 diebus
2537 2914 2691 2952 unam
2727 2899 2912 2951 horam
2942 2900 3007 2950 ad
3040 2909 3274 2951 mutuam
3302 2900 3469 2955 collo-

1891 2971 2158 3024 cutionem
2190 2982 2527 3024 reservarem
2556 2988 2568 3031 ;
2603 2970 2695 3022 sed
2726 2970 2889 3037 quod,
2924 2984 3044 3023 cum
3091 2969 3254 3022 abbas
3286 2970 3469 3024 fratri—

1890 3040 1992 3094 bus
2039 3042 2285 3104 l0quendi
2325 3041 2589 3095 licentiam
2633 3040 2969 3110 indulgeret,
3003 3039 3262 3109 integram
3313 3040 3363 3092 in
3422 3042 3471 3094 id

1887 3113 2130 3166 exercitii
2177 3113 2362 3165 horam
2393 3111 2781 3181 impenderent.
2806 3114 2867 3163 Et
2896 3111 2963 3163 de
2989 3110 3087 3163 hac
3124 3114 3250 3181 hora
3276 3111 3473 3164 intelli-

225 3181 444 3255 [titulum
487 3191 548 3255 et
590 3192 813 3255 sextam.
847 3181 986 3255 idem
1040 3181 1252 3255 videte
1275 3190 1355 3232 est
1396 3180 1444 3230 in
1476 3180 1707 3255 antiquis
1728 3180 1784 3255 ξ.
1815 3193 1861 3255 ο
1891 3183 2095 3255 genitus
2119 3181 2177 3255 S.
2210 3180 2527 3255 Bernardu’s,
2561 3182 2645 3255 ubi
2686 3181 2972 3255 superbum
3004 3180 3332 3255 monachum
3364 3182 3471 3255 dc-

225 3250 441 3318 Benigni
489 3250 825 3304 Divionensis
854 3250 1337 3305 Consuetudinibus
1360 3291 1375 3315 ,
1406 3258 1461 3303 et
1506 3249 1789 3304 Ordinario

221 3322 526 3392 Gorbciensi
544 3325 757 3390 passim.
771 3322 926 3392 184,
942 3322 1300 3376 Atsecundam
1326 3331 1503 3389 postea
1526 3322 1792 3392 subtraxit

226 3390 413 3446 Petrus
448 3390 807 3452 Venerabilis:
828 3390 972 3446 édito
1003 3402 1220 3455 statuto,
1257 3409 1277 3443 ς
1314 3400 1370 3445 ut
1396 3392 1461 3443 de
1493 3391 1701 3444 usitatis
1731 3391 1787 3446 in

224 3462 456 3516 claustro
483 3464 622 3516 binis
652 3463 1001 3517 locutionibus
1029 3462 1261 3516 secunda
1302 3463 1446 3515 omni
1480 3463 1639 3515 totius
1666 3463 1789 3516 anni

227 3545 464 3600 tempore
490 3533 849 3587 subtrahatur.
885 3553 903 3584 ι
942 3534 1075 3587 Usus
1107 3533 1423 3596 Beccenses,
1452 3533 1625 3585 habita
1651 3540 1790 3585 tem-

229 3618 409 3669 porum
441 3605 669 3670 ratione,
700 3609 881 3657 volunt
910 3614 966 3657 ut
1001 3622 1018 3654 ι
1048 3603 1306 3657 Omnibus
1337 3603 1553 3671 privatis
1577 3604 1784 3669 diebus,

227 3675 415 3738 quibus
448 3682 565 3738 post
589 3675 874 3742 capitulum
902 3676 1058 3728 tertia
1107 3673 1303 3727 dicitur
1330 3716 1342 3734 ,
1371 3676 1533 3726 semel
1564 3682 1786 3735 tantum,

229 3745 277 3795 id
303 3759 379 3797 est
411 3757 529 3811 post
550 3745 837 3812 capitulum
888 3747 1171 3814 loquantur
1212 3743 1263 3796 in
1296 3746 1557 3806 claustro,
1592 3744 1691 3796 nisi
1721 3745 1790 3797 ab

227 3817 428 3867 octavis
459 3815 675 3869 Pascha:
699 3831 863 3885 usque
890 3818 954 3868 ad
988 3816 1105 3868 idus
1135 3814 1486 3881 Septembris,
1520 3829 1626 3882 quo
1651 3823 1788 3867 tem-

228 3898 358 3952 pore
389 3887 610 3954 privatis
641 3885 828 3939 diebus
859 3896 977 3952 post
1007 3899 1199 3937 nonam
1238 3886 1521 3952 loquuntur
1547 3886 1601 3939 in
1647 3887 1790 3938 clau-

228 3964 357 4008 stro.
388 3957 611 4022 Quando
636 3972 760 4009 vero
806 3958 958 4009 tertia
989 3964 1112 4009 ante
1137 3957 1426 4024 capitulum
1455 3956 1676 4018 dicitur,
1708 3957 1789 4009 bis

230 4026 278 4095 in
294 4028 525 4080 claustro
544 4029 845 4095 loquuntur,
864 4037 978 4092 post
1005 4028 1290 4094 capitulum
1309 4036 1361 4078 «ιι
1386 4038 1502 4094 post
1524 4035 1746 4079 sextam.
1762 4045 1785 4078 ι

228 4094 283 4149 In
302 4094 621 4165 quihusdam
642 4112 770 4151 vero
798 4098 999 4167 Angliat
1044 4097 1379 4151 monasteriis
1410 4101 1534 4148 hora
1562 4097 1627 4150 ad
1680 4101 1790 4150 col-

231 4167 460 4231 loquium
484 4179 615 4221 stata
647 4176 759 4221 erat
790 4179 905 4236 post
934 4169 1238 4231 prandium;
1265 4168 1355 4220 sed
1389 4186 1406 4217 t
1433 4182 1552 4219 cum
1574 4167 1787 4235 quidam

230 4248 343 4305 post
367 4240 645 4303 prandium
698 4240 972 4305 proniores
1003 4247 1129 4291 sunt
1174 4238 1238 4291 ad
1287 4238 1603 4306 loquendum
1648 4238 1786 4305 quod

229 4324 332 4361 non
357 4310 593 4376 prodest,
628 4325 783 4376 qttam
815 4310 952 4377 quod
982 4308 1206 4363 aediﬁcat
1235 4309 1533 4370 audientes,
1580 4309 1644 4360 ad
1675 4323 1784 4359 am-

229 4379 499 4444 pliandum
529 4381 726 4433 cultum
769 4380 988 4447 justitiae
1013 4419 1025 4441 ,
1061 4378 1223 4447 quiin
1251 4378 1465 4432 silentio
1504 4378 1785 4445 reperi'ur,

228 4458 484 4502 Statntnm
512 4460 613 4513 est,
646 4451 786 4518 qttod
841 4452 1227 4518 parlamentum
1274 4450 1414 4516 quod
1466 4463 1586 4517 poSt
1631 4464 1788 4516 pran—

227 4519 369 4589 dium
401 4521 453 4574 in
484 4523 793 4589 quibusdam
824 4522 1068 4574 claustris
1096 4522 1208 4574 lieri
1259 4521 1552 4583 consuevit,
1583 4518 1787 4586 penitus

228 4588 593 4655 interdicatur,
619 4603 667 4645 et
699 4593 814 4645 loco
843 4591 1005 4657 ipsius
1046 4601 1262 4645 vacetur
1293 4591 1507 4643 uberius
1564 4591 1787 4643 medita-

227 4738 307 4784 tes
334 4732 539 4785 ordinis
572 4734 735 4786 nostri
762 4733 812 4785 in
844 4733 1003 4787 editis
1040 4747 1178 4785 anno
1203 4731 1338 4786 1259
1368 4733 1599 4785 statutis.
1626 4730 1789 4785 Casa-

228 4800 315 4854 lini
341 4802 528 4870 jejunii
558 4804 744 4857 diebus
774 4815 888 4873 post
917 4817 1185 4869 vesperas,
1213 4802 1400 4856 diebus
1429 4802 1634 4873 prandii
1670 4813 1788 4870 post

226 4886 434 4926 canam
460 4872 830 4942 loquebantur.
870 4874 1083 4928 Plurimi
1108 4888 1205 4927 nec
1243 4873 1420 4935 diem,
1472 4886 1571 4925 nec
1601 4872 1785 4925 horam

227 4944 547 5013 assignatam
582 4946 862 5008 habebant,
894 4960 1119 5014 quorum
1150 4958 1235 4998 res
1258 4959 1442 4997 omnes
1471 4959 1537 4996 ex
1565 4960 1668 4997 uno
1692 4944 1784 4997 ab-

226 5014 362 5067 batis
391 5025 521 5067 nutu
552 5016 872 5083 pendebant.

292 5090 505 5151 Quanto
526 5101 648 5139 vero
678 5086 930 5155 temporis
968 5086 1137 5156 spatio
1159 5086 1321 5140 mutui
1366 5084 1612 5154 colloquii
1657 5085 1786 5140 hora

228 5158 644 5221 protraheretnr,
680 5174 783 5211 non
813 5174 912 5211 una
943 5158 1040 5211 fuit
1067 5160 1300 5211 omnium
1331 5161 1788 5209 consoetndonio-

226 5236 604 5281 nasteriorum.
640 5229 711 5281 De
732 5227 1166 5282 Cluniacensibus
1188 5270 1203 5291 ,
1235 5226 1323 5296 qui
1354 5228 1503 5279 binas
1535 5227 1689 5281 indie
1714 5231 1792 5276 to-

227 5299 467 5352 cutiones
523 5298 805 5363 habebant,
856 5300 1147 5353 audiendus
1196 5298 1456 5366 imprimis
1491 5296 1785 5351 Udalricus.

228 5366 302 5421 De
326 5368 493 5435 prima
512 5385 629 5436 qua:
660 5370 818 5423 [iebat
841 5380 958 5437 post
979 5370 1265 5433 capitulum
1296 5370 1373 5423 sic
1402 5368 1616 5421 disserit
1647 5367 1787 5436 (Lib.

230 5454 267 5501 ι,
291 5455 404 5508 cap.
431 5439 524 5507 18)
559 5458 572 5492 :
630 5458 651 5491 ς
692 5440 768 5494 Εο
799 5450 1036 5508 tempore
1062 5456 1166 5508 quo
1194 5442 1415 5505 primum
1438 5440 1502 5491 ad
1526 5450 1791 5494 monaste-

231 5511 365 5562 rium
395 5512 535 5574 veni,
586 5511 837 5564 sacerdos
882 5517 969 5578 qtti
1020 5512 1272 5578 privatam
1325 5511 1539 5562 missam
1576 5522 1792 5563 cantare

230 5582 413 5645 voluit,
450 5582 615 5646 potuit
647 5598 762 5635 eam
801 5582 1009 5636 interitu
1043 5580 1195 5635 finire
1220 5597 1235 5644 ;
1263 5581 1403 5646 quod
1435 5591 1610 5633 tamen
1636 5581 1792 5634 modo

230 5664 349 5705 raro
375 5654 656 5721 eotttingit,
708 5656 826 5721 quia
874 5653 1153 5706 multitudo
1178 5652 1396 5707 fratrum
1438 5654 1737 5716 acervavit;
1765 5668 1795 5705 a

1891 3254 2150 3316 scribens,
2170 3254 2281 3306 haec
2298 3253 2562 3321 babet(ln
2584 3251 2753 3304 Tract.
2782 3253 2845 3304 de
2868 3250 3033 3305 Grad.
3059 3250 3266 3322 humil.,
3288 3266 3332 3304 c.
3357 3251 3467 3322 I4):

1897 3342 1916 3373 ι
1955 3327 2084 3377 Cum
2129 3332 2304 3377 autem
2336 3324 2541 3390 pulsato
2592 3337 2742 3387 Signo
2774 3337 2993 3376 necesse
3024 3333 3107 3375 est
3157 3321 3473 3391 interrumpi

1890 3394 2418 3460 colloquiumJtomm
2434 3394 2635 3463 [angunt
2651 3394 2808 3446 breve
2821 3394 3058 3459 queritur
3073 3391 3431 3463 intervallum.
3449 3412 3467 3444 ι

1893 3465 1985 3518 His
2014 3466 2065 3517 in
2117 3464 2421 3533 colloquiis,
2459 3475 2517 3516 ut
2568 3464 2614 3515 id
2648 3464 2820 3515 Obiter
2844 3466 3149 3525 observem,
3183 3462 3473 3529 aliquando

1888 3550 2068 3588 sermo
2089 3536 2341 3605 agebatur
2395 3535 2461 3587 de
2516 3534 2746 3586 litteris:
2782 3533 2841 3587 Si
2872 3536 2934 3583 dc
2961 3534 3141 3584 litteris
3172 3546 3335 3584 sermo
3361 3550 3475 3586 exo-

1889 3607 2039 3669 ritur,
2059 3606 2229 3675 inquit
2255 3608 2309 3658 S.
2345 3606 2663 3667 Bcruardus,
2691 3614 2853 3657 vetera
2881 3605 3283 3675 proferunturet
3306 3619 3435 3656 nova
3452 3620 3471 3666 ;

1889 3674 2058 3727 volant
2082 3672 2359 3737 sententia,
2374 3677 2519 3729 verba
2542 3686 2779 3727 resonant
2808 3673 3095 3741 ampullam
3122 3688 3139 3735 ;
3180 3672 3469 3740 aliquando

1889 3746 1958 3800 de
1979 3746 2236 3814 religione
2264 3762 2278 3795 :
2314 3746 2463 3812 Quod
2506 3748 2551 3798 si
2585 3747 2648 3798 de
2675 3746 2920 3815 religione
2960 3748 3168 3815 agitur,
3199 3744 3371 3796 statim
3397 3747 3473 3797 vi—

1887 3818 2052 3869 siones
2073 3827 2119 3869 et
2132 3817 2327 3869 somnia
2340 3820 2686 3885 proferuntur,
2706 3814 2886 3869 deinde
2903 3816 3081 3867 laudat
3095 3814 3315 3885 jejunio,
3339 3824 3470 3879 etc;;

1888 3887 2171 3955 aliquando
2198 3888 2264 3939 de
2292 3889 2449 3940 rebus
2474 3887 2673 3953 jociisis
2703 3904 2713 3938 :
2742 3886 2801 3941 Si
2824 3888 2891 3939 ad
2923 3886 3126 3937 lildiﬂ'a
3154 3900 3319 3938 sermo
3347 3902 3470 3941 can-

1886 3960 2112 4017 vertitur,
2154 3959 2206 4011 in
2234 3958 2312 4010 his
2344 3968 2531 4025 quanto
2557 3968 2823 4020 assuetior,
2854 3966 2995 4008 tanta
3025 3956 3292 4025 loquacior
3334 3960 3471 4011 inre-

1888 4030 2046 4083 nitur.
2083 4030 2157 4081 Ex
2179 4029 2300 4080 hinc
2314 4028 2848 4096 coiligeshujusmodi
2878 4028 3139 4095 colloquia
3168 4042 3271 4080 non
3300 4027 3470 4083 fuisse

1888 4102 2208 4156 communia.
2244 4098 2343 4152 hoc
2371 4110 2449 4153 est
2477 4100 2723 4153 omnibus
2754 4099 2909 4151 simul
2942 4099 2992 4151 in
3034 4112 3196 4151 unum
3227 4102 3474 4153 coeunti-

1887 4170 2002 4231 bus,
2040 4176 2132 4224 sed
2184 4170 2321 4224 inter
2349 4185 2406 4222 se
2449 4169 2512 4221 ad
2559 4169 2826 4237 proprium
2865 4168 3073 4223 libitum
3106 4167 3290 4222 divisis
3318 4212 3333 4235 ,
3380 4180 3472 4225 aut

1885 4244 1951 4292 ad
1980 4252 2164 4294 nutum
2196 4240 2437 4300 abbatis;
2466 4240 2699 4308 alioquin
2725 4239 2779 4294 S.
2804 4241 3125 4298 Bernartius,
3161 4239 3250 4308 qui
3285 4239 3472 4297 fuisset

1889 4327 2124 4377 presens
2155 4352 2169 4374 ,
2219 4313 2262 4364 si
2288 4311 2590 4364 communia
2636 4311 2997 4377 exstitissent,
3032 4309 3232 4363 ludicra
3269 4325 3472 4380 nequa-

1885 4397 2045 4451 quam
2105 4396 2290 4449 passus
2337 4381 2543 4434 fuisset.
2594 4384 2762 4447 Quam
2795 4385 3101 4449 lrequenter
3146 4390 3328 4451 autem
3379 4384 3471 4437 illa

1890 4450 2015 4504 hora
2045 4459 2351 4506 occurreret
2382 4466 2477 4503 nos
2500 4452 2665 4505 latet:
2718 4452 3151 4505 sanctimoniales
3171 4450 3475 4507 Strictioris

1890 4523 2250 4576 Observantim
2296 4521 2499 4576 ordinis
2552 4521 2921 4575 Cisterciensis
2954 4521 3021 4591 in
3078 4522 3326 4588 Hispania
3376 4522 3473 4591 (In

1816 4565 1870 4624 1)
1892 4565 2250 4646 ἑὸἦζὶιὶῗὲἷὲ
2264 4565 2348 4645 cii
2361 4565 2591 4661 ἶς’ὶὲῖιυᾶ
2600 4565 2920 4657 ’ἱὶἓὶιῖἑᾶῗὲὶῖ
2938 4565 3347 4659 [ξίίξξε“ὀὲὲιῖζ”ᾗ.
3377 4565 3475 4663 iis}

228 4660 457 4713 tionibus
510 4674 561 4715 et
597 4664 906 4716 lectionibus
939 4661 1258 4730 repetendis,
1299 4681 1317 4711 ι
1364 4663 1605 4727 inquiunt
1626 4660 1787 4715 abba-
1826 4669 1836 4680 '

1891 4665 2055 4719 semel
2095 4666 2145 4716 in
2180 4662 2509 4716 hebdomada
2538 4674 2683 4716 extra
2713 4663 3008 4719 Adventum
3039 4671 3130 4715 aut
3157 4662 3474 4730 Quadragc~

1892 4735 2290 4803 simamjuuctze
2318 4734 2701 4787 recreationem
2727 4734 2925 4788 habent
2955 4742 3078 4786 ante
3110 4734 3191 4785 vel
3235 4743 3357 4800 post
3384 4749 3472 4789 ve-

1890 4819 2077 4871 speras
2099 4803 2163 4857 ad
2195 4815 2379 4858 nutum
2418 4803 2739 4868 abbatissae;
2768 4804 3058 4858 dummodo
3088 4803 3203 4856 dies
3235 4804 3326 4857 ille
3363 4821 3470 4860 non

1893 4880 1962 4929 sit
1992 4876 2399 4929 communionis.
2447 4875 2702 4928 Similiter
2742 4874 2794 4927 in
2856 4874 3087 4942 antiquis
3136 4873 3469 4931 Fulieusiuni

1890 4946 2390 5004 constitutionibus.
2424 4960 2541 5013 cap.
2572 4950 2604 4999 6
2636 4961 2650 4998 :
2689 4963 2707 4995 t
2747 4945 2922 5000 Semel
2950 4952 3153 4998 tantum
3188 4944 3240 4999 in
3269 4944 3474 5001 hebdo-

1895 5019 2048 5071 mada
2082 5018 2167 5069 die
2193 5020 2326 5070 ieSIo
2366 5016 2619 5070 fratribus
2663 5016 2878 5083 aliquod
2909 5032 2972 5068 ex
3027 5016 3108 5069 bis
3133 5016 3426 5073 intervallis
3454 5059 3469 5084 ,

1893 5088 2085 5157 quibus
2111 5088 2301 5139 absunt
2331 5105 2357 5138 a
2381 5088 2567 5150 cboro,
2593 5088 2682 5156 pio
2703 5096 2756 5140 et
2773 5086 3021 5157 religioso
3050 5086 3316 5156 colloquio
3342 5102 3475 5142 con-

1893 5174 2103 5214 sumere
2135 5178 2153 5209 ι
2202 5157 2521 5226 permittitur
2548 5165 2584 5210 '.

1965 5230 2105 5283 ldein
2160 5228 2271 5282 fere
2319 5230 2524 5296 vigebat
2576 5228 2711 5292 apud
2760 5227 3002 5298 insignes
3053 5228 3174 5283 illos
3220 5228 3474 5284 eremitas

1896 5302 2207 5370 quibuscum
2261 5300 2474 5353 vivebat
2502 5300 2559 5355 S.
2599 5300 2901 5370 Dmninicus
2927 5299 3222 5370 Loricatus.
3272 5298 3335 5353 lli
3389 5302 3473 5370 ni-

1896 5368 2107 5434 mirum,
2130 5378 2265 5424 teste
2295 5370 2450 5423 Petro
2471 5370 2704 5423 Damiani
2731 5368 2819 5436 (In
2862 5368 2962 5421 Vit.
2991 5368 3053 5424 S.
3081 5369 3288 5423 Domin.
3316 5385 3362 5421 c.
3387 5369 3467 5437 6),

1904 5460 1923 5493 ι
1964 5442 2215 5497 tenebant
2240 5457 2332 5508 per
2360 5451 2524 5495 totam
2554 5439 2941 5495 hebdomadam
2967 5440 3215 5495 districta
3239 5456 3467 5495 censura

1899 5513 2190 5571 silentium,
2229 5513 2368 5578 quod
2402 5512 2581 5580 utique
2600 5512 2861 5565 dominica
2888 5510 2975 5563 die
3004 5521 3126 5578 post
3156 5525 3464 5578 vesperum,

1900 5584 2185 5650 cibumque
2225 5583 2491 5635 solventes
2514 5624 2527 5646 ,
2563 5583 2825 5633 habebant
2847 5581 3093 5649 loquendi
3128 5583 3352 5638 invicem
3374 5596 3470 5640 us-

1900 5668 2003 5723 que
2029 5655 2093 5707 ad
2132 5653 2500 5722 eompletionis
2528 5652 2760 5706 oilicium
2802 5652 3120 5707 libertatem.
3158 5666 3179 5703 ι

296 5810 321 5831 ⁹
354 5804 410 5862 in
434 5805 590 5858 editis
623 5818 748 5859 vero
777 5818 865 5857 an.
889 5806 1043 5870 1031,
1074 5806 1287 5878 singulis
1313 5806 1485 5861 diebus
1513 5822 1601 5877 per
1627 5806 1846 5877 spatium
1884 5808 2034 5864 unius
2060 5808 2261 5863 circiter
2290 5810 2428 5864 liora?
2456 5826 2487 5862 a
2516 5811 2773 5883 superiore
2797 5810 3138 5879 assignandw.

503 5897 777 5960 PATROL.
814 5896 1035 5960 LXVI.

2887 5902 2963 5962 12
