3952 6182
457 250 560 304 363

1788 257 1848 315 S.
1888 257 1949 312 P.
1996 254 2345 316 BENEDlCTl

3600 258 3709 315 365

523 362 748 437 Tantam
779 364 1157 435 indulgentiam
1191 366 1302 424 suis
1318 382 1425 423 non
1460 366 1709 423 videnlur
1733 367 2020 423 indulsisse
2051 372 2094 430 Α
2128 365 2486 425 StatutalLib.
2506 381 2561 429 it,
2581 383 2695 437 cap.
2715 367 2769 433 6,
2786 366 2991 422 tam.lV
3006 365 3294 437 Spicil.):t
3316 365 3541 435 Quando
3555 369 3704 437 IOqui

452 430 801 506 (Iassineiises
830 479 845 499 ,
874 430 1096 505 quorum
1145 440 1536 494 Deelarationes
1559 439 1612 491 in
1646 438 1858 506 Regulae
1897 454 2019 505 cap.

450 502 517 558 Gr
559 510 671 558 haec
725 502 961 560 habent:
1027 540 1050 562 ς
1080 510 1160 564 Ad
1209 509 1557 577 eﬂ'ugiendam
1603 502 2026 573 eneri'ationeiii,

460 582 665 650 praelati
703 590 759 636 et
786 578 876 633 alii
925 581 1230 646 superiores
1259 596 1364 634 nun
1404 579 1703 633 concedant
1728 579 1914 632 solatia
1937 591 2029 633 aut

456 652 839 714 recreationes,
865 652 964 704 nisi
988 652 1210 705 alternis
1232 651 1673 719 hebdomadibus,
1702 663 1924 717 excepta
1949 661 2031 704 ta-

458 737 583 775 inen
629 721 1040 786 Quatlraaesima
1070 731 1126 775 et
1162 722 1438 787 Adventu,
1463 720 1657 790 quibus
1702 721 2028 790 temporibus

455 794 719 861 nefasest
746 792 876 847 talia
898 790 1151 861 cogitare,
1185 792 1377 845 nedum
1406 789 1728 860 permittere.
1769 808 1789 842 ι
1838 789 1891 843 lii
1923 790 2029 843 im-

456 860 655 930 pressis
684 869 859 914 tamen
890 876 1031 915 anno
1076 862 1211 915 1642
1244 861 1717 921 Declaratiiniihtis,
1748 875 1845 929 pro
1882 860 2030 914 alter-

455 932 531 984 nis
560 931 985 993 hebdomadibus,
1022 933 1241 986 labetur
1279 932 1494 1003 singulis
1516 930 1945 1003 hebdomadibus;
1973 940 2030 985 et

454 1006 677 1071 insuper
706 1011 811 1055 tam
861 1016 1189 1063 iiovreqnain
1236 1006 1471 1071 antiqua:
1516 1002 1913 1056 Declarationes
1958 1003 2027 1056 ad

452 1085 573 1139 cap.
606 1072 677 1126 48
707 1073 989 1126 hortantur
1008 1075 1336 1141 superiores,
1380 1081 1437 1125 ut
1465 1072 1672 1139 benigni
1702 1072 1811 1126 sint
1846 1072 1911 1125 ad
1936 1087 2028 1125 re-

454 1144 756 1195 creationes
780 1142 1049 1206 fratribus,
1075 1143 1336 1209 prazcipue
1351 1142 1777 1197 solemnitatibus
1798 1141 2028 1205 duplici-

455 1212 720 1280 bus,qu:n
742 1228 845 1266 non
884 1223 1172 1268 occurrunt
1221 1216 1274 1268 iit
1302 1214 1545 1269 Adventu
1584 1222 1677 1267 aut
1719 1213 2028 1282 Quadrage-

453 1282 609 1343 sima,
641 1282 1030 1337 concedendas.

523 1353 957 1425 Caiiialilulenses
987 1352 1138 1425 (Lib.
1184 1370 1198 1406 ι
1231 1352 1443 1425 Corruit.
1472 1351 1746 1425 Camald.)
1773 1367 1898 1408 cum
1923 1352 2029 1407 dis-

453 1436 681 1489 pensant
717 1440 747 1476 a
774 1424 1005 1478 silentio
1034 1439 1127 1491 per
1158 1424 1386 1477 mediam
1417 1425 1676 1478 duntaxat
1719 1424 1902 1478 horam
1935 1439 2028 1490 per

454 1494 792 1557 νει-ἰὼτὶιιηι,
822 1506 913 1547 aut
934 1495 1165 1563 aliquam
1198 1496 1355 1547 aliam
1390 1494 1694 1549 monasterii
1729 1496 2025 1561 partem,iii

450 1579 553 1631 qua
580 1575 890 1634 perpetuum
915 1582 1019 1619 non
1040 1574 1215 1634 vigeat
1244 1565 1535 1627 silentium,
1558 1563 1885 1632 colloquium
1910 1578 2028 1632 per-

453 1637 688 1689 mittunt.
720 1635 947 1688 tiasaliiii
990 1637 1226 1704 quotidie
1262 1636 1422 1705 186
1462 1650 1489 1686 a
1513 1650 1667 1690 ruina
1694 1636 1758 1687 ad
1785 1635 2026 1702 comple-

452 1706 668 1767 torium,
704 1707 783 1760 vel
813 1705 999 1760 diebus
1037 1705 1225 1774 jejniiii
1277 1721 1306 1757 a
1336 1721 1550 1772 vespera
1591 1705 1835 1759 etiamad
1876 1720 2026 1758 Cum-

450 1774 738 1843 pletorium
770 1776 1212 1845 colloqneliantur
1233 1816 1252 1838 ,
1283 1777 1352 1828 ita
1381 1786 1553 1829 tamen
1587 1788 1641 1828 ut
1671 1776 1761 1829 illo
1790 1784 2029 1845 tempore

450 1856 669 1912 possent
690 1846 755 1900 ad
786 1848 950 1904 celias
970 1847 1242 1912 secedere,
1274 1855 1331 1900 et
1357 1845 1570 1900 lcetion't
1622 1856 1779 1913 atque
1799 1846 2028 1900 orationi

451 1929 642 1987 vacare
669 1933 682 1969 :
708 1927 825 1985 post
849 1918 1123 1987 prandium
1151 1931 1279 1971 vero
1310 1917 1407 1969 sub
1436 1916 1651 1971 silentio
1670 1930 1764 1985 per
1794 1916 2024 1970 mediam

453 1985 636 2040 horam
668 1985 1077 2044 deainbulabartt
1107 1989 1158 2040 in
1190 1988 1366 2041 horto.

529 2057 932 2114 Bnrsfeldenses
961 2073 1057 2112 nec
1084 2058 1224 2111 diem
1254 2096 1269 2121 ,
1301 2071 1399 2111 nec
1430 2055 1615 2111 horam
1643 2098 1658 2119 ,
1688 2071 1788 2112 nec
1819 2065 2027 2125 tempus

449 2141 545 2181 seu
579 2132 805 2194 spatium
842 2129 1089 2198 colloquii
1120 2129 1530 2182 deteriiiiiialuin
1562 2128 1808 2182 habuisse
1837 2127 2025 2198 Viden-

452 2204 558 2263 tur,
578 2199 671 2252 sed
703 2201 754 2253 in
776 2196 1147 2255 Czeremtiniali
1182 2198 1281 2251 hoc
1315 2208 1516 2252 tantum
1546 2199 1837 2251 decernunt
1865 2196 2024 2265 (Dist.

450 2267 504 2329 5,
531 2285 642 2338 cap.
678 2270 766 2340 10)
795 2287 810 2323 :
876 2289 895 2323 ι
933 2273 978 2326 A
1006 2272 1121 2323 stilo
1153 2270 1348 2322 abbate
1397 2277 1453 2340 et
1482 2269 1658 2340 priore
1678 2282 1835 2340 ,(seu
1865 2267 2027 2324 etiam

448 2337 823 2405 subpriore’in
875 2340 1066 2410 prioris
1104 2340 1367 2401 absentia,
1412 2337 1664 2410 loquendi
1713 2338 1922 2410 licentia
1973 2342 2026 2393 in

451 2413 780 2465 monasterio
811 2408 901 2464 aut
928 2419 1079 2465 extra
1108 2410 1450 2473 concedatur,
1481 2410 1580 2462 nisi
1606 2408 1743 2462 forte
1766 2408 1923 2463 alicui
1943 2410 2026 2461 al-

449 2481 549 2533 teri
603 2496 699 2551 pro
729 2481 845 2536 vice
874 2483 1053 2551 aliqua
1098 2479 1318 2549 Speciali
1349 2494 1512 2551 super
1538 2479 1639 2551 hoc
1668 2478 1737 2533 ab
1756 2478 1947 2551 abbate
1974 2488 2030 2534 et

447 2551 627 2619 priore
650 2548 1080 2606 fiieritconcessa
1116 2548 1371 2615 potestas.
1406 2548 1546 2603 Dans
1576 2549 1824 2617 loquendi
1858 2551 2027 2604 lieen-

454 2620 581 2672 tiam
612 2620 865 2676 fratribus
885 2622 1031 2675 dicat
1057 2638 1069 2673 :
1100 2620 1427 2684 Beiiedicile;
1455 2620 1599 2674 etilli
1625 2620 1983 2687 reapondeaiit
2009 2637 2022 2674 :

453 2690 589 2742 Deus-
615 2708 630 2742 :
656 2705 709 2746 et
729 2708 790 2746 ex
825 2703 947 2745 tuin:
972 2693 1173 2746 licitum
1196 2692 1294 2744 crit
1313 2692 1379 2744 de
1405 2689 1680 2759 permissis
1709 2691 1773 2744 ad
1802 2692 2025 2744 invicem

448 2763 696 2816 conferre
721 2778 886 2829 usque
908 2762 972 2816 ad
992 2765 1232 2816 iteratam
1246 2761 1442 2816 silentii
1468 2760 1878 2826 iinpositioiiein,
1907 2775 2027 2829 qua

453 2831 569 2884 lieri
624 2837 759 2886 soli-t
789 2849 883 2901 per
938 2837 1051 2886 lucc
1082 2832 1241 2884 verba
1275 2848 1287 2883 :
1324 2832 1651 2901 Adjutorium
1700 2846 1792 2884 nos
1816 2848 1928 2883 rimi
1975 2833 2028 2884 in

452 2901 655 2954 nomine
706 2900 933 2957 Domini.
988 2901 1126 2955 Nulli
1155 2917 1284 2971 ergo
1307 2900 1506 2969 absque
1534 2900 1747 2954 licentia
1779 2902 1918 2970 loqui
1950 2904 2028 2955 l'as

450 2983 554 3033 est,
584 2973 672 3026 sed
704 2974 876 3026 habita
909 2972 1120 3027 licentia
1144 3014 1161 3040 ,
1190 2984 1279 3023 aut
1315 2971 1568 3024 facultate
1596 2973 1843 3038 loquendi
1871 3012 1884 3033 ,
1920 2986 2026 3025 non

450 3045 699 3112 loquatur
738 3044 842 3098 nisi
894 3045 1207 3112 praemisso:
1254 3040 1582 3105 Benedicite,
1622 3052 1677 3095 ct
1716 3055 1978 3109 responso
2010 3060 2023 3095 :

450 3110 722 3167 Dominus.
764 3132 784 3165 ι

526 3183 600 3237 De
642 3183 889 3252 cuilloqnii
944 3184 1060 3238 loco
1106 3185 1265 3236 varia:
1302 3183 1527 3252 (fuerunt
1571 3182 2020 3239 monasteriorum

450 3255 904 3315 consnetuiliiies;
940 3269 1059 3307 naiii
1091 3254 1147 3307 8.
1182 3251 1480 3307 Ailalardus
1506 3254 1558 3304 iii
1588 3252 1808 3307 Statiitis
1836 3255 1927 3308 lib.
1956 3269 2016 3317 ii,

451 3339 573 3393 cap.
611 3326 667 3390 6,
696 3325 1062 3379 dormitorium
1093 3324 1323 3392 assignat
1353 3338 1367 3386 ;
1399 3319 1802 3387 Clunianenses,
1838 3324 2016 3377 Dirio-

449 3409 670 3458 neiises,
702 3395 1053 3459 Parisienses,
1089 3396 1415 3454 Beccenses,
1456 3404 1509 3445 et
1535 3393 1622 3446 alii
1661 3394 2019 3449 communiter

450 3466 698 3520 monachi
742 3483 862 3520 cum
902 3463 1372 3519 Carthasiensibiis
1402 3463 1752 3532 loquebantur
1792 3465 1841 3516 in
1868 3466 2019 3518 clau-

449 3545 603 3600 stro;
633 3534 1067 3590 Camaldulenses
1095 3537 1145 3588 in
1180 3532 1450 3587 viridario.
1481 3538 1546 3586 At
1579 3548 1700 3586 raro
1726 3542 1874 3587 extra
1907 3550 2019 3588 nio-

450 3617 752 3676 nasterium
763 3606 1110 3662 recreationis
1123 3606 1295 3676 gratia
1311 3603 1719 3659 deambulantes
1731 3609 2023 3660 monachos

450 3688 658 3731 veteres
680 3674 942 3733 oliendes.

522 3748 673 3814 Quod
700 3756 907 3816 spectat
952 3747 1018 3802 ad
1064 3744 1279 3801 modum
1314 3743 1428 3816 sive
1464 3745 1718 3816 ordinem
1752 3745 1805 3800 in
1854 3744 2021 3800 collo-

449 3818 575 3886 quio
603 3815 913 3882 tenendum,
944 3822 1003 3873 1°
1028 3818 1158 3872 illud
1188 3832 1290 3871 non
1315 3815 1636 3884 incipiebant
1657 3816 1758 3869 nisi
1787 3816 2023 3886 praemis—

450 3884 549 3942 so:
580 3886 890 3943 Beuedicite.
919 3907 938 3940 r
977 3888 1102 3943 Post
1126 3886 1436 3957 capitulum,
1467 3887 1636 3955 inquit
1658 3901 1761 3940 ins.
1786 3889 1842 3940 8.
1876 3884 2024 3940 Ρςιτὶ

450 3974 610 4024 supra
637 3958 818 4012 Divam
845 3959 1185 4012 Urdiiiariuin
1206 3996 1221 4020 ,
1262 3957 1483 4011 sedeant
1508 3972 1696 4011 omnes
1718 3958 1770 4009 in
1787 3959 2023 4011 claustro

450 4027 526 4082 ad
570 4029 914 4096 colloquium.
965 4030 1159 4082 Audito
1188 4029 1364 4094 itaque
1408 4041 1660 4097 tympano
1704 4036 1925 4096 pergant
1954 4026 2023 4082 ad

451 4107 679 4163 sextam;
708 4114 812 4167 qua
837 4108 1069 4159 cantata,
1099 4108 1434 4152 revertantur
1476 4098 1908 4167 alcolloqninm.
1940 4098 2025 4149 ili-

451 4181 644 4237 caique
671 4165 957 4224 ultimusiii
983 4170 1171 4223 ordine
1207 4172 1437 4222 novitius
1470 4183 1483 4220 :
1518 4165 1834 4229 Bemdici'ie,
1863 4179 1917 4223 et
1945 4168 2025 4222 sic

454 4240 743 4308 loquantur
772 4239 839 4293 de
856 4238 1432 4305 consuetudinibus,de
1455 4240 1609 4295 bonis
1634 4249 1688 4292 et
1713 4238 2022 4292 aediﬁcatio-

452 4309 538 4364 nis
579 4312 825 4378 eloquiis.
869 4329 888 4362 ι
925 4312 1074 4379 Apud
1130 4308 1536 4364 Bursleldenses
1560 4322 1614 4364 et
1643 4309 2022 4379 Cartbtisianos

455 4396 560 4434 non
587 4377 827 4443 ultimus,
855 4381 949 4435 sed
972 4377 1085 4447 ipse
1116 4379 1208 4449 qui
1234 4379 1497 4448 colloquio
1527 4388 1773 4447 prmerat.
1804 4377 2024 4434 Benedi-

2057 1745 2106 1806 B

2135 440 2278 501 licet,
2300 439 2423 504 quia
2448 439 2645 493 locutio
2665 453 2879 507 semper
2900 439 2970 493 ibi
2991 440 3067 506 (in
3082 440 3419 505 dormitorio)
3438 445 3703 495 servanda

2129 518 2234 571 est,
2259 510 2371 563 sive
2394 507 2520 577 duo,
2550 523 2645 564 seu
2673 519 2780 564 tres
2799 551 2815 572 ,
2837 524 2934 565 seu
2954 510 3116 564 etiam
3147 513 3323 578 plores
3348 551 3365 575 ,
3399 512 3556 564 sicuti
3589 513 3704 565 lii-ri

2132 579 2460 651 187A§0let
2487 580 2701 651 quando
2726 579 2796 633 de
2823 581 3060 650 capitulo
3085 591 3341 651 surgunt,
3373 579 3707 651 coniungan-

2130 648 2281 704 ιῖιιῖ.»
2305 648 2400 704 Vel
2441 648 2765 719 promiscue,
2796 659 2856 705 ut
2883 648 3086 705 ferebat
3114 650 3349 709 animus,
3381 648 3704 717 quibuscum

2129 719 2383 788 cupiebat
2426 720 2792 789 unusquisque
2831 720 3187 785 loquebatur:
3229 730 3285 775 et
3329 720 3443 775 haec
3491 721 3708 776 videtur

2132 789 2295 845 luisse
2336 790 2760 846 Cluniaeensium
2782 831 2797 852 .
2828 790 3289 846 Cartliiisieosium
3310 832 3326 851 ,
3361 791 3549 847 imoet
3585 792 3707 846 Cis—

2131 860 2477 917 terciensium
2502 901 2517 924 ,
2550 870 2606 914 ut
2639 875 2799 929 supra
2838 860 3147 929 collegimus
3189 876 3252 916 es
3298 862 3354 917 8.
3391 862 3664 917 Berriardo
3685 903 3703 926 ,

2129 932 2481 987 consuetudo.
2521 930 2675 986 Tunc
2717 932 2806 1000 qui
2851 931 3024 1000 aliqua
3070 947 3129 985 re
3172 931 3512 1000 indigebant,
3563 933 3704 987 banc

2131 1001 2465 1070 potissimum
2504 1015 2572 1056 eo
2610 998 2851 1069 tempore
2881 998 3164 1068 petebant,
3198 1010 3257 1055 ut
3285 998 3353 1057 de
3380 998 3704 1058 Cluniacen-

2129 1072 2279 1126 sibus
2305 1071 2492 1142 scribit
2516 1072 2795 1127 Udalricus
2814 1114 2829 1131 .
2858 1081 2912 1126 et
2937 1072 3405 1127 Cartliusieosibus
3429 1077 3539 1127 suis
3568 1089 3705 1142 pre-

2131 1142 2317 1197 scribit
2351 1141 2523 1197 Guido
2548 1143 2629 1196 bis
2668 1143 2885 1197 verbis:
2917 1160 2935 1193 ι
2975 1142 3313 1197 Postumiam
3352 1141 3705 1199 convenimus

2133 1214 2185 1265 in
2212 1213 2443 1267 claustro
2482 1214 2551 1268 de
2596 1214 2812 1268 utilibus
2850 1213 3120 1267 locutmi:
3164 1214 3217 1266 iii
3263 1214 3362 1267 hoc
3398 1214 3573 1281 spatio
3620 1216 3706 1268 in-

2128 1291 2404 1353 caustum,
2435 1298 2846 1353 ρθιςτιηιειιιιηι,
2875 1298 3107 1351 Pennas,
3139 1291 3338 1336 cretam
3358 1322 3374 1346 ,
3410 1284 3575 1338 libros
3602 1300 3702 1339 seu

2131 1352 2385 1422 legendos
2414 1369 2505 1407 seu
2538 1352 2967 1408 transcribendns
2992 1369 3020 1407 a
3046 1352 3301 1416 sarrista;
3331 1369 3360 1407 a
3390 1354 3704 1422 coquinaria

2130 1438 2257 1477 vero
2289 1424 2551 1491 legumina
2577 1463 2593 1488 ,
2623 1425 2736 1487 sal,
2766 1433 2821 1477 et
2848 1434 3038 1478 creti-ra
3071 1424 3375 1493 hnjnsmodi
3407 1424 3701 1493 poscimus,

2130 1504 2185 1549 et
2213 1494 2521 1563 accipimus.
2547 1514 2566 1546 ι
2592 1493 2688 1549 Vel
2719 1495 2951 1563 denique
2978 1510 3165 1548 omnes
3195 1510 3300 1548 uno
3332 1497 3382 1547 in
3412 1499 3531 1550 loco
3559 1498 3701 1549 resi-

2132 1564 2355 1628 dentes,
2382 1579 2441 1619 se
2472 1566 2696 1619 invicem
2728 1567 3003 1635 loquentes
3033 1565 3401 1618 ausciiltabant
3420 1605 3435 1629 ,
3469 1575 3532 1619 ut
3561 1568 3700 1621 velle

2131 1635 2339 1689 videtur
2384 1635 2440 1689 S.
2486 1635 2842 1705 Hildegardis.
2886 1637 3059 1705 Atqiie
3102 1636 3167 1689 ad
3213 1636 3307 1688 hos
3358 1635 3695 1703 potissimum

2132 1713 2339 1777 spectat
2365 1706 2619 1777 praeclara
2648 1706 2735 1777 illa
2759 1704 2814 1762 8.
2844 1704 3022 1760 Basilii
3045 1706 3335 1759 admonitio
3364 1705 3556 1777 (Serm.
3581 1706 3615 1758 2
3636 1710 3701 1761 de

2132 1774 2305 1829 lnstil.
2330 1774 2631 1845 monach.):
2659 1795 2678 1827 i
2708 1776 2913 1831 Inutilis
2942 1790 3147 1838 sermo,
3178 1786 3229 1829 et
3260 1774 3383 1843 quae
3405 1792 3469 1831 ex
3501 1781 3702 1832 mutuis

2130 1847 2413 1915 colloquiis
2454 1846 2624 1900 oritur
2671 1851 2973 1913 importuna
3018 1849 3179 1901 elatio
3222 1861 3325 1900 noii
3373 1847 3699 1915 proferatur,

2130 1918 2223 1971 sed
2262 1919 2307 1971 si
2347 1916 2473 1983 quid
2515 1918 2643 1970 utile
2681 1919 2746 1970 ad
2786 1917 3188 1971 aediﬁcationem
3230 1918 3565 1983 animarum,
3598 1919 3702 1974 hoc

2130 1988 2302 2042 solum
2331 1989 2580 2041 convenit
2610 1988 2749 2057 loqui
2777 2006 2792 2051 ;
2825 1997 2879 2042 et
2910 1990 3022 2041 haec
3064 1988 3173 2055 ipsa
3204 2003 3323 2055 quae
3354 1990 3502 2041 utilia
3533 2002 3659 2042 sunt
3680 2031 3698 2053 ,

2128 2073 2251 2112 cum
2278 2059 2496 2121 ordine,
2528 2068 2580 2109 et
2608 2057 2820 2113 decenti
2850 2069 3089 2123 tempore
3108 2099 3123 2120 ,
3152 2068 3207 2112 et
3235 2059 3301 2110 ab
3332 2058 3415 2111 bis
3447 2074 3477 2111 a
3505 2062 3700 2127 quibus

2127 2128 2234 2183 dici
2279 2137 2506 2197 oporiet.
2537 2128 2592 2183 Si
2628 2128 2747 2193 quis
2790 2128 2860 2183 de
2899 2128 3239 2183 inferioribus
3280 2127 3384 2193 sit,
3425 2142 3701 2196 exspectet

2129 2198 2302 2255 donec
2330 2200 2582 2253 invitetur
2607 2199 2673 2252 ad
2705 2200 3022 2269 loquendum
3052 2213 3079 2251 a
3112 2201 3425 2267 superiore;
3455 2214 3700 2256 susurra-

2132 2270 2305 2325 tiones
2335 2284 2465 2323 vero
2492 2281 2671 2339 atque
2691 2270 2758 2322 ad
2778 2268 2946 2324 aures
2977 2268 3302 2339 locutiones,
3332 2280 3387 2323 et
3418 2285 3510 2336 per
3538 2281 3702 2325 nutus

2133 2338 2855 2409 signiﬁcationes’submove
2892 2348 3046 2405 titur,
3095 2338 3219 2408 quia
3263 2342 3559 2394 Slhlll‘l'dtitl
3604 2357 3702 2395 su-

2124 2413 2424 2476 apiconem
2468 2411 2812 2463 detractionis-
2839 2413 3016 2470 habet,
3060 2421 3113 2463 et
3151 2425 3270 2478 qua:
3300 2425 3393 2477 per
3421 2419 3602 2465 nutum
3636 2414 3700 2465 lit

2130 2481 2445 2550 signiﬁcatio
2467 2522 2482 2546 ,
2515 2481 2694 2534 dolum
2726 2480 2954 2550 alicujus
2986 2480 3061 2533 rei
3106 2484 3268 2533 latere
3308 2480 3543 2535 indicat:
3588 2481 3700 2535 fra-

2130 2554 2197 2605 tri
2228 2566 2386 2619 pOI‘l‘O
2422 2566 2487 2605 ex
2534 2552 2616 2604 his
2644 2552 2834 2606 talibus
2864 2560 3153 2605 nascuntur
3178 2550 3295 2604 o-iia
3337 2560 3393 2605 et
3430 2552 3700 2621 suspicio-

2126 2638 2246 2676 nes.
2270 2622 2485 2688 Quoties
2513 2636 2637 2674 vero
2666 2622 2803 2677 inter
2827 2636 2886 2675 se
2909 2621 3227 2689 colloquium
3257 2621 3450 2676 habere
3476 2637 3700 2678 necesse

2127 2701 2213 2747 est
2233 2735 2247 2754 ,
2279 2693 2492 2745 modum
2522 2691 2663 2745 vocis
2695 2694 2984 2745 necessitas
3010 2691 3231 2746 deliniat
3251 2734 3263 2749 ,
3299 2700 3356 2745 ut
3384 2692 3587 2746 scilicet
3614 2694 3697 2746 illi

2128 2762 2217 2830 qui
2245 2777 2410 2886 prope
2438 2772 2519 2816 est
2539 2802 2553 2823 ,
2581 2761 2803 2817 dulciori
2834 2776 2963 2817 voce
3000 2762 3316 2829 loquantur;
3360 2778 3482 2817 eum
3512 2771 3695 2818 autem

2128 2834 2215 2886 ani
2270 2848 2402 2886 una“
2432 2841 2546 2886 est.
2578 2833 2750 2886 altiori
2780 2847 2910 2885 voce
2950 2832 3245 2886 appellent.
3277 2840 3335 2885 ut
3359 2835 3445 2886 nui
3478 2834 3569 2886 dat
3595 2838 3695 2886 ali-

2128 2834 2215 2901 qui
2248 2832 2402 2902 iilllgi‘
2432 2841 2546 2895 est,
2578 2833 2750 2886 altiori
2780 2847 2910 2885 voce
2950 2832 3245 2900 appellent,
3277 2840 3335 2885 ut
3359 2835 3445 2901 qui
3478 2834 3569 2887 dat
3595 2838 3699 2887 ali-

2126 2903 2214 2957 eni
2254 2902 2571 2969 consilium,
2613 2912 2703 2955 aut
2744 2904 2973 2967 aliquam
3023 2904 3089 2955 de
3129 2918 3185 2957 re
3224 2903 3400 2969 aliqua
3438 2905 3699 2958 exhorta-

2129 2974 2326 3028 tionem
2359 2973 2556 3031 habet.
2600 2973 2790 3035 majori
2829 2983 2883 3027 et
2923 2973 3181 3042 asperiori
3227 2987 3353 3026 voce
3392 2983 3589 3039 utatur,
3632 2986 3700 3028 ut

2131 3043 2260 3098 nihil
2316 3042 2759 3097 contumeliosum
2816 3043 2868 3097 iii
2898 3053 3162 3097 conventu
3193 3044 3505 3111 reperiatur.
3544 3064 3563 3096 ι
3607 3046 3697 3099 An

2050 3108 2100 3174 ϐ
2133 3130 2260 3167 vero
2302 3114 2369 3167 de
2418 3113 2719 3182 hnjiisinodi
2765 3114 3030 3182 colloquio
3075 3108 3442 3181 intelligendus
3487 3114 3557 3168 sit
3606 3117 3699 3171 hic

2126 3187 2270 3241 locus
2300 3199 2364 3237 ex
2397 3183 2514 3236 Vita
2544 3184 2602 3238 S.
2638 3183 2906 3237 Pacliomti
2932 3202 2945 3235 :
2972 3202 2992 3235 i
3018 3183 3358 3238 Consuetudo
3376 3192 3552 3238 autem
3584 3186 3697 3240 illis

2125 3265 2237 3312 erat
2273 3254 2382 3323 jam
2414 3254 2537 3307 inde
2583 3254 2651 3307 ab
2692 3254 2876 3320 initio,
2918 3254 3056 3309 circa
3096 3268 3414 3323 vesperam.
3458 3258 3697 3310 manuali

2123 3341 2285 3383 Opere
2320 3340 2384 3379 ac
2431 3339 2583 3380 omna
2630 3326 2896 3393 peractis,
2928 3325 2979 3378 in
3012 3341 3171 3378 tinum
3213 3325 3369 3377 simul
3407 3324 3698 3380 considere

2122 3396 2187 3451 ad
2218 3396 2533 3449 scrutandas
2562 3394 2900 3463 Scriptnras,
2932 3395 2999 3448 ab
3025 3394 3171 3449 omni
3203 3395 3301 3447 alia
3331 3394 3697 3452 sollicitudine

2124 3478 2250 3521 tunc
2280 3466 2468 3529 liberi,
2505 3474 2853 3534 praeterquam
2879 3467 2946 3519 ab
2974 3478 3037 3519 ea
3075 3480 3193 3533 quae
3234 3466 3461 3520 salutem
3501 3482 3695 3520 eorum

2124 3536 2502 3594 concernebat.
2530 3554 2548 3586 ι
3360 3553 3367 3563 σ

2197 3607 2363 3660 Porro
2388 3616 2562 3659 iitrum
2590 3604 2775 3660 istliiee
2794 3604 3055 3674 colloquia
3079 3603 3437 3659 recreationes
3464 3614 3556 3658 aut
3581 3606 3695 3659 alio

2124 3679 2344 3746 nomine
2368 3675 2635 3745 appellare
2660 3677 2849 3740 liceat,
2880 3692 3059 3740 parum
3084 3676 3273 3739 relert,
3300 3690 3420 3729 cum
3447 3691 3550 3728 non
3581 3686 3695 3731 tam

2124 3751 2189 3803 ad
2220 3744 2625 3801 delectationem
2653 3762 2810 3815 quam
2840 3748 2905 3801 ad
2937 3747 3267 3799 iiilirmorum
3312 3749 3561 3799 solatium
3602 3752 3693 3799 iii-

2124 3819 2271 3874 dulta
2310 3822 2434 3872 sint.
2477 3816 2636 3871 Certe
2662 3858 2675 3874 .
2724 3818 2859 3870 sicut
2903 3830 3097 3881 corpus
3142 3829 3387 3871 recreare
3423 3818 3694 3881 dicimus,

2124 3904 2245 3944 cum
2275 3895 2393 3954 post
2422 3888 2634 3955 longum
2656 3885 2915 3956 jezunium
2947 3886 3217 3941 vihsmmis
3245 3887 3378 3941 cibis
3402 3887 3694 3954 vescimur,

2124 3960 2197 4014 ita
2225 3974 2344 4012 cum
2379 3968 2495 4025 post
2526 3959 2789 4025 prolixum
2819 3958 3084 4011 silentium
3114 3957 3182 4011 de
3212 3957 3364 4011 bonis
3391 3966 3444 4010 et
3470 3959 3536 4009 ad
3564 3961 3699 4011 tedi-

2127 4029 2428 4085 ﬁcationein
2471 4028 2697 4095 eloquiis
2741 4028 3026 4095 loquimur,
3077 4029 3177 4081 hoc
3217 4030 3532 4081 exhauuuzn
3578 4029 3700 4081 ani-

2127 4115 2271 4154 inum
2302 4113 2581 4163 recreare,
2615 4097 2743 4152 nihil
2776 4109 2916 4152 vetat
2945 4099 3216 4166 appellare
3240 4137 3257 4161 ,
3289 4098 3577 4151 dummodo
3606 4100 3700 4151 δι).

2124 4179 2196 4225 sit
2220 4170 2394 4224 omnis
2422 4169 2491 4222 de
2518 4174 2751 4233 sarculo,
2781 4168 2850 4223 de
2881 4170 3091 4237 regibus
3112 4208 3128 4231 ,
3162 4168 3519 4234 principibus.
3557 4184 3699 4235 pra:-

2126 4241 2245 4295 latis
2266 4282 2282 4305 ,
2311 4241 2532 4307 aliisque
2561 4240 2860 4305 linjusinudi
2883 4280 2898 4303 ,
2930 4254 3049 4307 quin
3062 4239 3273 4305 pnasiiii
3300 4249 3480 4292 vetant
3505 4253 3700 4294 omnes

2128 4320 2235 4364 tam
2279 4323 2486 4364 veteres
2522 4324 2679 4377 quam
2722 4319 2965 4363 recentes
3005 4312 3387 4363 monachorum
3428 4308 3699 4362 constitu-

2134 4381 2338 4444 tiones,
2370 4394 2570 4433 sermo.
2613 4378 2780 4435 Recte
2808 4380 3026 4433 omnino
3056 4394 3155 4433 ms.
3190 4380 3321 4433 liber
3344 4382 3410 4432 de
3446 4379 3698 4435 Doctrina

451 4452 549 4532 cite
570 4452 811 4544 dicebat;
837 4451 897 4505 lli
927 4454 1416 4544 etiam‘antequam
1439 4450 1727 4544 quidquam
1758 4449 1904 4544 lorqui
1934 4452 2017 4544 ιιι-
2055 4484 2107 4544 D
2132 4449 2645 4544 iiovitioruiitJiACap.
2677 4449 2743 4531 id
2765 4453 2782 4515 )
2808 4467 2821 4502 :
2850 4467 2870 4500 t
2896 4450 3173 4544 ξυιιῳιιιιιι
3220 4453 3448 4544 loquaris
3469 4452 3557 4544 “de
3574 4467 3703 4544 A833-

452 4522 717 4589 cipcrent,
746 4521 978 4591 aliquam
999 4522 1281 4575 lectionem
1307 4521 1718 4589 prmniittebant.
1748 4537 1770 4572 ι
1798 4520 2023 4587 Quando

454 4600 576 4659 post
620 4608 811 4646 nonam
862 4595 912 4647 in
943 4592 1171 4647 ecclesia
1225 4592 1420 4645 dictam
1459 4592 1649 4645 diebus
1701 4591 1914 4658 capitoli
1966 4591 2023 4644 i.i

452 4664 689 4717 claustro
717 4666 1068 4718 convenimus
1090 4707 1104 4728 ,
1139 4665 1384 4730 inquiunt
1434 4661 1486 4714 in
1534 4676 1669 4716 nova
1696 4661 2024 4716 Collectione

455 4734 805 4790 Statotoriiin.
840 4744 962 4788 tiinc
993 4743 1279 4802 antequam
1326 4732 1645 4799 sedeamus,
1684 4732 1776 4801 qui
1835 4739 2027 4799 praeest

455 4807 740 4857 i-onveutui
770 4805 899 4858 dicit
923 4802 1261 4857 :Benedicite.
1284 4802 1485 4857 Deinde
1512 4804 1751 4869 sequitur
1777 4802 1934 4856 lectio
1956 4803 2026 4858 de

454 4873 681 4928 Statutis
704 4877 785 4927 vel
804 4875 1133 4942 Evangeliis;
1178 4889 1278 4942 qua
1304 4874 1473 4935 ﬁnita,
1501 4872 1826 4940 colloquium
1854 4871 2019 4928 habe-

457 4958 599 5006 mus,
628 4943 805 5011 inquo
836 4948 1016 4999 nullus
1042 4948 1326 4999 consulere
1356 4945 1513 4997 debet
1542 4953 1789 5004 secreto,
1820 4943 1906 4996 vel
1934 4958 2024 4996 su-

451 5029 692 5078 surrare,
724 5017 805 5068 vel
851 5016 1032 5070 dici-re
1075 5014 1278 5083 aliquid
1324 5014 1463 5083 quod
1510 5012 1642 5067 nolit
1682 5012 1748 5067 ab
1775 5012 2026 5068 omnibus

454 5086 679 5154 intelaigi
726 5085 810 5139 vel
838 5087 1034 5140 audiri.
1079 5087 1333 5138 Eannlein
1377 5084 1712 5154 disciplinam
1739 5083 2029 5154 observare

454 5153 703 5209 videntur
733 5157 1168 5211 sanetimoniales
1199 5154 1494 5209 Strictioris
1532 5153 1897 5208 Observantiie
1943 5168 2031 5207 or-

451 5225 595 5280 ditiis
615 5226 988 5281 Cisterciensis
1004 5227 1056 5281 iii
1081 5226 1353 5292 Hispania,
1374 5238 1598 5294 quarum
1612 5223 2030 5279 Constittttiunes

454 5299 640 5351 volunt
662 5295 816 5366 (Cap.
837 5297 862 5349 1
879 5298 951 5365 l),
967 5311 1022 5351 ιιι
1044 5314 1067 5347 ί
1094 5296 1184 5349 ubi
1210 5298 1473 5350 abbatissa
1502 5295 1769 5349 licentiam
1789 5308 2031 5349 recrean-

454 5366 507 5417 di
540 5368 621 5422 vel
648 5367 981 5432 colloquendi
1030 5367 1261 5435 dederit,
1294 5370 1401 5420 sint
1429 5366 1692 5435 colloquia
1734 5366 1978 5435 religiosa
2004 5404 2024 5428 ,

456 5435 523 5490 ad
546 5440 685 5505 quod
710 5439 911 5492 servire
937 5440 1129 5505 poterit
1175 5452 1290 5504 pins
1316 5439 1422 5505 aliq
1443 5439 1505 5489 iis
1530 5438 1682 5491 liber.
1719 5451 1739 5486 ι

531 5506 658 5561 Data
682 5518 857 5562 autem
872 5507 1038 5564 semel
1067 5508 1317 5576 loquendi
1355 5506 1589 5572 licentia,
1616 5507 1746 5574 duo,
1778 5505 1860 5561 vel
1893 5515 2019 5573 tres,

462 5576 709 5642 pluresve
737 5580 892 5634 simul
920 5595 948 5633 ιι
977 5578 1254 5645 superiore
1270 5577 1650 5648 jnngebantur;
1674 5577 2017 5647 quibuscum,

464 5660 565 5697 non
581 5662 698 5699 cuni
718 5649 856 5712 aliis,
870 5650 938 5703 de
955 5649 1113 5703 rebus
1126 5648 1360 5702 honestis
1375 5650 1541 5716 etpiis
1562 5662 1863 5702 sermonem
1881 5648 1986 5702 invi
2003 5679 2019 5688 -

462 5727 579 5766 cem
612 5717 919 5776 miscebant.
947 5722 1021 5775 Ita
1046 5722 1403 5789 praescribunt
1436 5718 1651 5790 antiqua
1676 5720 1733 5775 8.
1767 5720 2015 5776 Adalardi

2130 4523 2287 4585 eiilo,
2332 4521 2415 4574 vel
2454 4520 2522 4573 de
2558 4521 2801 4587 giierris;
2842 4534 2940 4574 nec
2980 4522 3162 4573 audias
3202 4520 3527 4582 reﬂ-tentes,
3570 4534 3698 4573 cuin

2131 4592 2260 4645 illtid
2290 4591 2359 4644 sit
2389 4605 2653 4644 Venenum
2684 4590 3019 4644 mortiferum
3049 4594 3403 4643 animarum.»
3438 4590 3565 4643 Vide
3595 4593 3698 4645 Pe-

2128 4665 2198 4717 tri
2233 4660 2468 4714 Datiiiani
2496 4675 2681 4728 Opusc.
2710 4662 2801 4723 49,
2828 4676 2946 4729 Cap.
2979 4660 3066 4715 10.

2201 4733 2463 4787 Caeterum
2506 4743 2654 4785 extra
2703 4731 3001 4800 huiusmodi
3046 4730 3344 4799 colloquia.
3389 4731 3457 4784 de
3497 4733 3699 4800 quibus

2132 4804 2392 4858 hactenus
2419 4803 2533 4854 l‘usc
2559 4801 2934 4867 disseruimus,
2965 4818 3187 4871 qua-que
3215 4814 3366 4856 erant
3395 4818 3511 4855 rara
3530 4842 3549 4866 ,
3580 4819 3702 4870 per.

2134 4888 2347 4942 petuuiii
2380 4874 2626 4926 monachi
2656 4872 2927 4927 silentium
2957 4874 3273 4936 servabant,
3314 4874 3475 4942 188
3497 4876 3706 4937 gravis-

2133 4947 2282 4999 simis
2311 4944 2469 4998 etiam
2497 4942 2845 5012 subjicientes
2885 4943 3057 5011 pinnis
3096 4943 3224 4997 illud
3259 4954 3458 4996 temere
3491 4946 3703 4995 violan-

2130 5022 2236 5068 tes.
2272 5015 2342 5067 De
2375 5013 2460 5068 his
2500 5015 2671 5081 pomis
2709 5016 2963 5067 adversus
3001 5012 3200 5067 silentii
3243 5013 3555 5068 infractores
3597 5015 3707 5065 lie-

2132 5089 2258 5155 gula
2286 5085 2569 5150 cuiusdam
2590 5086 2671 5155 ad
2697 5084 2985 5138 Monaelios
3014 5087 3083 5138 ita
3113 5084 3353 5139 decernit
3380 5083 3531 5152 (Cap.
3565 5085 3655 5151 lii)
3686 5101 3703 5138 :

2140 5154 2158 5208 ι
2191 5157 2245 5209 ιιι
2272 5156 2520 5209 omnibus
2549 5154 2679 5211 nihil
2720 5155 3076 5225 loquendum,
3109 5156 3204 5209 nisi
3238 5155 3378 5223 quod
3410 5156 3706 5208 necessitas

2136 5225 2461 5296 peposcerit.
2507 5224 2563 5281 Si
2602 5228 2720 5294 quis
2760 5224 2956 5294 printer
2998 5228 3133 5279 hanc
3174 5226 3543 5294 disciplinam,
3575 5241 3703 5278 cuni

2135 5301 2369 5352 clamore
2396 5306 2451 5351 et
2478 5297 2749 5350 acerbiore
2788 5311 3036 5351 sei-mone
3079 5298 3443 5359 responderit,
3487 5305 3707 5349 notetur

2136 5384 2270 5437 usqu
2297 5383 2414 5436 ⁸ιιιιο
2444 5370 2758 5437 ciirrigatur.
2804 5370 2858 5420 δι
2898 5380 3073 5421 autem
3108 5370 3206 5421 hoc
3233 5368 3360 5421 vitio
3388 5370 3559 5420 curari
3592 5383 3703 5420 noti

2133 5440 2360 5508 poterit,
2390 5438 2630 5505 ejiciatur
2656 5438 2725 5491 ab
2757 5442 2957 5491 unitate
2989 5438 3228 5492 fratrum.
3254 5457 3272 5488 ι
3301 5438 3477 5491 Ρωηεν
3507 5438 3703 5491 incerti

2131 5509 2366 5578 anotiiris
2394 5510 2532 5574 apud
2563 5509 2620 5562 S.
2653 5508 2932 5578 lia~ixium,
2969 5526 3022 5561 ti.
3062 5510 3122 5562 lia
3149 5528 3158 5560 :
3190 5527 3209 5559 ι
3240 5508 3297 5563 Si
3329 5509 3448 5578 quis
3487 5513 3693 5574 vesperi

2131 5588 2252 5647 post
2299 5577 2450 5631 Pater
2482 5588 2653 5632 noster
2691 5577 2993 5633 inveniatur
3021 5577 3360 5647 colloq'ietis,
3392 5593 3704 5633 excouimuo

2129 5649 2384 5704 nicetum
2414 5648 2571 5702 Liber
2600 5650 2947 5717 Antiquarum
2980 5651 3347 5704 lleliiiitionuiii
3380 5650 3553 5702 ordiri.
3578 5651 3704 5701 ως-

2127 5723 2403 5775 ιθιλιειειιειε
2432 5720 2597 5792 (Uist.
2626 5720 2677 5787 7,
2701 5736 2748 5775 ε.
2774 5720 2838 5790 5)
2865 5736 2879 5773 :
2909 5738 2926 5770 t
2953 5726 3049 5787 Qui
3098 5732 3329 5776 auteuter
3370 5723 3435 5774 de
3478 5720 3701 5773 silendo
