3952 6182
222 336 337 392 :65

1296 340 1570 398 RECULA
1609 338 2101 396 COMMENTATA.
2140 339 2294 396 CAP.
2336 339 2426 396 Vl.

3384 341 3487 397 366

221 456 367 508 inira
398 452 664 528 abhatiam
696 454 836 510 intus
863 454 944 510 vel
977 454 1105 510 l‘oris
1136 465 1295 526 rupto
1323 471 1382 512 se
1408 457 1799 527 recognoverit,
1832 461 1882 520 Α
1909 459 2087 510 docere
2115 498 2129 517 ,
2175 467 2229 510 ut
2273 456 2345 510 sit
2386 470 2479 510 sua
2523 460 2734 526 loquela
2782 459 3064 513 instructio
3110 457 3388 528 discipuli,
3434 470 3489 515 et

219 538 276 579 et
306 527 589 590 culpabilis
619 533 866 580 inventus
895 528 1087 591 fuerit,
1122 543 1230 581 uno
1259 528 1347 581 die
1373 529 1443 583 sit
1479 531 1531 583 iu
1573 544 1709 597 pane
1747 538 1806 582 et.

220 611 364 666 aqua
385 639 400 659 ,
433 609 483 650 et
513 598 564 650 in
592 597 826 664 capitulo
855 599 1169 652 verberetur
1193 614 1209 663 ;
1238 597 1331 664 qui
1360 614 1488 653 vero
1519 600 1717 667 passim
1749 608 1808 653 et

220 684 286 723 ex
333 669 719 722 consuetudine
755 668 882 722 illud
925 667 1201 737 iregerint.
1243 670 1286 723 si
1323 669 1520 738 smpius
1566 671 1798 736 correpti

222 756 335 792 non
368 739 809 805 emendaverint,
843 741 987 792 omni
1016 749 1162 792 sexta
1196 740 1324 793 feria
1354 741 1461 793 sint
1491 740 1543 793 in
1587 755 1722 807 pane
1750 749 1805 794 et

220 825 361 869 aqua
396 826 566 877 usque
594 809 662 862 ad
694 824 981 881 congruam
1010 810 1437 881 emendationem
1458 851 1473 874 ,
1503 821 1558 864 et
1591 811 1657 863 ad
1701 826 1800 863 nu-

222 891 337 933 tum
367 881 564 947 proprii
583 880 789 933 abbatis
812 880 979 933 ultimi
1007 883 1244 934 omnium
1273 880 1620 935 habeantiir.i
1643 881 1806 937 Simi-

222 952 347 1004 liter
378 949 799 1005 Constitutiones
845 951 1323 1005 sanctimonialium
1364 952 1658 1006 Strictioris
1696 952 1805 1004 Ub‘

219 1022 515 1075 servantize
555 1020 793 1091 ejusdem
835 1021 1038 1075 ordinis
1078 1022 1128 1074 iu
1170 1022 1418 1091 llispania
1456 1020 1627 1090 (Cap.
1656 1022 1804 1091 12):

228 1112 244 1140 ι
284 1090 946 1161 Ρωιιίιειιιὶειίιιῇιιιιεειιιιιι
974 1091 1050 1144 illi
1096 1107 1216 1162 quin
1237 1090 1505 1145 silentium
1551 1090 1803 1155 solverit,

221 1172 308 1216 est
339 1164 648 1231 disciplina,
677 1172 731 1215 et
758 1177 892 1230 aqua
923 1172 977 1214 et
1009 1165 1159 1228 panis
1189 1162 1331 1215 humi
1353 1202 1368 1225 ,
1408 1163 1459 1215 in
1496 1178 1602 1229 quo
1639 1163 1804 1216 aliba-

221 1234 358 1287 tissa
408 1248 533 1285 raro
575 1233 868 1300 dispenset.
896 1251 914 1281 ι
964 1234 1173 1286 Statuta
1204 1234 1565 1287 vetustissima
1600 1233 1801 1291 Gallica

224 1319 329 1371 pro
368 1304 686 1357 monialihus
726 1302 783 1356 Β.
830 1303 1006 1356 Mariae
1044 1302 1275 1371 Sopwell
1313 1303 1365 1357 in
1402 1303 1624 1372 Anglia,
1653 1318 1682 1355 a
1714 1303 1805 1357 Mi-

218 1375 417 1429 chaele
452 1374 511 1429 S.
557 1375 742 1427 Albani
775 1374 968 1426 abbate
994 1383 1119 1426 ante
1147 1389 1316 1427 annos
1348 1382 1615 1428 trecentos
1646 1389 1803 1427 reno-

220 1456 395 1498 vata:
433 1444 541 1497 Pur
578 1460 665 1496 ceo
703 1460 799 1513 que
838 1460 958 1497 vous
1000 1455 1123 1497 eam
1162 1454 1305 1497 tenus
1346 1459 1437 1513 par
1477 1445 1527 1497 la
1561 1446 1703 1497 reule
1740 1446 1804 1498 de

222 1516 378 1570 Sciat
408 1514 602 1585 Benryt
630 1517 661 1567 ὰ
686 1514 738 1567 lo
763 1515 951 1567 stleiice
970 1516 1098 1567 tenir
1121 1531 1181 1567 en
1205 1513 1442 1583 l‘Eglise.
1472 1530 1532 1568 en
1555 1515 1808 1568 l‘enclaisc

220 1595 338 1645 tre,
386 1602 449 1639 ea
496 1587 543 1638 le
589 1591 877 1655 refeytour,
921 1596 968 1639 et
1011 1601 1071 1637 en
1115 1585 1160 1637 le
1202 1586 1414 1639 dartour
1440 1600 1460 1638 :
1504 1601 1626 1638 noua
1666 1601 1805 1638 com-

219 1658 495 1709 mendam:
525 1673 621 1726 que
656 1657 708 1708 la
748 1657 933 1709 silente
966 1657 1064 1708 coit
1104 1659 1342 1726 (eniterer:
1377 1655 1449 1709 les
1483 1656 1621 1709 lieux
1653 1666 1804 1709 ouant

220 1728 331 1779 dita
358 1744 378 1780 :
429 1727 492 1779 Et
535 1728 578 1780 si
594 1725 762 1798 nolle
809 1728 1065 1796 enfreigne
1111 1728 1163 1778 la
1205 1725 1439 1798 silence,
1489 1729 1699 1798 preigne
1744 1744 1804 1780 so

222 1814 387 1864 segne
437 1813 499 1850 en
549 1797 771 1863 chapitle
801 1836 815 1857 ,
871 1806 916 1848 et
968 1798 1171 1861 preiqne
1222 1796 1493 1865 discipline
1536 1796 1800 1863 regulere,

221 1870 677 1921 reconnoissuonte
722 1882 779 1919 so
829 1867 1026 1936 coulpe.
1059 1866 1124 1919 Et
1172 1868 1216 1920 si
1250 1868 1366 1920 tiele
1410 1882 1507 1935 que
1556 1867 1802 1937 enfreyne

223 1939 421 1991 silence
456 1955 519 1991 ne
556 1938 706 1989 voille
745 1938 807 1992 de
844 1953 958 2005 gree
998 1937 1215 2004 prendre
1249 1952 1306 1991 sa
1347 1952 1520 2007 segne,
1561 1939 1656 2007 coit
1695 1938 1806 1990 cla-

225 2024 308 2060 me
353 2025 450 2077 par
499 2008 753 2079 gar_dcyne
801 2008 883 2061 del
933 2010 1126 2072 ardre,
1177 2016 1221 2060 et
1270 2009 1393 2061 mise
1437 2010 1467 2060 ὰ
1515 2006 1632 2079 plus
1678 2011 1809 2062 rude

225 2095 518 2147 prnaunce.
562 2077 627 2131 Et
663 2077 711 2132 si
748 2094 941 2147 avggne
982 2095 1074 2146 que
1113 2093 1299 2132 oscune
1329 2077 1623 2142 tense,'onc
1661 2090 1807 2132 autre

224 2150 671 2213 desozdinement,
700 2149 797 2201 soit
833 2148 959 2201 celle
997 2149 1128 2201 mise
1154 2165 1215 2201 en
1241 2150 1428 2201 silence
1465 2165 1561 2217 por
1588 2150 1713 2214 tice,
1755 2159 1806 2203 et

227 2223 397 2288 teigne
421 2223 471 2290 lo
492 2235 751 2289 penaunce
772 2228 869 2290 tres
888 2221 1031 2290 jour.
1057 2219 1293 2288 Denique
1310 2219 1718 2290 Carthusienses
1749 2224 1803 2273 in

227 2291 376 2343 Nova
409 2289 739 2345 Collectione
770 2289 1098 2344 Statutorum
1125 2290 1194 2360 (ιι
1219 2300 1352 2360 part.
1373 2331 1390 2353 ,
1416 2307 1458 2342 c.
1496 2289 1591 2353 14,
1614 2308 1669 2345 η.
1694 2294 1759 2356 7)
1788 2309 1799 2343 :

232 2380 253 2411 ι
290 2362 388 2426 Qui
446 2362 649 2429 absque
701 2361 912 2414 licentia
963 2360 1233 2415 silentium
1284 2360 1538 2428 fregerit,
1590 2362 1803 2430 culpam

226 2447 382 2485 suam
418 2441 800 2498 recognoscat,
831 2441 885 2485 et
924 2431 1258 2498 disciplinam
1298 2446 1417 2485 cum
1459 2431 1620 2499 virgis
1659 2433 1802 2485 acci-

229 2506 340 2566 piat
382 2503 435 2556 in
476 2502 740 2555 dominica
787 2501 1028 2570 proxime
1067 2502 1432 2570 sequenti....
1463 2502 1518 2555 Si
1558 2512 1804 2556 assuetus

228 2572 393 2625 fuerit
424 2573 476 2625 in
512 2572 823 2641 lragendu,
850 2572 972 2625 vino
1003 2571 1258 2639 privetur,
1290 2583 1378 2624 aut
1400 2571 1464 2625 ad
1489 2581 1682 2626 terram
1707 2588 1800 2627 co-

228 2645 448 2705 medat,
497 2643 578 2697 vel
625 2644 726 2696 alia
775 2658 928 2711 prena
972 2642 1197 2695 arbitrio
1240 2643 1436 2712 prioris
1480 2645 1746 2711 puniatur.
1781 2663 1797 2695 i

231 2714 298 2766 Et
339 2714 466 2767 alihi
513 2712 684 2782 (Cap.
719 2714 782 2775 8,
814 2731 867 2765 η.
906 2713 1019 2780 5):
1060 2733 1078 2762 ι
1110 2712 1356 2767 Dicentes
1399 2725 1574 2768 autem
1617 2713 1805 2780 culpas

228 2798 361 2836 suas
398 2785 467 2837 de
503 2785 758 2838 iractione
793 2784 989 2837 silentii
1019 2783 1218 2837 debent
1261 2783 1558 2851 exprimere
1595 2784 1803 2849 locum,

230 2855 377 2907 vices
434 2863 487 2909 et
547 2855 831 2921 qualtates
876 2868 1259 2923 personarum;
1313 2863 1369 2907 et
1425 2864 1672 2908 tenentur
1719 2855 1806 2908 di-

227 2924 492 2990 sciplinas
533 2940 653 2979 cum
693 2926 853 2992 virgis
892 2940 922 2978 a
954 2923 1278 2993 prmsidente
1300 2925 1568 2994 recipere.
1598 2965 1609 2977 .
1638 2962 1652 2977 .
1679 2964 1694 2978 .
1738 2926 1808 2979 Et

228 3010 422 3049 attines
452 2997 656 3059 priores
681 3004 926 3060 servent,
953 3003 1011 3051 et
1032 3010 1249 3049 servare
1286 2995 1478 3048 faciant
1519 2996 1658 3050 istud
1696 3007 1806 3049 sta-

230 3077 406 3118 tutum
449 3066 520 3120 de
557 3065 857 3133 disciplinis
900 3080 995 3134 pro
1034 3064 1293 3119 fractione
1333 3066 1526 3120 silentii
1568 3066 1802 3132 dandis;

231 3138 372 3190 alias
406 3136 712 3191 visitatores
739 3150 901 3206 super
930 3137 1030 3191 hoc
1060 3136 1389 3205 provideant.
1422 3156 1441 3189 ι

307 3236 444 3302 Quia
471 3237 715 3307 scriptum
747 3246 853 3290 est:
884 3234 947 3289 In
980 3235 1300 3307 multiloquio
1326 3252 1425 3289 non
1449 3236 1658 3307 e/fugies
1686 3254 1803 3307 pec-

230 3317 425 3359 catum.
456 3325 475 3358 ι
506 3306 633 3361 Nam
675 3306 1100 3376 multiloquium,
1136 3306 1199 3359 ut
1228 3308 1302 3359 ait
1340 3308 1397 3361 S.
1432 3306 1804 3363 luannes’CIi-

229 3391 421 3432 tnacus
449 3375 637 3448 (Graii.
664 3377 754 3447 tt)
774 3420 790 3445 ,
820 3375 977 3449 sedes
1004 3387 1088 3431 est
1114 3392 1261 3431 vana:
1285 3377 1465 3447 gloria:
1485 3420 1501 3443 ,
1528 3394 1622 3446 per
1643 3394 1802 3449 quam

230 3449 469 3514 seipsam
512 3457 811 3514 ostentare,
842 3456 896 3501 et
924 3448 977 3501 in
1007 3462 1237 3501 scaenam
1267 3463 1329 3503 ac
1359 3450 1625 3503 theatrum
1662 3448 1805 3505 solet

228 3518 521 3589 deducere.
551 3519 937 3587 Multiloquium
963 3528 1045 3573 est
1066 3519 1377 3589 ignorantiae.
1406 3529 1800 3586 argumentum,

230 3587 471 3644 fenestra
524 3590 960 3652 obtrectationis,
1008 3587 1311 3642 scurrilium
1365 3599 1801 3658 nugamentorunt

230 3660 522 3730 magistra,
556 3660 795 3714 ministra
829 3660 1121 3724 mendacii,
1153 3659 1572 3728 compunctionis
1600 3661 1806 3715 abSter-

228 3731 351 3792 sio,
392 3733 595 3785 auctrix
635 3741 686 3784 et
721 3730 1060 3785 conciliatrix
1102 3732 1351 3799 ignavia,
1385 3732 1555 3784 somni
1589 3733 1801 3798 nuntia,

228 3802 600 3855 meditationis
629 3802 926 3866 distractio,
950 3805 1201 3855 (ςιιειοόιεε
1230 3801 1405 3856 cordis
1433 3800 1670 3865 abolitio,
1699 3802 1805 3857 ler-

230 3872 383 3925 voris
405 3872 571 3925 divini
600 3872 952 3942 frigidarium.
982 3871 1237 3925 orationis
1264 3872 1483 3940 languor
1506 3887 1597 3926 seu
1627 3876 1803 3939 potius

231 3944 581 3996 exstinctioa
609 3943 743 4009 Quid
770 3955 945 3996 autem
973 3942 1042 3995 sit
1069 3942 1457 4012 multiloquium
1488 3942 1715 4010 expliCat
1744 3944 1802 3998 S.

229 4014 680 4085 Augustinushis
710 4013 883 4067 verbis
914 4012 1050 4081 (Lib.
1081 4028 1137 4067 tit
1164 4022 1340 4066 contra
1364 4013 1529 4067 Cresc.
1564 4030 1679 4080 cap.
1708 4015 1760 4085 1)
1788 4030 1802 4066 :

241 4106 261 4133 ι
290 4082 683 4155 Mulliloquiuut
731 4085 887 4155 139
925 4092 1007 4138 est
1042 4086 1306 4152 superﬂua
1350 4086 1575 4155 locutio,
1621 4082 1804 4139 vitium

232 4153 447 4207 scilicet
474 4155 717 4223 loquendi
737 4153 927 4210 amore
959 4165 1312 4209 contractum.
1360 4153 1682 4221 Plerumque
1710 4173 1807 4209 au-

232 4234 344 4295 tem
377 4224 516 4293 loqui
544 4235 722 4278 amant
752 4225 912 4279 etiatn
944 4225 1034 4294 qui
1066 4225 1312 4279 nesciunt
1340 4225 1462 4295 quid
1496 4225 1803 4295 loqitantur,

232 4294 322 4348 vel
353 4295 622 4362 quomodo
654 4297 950 4361 loquantur.
989 4314 1007 4346 ι
1037 4296 1101 4349 Et
1147 4295 1269 4349 alibi
1310 4294 1457 4365 (Lib.
1494 4312 1508 4349 l
1553 4294 1806 4359 Retract.,

230 4367 286 4417 in
309 4366 508 4436 prol.):
541 4384 557 4416 t
585 4365 738 4437 Absit
767 4375 822 4419 ut
863 4366 1252 4432 multiloquium
1283 4366 1563 4434 deputem,
1595 4368 1805 4437 quando

232 4435 542 4489 necessaria
576 4435 842 4496 dicuntur.
887 4438 1215 4505 quantalibet
1254 4451 1556 4490 semianimi
1592 4435 1809 4503 prolixi-

232 4515 346 4579 tata
389 4506 661 4579 dicantur.
694 4525 713 4559 ι
758 4507 1057 4561 Ostendens
1101 4523 1219 4561 eum
1267 4507 1437 4560 solum
1487 4509 1804 4579 multiloquii

230 4577 665 4648 vitioglaborire.
695 4579 785 4648 qui
818 4580 978 4631 multa
1011 4580 1126 4632 sine
1155 4587 1470 4632 necessitate
1496 4595 1509 4643 ;
1545 4594 1648 4631 non
1674 4577 1795 4633 eum

230 4650 322 4715 qui
363 4646 503 4716 justa
542 4663 605 4701 ex
637 4646 830 4716 causa,
865 4650 1071 4702 ratione
1103 4652 1185 4703 sui
1220 4648 1413 4715 ollieii,
1451 4658 1543 4702 aut
1576 4651 1798 4705 alterius

228 4717 568 4772 necessitatis
610 4719 837 4789 loquitur
873 4719 1056 4772 multa.

305 4806 377 4882 Et
415 4809 571 4864 alibi:
603 4808 745 4864 Mora
772 4819 819 4864 et
850 4811 1040 4882 vitain
1081 4810 1308 4864 monibus
1348 4808 1581 4882 lingua]
1626 4811 1803 4867 Potest

226 4880 380 4934 enim
409 4882 685 4945 occidere,
717 4891 809 4934 aut
838 4881 1137 4946 vivilicare,
1174 4891 1229 4934 et
1265 4895 1388 4935 eum
1425 4880 1514 4949 qui
1547 4882 1803 4950 loquitur,

228 4959 288 5006 et
325 4965 449 5004 eum
491 4955 575 5005 cui
617 4952 869 5021 loquitur,
907 4965 962 5006 et
1002 4967 1122 5006 eum
1160 4950 1232 5006 de
1270 4967 1375 5019 quo
1412 4951 1665 5019 loquitur.

305 5039 449 5124 Ngm
476 5043 615 5124 loqui
638 5052 684 5097 et
708 5044 885 5124 docere
909 5044 1206 5124 magistrum
1233 5044 1526 5116 σπάθαι]
1552 5043 1794 5124 llli_eniin

225 5112 680 5186 per‘PrOphetam
713 5114 904 5169 dicitur
928 5132 941 5167 :
969 5112 1147 5167 Clama
1165 5158 1180 5180 ,
1207 5130 1269 5167 ne
1292 5131 1483 5180 cesses,
1508 5112 1649 5186 quasi
1677 5115 1801 5169 tuba

222 5182 410 5239 exalto
445 5182 611 5239 uocem
647 5194 786 5239 tuam
808 5226 823 5250 ,
863 5194 911 5239 et
948 5188 1194 5237 annuntio
1235 5189 1424 5253 populo
1463 5182 1571 5240 meo
1607 5186 1798 5239 scelero

229 5269 447 5321 eorum,
486 5267 536 5309 et
575 5256 747 5309 domui
786 5256 946 5309 Jacob
986 5267 1190 5324 peccata
1227 5271 1399 5308 eorum
1425 5254 1586 5324 (luti.
1614 5272 1735 5310 cvm
1756 5275 1799 5323 ).

232 5328 496 5392 Apposite
535 5336 711 5381 autem
748 5327 803 5381 S.
851 5327 1167 5381 Benedictus
1205 5329 1279 5379 ait
1319 5328 1456 5395 loqui
1495 5338 1542 5380 et
1581 5335 1800 5381 docere:

234 5412 255 5448 ι
291 5400 350 5449 tu
379 5407 461 5451 est
488 5396 556 5467 ad
586 5398 686 5452 hoc
724 5398 883 5452 debet
922 5398 1066 5467 loqui
1109 5407 1166 5451 ut
1203 5396 1428 5462 doceat,
1461 5398 1630 5467 inquit
1673 5397 1799 5451 Ber-

233 5467 434 5520 nardus
476 5466 807 5524 Cassinensis
834 5486 846 5521 :
879 5466 1049 5537 neque
1072 5468 1212 5522 enim
1240 5468 1403 5522 verba
1432 5466 1666 5537 magistri
1701 5469 1794 5523 de-

234 5539 366 5590 lient
389 5554 508 5593 eSse
536 5539 635 5593 nisi
663 5538 900 5594 doctrina
923 5579 939 5604 ,
982 5539 1101 5608 quia
1127 5540 1215 5608 qui
1258 5539 1395 5592 alios
1434 5541 1689 5593 admouet
1728 5540 1797 5592 ad

226 5611 654 5664 taeiturnitatem
680 5653 694 5676 ,
739 5611 898 5664 debet
939 5612 1134 5665 habere
1176 5623 1478 5663 sermonem
1519 5612 1797 5664 mitilicali~

237 5695 357 5731 vum
383 5721 398 5741 ,
455 5680 661 5735 ratione
706 5690 973 5749 comptum
1000 5724 1015 5747 ,
1074 5692 1126 5734 et
1169 5696 1267 5733 suo
1316 5690 1557 5750 tempore
1599 5696 1800 5748 suaque

233 5751 567 5819 cougruitate
606 5756 905 5821 prolatum;
950 5751 1089 5806 unde
1126 5767 1231 5805 non
1287 5752 1419 5805 dixit
1468 5755 1527 5805 Β.
1581 5752 1791 5807 Benedi-

232 5830 356 5875 ctus
384 5834 585 5879 tantom
612 5820 625 5875 ξ
657 5820 960 5895 Magistrum
982 5825 1120 5895 loqui
1140 5823 1415 5888 condecet,
1452 5822 1546 5879 sed
1576 5824 1716 5893 loqui
1756 5831 1804 5877 et

1907 530 2147 583 doctrina
2191 528 2470 580 :edilicatio
2514 528 2648 596 ejus.
2680 547 2698 579 ι

1977 596 2167 669 Tacere
2201 608 2246 651 et
2278 599 2456 651 audite
2490 600 2742 669 discipulo
2775 600 3023 653 convenit.
3032 613 3047 669 ι
3081 598 3214 653 llinc
3248 599 3489 667 Sctiptu-

1906 682 2003 731 ra;
2045 668 2215 734 Audi,
2265 668 2714 740 inquitttacens,
2756 679 2803 721 et
2839 686 2934 740 pro
2969 668 3244 723 reuerentia
3284 673 3490 725 accedet

1908 742 1997 792 tibi
2036 740 2166 791 bona
2205 740 2369 807 gratia
2415 737 2619 806 (Eccli.
2666 737 2875 809 xxxtt
2923 740 3087 793 Plane
3131 743 3331 807 primus
3371 742 3490 810 phi-

1910 810 2187 881 losophiaj
2215 823 2548 872 nuncupatur
2591 819 2645 864 et
2688 811 2922 881 creditor
2967 811 3292 881 Pythagoras
3328 827 3488 867 atcu-

1906 881 2095 936 deutes
2140 880 2429 948 discipulos
2480 881 2609 933 nihil
2656 891 2781 934 ante
2833 880 3019 935 docuit
3063 897 3222 949 quam
3269 891 3486 947 tacere;

1906 951 2185 1020 primaque
2226 950 2362 1009 apud
2408 966 2531 1004 eum
2571 951 2845 1005 meditatio
2889 950 3066 1005 futuro
3104 954 3329 1021 sapienti
3369 966 3488 1008 erat

1908 1022 2144 1092 linguam
2178 1036 2392 1093 omnem
2428 1037 2715 1093 coercere:
2755 1023 2897 1075 unde
2939 1032 2991 1075 et
3030 1024 3379 1093 quinquennii
3417 1027 3493 1079 sie

1906 1090 2127 1145 leniium
2173 1090 2447 1158 discipulis
2492 1092 2836 1161 imponebat;
2880 1093 3019 1160 quod
3066 1090 3270 1157 illi,'ut
3313 1095 3489 1161 profa-

1907 1178 2028 1216 nam
2074 1161 2341 1215 discerent
2386 1162 2807 1232 philosophiam,
2836 1163 2965 1216 muti
3006 1178 3125 1216 cum
3155 1165 3347 1232 gaudio
3371 1181 3489 1233 per-

1906 1235 2207 1287 solvetiaiu.
2254 1234 2416 1286 Multo
2462 1247 2558 1284 nos
2601 1233 2792 1300 potiori
2830 1234 2987 1301 jure,
3030 1244 3232 1302 utpote
3252 1237 3490 1291 cetratis

1908 1303 2259 1373 philosophia:
2299 1303 2613 1371 discipulos.
2642 1314 2819 1357 tacere
2858 1305 3157 1369 condecet;
3206 1306 3303 1360 nisi
3349 1305 3489 1362 forte

1908 1374 2154 1426 monachi
2188 1387 2366 1426 mores
2396 1385 2449 1426 et
2481 1374 2870 1441 professionem
2902 1389 3101 1429 exuere
3131 1377 3338 1429 animus
3370 1378 3442 1431 sit
3468 1396 3481 1431 :

1912 1444 2063 1515 «Vita
2088 1443 2507 1515 eniminonachi
2528 1484 2543 1507 ,
2573 1445 2744 1512 inquit
2766 1443 3000 1499 Joannes
3026 1446 3316 1500 Monachus
3344 1447 3485 1515 (Lib.

1908 1530 1941 1567 ιι
1972 1514 2099 1567 Vitae
2123 1515 2184 1569 S.
2214 1514 2434 1576 Odonis,
2459 1531 2512 1567 n.
2551 1517 2636 1575 ll,
2661 1531 2779 1569 stac.
2803 1518 2859 1578 γ)
2878 1559 2891 1581 ,
2925 1531 3095 1584 usque
3123 1516 3260 1571 adeo
3284 1514 3367 1571 est
3390 1521 3489 1574 ali-

1906 1585 2035 1655 quid
2078 1585 2250 1639 donec
2291 1586 2391 1637 sub
2431 1585 2647 1638 silentio
2676 1601 2794 1639 esse
2824 1587 3119 1640 studueiit:
3156 1601 3221 1641 eo
3251 1604 3376 1643 vero
3406 1606 3490 1643 rc-

1907 1664 2053 1709 moto
2073 1697 2101 1729 ,_
2121 1656 2378 1729 quidquid
2410 1655 2545 1729 bene
2574 1668 2626 1709 et
2658 1656 2884 1729 honeste
2906 1671 2965 1729 se
2984 1671 3144 1729 agere
3186 1663 3486 1727 putaverit,

1905 1726 2196 1780 secundum
2230 1727 2620 1780 institutionem
2654 1728 2865 1780 Patrum
2899 1726 3043 1781 nihil
3061 1729 3186 1783 erit.
3218 1747 3237 1780 ι

1832 1838 1881 1898 Β
1978 1794 2046 1849 Et
2070 1798 2184 1849 ideo
2210 1798 2254 1850 si
2283 1812 2386 1866 qua
2410 1797 2715 1866 requirenda
2739 1796 2904 1868 suut.]
2936 1797 3241 1868 Corporaiis
3275 1800 3489 1869 spirita-

1906 1865 2041 1921 lisve
2068 1867 2423 1921 necessitatis.

1977 1882 2041 1922 ve
2068 1867 2423 1921 necessitatis.

1976 1961 2021 2012 A
2052 1957 2262 2031 priore.]
2292 1957 2360 2031 id
2391 1969 2464 2013 est
2494 1960 2780 2031 superiore,
2812 1959 2929 2015 inﬁt
2958 1960 3205 2017 Nicolaus
3244 1963 3312 2019 tle
3353 1964 3483 2019 Fra-

1906 2040 2080 2103 ctura,
2112 2031 2230 2103 sive
2246 2030 2469 2103 abbate,
2503 2030 2593 2103 qui
2624 2032 2845 2103 nomine,
2866 2032 3060 2100 prioris
3090 2035 3403 2103 intelligitur
3434 2037 3487 2092 i.t

1908 2101 2162 2155 omnibus
2204 2100 2433 2172 Regulze
2461 2102 2589 2156 locis
2610 2141 2624 2164 ,
2658 2102 2709 2154 in
2741 2102 2933 2171 quibus
2965 2119 3063 2155 vox
3094 2106 3234 2172 prior
3264 2100 3488 2162 sumitur

1910 2172 2275 2246 singulariter,
2309 2170 2668 2246 et_a_bso|nte,
2699 2170 2884 2246 etnon
2918 2170 3248 2246 resiiective,
3280 2186 3337 2230 ut
3366 2193 3464 2246 pro

1908 2241 1999 2295 bat
2030 2242 2334 2297 Menardus.
2370 2242 2466 2296 Hic
2496 2251 2671 2295 tamen
2706 2244 2895 2310 prioris
2926 2245 3238 2299 vocabulum
3271 2241 3379 2301 non
3404 2264 3485 2301 sos

1909 2315 2014 2385 litin
2050 2328 2143 2380 pro
2172 2313 2395 2376 abbate,
2425 2315 2519 2367 sed
2548 2312 2708 2367 etiam
2744 2331 2762 2364 ι
2788 2329 2881 2382 pro
2905 2328 3223 2384 quocunque
3253 2320 3483 2385 seniore,

1913 2383 1996 2454 vel
2048 2385 2223 2449 priore
2276 2392 2517 2454 tempore
2548 2401 2566 2433 ι
2603 2385 2844 2454 usurpari
2900 2383 3146 2437 aestimat
3183 2383 3480 2454 ltotierius:

1906 2452 2139 2508 Joannes
2178 2467 2306 2507 vero
2330 2451 2693 2508 Craesbreeck
2731 2468 2826 2521 pro
2865 2469 2929 2506 eo
2970 2456 3059 2523 qui
3104 2456 3247 2523 prior
3276 2468 3359 2511 est
3391 2451 3483 2513 or;

1904 2525 2067 2597 dine,
2100 2524 2252 2597 loco,
2282 2532 2441 2577 aetate
2462 2524 2749 2597 .AdOClliﬂd
2774 2566 2788 2587 ,
2820 2521 3048 2597 alicujus
3088 2521 3216 2580 artis
3258 2527 3446 2594 peritia
3467 2571 3485 2597 ,

1904 2594 2129 2657 quilibet
2157 2595 2360 2648 scilicet
2384 2593 2583 2657 senior,
2612 2593 2942 2663 prudentior,
2972 2595 3210 2661 doctior;
3240 2593 3485 2655 Nicotaus

1913 2664 2114 2719 Bravos
2146 2679 2242 2733 pro
2272 2679 2337 2718 eo
2366 2665 2458 2735 qui
2490 2672 2682 2733 pricest
2706 2674 2989 2717 conventut
3013 2706 3026 2726 ,
3057 2667 3169 2722 sive
3200 2667 3269 2721 sit
3298 2670 3484 2735 abbas,

1906 2745 1995 2787 aut
2037 2738 2391 2804 prmpustttts,
2437 2745 2528 2788 aut
2565 2735 2736 2804 quivis
2780 2735 2914 2787 alius
2961 2737 3299 2803 professione
3345 2746 3485 2794 anti-

1906 2805 2084 2879 quior.
2135 2805 2322 2879 Posset
2365 2806 2527 2879 etiam
2576 2805 2813 2879 intelligi
2850 2805 2917 2859 de
2960 2818 3286 2879 νιέιιίιερρςιιυ,
3332 2809 3483 2879 juxta

1906 2873 2037 2930 illud
2058 2873 2566 2949 llegulaiCujusdam
2595 2877 2658 2949 ad
2688 2873 2919 2949 virgines
2948 2874 3097 2946 (Cap.
3122 2878 3214 2949 22)
3243 2896 3297 2935 τι
3330 2873 3484 2937 Nulla

1908 2948 2289 3022 monacharum
2333 2962 2425 3022 per
2463 2947 2806 3010 semetipsani
2849 2946 3364 3022 de_propri:i'190
3394 2966 3483 3007 ne-

1906 3016 2156 3092 cessitate
2195 3017 2480 3092 ahbatissae
2525 3026 2809 3089 suggerat,
2856 3017 2949 3092 sed
2993 3032 3180 3092 omnes
3208 3016 3484 3092 Iiér'pm.

1906 3088 2132 3156 positam
2163 3087 2419 3158 quidquid
2453 3087 2833 3143 necessitatum
2876 3087 3037 3142 fuerit
3064 3087 3483 3148 abbatissae'stu-

1905 3158 2066 3214 deant
2105 3158 2369 3212 intimare.
2400 3176 2419 3210 ι

1832 3220 1877 3283 C
1976 3248 2105 3323 Cum
2142 3251 2294 3323 omni
2317 3250 2601 3323 humilitate
2640 3260 2684 3304 et
2723 3252 3034 3323 subjeciione
3073 3256 3365 3310 reverentia:
3403 3273 3484 3311 re-

1907 3322 2196 3388 quirantur.
2218 3319 2236 3391 ‘]
2270 3321 2350 3374 Ad
2380 3338 2536 3389 quem
2569 3323 2743 3377 locum
2778 3319 3079 3379 Bernartius
3108 3327 3483 3384 Cassinensis:

1912 3392 2084 3465 «(Tria
2106 3432 2119 3452 .
2154 3391 2358 3465 inquit,
2394 3393 2541 3458 ponit
2570 3392 2620 3446 in
2650 3393 2829 3465 verbis
2858 3394 3079 3448 utilibus
3108 3395 3441 3451 observanda
3465 3438 3482 3465 ,

1908 3463 2152 3517 videlicet
2176 3461 2527 3515 humilitatem
2544 3503 2558 3523 .
2584 3462 2973 3531 siibjectonem
2990 3505 3005 3529 ,
3028 3475 3082 3519 et
3108 3461 3483 3526 reverentiam.

1911 3532 2194 3607 Iltttuililas
2246 3532 2470 3607 interius
2524 3534 2840 3607 monachum
2884 3536 3168 3607 rdlSpmlll;
3218 3538 3484 3607 sulijemio

1908 3604 2177 3657 subditum
2208 3617 2328 3657 esse
2360 3602 2413 3655 in
2443 3604 2607 3672 geStis
2638 3604 2998 3659 exterioribus
3038 3602 3479 3673 ostendit,’ordi-

1908 3683 2030 3738 nat,
2056 3683 2109 3729 et
2133 3673 2398 3742 disponit;
2428 3685 2483 3726 et
2508 3676 2806 3728 reverentia
2826 3691 3127 3730 sermonem
3152 3677 3333 3731 debito
3359 3696 3479 3733 eon-

1908 3745 2145 3799 dimento
2174 3742 2600 3810 compatiit.iVel
2626 3745 2783 3799 etiam
2814 3761 2932 3798 cum
2962 3746 3254 3801 humilitate
3281 3759 3334 3803 et
3356 3751 3481 3806 sub-

1906 3815 2135 3888 jectione
2166 3817 2474 3868 reverentiae
2496 3855 2510 3877 ,
2542 3815 2589 3867 id
2621 3824 2703 3867 est
2731 3817 3066 3888 utquidquid
3101 3822 3479 3888 responderit,

1908 3895 2079 3940 ratum
2108 3887 2377 3958 ﬁxumque
2405 3894 2669 3958 teneatur,
2696 3885 2824 3939 nihil
2849 3885 3066 3955 prorsus
3092 3885 3372 3958 objiciens.
3405 3885 3483 3948 es

1911 3972 2011 4009 nis.
2059 3965 2235 4010 autem
2278 3956 2477 4026 itegula
2520 3957 2705 4027 incerti
2745 3960 2977 4012 auctoris
3023 3974 3140 4027 cap.
3161 3956 3244 4014 ’δι
3278 3983 3294 4013 ι
3327 3962 3483 4019 Hora

1912 4027 2004 4102 tibi
2031 4029 2096 4080 ad
2128 4041 2269 4102 aptis
2318 4026 2673 4102 exercendum
2699 4027 2986 4102 ‘deputatis
3027 4032 3279 4102 quidquid
3323 4051 3483 4090 mini-

1912 4100 2036 4151 stris
2068 4098 2168 4152 tuis
2212 4110 2264 4151 et
2295 4098 2385 4150 tibi
2421 4112 2639 4151 necesse
2693 4097 2849 4152 fuerit
2874 4140 2888 4162 ,
2932 4097 3339 4158 invicem’brevi
3368 4121 3482 4160 ser-

1914 4184 2071 4222 mone
2096 4168 2395 4222 del‘inienda
2420 4177 2501 4222 est
2526 4169 2851 4235 querimonia
2870 4209 2883 4224 .
2902 4209 2917 4223 .
2936 4213 2951 4224 .
2970 4209 2984 4224 .
3019 4170 3151 4225 Cum
3178 4184 3353 4229 autem
3386 4178 3483 4232 tibi

1913 4240 2203 4312 necessitas
2251 4238 2508 4312 incumbit
2548 4241 2828 4312 loquendi,
2871 4252 3161 4296 auctoritas
3200 4247 3477 4312 cujusdam

1909 4310 2076 4383 sancti
2121 4309 2293 4363 Patris
2329 4308 2482 4383 jubet
2525 4321 2582 4364 ut
2631 4311 2777 4365 dicas
2811 4312 2955 4378 prius
2996 4314 3191 4367 tertio:
3230 4308 3479 4383 Domine,

1910 4380 2047 4433 labia
2089 4397 2199 4432 mea
2243 4380 2474 4446 aperies,
2520 4390 2564 4433 et
2608 4397 2664 4433 os
2703 4398 2869 4434 meum
2910 4386 3233 4438 annuntiabit
3276 4380 3481 4442 laudent

1908 4460 2088 4524 tuam:
2120 4464 2224 4518 quo
2255 4450 2526 4524 perdicto,
2561 4467 2684 4524 mox
2723 4468 2843 4505 cum
2893 4456 3035 4507 omni
3067 4458 3372 4524 celeritate,
3406 4461 3483 4514 le-

1911 4522 2333 4595 stinanter,ciim
2349 4521 2563 4595 fervore
2587 4523 2859 4595 charitatis
2881 4524 3044 4578 redde
3071 4521 3384 4595 responsum
3404 4532 3483 4584 le-

1830 4599 1880 4659 ι)
1909 4592 2065 4663 vitcr,
2092 4601 2147 4663 et
2174 4592 2289 4644 sine
2318 4592 2425 4644 risu
2446 4636 2459 4656 ,
2490 4591 2782 4659 humiliter,
2810 4605 2861 4647 et
2893 4610 3057 4663 pauca
3105 4591 3265 4652 verba
3306 4612 3359 4654 et
3390 4616 3479 4654 ra-

1907 4662 2175 4716 tionabilia
2204 4663 2457 4730 loquaris.
2494 4681 2513 4713 ι

1978 4762 2330 4818 Scurrilitatea
2370 4778 2505 4817 vero.
2540 4764 2676 4830 Quid
2707 4766 2776 4819 sit
2805 4769 3097 4824 scurrilitas
3126 4769 3380 4826 discimus
3409 4788 3479 4830 ex

1909 4836 1967 4889 S.
2001 4833 2354 4903 Hieronymo,
2398 4834 2780 4904 stultiloquium
2825 4839 2962 4892 inter
3003 4851 3056 4893 et
3094 4843 3478 4900 scurrilitatem

1911 4906 2196 4980 discrimen
2207 4914 2293 4980 ua
2322 4906 2658 4980 explicante_:
2689 4926 2706 4956 ι
2732 4908 2871 4980 inter
2900 4911 3283 4980 stultiloquium
3312 4925 3365 4968 et
3395 4915 3481 4971 in-

1914 4988 1993 5030 ter
2032 4976 2403 5055 scurrilitatem
2444 4978 2581 5045 apud
2614 4976 2834 5055 Paulum
2855 4982 2884 5055 _(
2913 4978 2974 5031 In
3002 4976 3150 5055 epist.
3181 4986 3250 5037 ad
3278 4982 3473 5055 Ephes.

1917 5064 1963 5101 c.
1996 5063 2029 5101 v
2055 5057 2069 5110 )
2100 5048 2199 5099 hoc
2242 5056 2497 5118 interest,
2536 5051 2676 5117 quod
2719 5048 3106 5118 stultiloquium
3148 5056 3279 5109 nihil
3328 5048 3387 5111 in
3416 5073 3477 5114 se

1903 5118 2207 5190 sapiens_et
2235 5116 2397 5190 corde
2441 5116 2669 5172 hominis
2708 5119 2924 5190 dignum
2944 5116 3132 5178 habet.
3163 5125 3478 5183 Scurrilitas

1902 5187 1979 5243 de
2013 5187 2267 5268 prudenti
2301 5199 2478 5268 mente
2523 5187 2797 5268 descendit
2816 5232 2847 5268 ,_
2877 5202 2933 5247 et
2979 5196 3225 5268 consulto
3267 5200 3476 5268 appetit

1902 5260 2147 5335 quadam
2187 5257 2271 5312 vel
2314 5259 2513 5313 urbana
2543 5261 2738 5335 verba,
2769 5264 2850 5335 vel
2882 5265 3090 5333 turpia,
3125 5268 3204 5322 vel
3234 5257 3472 5335 rustica,

1906 5332 1984 5385 vel
2018 5330 2223 5392 faceta;
2253 5343 2411 5406 quam
2446 5345 2544 5384 nos
2576 5330 2984 5400 jocularitatem'
3006 5335 3113 5391 alio
3150 5341 3314 5392 verbo
3345 5330 3473 5406 pos;

1904 5416 2089 5455 sumus
2110 5399 2407 5467 appellare,
2437 5409 2495 5454 ut
2524 5399 2686 5456 risum
2717 5416 2926 5459 moveat
2952 5409 3309 5462 audientibus.
3339 5399 3360 5459 ἱ
3391 5409 3474 5463 Ex

1905 5473 2097 5541 quibus
2138 5471 2392 5524 habemus
2430 5473 2802 5545 scurrilitatem
2844 5490 3002 5545 posse
3037 5476 3090 5531 in
3132 5478 3320 5532 bonam
3353 5494 3471 5533 ma-

1899 5544 2110 5616 lamque
2156 5552 2356 5607 partem
2395 5544 2599 5616 accipi,
2641 5554 2697 5616 ut
2739 5544 2859 5612 pote
2894 5563 3013 5616 quae
3052 5560 3106 5602 et
3144 5550 3199 5602 in
3229 5551 3471 5615 urbana,

1898 5624 1951 5667 et
1981 5613 2030 5665 in
2061 5616 2226 5679 turpi.
2258 5616 2414 5666 verba
2441 5628 2501 5668 se
2525 5613 2778 5668 etlimdat.
2809 5613 2925 5672 Sed
2943 5620 3030 5673 hic
3049 5634 3078 5671 a
3100 5619 3158 5673 S.
3183 5613 3473 5676 Benedicto

1900 5686 2036 5737 sumi
2069 5685 2120 5737 in
2152 5685 2344 5738 malam
2385 5693 2587 5753 partem
2627 5698 2835 5741 conatat
2868 5703 2933 5743 ex
2970 5693 3235 5745 communi
3268 5702 3324 5747 et
3354 5693 3472 5745 uni-

1902 5756 2097 5809 versali
2138 5755 2374 5809 omnium
2412 5757 2715 5820 sententia;
2756 5760 2897 5815 unde
2941 5761 3240 5818 Bernartius
3283 5762 3469 5817 Cassi-

1905 5829 2087 5881 nensis
2115 5826 2492 5882 scurrilitatem
2522 5827 2828 5897 describens
2858 5834 2932 5886 ait
2956 5849 2967 5883 ε
3009 5850 3028 5883 ι
3051 5831 3356 5891 Scurrilitas
3382 5841 3472 5890 est.
