  <div class='ocr_page' id='page_1' title='image "/cluster/home/n/w/nwhite01/storage/ocr_20150623/66/hvd.32044054758701/189.png"; bbox 0 0 3952 6182; ppageno 0'>
   <div class='ocr_carea' id='block_1_1' title="bbox 511 339 623 395">
    <p class='ocr_par' dir='ltr' id='par_1_1' title="bbox 511 339 623 395">
     <span class='ocr_line' id='line_1_1' title="bbox 511 339 623 395; baseline 0.009 -1"><span class='ocrx_word' id='word_1_1' title='bbox 511 339 623 395; x_wconf 65' lang='grc' dir='ltr'><strong>’ἔρὕῖ</strong></span> 
     </span>
    </p>
   </div>
   <div class='ocr_carea' id='block_1_2' title="bbox 1806 332 2417 415">
    <p class='ocr_par' dir='ltr' id='par_1_2' title="bbox 1806 332 2417 415">
     <span class='ocr_line' id='line_1_2' title="bbox 1806 332 2417 415; baseline -0.005 -27"><span class='ocrx_word' id='word_1_2' title='bbox 1806 410 1809 415; x_wconf 32' lang='grc' dir='ltr'><strong>Ι</strong></span> <span class='ocrx_word' id='word_1_3' title='bbox 1856 333 1919 387; x_wconf 86' lang='lat' dir='ltr'><strong>S.</strong></span> <span class='ocrx_word' id='word_1_4' title='bbox 1959 333 2021 388; x_wconf 75' lang='grc' dir='ltr'>Ρ.</span> <span class='ocrx_word' id='word_1_5' title='bbox 2065 332 2417 387; x_wconf 67' lang='grc' dir='ltr'><strong>ΒΕΝῘΞΜΕΗ</strong></span> 
     </span>
    </p>
   </div>
   <div class='ocr_carea' id='block_1_3' title="bbox 3655 325 3757 379">
    <p class='ocr_par' dir='ltr' id='par_1_3' title="bbox 3655 325 3757 379">
     <span class='ocr_line' id='line_1_3' title="bbox 3655 325 3757 379; baseline 0.02 -2"><span class='ocrx_word' id='word_1_6' title='bbox 3655 325 3757 379; x_wconf 69' lang='lat'><strong>583</strong></span> 
     </span>
    </p>
   </div>
   <div class='ocr_carea' id='block_1_4' title="bbox 519 445 3757 522">
    <p class='ocr_par' dir='ltr' id='par_1_4' title="bbox 519 445 3757 522">
     <span class='ocr_line' id='line_1_4' title="bbox 519 445 3757 522; baseline -0.002 -15"><span class='ocrx_word' id='word_1_7' title='bbox 519 459 740 511; x_wconf 83' lang='lat' dir='ltr'><strong>verbum</strong></span> <span class='ocrx_word' id='word_1_8' title='bbox 782 463 967 522; x_wconf 98' lang='lat' dir='ltr'><strong>turpe,</strong></span> <span class='ocrx_word' id='word_1_9' title='bbox 1015 446 1284 517; x_wconf 94' lang='lat' dir='ltr'><strong>turpisque</strong></span> <span class='ocrx_word' id='word_1_10' title='bbox 1320 446 1462 516; x_wconf 85' lang='lat' dir='ltr'><strong>joci,</strong></span> <span class='ocrx_word' id='word_1_11' title='bbox 1500 445 1583 499; x_wconf 88' lang='lat' dir='ltr'><strong>vel</strong></span> <span class='ocrx_word' id='word_1_12' title='bbox 1627 445 1961 515; x_wconf 88' lang='lat' dir='ltr'><strong>improbum,</strong></span> <span class='ocrx_word' id='word_1_13' title='bbox 2006 448 2083 502; x_wconf 86' lang='lat' dir='ltr'><strong>vel</strong></span> <span class='ocrx_word' id='word_1_14' title='bbox 2120 453 2162 508; x_wconf 81' lang='grc' dir='ltr'>Α</span> <span class='ocrx_word' id='word_1_15' title='bbox 2193 446 2509 522; x_wconf 71' lang='lat' dir='ltr'><strong>detineatur,</strong></span> <span class='ocrx_word' id='word_1_16' title='bbox 2538 457 2592 502; x_wconf 90' lang='lat' dir='ltr'><strong>et</strong></span> <span class='ocrx_word' id='word_1_17' title='bbox 2629 449 2759 503; x_wconf 87' lang='lat' dir='ltr'><strong>alias</strong></span> <span class='ocrx_word' id='word_1_18' title='bbox 2802 462 2899 517; x_wconf 87' lang='lat' dir='ltr'><strong>pro</strong></span> <span class='ocrx_word' id='word_1_19' title='bbox 2935 446 3111 522; x_wconf 64' lang='lat' dir='ltr'><strong>culpae</strong></span> <span class='ocrx_word' id='word_1_20' title='bbox 3152 446 3341 502; x_wconf 88' lang='lat' dir='ltr'><strong>merito</strong></span> <span class='ocrx_word' id='word_1_21' title='bbox 3383 446 3451 522; x_wconf 73' lang='lat' dir='ltr'><strong>ad</strong></span> <span class='ocrx_word' id='word_1_22' title='bbox 3481 447 3757 522; x_wconf 62' lang='lat' dir='ltr'><strong>arbitrium</strong></span> 
     </span>
    </p>
   </div>
   <div class='ocr_carea' id='block_1_5' title="bbox 519 526 1073 594">
    <p class='ocr_par' dir='ltr' id='par_1_5' title="bbox 519 526 1073 594">
     <span class='ocr_line' id='line_1_5' title="bbox 519 526 1073 594; baseline -0.016 -12"><span class='ocrx_word' id='word_1_23' title='bbox 519 528 764 582; x_wconf 77' lang='lat' dir='ltr'><strong>irrisione</strong></span> <span class='ocrx_word' id='word_1_24' title='bbox 789 526 1023 594; x_wconf 86' lang='lat' dir='ltr'><strong>dignum.</strong></span> <span class='ocrx_word' id='word_1_25' title='bbox 1055 540 1073 573; x_wconf 74' lang='grc' dir='ltr'><strong>ι</strong></span> 
     </span>
    </p>
   </div>
   <div class='ocr_carea' id='block_1_6' title="bbox 595 588 2084 664">
    <p class='ocr_par' dir='ltr' id='par_1_6' title="bbox 595 588 2084 664">
     <span class='ocr_line' id='line_1_6' title="bbox 595 588 2084 664; baseline -0.004 -15"><span class='ocrx_word' id='word_1_26' title='bbox 595 588 904 664; x_wconf 73' lang='grc' dir='ltr'>ΙΙιιῙιιειιιοῖίι</span> <span class='ocrx_word' id='word_1_27' title='bbox 927 592 1288 664; x_wconf 75' lang='lat' dir='ltr'><strong>scurrilitates</strong></span> <span class='ocrx_word' id='word_1_28' title='bbox 1310 597 1508 664; x_wconf 57' lang='lat' dir='ltr'><strong>atterite</strong></span> <span class='ocrx_word' id='word_1_29' title='bbox 1529 589 1774 664; x_wconf 67' lang='lat' dir='ltr'><strong>clausura</strong></span> <span class='ocrx_word' id='word_1_30' title='bbox 1792 588 2007 643; x_wconf 88' lang='lat' dir='ltr'><strong>damnat</strong></span> <span class='ocrx_word' id='word_1_31' title='bbox 2025 588 2084 644; x_wconf 91' lang='lat' dir='ltr'><strong>S.</strong></span> 
     </span>
    </p>
   </div>
   <div class='ocr_carea' id='block_1_7' title="bbox 525 659 2084 730">
    <p class='ocr_par' dir='ltr' id='par_1_7' title="bbox 525 659 2084 730">
     <span class='ocr_line' id='line_1_7' title="bbox 525 659 2084 730; baseline -0.006 -7"><span class='ocrx_word' id='word_1_32' title='bbox 525 659 858 728; x_wconf 77' lang='lat' dir='ltr'><strong>Benedictus,</strong></span> <span class='ocrx_word' id='word_1_33' title='bbox 885 675 936 718; x_wconf 88' lang='lat' dir='ltr'><strong>et</strong></span> <span class='ocrx_word' id='word_1_34' title='bbox 963 674 1087 719; x_wconf 86' lang='lat' dir='ltr'><strong>ante</strong></span> <span class='ocrx_word' id='word_1_35' title='bbox 1110 678 1229 717; x_wconf 91' lang='lat' dir='ltr'><strong>eum</strong></span> <span class='ocrx_word' id='word_1_36' title='bbox 1258 662 1316 718; x_wconf 92' lang='lat' dir='ltr'><strong>S.</strong></span> <span class='ocrx_word' id='word_1_37' title='bbox 1349 662 1591 726; x_wconf 82' lang='lat' dir='ltr'><strong>Basilius,</strong></span> <span class='ocrx_word' id='word_1_38' title='bbox 1620 660 1675 715; x_wconf 91' lang='lat' dir='ltr'><strong>S.</strong></span> <span class='ocrx_word' id='word_1_39' title='bbox 1706 659 2084 730; x_wconf 83' lang='lat' dir='ltr'><strong>Hieronymus,</strong></span> 
     </span>
    </p>
   </div>
   <div class='ocr_carea' id='block_1_8' title="bbox 524 731 2087 801">
    <p class='ocr_par' dir='ltr' id='par_1_8' title="bbox 524 731 2087 801">
     <span class='ocr_line' id='line_1_8' title="bbox 524 731 2087 801; baseline -0.004 -7"><span class='ocrx_word' id='word_1_40' title='bbox 524 741 579 795; x_wconf 88' lang='lat' dir='ltr'><strong>S.</strong></span> <span class='ocrx_word' id='word_1_41' title='bbox 606 737 837 793; x_wconf 84' lang='lat' dir='ltr'><strong>Nicetius</strong></span> <span class='ocrx_word' id='word_1_42' title='bbox 855 778 869 801; x_wconf 94' lang='lat'><strong>,</strong></span> <span class='ocrx_word' id='word_1_43' title='bbox 895 747 944 789; x_wconf 91' lang='lat' dir='ltr'><strong>et</strong></span> <span class='ocrx_word' id='word_1_44' title='bbox 972 735 1081 787; x_wconf 91' lang='lat' dir='ltr'><strong>alii.</strong></span> <span class='ocrx_word' id='word_1_45' title='bbox 1112 735 1169 787; x_wconf 87' lang='lat' dir='ltr'><strong>S.</strong></span> <span class='ocrx_word' id='word_1_46' title='bbox 1196 733 1418 787; x_wconf 77' lang='lat' dir='ltr'><strong>Basilius</strong></span> <span class='ocrx_word' id='word_1_47' title='bbox 1447 731 1644 801; x_wconf 75' lang='lat' dir='ltr'><strong>(Const.</strong></span> <span class='ocrx_word' id='word_1_48' title='bbox 1672 740 1889 784; x_wconf 79' lang='lat' dir='ltr'><strong>manust.</strong></span> <span class='ocrx_word' id='word_1_49' title='bbox 1907 748 1954 785; x_wconf 91' lang='lat' dir='ltr'><strong>c.</strong></span> <span class='ocrx_word' id='word_1_50' title='bbox 1978 732 2087 800; x_wconf 81' lang='grc'>15).</span> 
     </span>
    </p>
   </div>
   <div class='ocr_carea' id='block_1_9' title="bbox 527 801 2090 872">
    <p class='ocr_par' dir='ltr' id='par_1_9' title="bbox 527 801 2090 872">
     <span class='ocr_line' id='line_1_9' title="bbox 527 801 2090 872; baseline -0.003 -11"><span class='ocrx_word' id='word_1_51' title='bbox 527 828 546 861; x_wconf 77' lang='lat' dir='ltr'><strong>t</strong></span> <span class='ocrx_word' id='word_1_52' title='bbox 576 810 814 861; x_wconf 68' lang='lat' dir='ltr'><strong>Vitanda:</strong></span> <span class='ocrx_word' id='word_1_53' title='bbox 845 817 1001 870; x_wconf 90' lang='lat' dir='ltr'><strong>sunt,</strong></span> <span class='ocrx_word' id='word_1_54' title='bbox 1035 805 1238 872; x_wconf 89' lang='lat' dir='ltr'><strong>inquit,</strong></span> <span class='ocrx_word' id='word_1_55' title='bbox 1268 817 1454 856; x_wconf 89' lang='lat' dir='ltr'><strong>omnes</strong></span> <span class='ocrx_word' id='word_1_56' title='bbox 1493 801 1711 855; x_wconf 86' lang='lat' dir='ltr'><strong>omnino</strong></span> <span class='ocrx_word' id='word_1_57' title='bbox 1750 804 1820 872; x_wconf 89' lang='lat' dir='ltr'><strong>in</strong></span> <span class='ocrx_word' id='word_1_58' title='bbox 1843 816 2090 856; x_wconf 90' lang='lat' dir='ltr'><strong>sermone</strong></span> 
     </span>
    </p>
   </div>
   <div class='ocr_carea' id='block_1_10' title="bbox 522 871 2091 942">
    <p class='ocr_par' dir='ltr' id='par_1_10' title="bbox 522 871 2091 942">
     <span class='ocr_line' id='line_1_10' title="bbox 522 871 2091 942; baseline -0.004 -9"><span class='ocrx_word' id='word_1_59' title='bbox 522 880 761 942; x_wconf 67' lang='lat' dir='ltr'><strong>facetiae,</strong></span> <span class='ocrx_word' id='word_1_60' title='bbox 793 888 847 933; x_wconf 91' lang='lat' dir='ltr'><strong>et</strong></span> <span class='ocrx_word' id='word_1_61' title='bbox 882 871 1123 930; x_wconf 83' lang='lat' dir='ltr'><strong>scurrilis</strong></span> <span class='ocrx_word' id='word_1_62' title='bbox 1162 873 1450 937; x_wconf 80' lang='lat' dir='ltr'><strong>dicacitas;</strong></span> <span class='ocrx_word' id='word_1_63' title='bbox 1494 871 1752 940; x_wconf 89' lang='lat' dir='ltr'><strong>siquidem</strong></span> <span class='ocrx_word' id='word_1_64' title='bbox 1798 871 1916 926; x_wconf 83' lang='lat' dir='ltr'><strong>fieri</strong></span> <span class='ocrx_word' id='word_1_65' title='bbox 1954 872 2091 926; x_wconf 92' lang='lat' dir='ltr'><strong>solet</strong></span> 
     </span>
    </p>
   </div>
   <div class='ocr_carea' id='block_1_11' title="bbox 523 942 2087 1019">
    <p class='ocr_par' dir='ltr' id='par_1_11' title="bbox 523 942 2087 1019">
     <span class='ocr_line' id='line_1_11' title="bbox 523 942 2087 1019; baseline -0.005 -15"><span class='ocrx_word' id='word_1_66' title='bbox 523 952 860 1019; x_wconf 78' lang='lat' dir='ltr'><strong>plerumque,</strong></span> <span class='ocrx_word' id='word_1_67' title='bbox 886 947 1051 1015; x_wconf 88' lang='lat' dir='ltr'><strong>utqui</strong></span> <span class='ocrx_word' id='word_1_68' title='bbox 1078 959 1199 1019; x_wconf 84' lang='lat' dir='ltr'><strong>sese</strong></span> <span class='ocrx_word' id='word_1_69' title='bbox 1227 946 1277 997; x_wconf 91' lang='lat' dir='ltr'><strong>in</strong></span> <span class='ocrx_word' id='word_1_70' title='bbox 1306 943 1460 997; x_wconf 88' lang='lat' dir='ltr'><strong>rebus</strong></span> <span class='ocrx_word' id='word_1_71' title='bbox 1486 942 1780 1019; x_wconf 77' lang='lat' dir='ltr'><strong>hujusmodi</strong></span> <span class='ocrx_word' id='word_1_72' title='bbox 1807 954 2087 1019; x_wconf 68' lang='lat' dir='ltr'><strong>occupant3</strong></span> 
     </span>
    </p>
   </div>
   <div class='ocr_carea' id='block_1_12' title="bbox 526 1014 2089 1081">
    <p class='ocr_par' dir='ltr' id='par_1_12' title="bbox 526 1014 2089 1081">
     <span class='ocr_line' id='line_1_12' title="bbox 526 1014 2089 1081; baseline -0.004 -7"><span class='ocrx_word' id='word_1_73' title='bbox 526 1014 561 1074; x_wconf 84' lang='lat' dir='ltr'><strong>ii</strong></span> <span class='ocrx_word' id='word_1_74' title='bbox 593 1014 791 1075; x_wconf 81' lang='lat' dir='ltr'><strong>rectam</strong></span> <span class='ocrx_word' id='word_1_75' title='bbox 819 1014 1076 1072; x_wconf 86' lang='lat' dir='ltr'><strong>rationem</strong></span> <span class='ocrx_word' id='word_1_76' title='bbox 1102 1017 1389 1078; x_wconf 84' lang='lat' dir='ltr'><strong>deserant;</strong></span> <span class='ocrx_word' id='word_1_77' title='bbox 1419 1014 1615 1081; x_wconf 83' lang='lat' dir='ltr'><strong>quippe</strong></span> <span class='ocrx_word' id='word_1_78' title='bbox 1635 1027 1755 1067; x_wconf 93' lang='lat' dir='ltr'><strong>cum</strong></span> <span class='ocrx_word' id='word_1_79' title='bbox 1778 1028 1844 1068; x_wconf 83' lang='lat' dir='ltr'><strong>ex</strong></span> <span class='ocrx_word' id='word_1_80' title='bbox 1870 1028 1936 1067; x_wconf 94' lang='lat' dir='ltr'><strong>eo</strong></span> <span class='ocrx_word' id='word_1_81' title='bbox 1960 1014 2089 1067; x_wconf 90' lang='lat' dir='ltr'><strong>illud</strong></span> 
     </span>
    </p>
   </div>
   <div class='ocr_carea' id='block_1_13' title="bbox 527 1083 2087 1153">
    <p class='ocr_par' dir='ltr' id='par_1_13' title="bbox 527 1083 2087 1153">
     <span class='ocr_line' id='line_1_13' title="bbox 527 1083 2087 1153; baseline -0.006 -7"><span class='ocrx_word' id='word_1_82' title='bbox 527 1094 651 1153; x_wconf 87' lang='lat' dir='ltr'><strong>tiat,</strong></span> <span class='ocrx_word' id='word_1_83' title='bbox 693 1101 751 1145; x_wconf 87' lang='lat' dir='ltr'><strong>ut</strong></span> <span class='ocrx_word' id='word_1_84' title='bbox 791 1095 998 1143; x_wconf 81' lang='lat' dir='ltr'><strong>animus</strong></span> <span class='ocrx_word' id='word_1_85' title='bbox 1025 1087 1092 1140; x_wconf 89' lang='lat' dir='ltr'><strong>ad</strong></span> <span class='ocrx_word' id='word_1_86' title='bbox 1126 1086 1349 1139; x_wconf 87' lang='lat' dir='ltr'><strong>ridicula</strong></span> <span class='ocrx_word' id='word_1_87' title='bbox 1380 1083 1728 1148; x_wconf 76' lang='lat' dir='ltr'><strong>diffundatur,</strong></span> <span class='ocrx_word' id='word_1_88' title='bbox 1756 1094 1810 1137; x_wconf 88' lang='lat' dir='ltr'><strong>et</strong></span> <span class='ocrx_word' id='word_1_89' title='bbox 1842 1085 1895 1137; x_wconf 91' lang='lat' dir='ltr'><strong>in</strong></span> <span class='ocrx_word' id='word_1_90' title='bbox 1927 1084 2087 1137; x_wconf 89' lang='lat' dir='ltr'><strong>tacita</strong></span> 
     </span>
    </p>
   </div>
   <div class='ocr_carea' id='block_1_14' title="bbox 526 1156 2090 1229">
    <p class='ocr_par' dir='ltr' id='par_1_14' title="bbox 526 1156 2090 1229">
     <span class='ocr_line' id='line_1_14' title="bbox 526 1156 2090 1229; baseline -0.006 -13"><span class='ocrx_word' id='word_1_91' title='bbox 526 1178 709 1217; x_wconf 83' lang='lat' dir='ltr'><strong>secum</strong></span> <span class='ocrx_word' id='word_1_92' title='bbox 764 1159 1085 1229; x_wconf 80' lang='lat' dir='ltr'><strong>cogitatione</strong></span> <span class='ocrx_word' id='word_1_93' title='bbox 1132 1156 1402 1229; x_wconf 75' lang='lat' dir='ltr'><strong>gravitatis</strong></span> <span class='ocrx_word' id='word_1_94' title='bbox 1446 1156 1850 1229; x_wconf 77' lang='lat' dir='ltr'><strong>severitatisque</strong></span> <span class='ocrx_word' id='word_1_95' title='bbox 1896 1169 2090 1229; x_wconf 83' lang='lat' dir='ltr'><strong>nervos</strong></span> 
     </span>
    </p>
   </div>
   <div class='ocr_carea' id='block_1_15' title="bbox 526 1224 2088 1295">
    <p class='ocr_par' dir='ltr' id='par_1_15' title="bbox 526 1224 2088 1295">
     <span class='ocr_line' id='line_1_15' title="bbox 526 1224 2088 1295; baseline -0.003 -12"><span class='ocrx_word' id='word_1_96' title='bbox 526 1248 712 1286; x_wconf 86' lang='lat' dir='ltr'><strong>omnes</strong></span> <span class='ocrx_word' id='word_1_97' title='bbox 743 1224 926 1285; x_wconf 73' lang='lat' dir='ltr'><strong>elidat.</strong></span> <span class='ocrx_word' id='word_1_98' title='bbox 956 1248 972 1280; x_wconf 72' lang='grc' dir='ltr'><strong>ι</strong></span> <span class='ocrx_word' id='word_1_99' title='bbox 1002 1228 1232 1282; x_wconf 89' lang='lat' dir='ltr'><strong>Sanctus</strong></span> <span class='ocrx_word' id='word_1_100' title='bbox 1262 1226 1613 1295; x_wconf 75' lang='lat' dir='ltr'><strong>Hieronymus</strong></span> <span class='ocrx_word' id='word_1_101' title='bbox 1642 1224 1707 1279; x_wconf 86' lang='lat' dir='ltr'><strong>ad</strong></span> <span class='ocrx_word' id='word_1_102' title='bbox 1737 1224 2088 1293; x_wconf 83' lang='lat' dir='ltr'><strong>Nepotianum</strong></span> 
     </span>
    </p>
   </div>
   <div class='ocr_carea' id='block_1_16' title="bbox 523 1296 2087 1371">
    <p class='ocr_par' dir='ltr' id='par_1_16' title="bbox 523 1296 2087 1371">
     <span class='ocr_line' id='line_1_16' title="bbox 523 1296 2087 1371; baseline -0.006 -14"><span class='ocrx_word' id='word_1_103' title='bbox 523 1306 765 1357; x_wconf 86' lang='lat' dir='ltr'><strong>scribens</strong></span> <span class='ocrx_word' id='word_1_104' title='bbox 798 1300 988 1371; x_wconf 77' lang='lat' dir='ltr'><strong>(Epist.</strong></span> <span class='ocrx_word' id='word_1_105' title='bbox 1014 1299 1108 1363; x_wconf 75' lang='lat'><strong>‘2):</strong></span> <span class='ocrx_word' id='word_1_106' title='bbox 1143 1317 1158 1347; x_wconf 83' lang='grc' dir='ltr'><strong>ι</strong></span> <span class='ocrx_word' id='word_1_107' title='bbox 1183 1297 1380 1350; x_wconf 81' lang='lat' dir='ltr'><strong>Omnes</strong></span> <span class='ocrx_word' id='word_1_108' title='bbox 1409 1296 1651 1371; x_wconf 70' lang='lat' dir='ltr'><strong>delicias,</strong></span> <span class='ocrx_word' id='word_1_109' title='bbox 1683 1305 1737 1349; x_wconf 89' lang='lat' dir='ltr'><strong>et</strong></span> <span class='ocrx_word' id='word_1_110' title='bbox 1769 1298 1999 1371; x_wconf 84' lang='lat' dir='ltr'><strong>lepores,</strong></span> <span class='ocrx_word' id='word_1_111' title='bbox 2030 1305 2087 1351; x_wconf 92' lang='lat' dir='ltr'><strong>et</strong></span> 
     </span>
    </p>
   </div>
   <div class='ocr_carea' id='block_1_17' title="bbox 526 1367 2091 1441">
    <p class='ocr_par' dir='ltr' id='par_1_17' title="bbox 526 1367 2091 1441">
     <span class='ocr_line' id='line_1_17' title="bbox 526 1367 2091 1441; baseline -0.007 -15"><span class='ocrx_word' id='word_1_112' title='bbox 526 1377 635 1427; x_wconf 88' lang='lat' dir='ltr'><strong>risu</strong></span> <span class='ocrx_word' id='word_1_113' title='bbox 670 1367 1246 1441; x_wconf 74' lang='lat' dir='ltr'><strong>dignasurbanitates,</strong></span> <span class='ocrx_word' id='word_1_114' title='bbox 1281 1378 1332 1421; x_wconf 91' lang='lat' dir='ltr'><strong>et</strong></span> <span class='ocrx_word' id='word_1_115' title='bbox 1362 1376 1585 1441; x_wconf 81' lang='lat' dir='ltr'><strong>ca-teras</strong></span> <span class='ocrx_word' id='word_1_116' title='bbox 1624 1367 1849 1441; x_wconf 80' lang='lat' dir='ltr'><strong>ineptias</strong></span> <span class='ocrx_word' id='word_1_117' title='bbox 1890 1378 2091 1441; x_wconf 75' lang='lat' dir='ltr'><strong>amato-</strong></span> 
     </span>
    </p>
   </div>
   <div class='ocr_carea' id='block_1_18' title="bbox 525 1437 2092 1507">
    <p class='ocr_par' dir='ltr' id='par_1_18' title="bbox 525 1437 2092 1507">
     <span class='ocr_line' id='line_1_18' title="bbox 525 1437 2092 1507; baseline -0.004 -10"><span class='ocrx_word' id='word_1_118' title='bbox 525 1460 641 1499; x_wconf 86' lang='lat' dir='ltr'><strong>rum</strong></span> <span class='ocrx_word' id='word_1_119' title='bbox 663 1485 678 1507; x_wconf 91' lang='lat'><strong>,</strong></span> <span class='ocrx_word' id='word_1_120' title='bbox 711 1437 764 1497; x_wconf 80' lang='lat' dir='ltr'><strong>in</strong></span> <span class='ocrx_word' id='word_1_121' title='bbox 791 1440 1046 1495; x_wconf 70' lang='lat' dir='ltr'><strong>comoedis</strong></span> <span class='ocrx_word' id='word_1_122' title='bbox 1072 1438 1470 1501; x_wconf 75' lang='lat' dir='ltr'><strong>erubeScimus,</strong></span> <span class='ocrx_word' id='word_1_123' title='bbox 1500 1437 1550 1489; x_wconf 86' lang='lat' dir='ltr'><strong>in</strong></span> <span class='ocrx_word' id='word_1_124' title='bbox 1579 1437 1757 1490; x_wconf 73' lang='lat' dir='ltr'><strong>s;eeuli</strong></span> <span class='ocrx_word' id='word_1_125' title='bbox 1789 1438 2092 1491; x_wconf 89' lang='lat' dir='ltr'><strong>hominibus</strong></span> 
     </span>
    </p>
   </div>
   <div class='ocr_carea' id='block_1_19' title="bbox 526 1506 2088 1581">
    <p class='ocr_par' dir='ltr' id='par_1_19' title="bbox 526 1506 2088 1581">
     <span class='ocr_line' id='line_1_19' title="bbox 526 1506 2088 1581; baseline -0.006 -13"><span class='ocrx_word' id='word_1_126' title='bbox 526 1506 885 1572; x_wconf 86' lang='lat' dir='ltr'><strong>detestamur;</strong></span> <span class='ocrx_word' id='word_1_127' title='bbox 909 1523 1106 1581; x_wconf 90' lang='lat' dir='ltr'><strong>quanto</strong></span> <span class='ocrx_word' id='word_1_128' title='bbox 1133 1509 1302 1578; x_wconf 81' lang='lat' dir='ltr'><strong>magis</strong></span> <span class='ocrx_word' id='word_1_129' title='bbox 1328 1509 1378 1562; x_wconf 93' lang='lat' dir='ltr'><strong>in</strong></span> <span class='ocrx_word' id='word_1_130' title='bbox 1407 1506 1678 1581; x_wconf 82' lang='lat' dir='ltr'><strong>monachis</strong></span> <span class='ocrx_word' id='word_1_131' title='bbox 1704 1517 1759 1562; x_wconf 89' lang='lat' dir='ltr'><strong>et</strong></span> <span class='ocrx_word' id='word_1_132' title='bbox 1784 1508 2088 1581; x_wconf 11' lang='lat' dir='ltr'><strong>in‘clericis,</strong></span> 
     </span>
    </p>
   </div>
   <div class='ocr_carea' id='block_1_20' title="bbox 525 1579 2091 1653">
    <p class='ocr_par' dir='ltr' id='par_1_20' title="bbox 525 1579 2091 1653">
     <span class='ocr_line' id='line_1_20' title="bbox 525 1579 2091 1653; baseline -0.003 -18"><span class='ocrx_word' id='word_1_133' title='bbox 525 1602 750 1653; x_wconf 82' lang='lat' dir='ltr'><strong>quorum</strong></span> <span class='ocrx_word' id='word_1_134' title='bbox 778 1592 832 1637; x_wconf 90' lang='lat' dir='ltr'><strong>et</strong></span> <span class='ocrx_word' id='word_1_135' title='bbox 858 1579 1227 1653; x_wconf 72' lang='lat' dir='ltr'><strong>sacerdotium</strong></span> <span class='ocrx_word' id='word_1_136' title='bbox 1243 1579 1619 1653; x_wconf 14' lang='lat' dir='ltr'><strong>proposito,‘et</strong></span> <span class='ocrx_word' id='word_1_137' title='bbox 1647 1579 1973 1646; x_wconf 88' lang='lat' dir='ltr'><strong>propositum</strong></span> <span class='ocrx_word' id='word_1_138' title='bbox 2005 1593 2091 1653; x_wconf 78' lang='lat' dir='ltr'><strong>or-</strong></span> 
     </span>
    </p>
   </div>
   <div class='ocr_carea' id='block_1_21' title="bbox 529 1649 2094 1714">
    <p class='ocr_par' dir='ltr' id='par_1_21' title="bbox 529 1649 2094 1714">
     <span class='ocr_line' id='line_1_21' title="bbox 529 1649 2094 1714; baseline -0.006 -3"><span class='ocrx_word' id='word_1_139' title='bbox 529 1649 683 1711; x_wconf 85' lang='lat' dir='ltr'><strong>natur</strong></span> <span class='ocrx_word' id='word_1_140' title='bbox 710 1653 1038 1709; x_wconf 88' lang='lat' dir='ltr'><strong>sacerdotio!</strong></span> <span class='ocrx_word' id='word_1_141' title='bbox 1074 1672 1091 1701; x_wconf 75' lang='grc' dir='ltr'><strong>ι</strong></span> <span class='ocrx_word' id='word_1_142' title='bbox 1123 1652 1178 1705; x_wconf 87' lang='lat' dir='ltr'><strong>S.</strong></span> <span class='ocrx_word' id='word_1_143' title='bbox 1214 1649 1447 1704; x_wconf 83' lang='lat' dir='ltr'><strong>Nicetius</strong></span> <span class='ocrx_word' id='word_1_144' title='bbox 1475 1650 1637 1701; x_wconf 84' lang='lat' dir='ltr'><strong>abbas</strong></span> <span class='ocrx_word' id='word_1_145' title='bbox 1685 1659 1739 1702; x_wconf 91' lang='lat' dir='ltr'><strong>et</strong></span> <span class='ocrx_word' id='word_1_146' title='bbox 1772 1660 1950 1714; x_wconf 86' lang='lat' dir='ltr'><strong>postea</strong></span> <span class='ocrx_word' id='word_1_147' title='bbox 1980 1650 2094 1714; x_wconf 85' lang='lat' dir='ltr'><strong>epi-</strong></span> 
     </span>
    </p>
   </div>
   <div class='ocr_carea' id='block_1_22' title="bbox 526 1718 2089 1796">
    <p class='ocr_par' dir='ltr' id='par_1_22' title="bbox 526 1718 2089 1796">
     <span class='ocr_line' id='line_1_22' title="bbox 526 1718 2089 1796; baseline -0.008 -13"><span class='ocrx_word' id='word_1_148' title='bbox 526 1741 721 1793; x_wconf 74' lang='lat' dir='ltr'><strong>8copus</strong></span> <span class='ocrx_word' id='word_1_149' title='bbox 750 1726 922 1796; x_wconf 75' lang='lat' dir='ltr'><strong>(Apud</strong></span> <span class='ocrx_word' id='word_1_150' title='bbox 946 1722 1164 1796; x_wconf 83' lang='lat' dir='ltr'><strong>Grego_r_._</strong></span> <span class='ocrx_word' id='word_1_151' title='bbox 1187 1719 1386 1796; x_wconf 68' lang='lat' dir='ltr'><strong>Turba.</strong></span> <span class='ocrx_word' id='word_1_152' title='bbox 1417 1721 1452 1772; x_wconf 87' lang='grc' dir='ltr'>ι.</span> <span class='ocrx_word' id='word_1_153' title='bbox 1480 1718 1675 1796; x_wconf 78' lang='lat' dir='ltr'><strong>de_Vi_t.</strong></span> <span class='ocrx_word' id='word_1_154' title='bbox 1710 1718 1854 1782; x_wconf 73' lang='lat' dir='ltr'><strong>PaL,</strong></span> <span class='ocrx_word' id='word_1_155' title='bbox 1882 1734 1928 1771; x_wconf 86' lang='lat' dir='ltr'><strong>c.</strong></span> <span class='ocrx_word' id='word_1_156' title='bbox 1960 1719 2048 1787; x_wconf 86' lang='grc'>17)</span> <span class='ocrx_word' id='word_1_157' title='bbox 2077 1736 2089 1770; x_wconf 95' lang='lat'><strong>:</strong></span> 
     </span>
    </p>
   </div>
   <div class='ocr_carea' id='block_1_23' title="bbox 530 1789 2169 1881">
    <p class='ocr_par' dir='ltr' id='par_1_23' title="bbox 530 1789 2169 1881">
     <span class='ocr_line' id='line_1_23' title="bbox 530 1789 2169 1881; baseline -0.002 -36"><span class='ocrx_word' id='word_1_158' title='bbox 530 1817 552 1845; x_wconf 70' lang='grc' dir='ltr'>α</span> <span class='ocrx_word' id='word_1_159' title='bbox 579 1789 827 1851; x_wconf 74' lang='lat' dir='ltr'><strong>cavenda</strong></span> <span class='ocrx_word' id='word_1_160' title='bbox 853 1805 933 1849; x_wconf 90' lang='lat' dir='ltr'><strong>est</strong></span> <span class='ocrx_word' id='word_1_161' title='bbox 960 1789 1251 1872; x_wconf 76' lang='lat' dir='ltr'><strong>scurrilitas</strong></span> <span class='ocrx_word' id='word_1_162' title='bbox 1272 1831 1288 1854; x_wconf 90' lang='lat'><strong>,</strong></span> <span class='ocrx_word' id='word_1_163' title='bbox 1317 1789 1682 1852; x_wconf 70' lang='lat' dir='ltr'><strong>dilectissimi,</strong></span> <span class='ocrx_word' id='word_1_164' title='bbox 1713 1800 1767 1843; x_wconf 92' lang='lat' dir='ltr'><strong>et</strong></span> <span class='ocrx_word' id='word_1_165' title='bbox 1791 1805 2090 1881; x_wconf 45' lang='lat' dir='ltr'><strong>omnelver-</strong></span> <span class='ocrx_word' id='word_1_166' title='bbox 2126 1822 2169 1881; x_wconf 73' lang='grc' dir='ltr'><strong>Β</strong></span> 
     </span>
    </p>
   </div>
   <div class='ocr_carea' id='block_1_24' title="bbox 528 1862 2091 1929">
    <p class='ocr_par' dir='ltr' id='par_1_24' title="bbox 528 1862 2091 1929">
     <span class='ocr_line' id='line_1_24' title="bbox 528 1862 2091 1929; baseline -0.006 -5"><span class='ocrx_word' id='word_1_167' title='bbox 528 1870 653 1924; x_wconf 78' lang='lat' dir='ltr'><strong>lium</strong></span> <span class='ocrx_word' id='word_1_168' title='bbox 683 1871 912 1922; x_wconf 88' lang='lat' dir='ltr'><strong>otiosum</strong></span> <span class='ocrx_word' id='word_1_169' title='bbox 935 1907 948 1928; x_wconf 90' lang='lat'><strong>,</strong></span> <span class='ocrx_word' id='word_1_170' title='bbox 980 1874 1036 1918; x_wconf 92' lang='lat' dir='ltr'><strong>ut</strong></span> <span class='ocrx_word' id='word_1_171' title='bbox 1062 1863 1197 1916; x_wconf 90' lang='lat' dir='ltr'><strong>sicut</strong></span> <span class='ocrx_word' id='word_1_172' title='bbox 1221 1876 1415 1929; x_wconf 88' lang='lat' dir='ltr'><strong>corpus</strong></span> <span class='ocrx_word' id='word_1_173' title='bbox 1440 1875 1600 1913; x_wconf 91' lang='lat' dir='ltr'><strong>omne</strong></span> <span class='ocrx_word' id='word_1_174' title='bbox 1625 1875 1813 1929; x_wconf 91' lang='lat' dir='ltr'><strong>purum</strong></span> <span class='ocrx_word' id='word_1_175' title='bbox 1839 1862 2091 1915; x_wconf 80' lang='lat' dir='ltr'><strong>exhibere</strong></span> 
     </span>
    </p>
   </div>
   <div class='ocr_carea' id='block_1_25' title="bbox 529 1930 2091 2003">
    <p class='ocr_par' dir='ltr' id='par_1_25' title="bbox 529 1930 2091 2003">
     <span class='ocr_line' id='line_1_25' title="bbox 529 1930 2091 2003; baseline -0.007 -9"><span class='ocrx_word' id='word_1_176' title='bbox 529 1939 788 1994; x_wconf 76' lang='lat' dir='ltr'><strong>debemus</strong></span> <span class='ocrx_word' id='word_1_177' title='bbox 817 1938 956 1998; x_wconf 90' lang='lat' dir='ltr'><strong>Deo,</strong></span> <span class='ocrx_word' id='word_1_178' title='bbox 980 1936 1049 1988; x_wconf 90' lang='lat' dir='ltr'><strong>ita</strong></span> <span class='ocrx_word' id='word_1_179' title='bbox 1077 1934 1317 2003; x_wconf 85' lang='lat' dir='ltr'><strong>etiamet</strong></span> <span class='ocrx_word' id='word_1_180' title='bbox 1342 1947 1400 1984; x_wconf 88' lang='lat' dir='ltr'><strong>os</strong></span> <span class='ocrx_word' id='word_1_181' title='bbox 1428 1947 1529 1984; x_wconf 92' lang='lat' dir='ltr'><strong>non</strong></span> <span class='ocrx_word' id='word_1_182' title='bbox 1555 1933 1617 1983; x_wconf 90' lang='lat' dir='ltr'><strong>ad</strong></span> <span class='ocrx_word' id='word_1_183' title='bbox 1647 1930 1788 1983; x_wconf 87' lang='lat' dir='ltr'><strong>aliud</strong></span> <span class='ocrx_word' id='word_1_184' title='bbox 1816 1932 1967 2003; x_wconf 75' lang='lat'><strong>191</strong></span> <span class='ocrx_word' id='word_1_185' title='bbox 1993 1931 2091 2003; x_wconf 86' lang='lat' dir='ltr'><strong>nisi</strong></span> 
     </span>
    </p>
   </div>
   <div class='ocr_carea' id='block_1_26' title="bbox 530 2002 2095 2072">
    <p class='ocr_par' dir='ltr' id='par_1_26' title="bbox 530 2002 2095 2072">
     <span class='ocr_line' id='line_1_26' title="bbox 530 2002 2095 2072; baseline -0.006 -8"><span class='ocrx_word' id='word_1_186' title='bbox 530 2011 595 2064; x_wconf 88' lang='lat' dir='ltr'><strong>ad</strong></span> <span class='ocrx_word' id='word_1_187' title='bbox 627 2009 840 2063; x_wconf 84' lang='lat' dir='ltr'><strong>laudem</strong></span> <span class='ocrx_word' id='word_1_188' title='bbox 876 2005 989 2059; x_wconf 90' lang='lat' dir='ltr'><strong>Dei.</strong></span> <span class='ocrx_word' id='word_1_189' title='bbox 1021 2024 1039 2057; x_wconf 85' lang='grc'><strong>›</strong></span> <span class='ocrx_word' id='word_1_190' title='bbox 1071 2004 1163 2057; x_wconf 82' lang='lat' dir='ltr'><strong>llis</strong></span> <span class='ocrx_word' id='word_1_191' title='bbox 1190 2002 1325 2057; x_wconf 89' lang='lat' dir='ltr'><strong>adde</strong></span> <span class='ocrx_word' id='word_1_192' title='bbox 1354 2004 1720 2072; x_wconf 59' lang='lat' dir='ltr'><strong>gravissimam</strong></span> <span class='ocrx_word' id='word_1_193' title='bbox 1752 2006 1805 2055; x_wconf 63' lang='grc' dir='ltr'>ὃ.</span> <span class='ocrx_word' id='word_1_194' title='bbox 1844 2002 2095 2055; x_wconf 79' lang='lat' dir='ltr'><strong>Bernardi</strong></span> 
     </span>
    </p>
   </div>
   <div class='ocr_carea' id='block_1_27' title="bbox 529 2072 2090 2147">
    <p class='ocr_par' dir='ltr' id='par_1_27' title="bbox 529 2072 2090 2147">
     <span class='ocr_line' id='line_1_27' title="bbox 529 2072 2090 2147; baseline -0.008 -12"><span class='ocrx_word' id='word_1_195' title='bbox 529 2078 847 2136; x_wconf 88' lang='lat' dir='ltr'><strong>sententiam</strong></span> <span class='ocrx_word' id='word_1_196' title='bbox 881 2076 1034 2147; x_wconf 81' lang='lat' dir='ltr'><strong>(Lib.</strong></span> <span class='ocrx_word' id='word_1_197' title='bbox 1064 2090 1098 2128; x_wconf 87' lang='grc' dir='ltr'><strong>ιι</strong></span> <span class='ocrx_word' id='word_1_198' title='bbox 1130 2077 1191 2128; x_wconf 82' lang='lat' dir='ltr'><strong>de</strong></span> <span class='ocrx_word' id='word_1_199' title='bbox 1220 2072 1428 2147; x_wconf 78' lang='lat' dir='ltr'><strong>Consid.</strong></span> <span class='ocrx_word' id='word_1_200' title='bbox 1462 2090 1507 2125; x_wconf 84' lang='lat' dir='ltr'><strong>c.</strong></span> <span class='ocrx_word' id='word_1_201' title='bbox 1536 2073 1640 2141; x_wconf 84' lang='grc'>15)</span> <span class='ocrx_word' id='word_1_202' title='bbox 1670 2090 1683 2147; x_wconf 81' lang='lat'><strong>:_</strong></span> <span class='ocrx_word' id='word_1_203' title='bbox 1713 2091 1729 2121; x_wconf 83' lang='lat' dir='ltr'><strong>t</strong></span> <span class='ocrx_word' id='word_1_204' title='bbox 1752 2072 1902 2147; x_wconf 76' lang='lat' dir='ltr'><strong>inter</strong></span> <span class='ocrx_word' id='word_1_205' title='bbox 1929 2087 2090 2147; x_wconf 70' lang='lat' dir='ltr'><strong>stecu.</strong></span> 
     </span>
    </p>
   </div>
   <div class='ocr_carea' id='block_1_28' title="bbox 529 2143 2094 2217">
    <p class='ocr_par' dir='ltr' id='par_1_28' title="bbox 529 2143 2094 2217">
     <span class='ocr_line' id='line_1_28' title="bbox 529 2143 2094 2217; baseline -0.007 -12"><span class='ocrx_word' id='word_1_206' title='bbox 529 2153 668 2205; x_wconf 76' lang='lat' dir='ltr'><strong>lares</strong></span> <span class='ocrx_word' id='word_1_207' title='bbox 700 2164 850 2217; x_wconf 73' lang='lat' dir='ltr'><strong>nugae</strong></span> <span class='ocrx_word' id='word_1_208' title='bbox 872 2143 898 2208; x_wconf 62' lang='grc'><strong>,⁷</strong></span> <span class='ocrx_word' id='word_1_209' title='bbox 919 2162 1071 2215; x_wconf 56' lang='lat' dir='ltr'><strong>nugas</strong></span> <span class='ocrx_word' id='word_1_210' title='bbox 1102 2154 1263 2206; x_wconf 90' lang='lat' dir='ltr'><strong>sunt;</strong></span> <span class='ocrx_word' id='word_1_211' title='bbox 1301 2144 1350 2196; x_wconf 91' lang='lat' dir='ltr'><strong>in</strong></span> <span class='ocrx_word' id='word_1_212' title='bbox 1379 2159 1471 2217; x_wconf 82' lang='lat' dir='ltr'><strong>ore</strong></span> <span class='ocrx_word' id='word_1_213' title='bbox 1502 2143 1793 2217; x_wconf 81' lang='lat' dir='ltr'><strong>sacerdotis</strong></span> <span class='ocrx_word' id='word_1_214' title='bbox 1825 2144 1844 2214; x_wconf 97' lang='lat'><strong>(</strong></span> <span class='ocrx_word' id='word_1_215' title='bbox 1870 2143 2094 2217; x_wconf 75' lang='lat' dir='ltr'><strong>neemi-</strong></span> 
     </span>
    </p>
   </div>
   <div class='ocr_carea' id='block_1_29' title="bbox 531 2213 2097 2285">
    <p class='ocr_par' dir='ltr' id='par_1_29' title="bbox 531 2213 2097 2285">
     <span class='ocr_line' id='line_1_29' title="bbox 531 2213 2097 2285; baseline -0.006 -9"><span class='ocrx_word' id='word_1_216' title='bbox 531 2238 629 2277; x_wconf 85' lang='lat' dir='ltr'><strong>nus</strong></span> <span class='ocrx_word' id='word_1_217' title='bbox 661 2213 945 2285; x_wconf 77' lang='lat' dir='ltr'><strong>monachi)</strong></span> <span class='ocrx_word' id='word_1_218' title='bbox 980 2213 1367 2285; x_wconf 16' lang='lat' dir='ltr'><strong>lilaspltetniat.‘</strong></span> <span class='ocrx_word' id='word_1_219' title='bbox 1390 2214 1656 2267; x_wconf 90' lang='lat' dir='ltr'><strong>Interdum</strong></span> <span class='ocrx_word' id='word_1_220' title='bbox 1685 2213 1861 2267; x_wconf 89' lang='lat' dir='ltr'><strong>tamen</strong></span> <span class='ocrx_word' id='word_1_221' title='bbox 1893 2216 1935 2267; x_wconf 91' lang='lat' dir='ltr'><strong>si</strong></span> <span class='ocrx_word' id='word_1_222' title='bbox 1967 2213 2097 2267; x_wconf 90' lang='lat' dir='ltr'><strong>inci-</strong></span> 
     </span>
    </p>
   </div>
   <div class='ocr_carea' id='block_1_30' title="bbox 529 2282 2097 2355">
    <p class='ocr_par' dir='ltr' id='par_1_30' title="bbox 529 2282 2097 2355">
     <span class='ocr_line' id='line_1_30' title="bbox 529 2282 2097 2355; baseline -0.006 -9"><span class='ocrx_word' id='word_1_223' title='bbox 529 2296 688 2355; x_wconf 87' lang='lat' dir='ltr'><strong>dant,</strong></span> <span class='ocrx_word' id='word_1_224' title='bbox 716 2282 945 2344; x_wconf 64' lang='lat' dir='ltr'><strong>ferendae</strong></span> <span class='ocrx_word' id='word_1_225' title='bbox 970 2282 1241 2350; x_wconf 79' lang='lat' dir='ltr'><strong>fortassis,</strong></span> <span class='ocrx_word' id='word_1_226' title='bbox 1287 2282 1578 2339; x_wconf 70' lang='lat' dir='ltr'><strong>refeteudm</strong></span> <span class='ocrx_word' id='word_1_227' title='bbox 1620 2300 1906 2351; x_wconf 84' lang='lat' dir='ltr'><strong>nunquam.</strong></span> <span class='ocrx_word' id='word_1_228' title='bbox 1934 2285 2097 2353; x_wconf 80' lang='lat' dir='ltr'><strong>Magis</strong></span> 
     </span>
    </p>
   </div>
   <div class='ocr_carea' id='block_1_31' title="bbox 529 2355 2098 2423">
    <p class='ocr_par' dir='ltr' id='par_1_31' title="bbox 529 2355 2098 2423">
     <span class='ocr_line' id='line_1_31' title="bbox 529 2355 2098 2423; baseline -0.008 -5"><span class='ocrx_word' id='word_1_229' title='bbox 529 2361 989 2419; x_wconf 88' lang='lat' dir='ltr'><strong>interveniendum</strong></span> <span class='ocrx_word' id='word_1_230' title='bbox 1034 2368 1188 2410; x_wconf 72' lang='lat' dir='ltr'><strong>(ante</strong></span> <span class='ocrx_word' id='word_1_231' title='bbox 1227 2364 1275 2409; x_wconf 92' lang='lat' dir='ltr'><strong>et</strong></span> <span class='ocrx_word' id='word_1_232' title='bbox 1319 2359 1608 2423; x_wconf 79' lang='lat' dir='ltr'><strong>prudenter</strong></span> <span class='ocrx_word' id='word_1_233' title='bbox 1628 2355 1937 2423; x_wconf 84' lang='lat' dir='ltr'><strong>nugacitati.</strong></span> <span class='ocrx_word' id='word_1_234' title='bbox 1970 2356 2098 2409; x_wconf 83' lang='lat' dir='ltr'><strong>Pro-</strong></span> 
     </span>
    </p>
   </div>
   <div class='ocr_carea' id='block_1_32' title="bbox 530 2425 2097 2501">
    <p class='ocr_par' dir='ltr' id='par_1_32' title="bbox 530 2425 2097 2501">
     <span class='ocr_line' id='line_1_32' title="bbox 530 2425 2097 2501; baseline -0.007 -11"><span class='ocrx_word' id='word_1_235' title='bbox 530 2432 882 2501; x_wconf 85' lang='lat' dir='ltr'><strong>rttmpentlum</strong></span> <span class='ocrx_word' id='word_1_236' title='bbox 914 2444 1043 2483; x_wconf 82' lang='lat' dir='ltr'><strong>sane</strong></span> <span class='ocrx_word' id='word_1_237' title='bbox 1074 2430 1124 2479; x_wconf 90' lang='lat' dir='ltr'><strong>in</strong></span> <span class='ocrx_word' id='word_1_238' title='bbox 1167 2442 1363 2501; x_wconf 34' lang='lat' dir='ltr'><strong>ser-tum</strong></span> <span class='ocrx_word' id='word_1_239' title='bbox 1407 2425 1569 2495; x_wconf 88' lang='lat' dir='ltr'><strong>quid,</strong></span> <span class='ocrx_word' id='word_1_240' title='bbox 1611 2427 1751 2501; x_wconf 83' lang='lat' dir='ltr'><strong>quod</strong></span> <span class='ocrx_word' id='word_1_241' title='bbox 1792 2443 1896 2478; x_wconf 91' lang='lat' dir='ltr'><strong>non</strong></span> <span class='ocrx_word' id='word_1_242' title='bbox 1940 2432 2097 2501; x_wconf 72' lang='lat' dir='ltr'><strong>modo</strong></span> 
     </span>
    </p>
   </div>
   <div class='ocr_carea' id='block_1_33' title="bbox 532 2497 2096 2568">
    <p class='ocr_par' dir='ltr' id='par_1_33' title="bbox 532 2497 2096 2568">
     <span class='ocr_line' id='line_1_33' title="bbox 532 2497 2096 2568; baseline -0.006 -10"><span class='ocrx_word' id='word_1_243' title='bbox 532 2497 749 2568; x_wconf 83' lang='lat' dir='ltr'><strong>utiliier,</strong></span> <span class='ocrx_word' id='word_1_244' title='bbox 776 2501 866 2556; x_wconf 88' lang='lat' dir='ltr'><strong>sed</strong></span> <span class='ocrx_word' id='word_1_245' title='bbox 895 2501 1118 2554; x_wconf 91' lang='lat' dir='ltr'><strong>libenter</strong></span> <span class='ocrx_word' id='word_1_246' title='bbox 1144 2497 1379 2555; x_wconf 85' lang='lat' dir='ltr'><strong>audiant,</strong></span> <span class='ocrx_word' id='word_1_247' title='bbox 1404 2511 1456 2550; x_wconf 91' lang='lat' dir='ltr'><strong>et</strong></span> <span class='ocrx_word' id='word_1_248' title='bbox 1482 2498 1861 2568; x_wconf 85' lang='lat' dir='ltr'><strong>supersedeant</strong></span> <span class='ocrx_word' id='word_1_249' title='bbox 1891 2498 2096 2551; x_wconf 82' lang='lat' dir='ltr'><strong>otiosis.</strong></span> 
     </span>
    </p>
   </div>
   <div class='ocr_carea' id='block_1_34' title="bbox 530 2566 2099 2635">
    <p class='ocr_par' dir='ltr' id='par_1_34' title="bbox 530 2566 2099 2635">
     <span class='ocr_line' id='line_1_34' title="bbox 530 2566 2099 2635; baseline -0.004 -5"><span class='ocrx_word' id='word_1_250' title='bbox 530 2578 586 2630; x_wconf 67' lang='lat' dir='ltr'><strong>Ct</strong></span> <span class='ocrx_word' id='word_1_251' title='bbox 611 2566 867 2628; x_wconf 81' lang='lat' dir='ltr'><strong>usecrasti</strong></span> <span class='ocrx_word' id='word_1_252' title='bbox 901 2586 961 2623; x_wconf 90' lang='lat' dir='ltr'><strong>os</strong></span> <span class='ocrx_word' id='word_1_253' title='bbox 990 2580 1135 2623; x_wconf 89' lang='lat' dir='ltr'><strong>tuum</strong></span> <span class='ocrx_word' id='word_1_254' title='bbox 1174 2568 1454 2635; x_wconf 74' lang='lat' dir='ltr'><strong>Evangelii)</strong></span> <span class='ocrx_word' id='word_1_255' title='bbox 1477 2607 1490 2629; x_wconf 93' lang='lat'><strong>,</strong></span> <span class='ocrx_word' id='word_1_256' title='bbox 1525 2568 1715 2621; x_wconf 88' lang='lat' dir='ltr'><strong>talibus</strong></span> <span class='ocrx_word' id='word_1_257' title='bbox 1750 2566 1859 2635; x_wconf 87' lang='lat' dir='ltr'><strong>jam</strong></span> <span class='ocrx_word' id='word_1_258' title='bbox 1892 2569 2099 2635; x_wconf 83' lang='lat' dir='ltr'><strong>aperire</strong></span> 
     </span>
    </p>
   </div>
   <div class='ocr_carea' id='block_1_35' title="bbox 534 2640 1847 2707">
    <p class='ocr_par' dir='ltr' id='par_1_35' title="bbox 534 2640 1847 2707">
     <span class='ocr_line' id='line_1_35' title="bbox 534 2640 1847 2707; baseline -0.008 -7"><span class='ocrx_word' id='word_1_259' title='bbox 534 2647 778 2703; x_wconf 89' lang='lat' dir='ltr'><strong>illicitum</strong></span> <span class='ocrx_word' id='word_1_260' title='bbox 799 2683 813 2707; x_wconf 93' lang='lat'><strong>,</strong></span> <span class='ocrx_word' id='word_1_261' title='bbox 844 2655 1151 2695; x_wconf 71' lang='lat' dir='ltr'><strong>asmescere</strong></span> <span class='ocrx_word' id='word_1_262' title='bbox 1179 2640 1512 2707; x_wconf 74' lang='lat' dir='ltr'><strong>sacrilegium</strong></span> <span class='ocrx_word' id='word_1_263' title='bbox 1543 2648 1655 2696; x_wconf 83' lang='lat' dir='ltr'><strong>est.</strong></span> <span class='ocrx_word' id='word_1_264' title='bbox 1689 2650 1792 2691; x_wconf 87' lang='lat' dir='ltr'><strong>etc.</strong></span> <span class='ocrx_word' id='word_1_265' title='bbox 1826 2655 1847 2690; x_wconf 74' lang='grc' dir='ltr'><strong>ι</strong></span> 
     </span>
    </p>
   </div>
   <div class='ocr_carea' id='block_1_36' title="bbox 605 2708 2099 2779">
    <p class='ocr_par' dir='ltr' id='par_1_36' title="bbox 605 2708 2099 2779">
     <span class='ocr_line' id='line_1_36' title="bbox 605 2708 2099 2779; baseline -0.005 -9"><span class='ocrx_word' id='word_1_266' title='bbox 605 2718 719 2770; x_wconf 83' lang='grc' dir='ltr'>Νοιι</span> <span class='ocrx_word' id='word_1_267' title='bbox 748 2716 935 2767; x_wconf 90' lang='lat' dir='ltr'><strong>mirum</strong></span> <span class='ocrx_word' id='word_1_268' title='bbox 967 2722 1048 2764; x_wconf 87' lang='lat' dir='ltr'><strong>est</strong></span> <span class='ocrx_word' id='word_1_269' title='bbox 1078 2712 1255 2779; x_wconf 80' lang='lat' dir='ltr'><strong>igitur,</strong></span> <span class='ocrx_word' id='word_1_270' title='bbox 1283 2708 1326 2760; x_wconf 89' lang='lat' dir='ltr'><strong>si</strong></span> <span class='ocrx_word' id='word_1_271' title='bbox 1355 2710 1679 2772; x_wconf 72' lang='lat' dir='ltr'><strong>gravissimis</strong></span> <span class='ocrx_word' id='word_1_272' title='bbox 1712 2710 1881 2776; x_wconf 74' lang='lat' dir='ltr'><strong>pwnis</strong></span> <span class='ocrx_word' id='word_1_273' title='bbox 1913 2719 2016 2761; x_wconf 91' lang='lat' dir='ltr'><strong>tam</strong></span> <span class='ocrx_word' id='word_1_274' title='bbox 2049 2710 2099 2763; x_wconf 90' lang='lat' dir='ltr'><strong>in</strong></span> 
     </span>
    </p>
   </div>
   <div class='ocr_carea' id='block_1_37' title="bbox 533 2779 2102 2849">
    <p class='ocr_par' dir='ltr' id='par_1_37' title="bbox 533 2779 2102 2849">
     <span class='ocr_line' id='line_1_37' title="bbox 533 2779 2102 2849; baseline -0.005 -7"><span class='ocrx_word' id='word_1_275' title='bbox 533 2786 808 2842; x_wconf 86' lang='lat' dir='ltr'><strong>monachis</strong></span> <span class='ocrx_word' id='word_1_276' title='bbox 835 2799 992 2849; x_wconf 88' lang='lat' dir='ltr'><strong>quam</strong></span> <span class='ocrx_word' id='word_1_277' title='bbox 1025 2790 1077 2834; x_wconf 89' lang='lat' dir='ltr'><strong>in</strong></span> <span class='ocrx_word' id='word_1_278' title='bbox 1107 2782 1314 2833; x_wconf 73' lang='lat' dir='ltr'><strong>clericis</strong></span> <span class='ocrx_word' id='word_1_279' title='bbox 1343 2780 1620 2832; x_wconf 87' lang='lat' dir='ltr'><strong>damnatas</strong></span> <span class='ocrx_word' id='word_1_280' title='bbox 1648 2779 1999 2832; x_wconf 79' lang='lat' dir='ltr'><strong>scutrilitatcs</strong></span> <span class='ocrx_word' id='word_1_281' title='bbox 2029 2780 2102 2834; x_wconf 85' lang='lat' dir='ltr'><strong>le-</strong></span> 
     </span>
    </p>
   </div>
   <div class='ocr_carea' id='block_1_38' title="bbox 530 2849 2103 2928">
    <p class='ocr_par' dir='ltr' id='par_1_38' title="bbox 530 2849 2103 2928">
     <span class='ocr_line' id='line_1_38' title="bbox 530 2849 2103 2928; baseline -0.004 -17"><span class='ocrx_word' id='word_1_282' title='bbox 530 2872 751 2928; x_wconf 74' lang='lat' dir='ltr'><strong>gamus;</strong></span> <span class='ocrx_word' id='word_1_283' title='bbox 786 2869 926 2928; x_wconf 85' lang='lat' dir='ltr'><strong>nam,</strong></span> <span class='ocrx_word' id='word_1_284' title='bbox 952 2853 1103 2928; x_wconf 67' lang='lat' dir='ltr'><strong>verbi</strong></span> <span class='ocrx_word' id='word_1_285' title='bbox 1130 2851 1320 2920; x_wconf 85' lang='lat' dir='ltr'><strong>gratia,</strong></span> <span class='ocrx_word' id='word_1_286' title='bbox 1350 2851 1635 2928; x_wconf 72' lang='lat' dir='ltr'><strong>concilium</strong></span> <span class='ocrx_word' id='word_1_287' title='bbox 1665 2849 2103 2928; x_wconf 76' lang='lat' dir='ltr'><strong>Carthaginiense</strong></span> 
     </span>
    </p>
   </div>
   <div class='ocr_carea' id='block_1_39' title="bbox 534 2920 2102 2999">
    <p class='ocr_par' dir='ltr' id='par_1_39' title="bbox 534 2920 2102 2999">
     <span class='ocr_line' id='line_1_39' title="bbox 534 2920 2102 2999; baseline -0.004 -18"><span class='ocrx_word' id='word_1_288' title='bbox 534 2920 588 2984; x_wconf 75' lang='lat' dir='ltr'><strong>iv</strong></span> <span class='ocrx_word' id='word_1_289' title='bbox 623 2927 774 2999; x_wconf 71' lang='lat' dir='ltr'><strong>(Carr.</strong></span> <span class='ocrx_word' id='word_1_290' title='bbox 797 2925 911 2990; x_wconf 80' lang='lat' dir='ltr'><strong>b0),</strong></span> <span class='ocrx_word' id='word_1_291' title='bbox 943 2921 1191 2999; x_wconf 57' lang='lat' dir='ltr'><strong>Ciuicam</strong></span> <span class='ocrx_word' id='word_1_292' title='bbox 1223 2922 1503 2999; x_wconf 67' lang='lat' dir='ltr'><strong>scurrilem,</strong></span> <span class='ocrx_word' id='word_1_293' title='bbox 1531 2931 1576 2972; x_wconf 87' lang='lat' dir='ltr'><strong>et</strong></span> <span class='ocrx_word' id='word_1_294' title='bbox 1594 2921 1857 2999; x_wconf 43' lang='lat' dir='ltr'><strong>‘in&#39;verbis</strong></span> <span class='ocrx_word' id='word_1_295' title='bbox 1874 2920 2102 2985; x_wconf 74' lang='lat' dir='ltr'><strong>turpibus</strong></span> 
     </span>
    </p>
   </div>
   <div class='ocr_carea' id='block_1_40' title="bbox 533 2990 2105 3070">
    <p class='ocr_par' dir='ltr' id='par_1_40' title="bbox 533 2990 2105 3070">
     <span class='ocr_line' id='line_1_40' title="bbox 533 2990 2105 3070; baseline -0.004 -18"><span class='ocrx_word' id='word_1_296' title='bbox 533 2990 812 3070; x_wconf 57' lang='lat' dir='ltr'><strong>fututorem</strong></span> <span class='ocrx_word' id='word_1_297' title='bbox 836 2998 910 3070; x_wconf 75' lang='lat' dir='ltr'><strong>ab</strong></span> <span class='ocrx_word' id='word_1_298' title='bbox 938 2992 1114 3070; x_wconf 73' lang='lat' dir='ltr'><strong>ofliec</strong></span> <span class='ocrx_word' id='word_1_299' title='bbox 1143 2992 1517 3070; x_wconf 63' lang='lat' dir='ltr'><strong>retrahendum</strong></span> <span class='ocrx_word' id='word_1_300' title='bbox 1543 2990 1736 3070; x_wconf 75' lang='lat' dir='ltr'><strong>edicit;</strong></span> <span class='ocrx_word' id='word_1_301' title='bbox 1767 2992 1983 3070; x_wconf 56' lang='lat' dir='ltr'><strong>etinter</strong></span> <span class='ocrx_word' id='word_1_302' title='bbox 2011 3006 2105 3045; x_wconf 79' lang='lat' dir='ltr'><strong>ex-</strong></span> 
     </span>
    </p>
   </div>
   <div class='ocr_carea' id='block_1_41' title="bbox 533 3060 2103 3135">
    <p class='ocr_par' dir='ltr' id='par_1_41' title="bbox 533 3060 2103 3135">
     <span class='ocr_line' id='line_1_41' title="bbox 533 3060 2103 3135; baseline -0.006 -11"><span class='ocrx_word' id='word_1_303' title='bbox 533 3060 712 3135; x_wconf 55' lang='lat' dir='ltr'><strong>ierpta</strong></span> <span class='ocrx_word' id='word_1_304' title='bbox 740 3082 803 3120; x_wconf 78' lang='lat' dir='ltr'><strong>ex</strong></span> <span class='ocrx_word' id='word_1_305' title='bbox 836 3066 929 3118; x_wconf 85' lang='lat' dir='ltr'><strong>lib.</strong></span> <span class='ocrx_word' id='word_1_306' title='bbox 963 3079 995 3116; x_wconf 89' lang='grc' dir='ltr'><strong>ιι</strong></span> <span class='ocrx_word' id='word_1_307' title='bbox 1029 3063 1221 3117; x_wconf 78' lang='lat' dir='ltr'><strong>Ptenit.</strong></span> <span class='ocrx_word' id='word_1_308' title='bbox 1255 3060 1472 3135; x_wconf 72' lang='lat' dir='ltr'><strong>Egberti</strong></span> <span class='ocrx_word' id='word_1_309' title='bbox 1501 3060 1756 3135; x_wconf 83' lang='lat' dir='ltr'><strong>episcopi,</strong></span> <span class='ocrx_word' id='word_1_310' title='bbox 1790 3061 2103 3135; x_wconf 80' lang='lat' dir='ltr'><strong>vigesimum</strong></span> 
     </span>
    </p>
   </div>
   <div class='ocr_carea' id='block_1_42' title="bbox 533 3130 2100 3209">
    <p class='ocr_par' dir='ltr' id='par_1_42' title="bbox 533 3130 2100 3209">
     <span class='ocr_line' id='line_1_42' title="bbox 533 3130 2100 3209; baseline -0.006 -15"><span class='ocrx_word' id='word_1_311' title='bbox 533 3130 815 3209; x_wconf 75' lang='lat' dir='ltr'><strong>septimum</strong></span> <span class='ocrx_word' id='word_1_312' title='bbox 863 3138 935 3189; x_wconf 87' lang='lat' dir='ltr'><strong>ita</strong></span> <span class='ocrx_word' id='word_1_313' title='bbox 982 3136 1206 3209; x_wconf 58' lang='lat' dir='ltr'><strong>hibetur</strong></span> <span class='ocrx_word' id='word_1_314' title='bbox 1238 3149 1250 3183; x_wconf 90' lang='lat'><strong>:</strong></span> <span class='ocrx_word' id='word_1_315' title='bbox 1280 3151 1307 3209; x_wconf 67' lang='grc' dir='ltr'><strong>⁸ι</strong></span> <span class='ocrx_word' id='word_1_316' title='bbox 1343 3130 1399 3185; x_wconf 89' lang='lat' dir='ltr'><strong>Si</strong></span> <span class='ocrx_word' id='word_1_317' title='bbox 1430 3133 1547 3199; x_wconf 89' lang='lat' dir='ltr'><strong>quis</strong></span> <span class='ocrx_word' id='word_1_318' title='bbox 1590 3133 1884 3209; x_wconf 79' lang='lat' dir='ltr'><strong>presbyter,</strong></span> <span class='ocrx_word' id='word_1_319' title='bbox 1919 3132 2100 3185; x_wconf 80' lang='lat' dir='ltr'><strong>diaco-</strong></span> 
     </span>
    </p>
   </div>
   <div class='ocr_carea' id='block_1_43' title="bbox 2193 517 3758 591">
    <p class='ocr_par' dir='ltr' id='par_1_43' title="bbox 2193 517 3758 591">
     <span class='ocr_line' id='line_1_43' title="bbox 2193 517 3758 591; baseline 0 -20"><span class='ocrx_word' id='word_1_320' title='bbox 2193 520 2481 591; x_wconf 81' lang='lat' dir='ltr'><strong>superioris</strong></span> <span class='ocrx_word' id='word_1_321' title='bbox 2518 524 2833 591; x_wconf 84' lang='lat' dir='ltr'><strong>corrigatur.</strong></span> <span class='ocrx_word' id='word_1_322' title='bbox 2877 541 2895 572; x_wconf 76' lang='grc' dir='ltr'><strong>ι</strong></span> <span class='ocrx_word' id='word_1_323' title='bbox 2934 520 3207 591; x_wconf 79' lang='lat' dir='ltr'><strong>Fnlienses</strong></span> <span class='ocrx_word' id='word_1_324' title='bbox 3233 534 3359 591; x_wconf 89' lang='lat' dir='ltr'><strong>vero</strong></span> <span class='ocrx_word' id='word_1_325' title='bbox 3382 520 3401 591; x_wconf 80' lang='lat'><strong>(</strong></span> <span class='ocrx_word' id='word_1_326' title='bbox 3410 517 3473 571; x_wconf 89' lang='lat' dir='ltr'><strong>In</strong></span> <span class='ocrx_word' id='word_1_327' title='bbox 3503 518 3678 572; x_wconf 83' lang='lat' dir='ltr'><strong>Const.</strong></span> <span class='ocrx_word' id='word_1_328' title='bbox 3712 536 3758 571; x_wconf 77' lang='grc' dir='ltr'>ε.</span> 
     </span>
    </p>
   </div>
   <div class='ocr_carea' id='block_1_44' title="bbox 2193 589 3762 659">
    <p class='ocr_par' dir='ltr' id='par_1_44' title="bbox 2193 589 3762 659">
     <span class='ocr_line' id='line_1_44' title="bbox 2193 589 3762 659; baseline 0 -19"><span class='ocrx_word' id='word_1_329' title='bbox 2193 589 2248 659; x_wconf 81' lang='lat' dir='ltr'><strong>b&#39;)</strong></span> <span class='ocrx_word' id='word_1_330' title='bbox 2280 604 2425 653; x_wconf 84' lang='lat' dir='ltr'><strong>aves,</strong></span> <span class='ocrx_word' id='word_1_331' title='bbox 2459 604 2639 649; x_wconf 88' lang='lat' dir='ltr'><strong>canes.</strong></span> <span class='ocrx_word' id='word_1_332' title='bbox 2669 589 2780 644; x_wconf 52' lang='lat' dir='ltr'><strong>&#39;aut</strong></span> <span class='ocrx_word' id='word_1_333' title='bbox 2829 591 2970 645; x_wconf 88' lang='lat' dir='ltr'><strong>aliud</strong></span> <span class='ocrx_word' id='word_1_334' title='bbox 3015 590 3211 643; x_wconf 90' lang='lat' dir='ltr'><strong>animal</strong></span> <span class='ocrx_word' id='word_1_335' title='bbox 3258 590 3321 641; x_wconf 89' lang='lat' dir='ltr'><strong>ad</strong></span> <span class='ocrx_word' id='word_1_336' title='bbox 3361 590 3578 644; x_wconf 86' lang='lat' dir='ltr'><strong>delicias</strong></span> <span class='ocrx_word' id='word_1_337' title='bbox 3607 606 3762 643; x_wconf 86' lang='lat' dir='ltr'><strong>com-</strong></span> 
     </span>
    </p>
   </div>
   <div class='ocr_carea' id='block_1_45' title="bbox 2194 662 3763 730">
    <p class='ocr_par' dir='ltr' id='par_1_45' title="bbox 2194 662 3763 730">
     <span class='ocr_line' id='line_1_45' title="bbox 2194 662 3763 730; baseline 0 -18"><span class='ocrx_word' id='word_1_338' title='bbox 2194 668 2431 728; x_wconf 89' lang='lat' dir='ltr'><strong>paratum</strong></span> <span class='ocrx_word' id='word_1_339' title='bbox 2450 662 2653 715; x_wconf 85' lang='lat' dir='ltr'><strong>alentes</strong></span> <span class='ocrx_word' id='word_1_340' title='bbox 2679 662 2881 726; x_wconf 83' lang='lat' dir='ltr'><strong>jejunio</strong></span> <span class='ocrx_word' id='word_1_341' title='bbox 2903 663 2955 715; x_wconf 93' lang='lat' dir='ltr'><strong>in</strong></span> <span class='ocrx_word' id='word_1_342' title='bbox 2988 676 3119 724; x_wconf 71' lang='lat' dir='ltr'><strong>iane</strong></span> <span class='ocrx_word' id='word_1_343' title='bbox 3132 669 3189 713; x_wconf 89' lang='lat' dir='ltr'><strong>et</strong></span> <span class='ocrx_word' id='word_1_344' title='bbox 3214 675 3347 730; x_wconf 86' lang='lat' dir='ltr'><strong>aqua</strong></span> <span class='ocrx_word' id='word_1_345' title='bbox 3370 663 3634 723; x_wconf 85' lang='lat' dir='ltr'><strong>plectunt;</strong></span> <span class='ocrx_word' id='word_1_346' title='bbox 3657 676 3763 727; x_wconf 82' lang='lat' dir='ltr'><strong>qua</strong></span> 
     </span>
    </p>
   </div>
   <div class='ocr_carea' id='block_1_46' title="bbox 2191 730 3769 800">
    <p class='ocr_par' dir='ltr' id='par_1_46' title="bbox 2191 730 3769 800">
     <span class='ocr_line' id='line_1_46' title="bbox 2191 730 3769 800; baseline -0.001 -16"><span class='ocrx_word' id='word_1_347' title='bbox 2191 730 2353 784; x_wconf 86' lang='lat' dir='ltr'><strong>etiam</strong></span> <span class='ocrx_word' id='word_1_348' title='bbox 2398 747 2550 800; x_wconf 78' lang='lat' dir='ltr'><strong>ptena</strong></span> <span class='ocrx_word' id='word_1_349' title='bbox 2580 732 2976 796; x_wconf 82' lang='lat' dir='ltr'><strong>dissolutiones,</strong></span> <span class='ocrx_word' id='word_1_350' title='bbox 3021 748 3269 793; x_wconf 87' lang='lat' dir='ltr'><strong>manuum</strong></span> <span class='ocrx_word' id='word_1_351' title='bbox 3298 730 3630 800; x_wconf 81' lang='lat' dir='ltr'><strong>injectioues,</strong></span> <span class='ocrx_word' id='word_1_352' title='bbox 3664 734 3769 785; x_wconf 81' lang='lat' dir='ltr'><strong>im—</strong></span> 
     </span>
    </p>
   </div>
   <div class='ocr_carea' id='block_1_47' title="bbox 2194 801 3677 872">
    <p class='ocr_par' dir='ltr' id='par_1_47' title="bbox 2194 801 3677 872">
     <span class='ocr_line' id='line_1_47' title="bbox 2194 801 3677 872; baseline 0.001 -20"><span class='ocrx_word' id='word_1_353' title='bbox 2194 801 2482 870; x_wconf 90' lang='lat' dir='ltr'><strong>pulsiones,</strong></span> <span class='ocrx_word' id='word_1_354' title='bbox 2504 815 2557 857; x_wconf 91' lang='lat' dir='ltr'><strong>et</strong></span> <span class='ocrx_word' id='word_1_355' title='bbox 2580 802 2877 872; x_wconf 85' lang='lat' dir='ltr'><strong>hujttsmodi</strong></span> <span class='ocrx_word' id='word_1_356' title='bbox 2894 803 3044 872; x_wconf 91' lang='lat' dir='ltr'><strong>jocos</strong></span> <span class='ocrx_word' id='word_1_357' title='bbox 3067 803 3287 869; x_wconf 87' lang='lat' dir='ltr'><strong>puniunt</strong></span> <span class='ocrx_word' id='word_1_358' title='bbox 3308 802 3677 857; x_wconf 78' lang='lat' dir='ltr'><strong>CassinenSes.</strong></span> 
     </span>
    </p>
   </div>
   <div class='ocr_carea' id='block_1_48' title="bbox 2270 873 3769 943">
    <p class='ocr_par' dir='ltr' id='par_1_48' title="bbox 2270 873 3769 943">
     <span class='ocr_line' id='line_1_48' title="bbox 2270 873 3769 943; baseline -0.002 -13"><span class='ocrx_word' id='word_1_359' title='bbox 2270 874 2424 943; x_wconf 80' lang='lat'><strong>192</strong></span> <span class='ocrx_word' id='word_1_360' title='bbox 2454 874 2843 930; x_wconf 88' lang='lat' dir='ltr'><strong>Scurrititatum</strong></span> <span class='ocrx_word' id='word_1_361' title='bbox 2894 883 3069 928; x_wconf 87' lang='lat' dir='ltr'><strong>tamen</strong></span> <span class='ocrx_word' id='word_1_362' title='bbox 3100 876 3311 926; x_wconf 84' lang='lat' dir='ltr'><strong>nomine</strong></span> <span class='ocrx_word' id='word_1_363' title='bbox 3341 887 3444 925; x_wconf 91' lang='lat' dir='ltr'><strong>non</strong></span> <span class='ocrx_word' id='word_1_364' title='bbox 3476 873 3769 943; x_wconf 77' lang='lat' dir='ltr'><strong>prohiben-</strong></span> 
     </span>
    </p>
   </div>
   <div class='ocr_carea' id='block_1_49' title="bbox 2194 942 3768 1013">
    <p class='ocr_par' dir='ltr' id='par_1_49' title="bbox 2194 942 3768 1013">
     <span class='ocr_line' id='line_1_49' title="bbox 2194 942 3768 1013; baseline 0 -18"><span class='ocrx_word' id='word_1_365' title='bbox 2194 949 2278 996; x_wconf 88' lang='lat' dir='ltr'><strong>tttr</strong></span> <span class='ocrx_word' id='word_1_366' title='bbox 2307 942 2513 997; x_wconf 85' lang='lat' dir='ltr'><strong>honesti</strong></span> <span class='ocrx_word' id='word_1_367' title='bbox 2536 945 2660 1012; x_wconf 91' lang='lat' dir='ltr'><strong>joci,</strong></span> <span class='ocrx_word' id='word_1_368' title='bbox 2688 943 2878 1011; x_wconf 89' lang='lat' dir='ltr'><strong>quibus</strong></span> <span class='ocrx_word' id='word_1_369' title='bbox 2910 960 3283 1013; x_wconf 89' lang='lat' dir='ltr'><strong>nonnunquam</strong></span> <span class='ocrx_word' id='word_1_370' title='bbox 3314 959 3439 997; x_wconf 89' lang='lat' dir='ltr'><strong>usos</strong></span> <span class='ocrx_word' id='word_1_371' title='bbox 3463 942 3625 998; x_wconf 88' lang='lat' dir='ltr'><strong>fuisse</strong></span> <span class='ocrx_word' id='word_1_372' title='bbox 3647 948 3768 1008; x_wconf 86' lang='lat' dir='ltr'><strong>pios</strong></span> 
     </span>
    </p>
   </div>
   <div class='ocr_carea' id='block_1_50' title="bbox 2193 1013 3768 1085">
    <p class='ocr_par' dir='ltr' id='par_1_50' title="bbox 2193 1013 3768 1085">
     <span class='ocr_line' id='line_1_50' title="bbox 2193 1013 3768 1085; baseline 0.002 -20"><span class='ocrx_word' id='word_1_373' title='bbox 2193 1014 2337 1085; x_wconf 80' lang='lat' dir='ltr'><strong>viros</strong></span> <span class='ocrx_word' id='word_1_374' title='bbox 2364 1015 2607 1085; x_wconf 76' lang='lat' dir='ltr'><strong>legimus,</strong></span> <span class='ocrx_word' id='word_1_375' title='bbox 2628 1023 2683 1067; x_wconf 92' lang='lat' dir='ltr'><strong>et</strong></span> <span class='ocrx_word' id='word_1_376' title='bbox 2709 1014 2895 1080; x_wconf 87' lang='lat' dir='ltr'><strong>quales</strong></span> <span class='ocrx_word' id='word_1_377' title='bbox 2923 1024 3072 1068; x_wconf 88' lang='lat' dir='ltr'><strong>erant</strong></span> <span class='ocrx_word' id='word_1_378' title='bbox 3104 1015 3243 1085; x_wconf 79' lang='lat' dir='ltr'><strong>Petri</strong></span> <span class='ocrx_word' id='word_1_379' title='bbox 3266 1013 3608 1080; x_wconf 82' lang='lat' dir='ltr'><strong>Venerabilis,</strong></span> <span class='ocrx_word' id='word_1_380' title='bbox 3627 1030 3768 1085; x_wconf 76' lang='lat' dir='ltr'><strong>quos</strong></span> 
     </span>
    </p>
   </div>
   <div class='ocr_carea' id='block_1_51' title="bbox 2192 1082 3767 1145">
    <p class='ocr_par' dir='ltr' id='par_1_51' title="bbox 2192 1082 3767 1145">
     <span class='ocr_line' id='line_1_51' title="bbox 2192 1082 3767 1145; baseline 0 -8"><span class='ocrx_word' id='word_1_381' title='bbox 2192 1082 2371 1138; x_wconf 86' lang='lat' dir='ltr'><strong>laudat</strong></span> <span class='ocrx_word' id='word_1_382' title='bbox 2413 1084 2469 1139; x_wconf 91' lang='lat' dir='ltr'><strong>S.</strong></span> <span class='ocrx_word' id='word_1_383' title='bbox 2506 1087 2805 1139; x_wconf 84' lang='lat' dir='ltr'><strong>Bernardus</strong></span> <span class='ocrx_word' id='word_1_384' title='bbox 2833 1086 2898 1139; x_wconf 89' lang='lat' dir='ltr'><strong>ad</strong></span> <span class='ocrx_word' id='word_1_385' title='bbox 2927 1101 3045 1139; x_wconf 87' lang='lat' dir='ltr'><strong>eum</strong></span> <span class='ocrx_word' id='word_1_386' title='bbox 3068 1084 3146 1137; x_wconf 88' lang='lat' dir='ltr'><strong>sic</strong></span> <span class='ocrx_word' id='word_1_387' title='bbox 3184 1087 3418 1139; x_wconf 87' lang='lat' dir='ltr'><strong>scribens</strong></span> <span class='ocrx_word' id='word_1_388' title='bbox 3451 1101 3464 1137; x_wconf 86' lang='lat'><strong>:</strong></span> <span class='ocrx_word' id='word_1_389' title='bbox 3502 1103 3520 1135; x_wconf 82' lang='grc' dir='ltr'><strong>ι</strong></span> <span class='ocrx_word' id='word_1_390' title='bbox 3560 1082 3767 1145; x_wconf 76' lang='lat' dir='ltr'><strong>Placet,</strong></span> 
     </span>
    </p>
   </div>
   <div class='ocr_carea' id='block_1_52' title="bbox 2193 1153 3769 1225">
    <p class='ocr_par' dir='ltr' id='par_1_52' title="bbox 2193 1153 3769 1225">
     <span class='ocr_line' id='line_1_52' title="bbox 2193 1153 3769 1225; baseline 0.002 -19"><span class='ocrx_word' id='word_1_391' title='bbox 2193 1153 2385 1219; x_wconf 90' lang='lat' dir='ltr'><strong>fateor,</strong></span> <span class='ocrx_word' id='word_1_392' title='bbox 2406 1155 2580 1224; x_wconf 88' lang='lat' dir='ltr'><strong>joeus,</strong></span> <span class='ocrx_word' id='word_1_393' title='bbox 2600 1164 2682 1209; x_wconf 90' lang='lat' dir='ltr'><strong>est</strong></span> <span class='ocrx_word' id='word_1_394' title='bbox 2708 1157 2847 1210; x_wconf 85' lang='lat' dir='ltr'><strong>enim</strong></span> <span class='ocrx_word' id='word_1_395' title='bbox 2864 1165 2917 1210; x_wconf 92' lang='lat' dir='ltr'><strong>et</strong></span> <span class='ocrx_word' id='word_1_396' title='bbox 2936 1155 3265 1225; x_wconf 88' lang='lat' dir='ltr'><strong>jucunditate</strong></span> <span class='ocrx_word' id='word_1_397' title='bbox 3285 1166 3487 1223; x_wconf 83' lang='lat' dir='ltr'><strong>gratus,</strong></span> <span class='ocrx_word' id='word_1_398' title='bbox 3511 1164 3566 1209; x_wconf 87' lang='lat' dir='ltr'><strong>et</strong></span> <span class='ocrx_word' id='word_1_399' title='bbox 3590 1157 3769 1211; x_wconf 89' lang='lat' dir='ltr'><strong>serius</strong></span> 
     </span>
    </p>
   </div>
   <div class='ocr_carea' id='block_1_53' title="bbox 2192 1225 3769 1295">
    <p class='ocr_par' dir='ltr' id='par_1_53' title="bbox 2192 1225 3769 1295">
     <span class='ocr_line' id='line_1_53' title="bbox 2192 1225 3769 1295; baseline 0.002 -19"><span class='ocrx_word' id='word_1_400' title='bbox 2192 1226 2485 1291; x_wconf 70' lang='lat' dir='ltr'><strong>gravitate;</strong></span> <span class='ocrx_word' id='word_1_401' title='bbox 2519 1226 2699 1280; x_wconf 90' lang='lat' dir='ltr'><strong>nescio</strong></span> <span class='ocrx_word' id='word_1_402' title='bbox 2724 1227 2981 1295; x_wconf 84' lang='lat' dir='ltr'><strong>siquidem</strong></span> <span class='ocrx_word' id='word_1_403' title='bbox 3008 1226 3275 1295; x_wconf 89' lang='lat' dir='ltr'><strong>quomodo</strong></span> <span class='ocrx_word' id='word_1_404' title='bbox 3308 1229 3445 1280; x_wconf 92' lang='lat' dir='ltr'><strong>inter</strong></span> <span class='ocrx_word' id='word_1_405' title='bbox 3474 1225 3769 1295; x_wconf 74' lang='lat' dir='ltr'><strong>iocandum</strong></span> 
     </span>
    </p>
   </div>
   <div class='ocr_carea' id='block_1_54' title="bbox 2194 1295 3772 1365">
    <p class='ocr_par' dir='ltr' id='par_1_54' title="bbox 2194 1295 3772 1365">
     <span class='ocr_line' id='line_1_54' title="bbox 2194 1295 3772 1365; baseline 0.003 -18"><span class='ocrx_word' id='word_1_406' title='bbox 2194 1295 2262 1347; x_wconf 86' lang='lat' dir='ltr'><strong>ita</strong></span> <span class='ocrx_word' id='word_1_407' title='bbox 2291 1296 2568 1364; x_wconf 88' lang='lat' dir='ltr'><strong>disponitis</strong></span> <span class='ocrx_word' id='word_1_408' title='bbox 2595 1312 2872 1352; x_wconf 78' lang='lat' dir='ltr'><strong>sermones</strong></span> <span class='ocrx_word' id='word_1_409' title='bbox 2901 1308 3103 1352; x_wconf 88' lang='lat' dir='ltr'><strong>vestros</strong></span> <span class='ocrx_word' id='word_1_410' title='bbox 3127 1296 3177 1349; x_wconf 93' lang='lat' dir='ltr'><strong>in</strong></span> <span class='ocrx_word' id='word_1_411' title='bbox 3204 1296 3425 1365; x_wconf 85' lang='lat' dir='ltr'><strong>judicio,</strong></span> <span class='ocrx_word' id='word_1_412' title='bbox 3451 1308 3505 1350; x_wconf 93' lang='lat' dir='ltr'><strong>ut</strong></span> <span class='ocrx_word' id='word_1_413' title='bbox 3528 1307 3589 1351; x_wconf 81' lang='lat' dir='ltr'><strong>et</strong></span> <span class='ocrx_word' id='word_1_414' title='bbox 3612 1299 3772 1364; x_wconf 83' lang='lat' dir='ltr'><strong>jocus</strong></span> 
     </span>
    </p>
   </div>
   <div class='ocr_carea' id='block_1_55' title="bbox 2197 1366 3769 1423">
    <p class='ocr_par' dir='ltr' id='par_1_55' title="bbox 2197 1366 3769 1423">
     <span class='ocr_line' id='line_1_55' title="bbox 2197 1366 3769 1423; baseline 0.003 -6"><span class='ocrx_word' id='word_1_415' title='bbox 2197 1366 2459 1419; x_wconf 86' lang='lat' dir='ltr'><strong>levitatem</strong></span> <span class='ocrx_word' id='word_1_416' title='bbox 2494 1383 2597 1420; x_wconf 77' lang='lat' dir='ltr'><strong>non</strong></span> <span class='ocrx_word' id='word_1_417' title='bbox 2649 1368 2903 1423; x_wconf 80' lang='lat' dir='ltr'><strong>redoleat.</strong></span> <span class='ocrx_word' id='word_1_418' title='bbox 2937 1380 2989 1421; x_wconf 85' lang='lat' dir='ltr'><strong>et</strong></span> <span class='ocrx_word' id='word_1_419' title='bbox 3017 1372 3303 1422; x_wconf 88' lang='lat' dir='ltr'><strong>auctoritas</strong></span> <span class='ocrx_word' id='word_1_420' title='bbox 3331 1381 3644 1421; x_wconf 80' lang='lat' dir='ltr'><strong>conservata</strong></span> <span class='ocrx_word' id='word_1_421' title='bbox 3676 1369 3769 1422; x_wconf 82' lang='lat' dir='ltr'><strong>hi-</strong></span> 
     </span>
    </p>
   </div>
   <div class='ocr_carea' id='block_1_56' title="bbox 2194 1437 3106 1507">
    <p class='ocr_par' dir='ltr' id='par_1_56' title="bbox 2194 1437 3106 1507">
     <span class='ocr_line' id='line_1_56' title="bbox 2194 1437 3106 1507; baseline -0.001 -17"><span class='ocrx_word' id='word_1_422' title='bbox 2194 1437 2418 1507; x_wconf 75' lang='lat' dir='ltr'><strong>laritatis</strong></span> <span class='ocrx_word' id='word_1_423' title='bbox 2448 1453 2550 1491; x_wconf 91' lang='lat' dir='ltr'><strong>non</strong></span> <span class='ocrx_word' id='word_1_424' title='bbox 2584 1437 2785 1492; x_wconf 89' lang='lat' dir='ltr'><strong>minuat</strong></span> <span class='ocrx_word' id='word_1_425' title='bbox 2812 1440 3051 1507; x_wconf 82' lang='lat' dir='ltr'><strong>gratiam.</strong></span> <span class='ocrx_word' id='word_1_426' title='bbox 3088 1457 3106 1489; x_wconf 73' lang='grc' dir='ltr'><strong>ι</strong></span> 
     </span>
    </p>
   </div>
   <div class='ocr_carea' id='block_1_57' title="bbox 2267 1506 3772 1579">
    <p class='ocr_par' dir='ltr' id='par_1_57' title="bbox 2267 1506 3772 1579">
     <span class='ocr_line' id='line_1_57' title="bbox 2267 1506 3772 1579; baseline 0.003 -21"><span class='ocrx_word' id='word_1_427' title='bbox 2267 1506 2333 1559; x_wconf 82' lang='grc' dir='ltr'>Ει</span> <span class='ocrx_word' id='word_1_428' title='bbox 2378 1508 2525 1560; x_wconf 81' lang='lat' dir='ltr'><strong>verba</strong></span> <span class='ocrx_word' id='word_1_429' title='bbox 2554 1508 2759 1579; x_wconf 81' lang='lat' dir='ltr'><strong>otiosa.]</strong></span> <span class='ocrx_word' id='word_1_430' title='bbox 2797 1506 3023 1563; x_wconf 77' lang='lat' dir='ltr'><strong>Verbum</strong></span> <span class='ocrx_word' id='word_1_431' title='bbox 3055 1510 3284 1562; x_wconf 84' lang='lat' dir='ltr'><strong>Otiosum</strong></span> <span class='ocrx_word' id='word_1_432' title='bbox 3314 1507 3371 1564; x_wconf 91' lang='lat' dir='ltr'><strong>S.</strong></span> <span class='ocrx_word' id='word_1_433' title='bbox 3420 1508 3612 1563; x_wconf 81' lang='lat' dir='ltr'><strong>Basilio</strong></span> <span class='ocrx_word' id='word_1_434' title='bbox 3640 1508 3772 1577; x_wconf 78' lang='lat' dir='ltr'><strong>(Re-</strong></span> 
     </span>
    </p>
   </div>
   <div class='ocr_carea' id='block_1_58' title="bbox 2192 1579 3771 1648">
    <p class='ocr_par' dir='ltr' id='par_1_58' title="bbox 2192 1579 3771 1648">
     <span class='ocr_line' id='line_1_58' title="bbox 2192 1579 3771 1648; baseline 0.001 -19"><span class='ocrx_word' id='word_1_435' title='bbox 2192 1580 2299 1647; x_wconf 79' lang='lat' dir='ltr'><strong>gni.</strong></span> <span class='ocrx_word' id='word_1_436' title='bbox 2331 1579 2466 1631; x_wconf 78' lang='lat' dir='ltr'><strong>brev.</strong></span> <span class='ocrx_word' id='word_1_437' title='bbox 2497 1596 2610 1647; x_wconf 86' lang='lat' dir='ltr'><strong>cap.</strong></span> <span class='ocrx_word' id='word_1_438' title='bbox 2642 1580 2733 1647; x_wconf 75' lang='grc'><strong>25)</strong></span> <span class='ocrx_word' id='word_1_439' title='bbox 2763 1592 2845 1633; x_wconf 91' lang='lat' dir='ltr'><strong>cst</strong></span> <span class='ocrx_word' id='word_1_440' title='bbox 2878 1600 2894 1629; x_wconf 79' lang='grc' dir='ltr'><strong>ι</strong></span> <span class='ocrx_word' id='word_1_441' title='bbox 2932 1596 3089 1635; x_wconf 87' lang='lat' dir='ltr'><strong>omne</strong></span> <span class='ocrx_word' id='word_1_442' title='bbox 3118 1582 3333 1634; x_wconf 83' lang='lat' dir='ltr'><strong>verbum</strong></span> <span class='ocrx_word' id='word_1_443' title='bbox 3365 1582 3504 1648; x_wconf 89' lang='lat' dir='ltr'><strong>quod</strong></span> <span class='ocrx_word' id='word_1_444' title='bbox 3547 1580 3612 1632; x_wconf 87' lang='lat' dir='ltr'><strong>ad</strong></span> <span class='ocrx_word' id='word_1_445' title='bbox 3645 1596 3771 1647; x_wconf 86' lang='lat' dir='ltr'><strong>pro-</strong></span> 
     </span>
    </p>
   </div>
   <div class='ocr_carea' id='block_1_59' title="bbox 2197 1649 3772 1720">
    <p class='ocr_par' dir='ltr' id='par_1_59' title="bbox 2197 1649 3772 1720">
     <span class='ocr_line' id='line_1_59' title="bbox 2197 1649 3772 1720; baseline 0.001 -21"><span class='ocrx_word' id='word_1_446' title='bbox 2197 1650 2423 1720; x_wconf 74' lang='lat' dir='ltr'><strong>positum</strong></span> <span class='ocrx_word' id='word_1_447' title='bbox 2461 1650 2509 1703; x_wconf 92' lang='lat' dir='ltr'><strong>in</strong></span> <span class='ocrx_word' id='word_1_448' title='bbox 2554 1649 2778 1703; x_wconf 90' lang='lat' dir='ltr'><strong>Domino</strong></span> <span class='ocrx_word' id='word_1_449' title='bbox 2807 1666 2957 1704; x_wconf 88' lang='lat' dir='ltr'><strong>usum</strong></span> <span class='ocrx_word' id='word_1_450' title='bbox 2990 1668 3091 1703; x_wconf 88' lang='lat' dir='ltr'><strong>nott</strong></span> <span class='ocrx_word' id='word_1_451' title='bbox 3122 1653 3263 1703; x_wconf 79' lang='lat' dir='ltr'><strong>facit.</strong></span> <span class='ocrx_word' id='word_1_452' title='bbox 3306 1668 3323 1701; x_wconf 76' lang='grc' dir='ltr'><strong>ι</strong></span> <span class='ocrx_word' id='word_1_453' title='bbox 3360 1656 3415 1704; x_wconf 74' lang='grc' dir='ltr'>δ.</span> <span class='ocrx_word' id='word_1_454' title='bbox 3448 1650 3772 1720; x_wconf 73' lang='lat' dir='ltr'><strong>Hieronymo</strong></span> 
     </span>
    </p>
   </div>
   <div class='ocr_carea' id='block_1_60' title="bbox 2195 1717 3769 1790">
    <p class='ocr_par' dir='ltr' id='par_1_60' title="bbox 2195 1717 3769 1790">
     <span class='ocr_line' id='line_1_60' title="bbox 2195 1717 3769 1790; baseline 0.002 -20"><span class='ocrx_word' id='word_1_455' title='bbox 2195 1717 2283 1787; x_wconf 87' lang='lat' dir='ltr'><strong>(In</strong></span> <span class='ocrx_word' id='word_1_456' title='bbox 2312 1718 2498 1773; x_wconf 79' lang='lat' dir='ltr'><strong>Matth.</strong></span> <span class='ocrx_word' id='word_1_457' title='bbox 2537 1722 2655 1787; x_wconf 77' lang='lat' dir='ltr'><strong>xu),</strong></span> <span class='ocrx_word' id='word_1_458' title='bbox 2692 1740 2710 1771; x_wconf 79' lang='grc' dir='ltr'><strong>ι</strong></span> <span class='ocrx_word' id='word_1_459' title='bbox 2748 1724 2885 1790; x_wconf 88' lang='lat' dir='ltr'><strong>quod</strong></span> <span class='ocrx_word' id='word_1_460' title='bbox 2916 1721 3033 1776; x_wconf 92' lang='lat' dir='ltr'><strong>sine</strong></span> <span class='ocrx_word' id='word_1_461' title='bbox 3062 1723 3285 1775; x_wconf 88' lang='lat' dir='ltr'><strong>utilitate</strong></span> <span class='ocrx_word' id='word_1_462' title='bbox 3312 1731 3366 1774; x_wconf 90' lang='lat' dir='ltr'><strong>et</strong></span> <span class='ocrx_word' id='word_1_463' title='bbox 3395 1717 3659 1789; x_wconf 77' lang='lat' dir='ltr'><strong>loquentis</strong></span> <span class='ocrx_word' id='word_1_464' title='bbox 3683 1722 3769 1773; x_wconf 82' lang='lat' dir='ltr'><strong>di-</strong></span> 
     </span>
    </p>
   </div>
   <div class='ocr_carea' id='block_1_61' title="bbox 2197 1790 3771 1857">
    <p class='ocr_par' dir='ltr' id='par_1_61' title="bbox 2197 1790 3771 1857">
     <span class='ocr_line' id='line_1_61' title="bbox 2197 1790 3771 1857; baseline 0.001 -14"><span class='ocrx_word' id='word_1_465' title='bbox 2197 1790 2333 1843; x_wconf 89' lang='lat' dir='ltr'><strong>citur</strong></span> <span class='ocrx_word' id='word_1_466' title='bbox 2357 1798 2411 1843; x_wconf 88' lang='lat' dir='ltr'><strong>et</strong></span> <span class='ocrx_word' id='word_1_467' title='bbox 2435 1790 2734 1855; x_wconf 87' lang='lat' dir='ltr'><strong>audientis;</strong></span> <span class='ocrx_word' id='word_1_468' title='bbox 2767 1795 2808 1845; x_wconf 90' lang='lat' dir='ltr'><strong>si</strong></span> <span class='ocrx_word' id='word_1_469' title='bbox 2841 1795 3052 1847; x_wconf 87' lang='lat' dir='ltr'><strong>omissis</strong></span> <span class='ocrx_word' id='word_1_470' title='bbox 3083 1794 3259 1857; x_wconf 85' lang='lat' dir='ltr'><strong>Seriis,</strong></span> <span class='ocrx_word' id='word_1_471' title='bbox 3289 1792 3356 1845; x_wconf 90' lang='lat' dir='ltr'><strong>de</strong></span> <span class='ocrx_word' id='word_1_472' title='bbox 3381 1792 3538 1845; x_wconf 88' lang='lat' dir='ltr'><strong>rebus</strong></span> <span class='ocrx_word' id='word_1_473' title='bbox 3564 1791 3771 1845; x_wconf 77' lang='lat' dir='ltr'><strong>frivolis</strong></span> 
     </span>
    </p>
   </div>
   <div class='ocr_carea' id='block_1_62' title="bbox 2199 1862 3772 1929">
    <p class='ocr_par' dir='ltr' id='par_1_62' title="bbox 2199 1862 3772 1929">
     <span class='ocr_line' id='line_1_62' title="bbox 2199 1862 3772 1929; baseline 0.003 -15"><span class='ocrx_word' id='word_1_474' title='bbox 2199 1862 2497 1929; x_wconf 85' lang='lat' dir='ltr'><strong>loquamur,</strong></span> <span class='ocrx_word' id='word_1_475' title='bbox 2531 1870 2585 1913; x_wconf 89' lang='lat' dir='ltr'><strong>et</strong></span> <span class='ocrx_word' id='word_1_476' title='bbox 2623 1862 2822 1916; x_wconf 89' lang='lat' dir='ltr'><strong>fabulas</strong></span> <span class='ocrx_word' id='word_1_477' title='bbox 2868 1879 3142 1917; x_wconf 84' lang='lat' dir='ltr'><strong>narremus</strong></span> <span class='ocrx_word' id='word_1_478' title='bbox 3184 1863 3447 1929; x_wconf 83' lang='lat' dir='ltr'><strong>antiquas.</strong></span> <span class='ocrx_word' id='word_1_479' title='bbox 3487 1881 3507 1913; x_wconf 74' lang='grc' dir='ltr'><strong>ι</strong></span> <span class='ocrx_word' id='word_1_480' title='bbox 3542 1863 3600 1917; x_wconf 90' lang='lat' dir='ltr'><strong>S.</strong></span> <span class='ocrx_word' id='word_1_481' title='bbox 3632 1862 3772 1917; x_wconf 80' lang='lat' dir='ltr'><strong>Gre-</strong></span> 
     </span>
    </p>
   </div>
   <div class='ocr_carea' id='block_1_63' title="bbox 2197 1929 3777 2003">
    <p class='ocr_par' dir='ltr' id='par_1_63' title="bbox 2197 1929 3777 2003">
     <span class='ocr_line' id='line_1_63' title="bbox 2197 1929 3777 2003; baseline 0.002 -20"><span class='ocrx_word' id='word_1_482' title='bbox 2197 1932 2347 2000; x_wconf 84' lang='lat' dir='ltr'><strong>gorio</strong></span> <span class='ocrx_word' id='word_1_483' title='bbox 2374 1929 2464 1999; x_wconf 87' lang='lat' dir='ltr'><strong>(In</strong></span> <span class='ocrx_word' id='word_1_484' title='bbox 2522 1930 2797 1995; x_wconf 82' lang='lat' dir='ltr'><strong>Pastorali,</strong></span> <span class='ocrx_word' id='word_1_485' title='bbox 2846 1949 2903 1987; x_wconf 90' lang='lat' dir='ltr'><strong>Ill</strong></span> <span class='ocrx_word' id='word_1_486' title='bbox 2950 1944 3113 2001; x_wconf 74' lang='lat' dir='ltr'><strong>parte,</strong></span> <span class='ocrx_word' id='word_1_487' title='bbox 3156 1950 3270 2003; x_wconf 86' lang='lat' dir='ltr'><strong>cap.</strong></span> <span class='ocrx_word' id='word_1_488' title='bbox 3309 1932 3419 2001; x_wconf 67' lang='grc'>15),</span> <span class='ocrx_word' id='word_1_489' title='bbox 3457 1951 3473 1981; x_wconf 84' lang='grc'><strong>(</strong></span> <span class='ocrx_word' id='word_1_490' title='bbox 3513 1933 3651 2000; x_wconf 91' lang='lat' dir='ltr'><strong>quod</strong></span> <span class='ocrx_word' id='word_1_491' title='bbox 3688 1948 3777 1986; x_wconf 56' lang='lat' dir='ltr'><strong>ra-o</strong></span> 
     </span>
    </p>
   </div>
   <div class='ocr_carea' id='block_1_64' title="bbox 2197 2003 3775 2071">
    <p class='ocr_par' dir='ltr' id='par_1_64' title="bbox 2197 2003 3775 2071">
     <span class='ocr_line' id='line_1_64' title="bbox 2197 2003 3775 2071; baseline 0.002 -16"><span class='ocrx_word' id='word_1_492' title='bbox 2197 2003 2340 2055; x_wconf 85' lang='lat' dir='ltr'><strong>tione</strong></span> <span class='ocrx_word' id='word_1_493' title='bbox 2374 2003 2532 2071; x_wconf 71' lang='lat' dir='ltr'><strong>justa:</strong></span> <span class='ocrx_word' id='word_1_494' title='bbox 2563 2005 2913 2069; x_wconf 85' lang='lat' dir='ltr'><strong>necessitatis,</strong></span> <span class='ocrx_word' id='word_1_495' title='bbox 2961 2014 3053 2059; x_wconf 90' lang='lat' dir='ltr'><strong>aut</strong></span> <span class='ocrx_word' id='word_1_496' title='bbox 3083 2006 3371 2058; x_wconf 87' lang='lat' dir='ltr'><strong>intentione</strong></span> <span class='ocrx_word' id='word_1_497' title='bbox 3400 2005 3497 2069; x_wconf 62' lang='lat' dir='ltr'><strong>pias</strong></span> <span class='ocrx_word' id='word_1_498' title='bbox 3526 2004 3775 2058; x_wconf 86' lang='lat' dir='ltr'><strong>utilitatis</strong></span> 
     </span>
    </p>
   </div>
   <div class='ocr_carea' id='block_1_65' title="bbox 2197 2072 3776 2140">
    <p class='ocr_par' dir='ltr' id='par_1_65' title="bbox 2197 2072 3776 2140">
     <span class='ocr_line' id='line_1_65' title="bbox 2197 2072 3776 2140; baseline 0 -14"><span class='ocrx_word' id='word_1_499' title='bbox 2197 2084 2363 2127; x_wconf 89' lang='lat' dir='ltr'><strong>caret.</strong></span> <span class='ocrx_word' id='word_1_500' title='bbox 2394 2090 2412 2123; x_wconf 74' lang='grc' dir='ltr'><strong>ι</strong></span> <span class='ocrx_word' id='word_1_501' title='bbox 2440 2072 2748 2140; x_wconf 77' lang='lat' dir='ltr'><strong>Huiusmodi</strong></span> <span class='ocrx_word' id='word_1_502' title='bbox 2781 2076 2936 2129; x_wconf 87' lang='lat' dir='ltr'><strong>verba</strong></span> <span class='ocrx_word' id='word_1_503' title='bbox 2965 2093 3063 2127; x_wconf 85' lang='lat' dir='ltr'><strong>una</strong></span> <span class='ocrx_word' id='word_1_504' title='bbox 3087 2091 3207 2129; x_wconf 90' lang='lat' dir='ltr'><strong>cum</strong></span> <span class='ocrx_word' id='word_1_505' title='bbox 3238 2074 3650 2128; x_wconf 80' lang='lat' dir='ltr'><strong>scurrilitatibus</strong></span> <span class='ocrx_word' id='word_1_506' title='bbox 3672 2078 3776 2126; x_wconf 89' lang='lat' dir='ltr'><strong>sub</strong></span> 
     </span>
    </p>
   </div>
   <div class='ocr_carea' id='block_1_66' title="bbox 2196 2144 3777 2212">
    <p class='ocr_par' dir='ltr' id='par_1_66' title="bbox 2196 2144 3777 2212">
     <span class='ocr_line' id='line_1_66' title="bbox 2196 2144 3777 2212; baseline 0.001 -15"><span class='ocrx_word' id='word_1_507' title='bbox 2196 2144 2380 2197; x_wconf 84' lang='lat' dir='ltr'><strong>eadem</strong></span> <span class='ocrx_word' id='word_1_508' title='bbox 2408 2144 2651 2197; x_wconf 87' lang='lat' dir='ltr'><strong>clausura</strong></span> <span class='ocrx_word' id='word_1_509' title='bbox 2678 2146 2894 2199; x_wconf 86' lang='lat' dir='ltr'><strong>damnat</strong></span> <span class='ocrx_word' id='word_1_510' title='bbox 2924 2148 2978 2201; x_wconf 90' lang='lat' dir='ltr'><strong>S.</strong></span> <span class='ocrx_word' id='word_1_511' title='bbox 3018 2146 3329 2200; x_wconf 60' lang='lat' dir='ltr'><strong>benedictus</strong></span> <span class='ocrx_word' id='word_1_512' title='bbox 3348 2187 3362 2208; x_wconf 92' lang='lat'><strong>,</strong></span> <span class='ocrx_word' id='word_1_513' title='bbox 3393 2160 3422 2197; x_wconf 91' lang='lat' dir='ltr'><strong>a</strong></span> <span class='ocrx_word' id='word_1_514' title='bbox 3452 2146 3646 2212; x_wconf 89' lang='lat' dir='ltr'><strong>quibus</strong></span> <span class='ocrx_word' id='word_1_515' title='bbox 3674 2161 3777 2199; x_wconf 88' lang='lat' dir='ltr'><strong>nos</strong></span> 
     </span>
    </p>
   </div>
   <div class='ocr_carea' id='block_1_67' title="bbox 2198 2212 3779 2270">
    <p class='ocr_par' dir='ltr' id='par_1_67' title="bbox 2198 2212 3779 2270">
     <span class='ocr_line' id='line_1_67' title="bbox 2198 2212 3779 2270; baseline 0.001 -4"><span class='ocrx_word' id='word_1_516' title='bbox 2198 2212 2411 2266; x_wconf 86' lang='lat' dir='ltr'><strong>aliunde</strong></span> <span class='ocrx_word' id='word_1_517' title='bbox 2438 2213 2569 2267; x_wconf 86' lang='lat' dir='ltr'><strong>satis</strong></span> <span class='ocrx_word' id='word_1_518' title='bbox 2597 2217 2865 2269; x_wconf 80' lang='lat' dir='ltr'><strong>deterrere</strong></span> <span class='ocrx_word' id='word_1_519' title='bbox 2894 2221 3111 2270; x_wconf 83' lang='lat' dir='ltr'><strong>deberet</strong></span> <span class='ocrx_word' id='word_1_520' title='bbox 3145 2218 3395 2270; x_wconf 83' lang='lat' dir='ltr'><strong>terribilis</strong></span> <span class='ocrx_word' id='word_1_521' title='bbox 3425 2215 3624 2269; x_wconf 84' lang='lat' dir='ltr'><strong>Christi</strong></span> <span class='ocrx_word' id='word_1_522' title='bbox 3647 2232 3779 2270; x_wconf 81' lang='lat' dir='ltr'><strong>sen-</strong></span> 
     </span>
    </p>
   </div>
   <div class='ocr_carea' id='block_1_68' title="bbox 2204 2285 3779 2355">
    <p class='ocr_par' dir='ltr' id='par_1_68' title="bbox 2204 2285 3779 2355">
     <span class='ocr_line' id='line_1_68' title="bbox 2204 2285 3779 2355; baseline 0 -17"><span class='ocrx_word' id='word_1_523' title='bbox 2204 2285 2363 2355; x_wconf 79' lang='lat' dir='ltr'><strong>tentia</strong></span> <span class='ocrx_word' id='word_1_524' title='bbox 2392 2285 2634 2347; x_wconf 84' lang='lat' dir='ltr'><strong>dicentis,</strong></span> <span class='ocrx_word' id='word_1_525' title='bbox 2666 2289 2913 2355; x_wconf 77' lang='lat' dir='ltr'><strong>quoniam</strong></span> <span class='ocrx_word' id='word_1_526' title='bbox 2943 2304 3089 2340; x_wconf 82' lang='lat' dir='ltr'><strong>omne</strong></span> <span class='ocrx_word' id='word_1_527' title='bbox 3129 2288 3327 2341; x_wconf 80' lang='lat' dir='ltr'><strong>uerbum</strong></span> <span class='ocrx_word' id='word_1_528' title='bbox 3370 2287 3586 2339; x_wconf 82' lang='lat' dir='ltr'><strong>otiosum</strong></span> <span class='ocrx_word' id='word_1_529' title='bbox 3639 2288 3779 2355; x_wconf 83' lang='lat' dir='ltr'><strong>quod</strong></span> 
     </span>
    </p>
   </div>
   <div class='ocr_carea' id='block_1_69' title="bbox 2200 2353 3783 2423">
    <p class='ocr_par' dir='ltr' id='par_1_69' title="bbox 2200 2353 3783 2423">
     <span class='ocr_line' id='line_1_69' title="bbox 2200 2353 3783 2423; baseline 0.004 -18"><span class='ocrx_word' id='word_1_530' title='bbox 2200 2353 2355 2407; x_wconf 80' lang='lat' dir='ltr'><strong>locuti</strong></span> <span class='ocrx_word' id='word_1_531' title='bbox 2397 2355 2583 2423; x_wconf 79' lang='lat' dir='ltr'><strong>fuerint</strong></span> <span class='ocrx_word' id='word_1_532' title='bbox 2611 2353 2857 2422; x_wconf 64' lang='lat' dir='ltr'><strong>homines,</strong></span> <span class='ocrx_word' id='word_1_533' title='bbox 2891 2359 3096 2412; x_wconf 85' lang='lat' dir='ltr'><strong>reddent</strong></span> <span class='ocrx_word' id='word_1_534' title='bbox 3139 2360 3382 2410; x_wconf 83' lang='lat' dir='ltr'><strong>rationem</strong></span> <span class='ocrx_word' id='word_1_535' title='bbox 3419 2358 3481 2410; x_wconf 82' lang='lat' dir='ltr'><strong>de</strong></span> <span class='ocrx_word' id='word_1_536' title='bbox 3521 2366 3581 2409; x_wconf 85' lang='lat' dir='ltr'><strong>eo</strong></span> <span class='ocrx_word' id='word_1_537' title='bbox 3610 2353 3661 2409; x_wconf 74' lang='lat' dir='ltr'><strong>in</strong></span> <span class='ocrx_word' id='word_1_538' title='bbox 3695 2362 3783 2411; x_wconf 75' lang='lat' dir='ltr'><strong>die</strong></span> 
     </span>
    </p>
   </div>
   <div class='ocr_carea' id='block_1_70' title="bbox 2192 2426 3779 2496">
    <p class='ocr_par' dir='ltr' id='par_1_70' title="bbox 2192 2426 3779 2496">
     <span class='ocr_line' id='line_1_70' title="bbox 2192 2426 3779 2496; baseline 0.003 -20"><span class='ocrx_word' id='word_1_539' title='bbox 2192 2426 2398 2496; x_wconf 85' lang='lat' dir='ltr'><strong>judicii.</strong></span> <span class='ocrx_word' id='word_1_540' title='bbox 2448 2427 2614 2492; x_wconf 83' lang='lat' dir='ltr'><strong>Quam</strong></span> <span class='ocrx_word' id='word_1_541' title='bbox 2645 2428 2708 2479; x_wconf 87' lang='lat' dir='ltr'><strong>ad</strong></span> <span class='ocrx_word' id='word_1_542' title='bbox 2758 2430 3075 2482; x_wconf 86' lang='lat' dir='ltr'><strong>sententiam</strong></span> <span class='ocrx_word' id='word_1_543' title='bbox 3125 2429 3404 2483; x_wconf 84' lang='lat' dir='ltr'><strong>attendens</strong></span> <span class='ocrx_word' id='word_1_544' title='bbox 3432 2429 3619 2482; x_wconf 85' lang='lat' dir='ltr'><strong>Petrus</strong></span> <span class='ocrx_word' id='word_1_545' title='bbox 3671 2430 3779 2481; x_wconf 56' lang='lat' dir='ltr'><strong>Da.</strong></span> 
     </span>
    </p>
   </div>
   <div class='ocr_carea' id='block_1_71' title="bbox 2199 2496 3779 2568">
    <p class='ocr_par' dir='ltr' id='par_1_71' title="bbox 2199 2496 3779 2568">
     <span class='ocr_line' id='line_1_71' title="bbox 2199 2496 3779 2568; baseline 0.003 -19"><span class='ocrx_word' id='word_1_546' title='bbox 2199 2496 2361 2549; x_wconf 88' lang='lat' dir='ltr'><strong>niiani</strong></span> <span class='ocrx_word' id='word_1_547' title='bbox 2393 2496 2529 2567; x_wconf 82' lang='lat' dir='ltr'><strong>(Lib.</strong></span> <span class='ocrx_word' id='word_1_548' title='bbox 2561 2513 2612 2559; x_wconf 89' lang='lat' dir='ltr'><strong>v,</strong></span> <span class='ocrx_word' id='word_1_549' title='bbox 2642 2515 2719 2566; x_wconf 76' lang='lat' dir='ltr'><strong>ep.</strong></span> <span class='ocrx_word' id='word_1_550' title='bbox 2753 2499 2828 2568; x_wconf 72' lang='lat'><strong>2),</strong></span> <span class='ocrx_word' id='word_1_551' title='bbox 2870 2518 2887 2549; x_wconf 79' lang='grc' dir='ltr'><strong>ι</strong></span> <span class='ocrx_word' id='word_1_552' title='bbox 2924 2500 3053 2552; x_wconf 87' lang='lat' dir='ltr'><strong>Dutn</strong></span> <span class='ocrx_word' id='word_1_553' title='bbox 3101 2499 3231 2563; x_wconf 73' lang='lat' dir='ltr'><strong>luce,</strong></span> <span class='ocrx_word' id='word_1_554' title='bbox 3267 2500 3454 2564; x_wconf 79' lang='lat' dir='ltr'><strong>inquit,</strong></span> <span class='ocrx_word' id='word_1_555' title='bbox 3502 2500 3779 2567; x_wconf 74' lang='lat' dir='ltr'><strong>Evangelii</strong></span> 
     </span>
    </p>
   </div>
   <div class='ocr_carea' id='block_1_72' title="bbox 2203 2568 3783 2639">
    <p class='ocr_par' dir='ltr' id='par_1_72' title="bbox 2203 2568 3783 2639">
     <span class='ocr_line' id='line_1_72' title="bbox 2203 2568 3783 2639; baseline 0.003 -20"><span class='ocrx_word' id='word_1_556' title='bbox 2203 2568 2361 2620; x_wconf 80' lang='lat' dir='ltr'><strong>verba</strong></span> <span class='ocrx_word' id='word_1_557' title='bbox 2377 2568 2676 2626; x_wconf 76' lang='lat' dir='ltr'><strong>considero.</strong></span> <span class='ocrx_word' id='word_1_558' title='bbox 2698 2570 2819 2636; x_wconf 90' lang='lat' dir='ltr'><strong>quid</strong></span> <span class='ocrx_word' id='word_1_559' title='bbox 2844 2571 2980 2621; x_wconf 89' lang='lat' dir='ltr'><strong>aliml</strong></span> <span class='ocrx_word' id='word_1_560' title='bbox 2998 2586 3152 2639; x_wconf 87' lang='lat' dir='ltr'><strong>quam</strong></span> <span class='ocrx_word' id='word_1_561' title='bbox 3171 2571 3433 2639; x_wconf 83' lang='lat' dir='ltr'><strong>quoddam</strong></span> <span class='ocrx_word' id='word_1_562' title='bbox 3460 2570 3612 2622; x_wconf 84' lang='lat' dir='ltr'><strong>nobis</strong></span> <span class='ocrx_word' id='word_1_563' title='bbox 3629 2586 3783 2624; x_wconf 80' lang='lat' dir='ltr'><strong>eom-</strong></span> 
     </span>
    </p>
   </div>
   <div class='ocr_carea' id='block_1_73' title="bbox 2203 2639 3781 2709">
    <p class='ocr_par' dir='ltr' id='par_1_73' title="bbox 2203 2639 3781 2709">
     <span class='ocr_line' id='line_1_73' title="bbox 2203 2639 3781 2709; baseline 0.001 -18"><span class='ocrx_word' id='word_1_564' title='bbox 2203 2639 2456 2691; x_wconf 88' lang='lat' dir='ltr'><strong>mercium</strong></span> <span class='ocrx_word' id='word_1_565' title='bbox 2507 2643 2831 2705; x_wconf 90' lang='lat' dir='ltr'><strong>propositum</strong></span> <span class='ocrx_word' id='word_1_566' title='bbox 2862 2656 2981 2693; x_wconf 90' lang='lat' dir='ltr'><strong>esse</strong></span> <span class='ocrx_word' id='word_1_567' title='bbox 3025 2641 3334 2709; x_wconf 83' lang='lat' dir='ltr'><strong>perpendo?</strong></span> <span class='ocrx_word' id='word_1_568' title='bbox 3362 2640 3480 2707; x_wconf 88' lang='lat' dir='ltr'><strong>quia</strong></span> <span class='ocrx_word' id='word_1_569' title='bbox 3521 2641 3781 2694; x_wconf 81' lang='lat' dir='ltr'><strong>nimirum</strong></span> 
     </span>
    </p>
   </div>
   <div class='ocr_carea' id='block_1_74' title="bbox 2202 2712 3784 2778">
    <p class='ocr_par' dir='ltr' id='par_1_74' title="bbox 2202 2712 3784 2778">
     <span class='ocr_line' id='line_1_74' title="bbox 2202 2712 3784 2778; baseline 0.001 -17"><span class='ocrx_word' id='word_1_570' title='bbox 2202 2717 2258 2761; x_wconf 89' lang='lat' dir='ltr'><strong>et</strong></span> <span class='ocrx_word' id='word_1_571' title='bbox 2286 2717 2659 2762; x_wconf 91' lang='lat' dir='ltr'><strong>momentaneo</strong></span> <span class='ocrx_word' id='word_1_572' title='bbox 2684 2712 2788 2762; x_wconf 84' lang='lat' dir='ltr'><strong>risu</strong></span> <span class='ocrx_word' id='word_1_573' title='bbox 2820 2725 3101 2778; x_wconf 80' lang='lat' dir='ltr'><strong>perpetuus</strong></span> <span class='ocrx_word' id='word_1_574' title='bbox 3131 2714 3282 2766; x_wconf 68' lang='lat' dir='ltr'><strong>lli-tus</strong></span> <span class='ocrx_word' id='word_1_575' title='bbox 3304 2714 3525 2772; x_wconf 86' lang='lat' dir='ltr'><strong>eruitur,</strong></span> <span class='ocrx_word' id='word_1_576' title='bbox 3558 2721 3612 2765; x_wconf 91' lang='lat' dir='ltr'><strong>et</strong></span> <span class='ocrx_word' id='word_1_577' title='bbox 3642 2722 3784 2764; x_wconf 88' lang='lat' dir='ltr'><strong>tem-</strong></span> 
     </span>
    </p>
   </div>
   <div class='ocr_carea' id='block_1_75' title="bbox 2204 2779 3783 2851">
    <p class='ocr_par' dir='ltr' id='par_1_75' title="bbox 2204 2779 3783 2851">
     <span class='ocr_line' id='line_1_75' title="bbox 2204 2779 3783 2851; baseline 0.002 -22"><span class='ocrx_word' id='word_1_578' title='bbox 2204 2780 2371 2851; x_wconf 83' lang='lat' dir='ltr'><strong>porali</strong></span> <span class='ocrx_word' id='word_1_579' title='bbox 2404 2779 2527 2851; x_wconf 78' lang='lat' dir='ltr'><strong>fletu</strong></span> <span class='ocrx_word' id='word_1_580' title='bbox 2575 2790 2820 2847; x_wconf 85' lang='lat' dir='ltr'><strong>perpetua</strong></span> <span class='ocrx_word' id='word_1_581' title='bbox 2853 2782 3030 2851; x_wconf 76' lang='lat' dir='ltr'><strong>lzetitia</strong></span> <span class='ocrx_word' id='word_1_582' title='bbox 3062 2795 3421 2851; x_wconf 80' lang='lat' dir='ltr'><strong>comparatur.</strong></span> <span class='ocrx_word' id='word_1_583' title='bbox 3462 2802 3479 2832; x_wconf 78' lang='grc' dir='ltr'><strong>ι</strong></span> <span class='ocrx_word' id='word_1_584' title='bbox 3519 2783 3624 2834; x_wconf 88' lang='lat' dir='ltr'><strong>llac</strong></span> <span class='ocrx_word' id='word_1_585' title='bbox 3650 2797 3783 2836; x_wconf 81' lang='lat' dir='ltr'><strong>sen-</strong></span> 
     </span>
    </p>
   </div>
   <div class='ocr_carea' id='block_1_76' title="bbox 2206 2849 3783 2921">
    <p class='ocr_par' dir='ltr' id='par_1_76' title="bbox 2206 2849 3783 2921">
     <span class='ocr_line' id='line_1_76' title="bbox 2206 2849 3783 2921; baseline 0.003 -19"><span class='ocrx_word' id='word_1_586' title='bbox 2206 2849 2368 2921; x_wconf 71' lang='lat' dir='ltr'><strong>tentia</strong></span> <span class='ocrx_word' id='word_1_587' title='bbox 2399 2849 2804 2921; x_wconf 58' lang='lat' dir='ltr'><strong>deterrebantur</strong></span> <span class='ocrx_word' id='word_1_588' title='bbox 2837 2850 3167 2904; x_wconf 86' lang='lat' dir='ltr'><strong>Pachomtani</strong></span> <span class='ocrx_word' id='word_1_589' title='bbox 3188 2849 3213 2919; x_wconf 19' lang='lat' dir='ltr'><strong>V,</strong></span> <span class='ocrx_word' id='word_1_590' title='bbox 3253 2856 3389 2918; x_wconf 88' lang='lat' dir='ltr'><strong>apud</strong></span> <span class='ocrx_word' id='word_1_591' title='bbox 3433 2869 3566 2921; x_wconf 88' lang='lat' dir='ltr'><strong>quos</strong></span> <span class='ocrx_word' id='word_1_592' title='bbox 3589 2892 3606 2916; x_wconf 92' lang='lat'><strong>,</strong></span> <span class='ocrx_word' id='word_1_593' title='bbox 3640 2864 3783 2907; x_wconf 84' lang='lat' dir='ltr'><strong>teste</strong></span> 
     </span>
    </p>
   </div>
   <div class='ocr_carea' id='block_1_77' title="bbox 2205 2917 3785 2989">
    <p class='ocr_par' dir='ltr' id='par_1_77' title="bbox 2205 2917 3785 2989">
     <span class='ocr_line' id='line_1_77' title="bbox 2205 2917 3785 2989; baseline 0.001 -15"><span class='ocrx_word' id='word_1_594' title='bbox 2205 2919 2395 2974; x_wconf 82' lang='lat' dir='ltr'><strong>Ruﬁno</strong></span> <span class='ocrx_word' id='word_1_595' title='bbox 2428 2917 2563 2988; x_wconf 85' lang='lat' dir='ltr'><strong>(Lib.</strong></span> <span class='ocrx_word' id='word_1_596' title='bbox 2599 2935 2655 2972; x_wconf 86' lang='grc' dir='ltr'><strong>ιιι</strong></span> <span class='ocrx_word' id='word_1_597' title='bbox 2677 2922 2738 2973; x_wconf 86' lang='lat' dir='ltr'><strong>de</strong></span> <span class='ocrx_word' id='word_1_598' title='bbox 2767 2921 2870 2975; x_wconf 87' lang='lat' dir='ltr'><strong>Vit.</strong></span> <span class='ocrx_word' id='word_1_599' title='bbox 2901 2921 3048 2975; x_wconf 85' lang='lat' dir='ltr'><strong>Patr.</strong></span> <span class='ocrx_word' id='word_1_600' title='bbox 3074 2917 3530 2989; x_wconf 41' lang='lat' dir='ltr'><strong>55i,&#39;imposxibtle</strong></span> <span class='ocrx_word' id='word_1_601' title='bbox 3553 2936 3667 2977; x_wconf 88' lang='lat' dir='ltr'><strong>erat</strong></span> <span class='ocrx_word' id='word_1_602' title='bbox 3691 2927 3785 2976; x_wconf 63' lang='lat' dir='ltr'><strong>alio</strong></span> 
     </span>
    </p>
   </div>
   <div class='ocr_carea' id='block_1_78' title="bbox 2206 2993 3781 3063">
    <p class='ocr_par' dir='ltr' id='par_1_78' title="bbox 2206 2993 3781 3063">
     <span class='ocr_line' id='line_1_78' title="bbox 2206 2993 3781 3063; baseline 0.004 -21"><span class='ocrx_word' id='word_1_603' title='bbox 2206 3005 2363 3058; x_wconf 91' lang='lat' dir='ltr'><strong>quem</strong></span> <span class='ocrx_word' id='word_1_604' title='bbox 2381 2995 2607 3063; x_wconf 3' lang='lat' dir='ltr'><strong>(verbum</strong></span> <span class='ocrx_word' id='word_1_605' title='bbox 2636 2993 2863 3044; x_wconf 85' lang='lat' dir='ltr'><strong>otiosum</strong></span> <span class='ocrx_word' id='word_1_606' title='bbox 2897 2994 3056 3063; x_wconf 87' lang='lat' dir='ltr'><strong>loqui.</strong></span> <span class='ocrx_word' id='word_1_607' title='bbox 3108 2994 3212 3047; x_wconf 80' lang='lat' dir='ltr'><strong>liac</strong></span> <span class='ocrx_word' id='word_1_608' title='bbox 3242 2996 3646 3048; x_wconf 87' lang='lat' dir='ltr'><strong>deterrebantur</strong></span> <span class='ocrx_word' id='word_1_609' title='bbox 3676 2998 3781 3048; x_wconf 71' lang='lat' dir='ltr'><strong>SS.</strong></span> 
     </span>
    </p>
   </div>
   <div class='ocr_carea' id='block_1_79' title="bbox 2207 3061 3779 3130">
    <p class='ocr_par' dir='ltr' id='par_1_79' title="bbox 2207 3061 3779 3130">
     <span class='ocr_line' id='line_1_79' title="bbox 2207 3061 3779 3130; baseline 0.003 -16"><span class='ocrx_word' id='word_1_610' title='bbox 2207 3062 2484 3125; x_wconf 50' lang='lat' dir='ltr'><strong>Serapion,</strong></span> <span class='ocrx_word' id='word_1_611' title='bbox 2529 3061 2804 3118; x_wconf 79' lang='lat' dir='ltr'><strong>Macarius.</strong></span> <span class='ocrx_word' id='word_1_612' title='bbox 2840 3061 3185 3130; x_wconf 79' lang='lat' dir='ltr'><strong>Paphnutius.</strong></span> <span class='ocrx_word' id='word_1_613' title='bbox 3237 3075 3289 3118; x_wconf 88' lang='lat' dir='ltr'><strong>et</strong></span> <span class='ocrx_word' id='word_1_614' title='bbox 3319 3067 3450 3119; x_wconf 89' lang='lat' dir='ltr'><strong>alter</strong></span> <span class='ocrx_word' id='word_1_615' title='bbox 3496 3066 3779 3129; x_wconf 82' lang='lat' dir='ltr'><strong>Macarius,</strong></span> 
     </span>
    </p>
   </div>
   <div class='ocr_carea' id='block_1_80' title="bbox 2208 3132 3785 3205">
    <p class='ocr_par' dir='ltr' id='par_1_80' title="bbox 2208 3132 3785 3205">
     <span class='ocr_line' id='line_1_80' title="bbox 2208 3132 3785 3205; baseline 0.004 -23"><span class='ocrx_word' id='word_1_616' title='bbox 2208 3147 2430 3205; x_wconf 86' lang='lat' dir='ltr'><strong>quorum</strong></span> <span class='ocrx_word' id='word_1_617' title='bbox 2461 3132 2510 3183; x_wconf 91' lang='lat' dir='ltr'><strong>in</strong></span> <span class='ocrx_word' id='word_1_618' title='bbox 2542 3133 2743 3199; x_wconf 67' lang='lat' dir='ltr'><strong>[tegula</strong></span> <span class='ocrx_word' id='word_1_619' title='bbox 2770 3135 2887 3201; x_wconf 80' lang='lat' dir='ltr'><strong>lego</strong></span> <span class='ocrx_word' id='word_1_620' title='bbox 2929 3134 3074 3205; x_wconf 84' lang='lat' dir='ltr'><strong>(Cap.</strong></span> <span class='ocrx_word' id='word_1_621' title='bbox 3116 3135 3201 3203; x_wconf 87' lang='grc'><strong>15)</strong></span> <span class='ocrx_word' id='word_1_622' title='bbox 3237 3152 3249 3187; x_wconf 93' lang='lat'>:</span> <span class='ocrx_word' id='word_1_623' title='bbox 3289 3154 3306 3185; x_wconf 81' lang='grc' dir='ltr'><strong>ι</strong></span> <span class='ocrx_word' id='word_1_624' title='bbox 3343 3136 3396 3191; x_wconf 90' lang='lat' dir='ltr'><strong>Si</strong></span> <span class='ocrx_word' id='word_1_625' title='bbox 3433 3137 3550 3205; x_wconf 90' lang='lat' dir='ltr'><strong>quis</strong></span> <span class='ocrx_word' id='word_1_626' title='bbox 3575 3151 3639 3189; x_wconf 77' lang='lat' dir='ltr'><strong>ex</strong></span> <span class='ocrx_word' id='word_1_627' title='bbox 3673 3136 3785 3187; x_wconf 79' lang='lat' dir='ltr'><strong>fra-</strong></span> 
     </span>
    </p>
   </div>
   <div class='ocr_carea' id='block_1_81' title="bbox 536 3193 3783 3273">
    <p class='ocr_par' dir='ltr' id='par_1_81' title="bbox 536 3193 3783 3273">
     <span class='ocr_line' id='line_1_81' title="bbox 536 3193 3783 3273; baseline -0.002 -9"><span class='ocrx_word' id='word_1_628' title='bbox 536 3193 658 3273; x_wconf 70' lang='lat' dir='ltr'><strong>iiiis,</strong></span> <span class='ocrx_word' id='word_1_629' title='bbox 692 3216 783 3261; x_wconf 87' lang='lat' dir='ltr'><strong>aut</strong></span> <span class='ocrx_word' id='word_1_630' title='bbox 813 3204 1102 3259; x_wconf 85' lang='lat' dir='ltr'><strong>monachus</strong></span> <span class='ocrx_word' id='word_1_631' title='bbox 1137 3193 1481 3264; x_wconf 80' lang='lat' dir='ltr'><strong>otiositatem,</strong></span> <span class='ocrx_word' id='word_1_632' title='bbox 1512 3193 1917 3273; x_wconf 66' lang='lat' dir='ltr'><strong>stultiloquium,</strong></span> <span class='ocrx_word' id='word_1_633' title='bbox 1951 3217 2102 3257; x_wconf 90' lang='lat' dir='ltr'><strong>scur-</strong></span> <span class='ocrx_word' id='word_1_634' title='bbox 2133 3193 2178 3255; x_wconf 91' lang='lat' dir='ltr'><strong>C</strong></span> <span class='ocrx_word' id='word_1_635' title='bbox 2211 3193 2378 3257; x_wconf 75' lang='lat' dir='ltr'><strong>tribus</strong></span> <span class='ocrx_word' id='word_1_636' title='bbox 2408 3193 2706 3257; x_wconf 74' lang='lat' dir='ltr'><strong>Sermoneiu</strong></span> <span class='ocrx_word' id='word_1_637' title='bbox 2746 3204 2796 3256; x_wconf 91' lang='lat' dir='ltr'><strong>itt</strong></span> <span class='ocrx_word' id='word_1_638' title='bbox 2823 3193 3236 3273; x_wconf 52' lang='lat' dir='ltr'><strong>cotigtegatiune</strong></span> <span class='ocrx_word' id='word_1_639' title='bbox 3259 3193 3485 3259; x_wconf 76' lang='lat' dir='ltr'><strong>otiosum</strong></span> <span class='ocrx_word' id='word_1_640' title='bbox 3517 3208 3783 3269; x_wconf 83' lang='lat' dir='ltr'><strong>emiserit,</strong></span> 
     </span>
    </p>
   </div>
   <div class='ocr_carea' id='block_1_82' title="bbox 533 3272 2107 3345">
    <p class='ocr_par' dir='ltr' id='par_1_82' title="bbox 533 3272 2107 3345">
     <span class='ocr_line' id='line_1_82' title="bbox 533 3272 2107 3345; baseline -0.006 -10"><span class='ocrx_word' id='word_1_641' title='bbox 533 3272 809 3341; x_wconf 73' lang='lat' dir='ltr'><strong>tilitatem,</strong></span> <span class='ocrx_word' id='word_1_642' title='bbox 858 3278 1242 3345; x_wconf 81' lang='lat' dir='ltr'><strong>garrulitatem,</strong></span> <span class='ocrx_word' id='word_1_643' title='bbox 1284 3288 1550 3345; x_wconf 85' lang='lat' dir='ltr'><strong>somnum,</strong></span> <span class='ocrx_word' id='word_1_644' title='bbox 1598 3272 1880 3342; x_wconf 84' lang='lat' dir='ltr'><strong>pigritiam,</strong></span> <span class='ocrx_word' id='word_1_645' title='bbox 1929 3281 2107 3342; x_wconf 90' lang='lat' dir='ltr'><strong>torpo-</strong></span> 
     </span>
    </p>
   </div>
   <div class='ocr_carea' id='block_1_83' title="bbox 534 3344 2108 3417">
    <p class='ocr_par' dir='ltr' id='par_1_83' title="bbox 534 3344 2108 3417">
     <span class='ocr_line' id='line_1_83' title="bbox 534 3344 2108 3417; baseline -0.008 -8"><span class='ocrx_word' id='word_1_646' title='bbox 534 3368 672 3417; x_wconf 86' lang='lat' dir='ltr'><strong>rem,</strong></span> <span class='ocrx_word' id='word_1_647' title='bbox 705 3359 761 3403; x_wconf 92' lang='lat' dir='ltr'><strong>et</strong></span> <span class='ocrx_word' id='word_1_648' title='bbox 791 3344 877 3401; x_wconf 78' lang='lat' dir='ltr'><strong>bis</strong></span> <span class='ocrx_word' id='word_1_649' title='bbox 897 3348 1087 3400; x_wconf 87' lang='lat' dir='ltr'><strong>similia</strong></span> <span class='ocrx_word' id='word_1_650' title='bbox 1116 3344 1378 3408; x_wconf 83' lang='lat' dir='ltr'><strong>dilexerit,</strong></span> <span class='ocrx_word' id='word_1_651' title='bbox 1406 3345 1582 3417; x_wconf 79' lang='lat' dir='ltr'><strong>triduo</strong></span> <span class='ocrx_word' id='word_1_652' title='bbox 1612 3350 1884 3417; x_wconf 68' lang='lat' dir='ltr'><strong>poeniteat.</strong></span> <span class='ocrx_word' id='word_1_653' title='bbox 1926 3362 1942 3394; x_wconf 79' lang='grc' dir='ltr'><strong>ι</strong></span> <span class='ocrx_word' id='word_1_654' title='bbox 1980 3344 2108 3411; x_wconf 86' lang='lat' dir='ltr'><strong>Qni-</strong></span> 
     </span>
    </p>
   </div>
   <div class='ocr_carea' id='block_1_84' title="bbox 536 3414 2109 3484">
    <p class='ocr_par' dir='ltr' id='par_1_84' title="bbox 536 3414 2109 3484">
     <span class='ocr_line' id='line_1_84' title="bbox 536 3414 2109 3484; baseline -0.008 -6"><span class='ocrx_word' id='word_1_655' title='bbox 536 3424 638 3478; x_wconf 87' lang='lat' dir='ltr'><strong>bus</strong></span> <span class='ocrx_word' id='word_1_656' title='bbox 662 3414 924 3475; x_wconf 83' lang='lat' dir='ltr'><strong>accedunt</strong></span> <span class='ocrx_word' id='word_1_657' title='bbox 953 3420 1179 3484; x_wconf 61' lang='lat' dir='ltr'><strong>antiqnm</strong></span> <span class='ocrx_word' id='word_1_658' title='bbox 1212 3414 1591 3467; x_wconf 84' lang='lat' dir='ltr'><strong>monachorum</strong></span> <span class='ocrx_word' id='word_1_659' title='bbox 1620 3415 1843 3483; x_wconf 65' lang='lat' dir='ltr'><strong>regnlte;</strong></span> <span class='ocrx_word' id='word_1_660' title='bbox 1879 3431 2009 3483; x_wconf 86' lang='lat' dir='ltr'><strong>quas</strong></span> <span class='ocrx_word' id='word_1_661' title='bbox 2031 3417 2109 3467; x_wconf 87' lang='lat' dir='ltr'><strong>itt-</strong></span> 
     </span>
    </p>
   </div>
   <div class='ocr_carea' id='block_1_85' title="bbox 538 3485 2110 3559">
    <p class='ocr_par' dir='ltr' id='par_1_85' title="bbox 538 3485 2110 3559">
     <span class='ocr_line' id='line_1_85' title="bbox 538 3485 2110 3559; baseline -0.008 -9"><span class='ocrx_word' id='word_1_662' title='bbox 538 3505 618 3550; x_wconf 89' lang='lat' dir='ltr'><strong>ter</strong></span> <span class='ocrx_word' id='word_1_663' title='bbox 649 3492 843 3559; x_wconf 79' lang='lat' dir='ltr'><strong>Regula</strong></span> <span class='ocrx_word' id='word_1_664' title='bbox 876 3488 974 3543; x_wconf 86' lang='lat' dir='ltr'><strong>SS.</strong></span> <span class='ocrx_word' id='word_1_665' title='bbox 1006 3488 1332 3559; x_wconf 49' lang='lat' dir='ltr'><strong>Serapionis,</strong></span> <span class='ocrx_word' id='word_1_666' title='bbox 1366 3485 1928 3559; x_wconf 42' lang='lat' dir='ltr'><strong>Macarii,iiaphnutii,</strong></span> <span class='ocrx_word' id='word_1_667' title='bbox 1952 3495 2013 3559; x_wconf 75' lang='lat' dir='ltr'><strong>et</strong></span> <span class='ocrx_word' id='word_1_668' title='bbox 2033 3487 2110 3559; x_wconf 85' lang='lat' dir='ltr'><strong>a_l-</strong></span> 
     </span>
    </p>
   </div>
   <div class='ocr_carea' id='block_1_86' title="bbox 538 3554 2109 3627">
    <p class='ocr_par' dir='ltr' id='par_1_86' title="bbox 538 3554 2109 3627">
     <span class='ocr_line' id='line_1_86' title="bbox 538 3554 2109 3627; baseline -0.005 -8"><span class='ocrx_word' id='word_1_669' title='bbox 538 3565 700 3621; x_wconf 68' lang='lat' dir='ltr'><strong>terius</strong></span> <span class='ocrx_word' id='word_1_670' title='bbox 728 3554 942 3616; x_wconf 66' lang='lat' dir='ltr'><strong>Macarii</strong></span> <span class='ocrx_word' id='word_1_671' title='bbox 991 3559 1058 3611; x_wconf 90' lang='lat' dir='ltr'><strong>ita</strong></span> <span class='ocrx_word' id='word_1_672' title='bbox 1091 3557 1328 3611; x_wconf 77' lang='lat' dir='ltr'><strong>decernit</strong></span> <span class='ocrx_word' id='word_1_673' title='bbox 1369 3554 1537 3627; x_wconf 84' lang='lat' dir='ltr'><strong>(Cap.</strong></span> <span class='ocrx_word' id='word_1_674' title='bbox 1572 3557 1677 3624; x_wconf 81' lang='grc'>15)</span> <span class='ocrx_word' id='word_1_675' title='bbox 1715 3574 1726 3607; x_wconf 87' lang='lat'><strong>:</strong></span> <span class='ocrx_word' id='word_1_676' title='bbox 1764 3573 1783 3627; x_wconf 76' lang='grc' dir='ltr'><strong>ι</strong></span> <span class='ocrx_word' id='word_1_677' title='bbox 1822 3558 1875 3609; x_wconf 87' lang='lat' dir='ltr'><strong>Si</strong></span> <span class='ocrx_word' id='word_1_678' title='bbox 1916 3555 2109 3624; x_wconf 87' lang='lat' dir='ltr'><strong>aliquis</strong></span> 
     </span>
    </p>
   </div>
   <div class='ocr_carea' id='block_1_87' title="bbox 537 3626 2110 3703">
    <p class='ocr_par' dir='ltr' id='par_1_87' title="bbox 537 3626 2110 3703">
     <span class='ocr_line' id='line_1_87' title="bbox 537 3626 2110 3703; baseline -0.009 -12"><span class='ocrx_word' id='word_1_679' title='bbox 537 3634 902 3703; x_wconf 70' lang='lat' dir='ltr'><strong>deprehensus</strong></span> <span class='ocrx_word' id='word_1_680' title='bbox 935 3628 1091 3681; x_wconf 82' lang='lat' dir='ltr'><strong>fuerit</strong></span> <span class='ocrx_word' id='word_1_681' title='bbox 1120 3631 1176 3703; x_wconf 83' lang='lat' dir='ltr'><strong>in_</strong></span> <span class='ocrx_word' id='word_1_682' title='bbox 1202 3628 1331 3685; x_wconf 89' lang='lat' dir='ltr'><strong>risu.</strong></span> <span class='ocrx_word' id='word_1_683' title='bbox 1367 3626 1445 3682; x_wconf 86' lang='lat' dir='ltr'><strong>vel</strong></span> <span class='ocrx_word' id='word_1_684' title='bbox 1474 3627 1531 3703; x_wconf 85' lang='lat' dir='ltr'><strong>in</strong></span> <span class='ocrx_word' id='word_1_685' title='bbox 1568 3626 1884 3680; x_wconf 80' lang='lat' dir='ltr'><strong>scurrilitate</strong></span> <span class='ocrx_word' id='word_1_686' title='bbox 1910 3641 2110 3703; x_wconf 80' lang='lat' dir='ltr'><strong>sermo-</strong></span> 
     </span>
    </p>
   </div>
   <div class='ocr_carea' id='block_1_88' title="bbox 537 3698 2106 3768">
    <p class='ocr_par' dir='ltr' id='par_1_88' title="bbox 537 3698 2106 3768">
     <span class='ocr_line' id='line_1_88' title="bbox 537 3698 2106 3768; baseline -0.008 -6"><span class='ocrx_word' id='word_1_687' title='bbox 537 3698 644 3768; x_wconf 82' lang='lat' dir='ltr'><strong>nis,</strong></span> <span class='ocrx_word' id='word_1_688' title='bbox 678 3706 812 3759; x_wconf 83' lang='lat' dir='ltr'><strong>sicut</strong></span> <span class='ocrx_word' id='word_1_689' title='bbox 857 3703 927 3753; x_wconf 86' lang='lat' dir='ltr'><strong>ait</strong></span> <span class='ocrx_word' id='word_1_690' title='bbox 960 3698 1265 3763; x_wconf 75' lang='lat' dir='ltr'><strong>Apostolus,</strong></span> <span class='ocrx_word' id='word_1_691' title='bbox 1299 3715 1415 3766; x_wconf 81' lang='lat' dir='ltr'><strong>qua:</strong></span> <span class='ocrx_word' id='word_1_692' title='bbox 1457 3699 1520 3768; x_wconf 85' lang='lat' dir='ltr'><strong>ad</strong></span> <span class='ocrx_word' id='word_1_693' title='bbox 1548 3712 1676 3768; x_wconf 86' lang='lat' dir='ltr'><strong>rem</strong></span> <span class='ocrx_word' id='word_1_694' title='bbox 1721 3714 1825 3749; x_wconf 89' lang='lat' dir='ltr'><strong>non</strong></span> <span class='ocrx_word' id='word_1_695' title='bbox 1858 3698 2106 3765; x_wconf 88' lang='lat' dir='ltr'><strong>pertinet,</strong></span> 
     </span>
    </p>
   </div>
   <div class='ocr_carea' id='block_1_89' title="bbox 534 3767 2106 3848">
    <p class='ocr_par' dir='ltr' id='par_1_89' title="bbox 534 3767 2106 3848">
     <span class='ocr_line' id='line_1_89' title="bbox 534 3767 2106 3848; baseline -0.007 -17"><span class='ocrx_word' id='word_1_696' title='bbox 534 3767 782 3848; x_wconf 78' lang='lat' dir='ltr'><strong>iubemus</strong></span> <span class='ocrx_word' id='word_1_697' title='bbox 827 3771 1128 3848; x_wconf 69' lang='lat' dir='ltr'><strong>htijuSIIiodi</strong></span> <span class='ocrx_word' id='word_1_698' title='bbox 1162 3772 1381 3848; x_wconf 70' lang='lat' dir='ltr'><strong>duarum</strong></span> <span class='ocrx_word' id='word_1_699' title='bbox 1420 3767 1885 3848; x_wconf 64' lang='lat' dir='ltr'><strong>hebdontadarunr</strong></span> <span class='ocrx_word' id='word_1_700' title='bbox 1911 3768 2106 3835; x_wconf 87' lang='lat' dir='ltr'><strong>spatio,</strong></span> 
     </span>
    </p>
   </div>
   <div class='ocr_carea' id='block_1_90' title="bbox 539 3838 2107 3907">
    <p class='ocr_par' dir='ltr' id='par_1_90' title="bbox 539 3838 2107 3907">
     <span class='ocr_line' id='line_1_90' title="bbox 539 3838 2107 3907; baseline -0.006 -6"><span class='ocrx_word' id='word_1_701' title='bbox 539 3838 591 3905; x_wconf 84' lang='lat' dir='ltr'><strong>in</strong></span> <span class='ocrx_word' id='word_1_702' title='bbox 637 3846 853 3900; x_wconf 88' lang='lat' dir='ltr'><strong>nomine</strong></span> <span class='ocrx_word' id='word_1_703' title='bbox 893 3842 1098 3895; x_wconf 84' lang='lat' dir='ltr'><strong>Domini</strong></span> <span class='ocrx_word' id='word_1_704' title='bbox 1143 3842 1284 3892; x_wconf 89' lang='lat' dir='ltr'><strong>omni</strong></span> <span class='ocrx_word' id='word_1_705' title='bbox 1324 3840 1534 3907; x_wconf 84' lang='lat' dir='ltr'><strong>ﬂagello</strong></span> <span class='ocrx_word' id='word_1_706' title='bbox 1573 3838 1916 3892; x_wconf 88' lang='lat' dir='ltr'><strong>humanitatis</strong></span> <span class='ocrx_word' id='word_1_707' title='bbox 1953 3855 2107 3892; x_wconf 65' lang='lat' dir='ltr'><strong>coero</strong></span> 
     </span>
    </p>
   </div>
   <div class='ocr_carea' id='block_1_91' title="bbox 536 3908 2111 3981">
    <p class='ocr_par' dir='ltr' id='par_1_91' title="bbox 536 3908 2111 3981">
     <span class='ocr_line' id='line_1_91' title="bbox 536 3908 2111 3981; baseline -0.007 -7"><span class='ocrx_word' id='word_1_708' title='bbox 536 3918 670 3975; x_wconf 84' lang='lat' dir='ltr'><strong>Ccri.</strong></span> <span class='ocrx_word' id='word_1_709' title='bbox 702 3935 718 3967; x_wconf 79' lang='grc' dir='ltr'><strong>ι</strong></span> <span class='ocrx_word' id='word_1_710' title='bbox 749 3913 950 3981; x_wconf 70' lang='lat' dir='ltr'><strong>[tegula</strong></span> <span class='ocrx_word' id='word_1_711' title='bbox 971 3910 1311 3965; x_wconf 82' lang='lat' dir='ltr'><strong>Tarnatcnsis</strong></span> <span class='ocrx_word' id='word_1_712' title='bbox 1335 3910 1488 3980; x_wconf 78' lang='lat' dir='ltr'><strong>(Cap.</strong></span> <span class='ocrx_word' id='word_1_713' title='bbox 1518 3908 1605 3979; x_wconf 81' lang='grc'>15)</span> <span class='ocrx_word' id='word_1_714' title='bbox 1638 3925 1652 3981; x_wconf 63' lang='grc' dir='ltr'><strong>ς</strong></span> <span class='ocrx_word' id='word_1_715' title='bbox 1691 3926 1709 3959; x_wconf 78' lang='grc' dir='ltr'><strong>ι</strong></span> <span class='ocrx_word' id='word_1_716' title='bbox 1748 3910 1845 3975; x_wconf 79' lang='lat' dir='ltr'><strong>Qui</strong></span> <span class='ocrx_word' id='word_1_717' title='bbox 1870 3908 2111 3981; x_wconf 87' lang='lat' dir='ltr'><strong>joculare</strong></span> 
     </span>
    </p>
   </div>
   <div class='ocr_carea' id='block_1_92' title="bbox 538 3979 2110 4057">
    <p class='ocr_par' dir='ltr' id='par_1_92' title="bbox 538 3979 2110 4057">
     <span class='ocr_line' id='line_1_92' title="bbox 538 3979 2110 4057; baseline -0.006 -13"><span class='ocrx_word' id='word_1_718' title='bbox 538 3987 761 4057; x_wconf 81' lang='lat' dir='ltr'><strong>aliquid,</strong></span> <span class='ocrx_word' id='word_1_719' title='bbox 789 3979 869 4039; x_wconf 78' lang='lat' dir='ltr'><strong>vel</strong></span> <span class='ocrx_word' id='word_1_720' title='bbox 901 3983 1026 4057; x_wconf 84' lang='lat' dir='ltr'><strong>risui</strong></span> <span class='ocrx_word' id='word_1_721' title='bbox 1055 3993 1233 4057; x_wconf 82' lang='lat' dir='ltr'><strong>aptum</strong></span> <span class='ocrx_word' id='word_1_722' title='bbox 1260 3981 1311 4033; x_wconf 92' lang='lat' dir='ltr'><strong>in</strong></span> <span class='ocrx_word' id='word_1_723' title='bbox 1341 3979 1855 4057; x_wconf 81' lang='lat' dir='ltr'><strong>conve_ntu_fratrum_</strong></span> <span class='ocrx_word' id='word_1_724' title='bbox 1875 3980 2110 4057; x_wconf 82' lang='lat' dir='ltr'><strong>proferre</strong></span> 
     </span>
    </p>
   </div>
   <div class='ocr_carea' id='block_1_93' title="bbox 536 4050 2110 4133">
    <p class='ocr_par' dir='ltr' id='par_1_93' title="bbox 536 4050 2110 4133">
     <span class='ocr_line' id='line_1_93' title="bbox 536 4050 2110 4133; baseline -0.005 -21"><span class='ocrx_word' id='word_1_725' title='bbox 536 4050 961 4133; x_wconf 67' lang='lat' dir='ltr'><strong>prtesumpserit,</strong></span> <span class='ocrx_word' id='word_1_726' title='bbox 993 4053 1075 4133; x_wconf 73' lang='lat' dir='ltr'><strong>vel</strong></span> <span class='ocrx_word' id='word_1_727' title='bbox 1121 4053 1209 4120; x_wconf 90' lang='lat' dir='ltr'><strong>qui</strong></span> <span class='ocrx_word' id='word_1_728' title='bbox 1244 4067 1377 4133; x_wconf 61' lang='lat' dir='ltr'><strong>cum</strong></span> <span class='ocrx_word' id='word_1_729' title='bbox 1406 4050 1703 4131; x_wconf 79' lang='lat' dir='ltr'><strong>junioribus</strong></span> <span class='ocrx_word' id='word_1_730' title='bbox 1749 4051 1908 4131; x_wconf 78' lang='lat' dir='ltr'><strong>verba</strong></span> <span class='ocrx_word' id='word_1_731' title='bbox 1938 4052 2110 4133; x_wconf 34' lang='lat' dir='ltr'><strong>otio-sa</strong></span> 
     </span>
    </p>
   </div>
   <div class='ocr_carea' id='block_1_94' title="bbox 534 4122 2113 4187">
    <p class='ocr_par' dir='ltr' id='par_1_94' title="bbox 534 4122 2113 4187">
     <span class='ocr_line' id='line_1_94' title="bbox 534 4122 2113 4187; baseline -0.005 -6"><span class='ocrx_word' id='word_1_732' title='bbox 534 4122 1030 4187; x_wconf 44' lang='lat' dir='ltr'><strong>Eiarrare&#39;voltterit</strong></span> <span class='ocrx_word' id='word_1_733' title='bbox 1056 4164 1070 4187; x_wconf 92' lang='lat'><strong>,</strong></span> <span class='ocrx_word' id='word_1_734' title='bbox 1104 4132 1193 4173; x_wconf 90' lang='lat' dir='ltr'><strong>aut</strong></span> <span class='ocrx_word' id='word_1_735' title='bbox 1243 4122 1436 4175; x_wconf 81' lang='lat' dir='ltr'><strong>habere</strong></span> <span class='ocrx_word' id='word_1_736' title='bbox 1464 4122 1725 4175; x_wconf 88' lang='lat' dir='ltr'><strong>amicitias</strong></span> <span class='ocrx_word' id='word_1_737' title='bbox 1752 4122 1921 4175; x_wconf 84' lang='lat' dir='ltr'><strong>a-tatis</strong></span> <span class='ocrx_word' id='word_1_738' title='bbox 1965 4122 2113 4175; x_wconf 85' lang='lat' dir='ltr'><strong>infir-</strong></span> 
     </span>
    </p>
   </div>
   <div class='ocr_carea' id='block_1_95' title="bbox 542 4191 2109 4267">
    <p class='ocr_par' dir='ltr' id='par_1_95' title="bbox 542 4191 2109 4267">
     <span class='ocr_line' id='line_1_95' title="bbox 542 4191 2109 4267; baseline -0.007 -12"><span class='ocrx_word' id='word_1_739' title='bbox 542 4196 1039 4267; x_wconf 68' lang='lat' dir='ltr'><strong>mae,‘incrcpationi</strong></span> <span class='ocrx_word' id='word_1_740' title='bbox 1087 4203 1142 4246; x_wconf 92' lang='lat' dir='ltr'><strong>ut</strong></span> <span class='ocrx_word' id='word_1_741' title='bbox 1170 4191 1361 4267; x_wconf 78' lang='lat' dir='ltr'><strong>dignus</strong></span> <span class='ocrx_word' id='word_1_742' title='bbox 1396 4202 1478 4245; x_wconf 89' lang='lat' dir='ltr'><strong>est</strong></span> <span class='ocrx_word' id='word_1_743' title='bbox 1504 4191 1834 4267; x_wconf 75' lang='lat' dir='ltr'><strong>Sttbjacebit._</strong></span> <span class='ocrx_word' id='word_1_744' title='bbox 1859 4210 1877 4242; x_wconf 76' lang='grc' dir='ltr'><strong>ι</strong></span> <span class='ocrx_word' id='word_1_745' title='bbox 1914 4192 2109 4259; x_wconf 79' lang='lat' dir='ltr'><strong>Regula</strong></span> 
     </span>
    </p>
   </div>
   <div class='ocr_carea' id='block_1_96' title="bbox 536 4262 2113 4333">
    <p class='ocr_par' dir='ltr' id='par_1_96' title="bbox 536 4262 2113 4333">
     <span class='ocr_line' id='line_1_96' title="bbox 536 4262 2113 4333; baseline -0.007 -6"><span class='ocrx_word' id='word_1_746' title='bbox 536 4272 598 4327; x_wconf 88' lang='lat' dir='ltr'><strong>S.</strong></span> <span class='ocrx_word' id='word_1_747' title='bbox 622 4262 879 4328; x_wconf 74' lang='lat' dir='ltr'><strong>Ferreoli,</strong></span> <span class='ocrx_word' id='word_1_748' title='bbox 915 4275 1187 4333; x_wconf 88' lang='lat' dir='ltr'><strong>postquam</strong></span> <span class='ocrx_word' id='word_1_749' title='bbox 1202 4263 1368 4331; x_wconf 80' lang='lat' dir='ltr'><strong>jocos,</strong></span> <span class='ocrx_word' id='word_1_750' title='bbox 1390 4268 1604 4329; x_wconf 82' lang='lat' dir='ltr'><strong>plausus</strong></span> <span class='ocrx_word' id='word_1_751' title='bbox 1617 4274 1667 4316; x_wconf 89' lang='lat' dir='ltr'><strong>et</strong></span> <span class='ocrx_word' id='word_1_752' title='bbox 1684 4262 1975 4333; x_wconf 78' lang='lat' dir='ltr'><strong>cachinnos</strong></span> <span class='ocrx_word' id='word_1_753' title='bbox 1993 4278 2113 4327; x_wconf 88' lang='lat' dir='ltr'><strong>pro-</strong></span> 
     </span>
    </p>
   </div>
   <div class='ocr_carea' id='block_1_97' title="bbox 542 4331 2107 4404">
    <p class='ocr_par' dir='ltr' id='par_1_97' title="bbox 542 4331 2107 4404">
     <span class='ocr_line' id='line_1_97' title="bbox 542 4331 2107 4404; baseline -0.008 -6"><span class='ocrx_word' id='word_1_754' title='bbox 542 4341 735 4404; x_wconf 84' lang='lat' dir='ltr'><strong>hibuil,</strong></span> <span class='ocrx_word' id='word_1_755' title='bbox 755 4338 983 4391; x_wconf 75' lang='lat' dir='ltr'><strong>maxime</strong></span> <span class='ocrx_word' id='word_1_756' title='bbox 1009 4331 1062 4387; x_wconf 82' lang='lat' dir='ltr'><strong>in</strong></span> <span class='ocrx_word' id='word_1_757' title='bbox 1090 4334 1323 4387; x_wconf 87' lang='lat' dir='ltr'><strong>oratorio</strong></span> <span class='ocrx_word' id='word_1_758' title='bbox 1342 4340 1399 4387; x_wconf 87' lang='lat' dir='ltr'><strong>et</strong></span> <span class='ocrx_word' id='word_1_759' title='bbox 1421 4333 1485 4386; x_wconf 90' lang='lat' dir='ltr'><strong>ad</strong></span> <span class='ocrx_word' id='word_1_760' title='bbox 1510 4346 1767 4404; x_wconf 84' lang='lat' dir='ltr'><strong>mensam,</strong></span> <span class='ocrx_word' id='word_1_761' title='bbox 1787 4331 1934 4387; x_wconf 89' lang='lat' dir='ltr'><strong>addit</strong></span> <span class='ocrx_word' id='word_1_762' title='bbox 1957 4332 2107 4402; x_wconf 84' lang='lat' dir='ltr'><strong>(Cap.</strong></span> 
     </span>
    </p>
   </div>
   <div class='ocr_carea' id='block_1_98' title="bbox 539 4403 2115 4483">
    <p class='ocr_par' dir='ltr' id='par_1_98' title="bbox 539 4403 2115 4483">
     <span class='ocr_line' id='line_1_98' title="bbox 539 4403 2115 4483; baseline -0.007 -18"><span class='ocrx_word' id='word_1_763' title='bbox 539 4410 644 4483; x_wconf 61' lang='lat'><strong>24‘)</strong></span> <span class='ocrx_word' id='word_1_764' title='bbox 677 4428 691 4483; x_wconf 68' lang='grc' dir='ltr'>ς</span> <span class='ocrx_word' id='word_1_765' title='bbox 723 4403 763 4483; x_wconf 71' lang='grc' dir='ltr'><strong>ι</strong></span> <span class='ocrx_word' id='word_1_766' title='bbox 786 4408 937 4475; x_wconf 84' lang='lat' dir='ltr'><strong>Quod</strong></span> <span class='ocrx_word' id='word_1_767' title='bbox 981 4405 1025 4459; x_wconf 88' lang='lat' dir='ltr'><strong>si</strong></span> <span class='ocrx_word' id='word_1_768' title='bbox 1055 4406 1172 4483; x_wconf 78' lang='lat' dir='ltr'><strong>quis</strong></span> <span class='ocrx_word' id='word_1_769' title='bbox 1203 4419 1306 4457; x_wconf 91' lang='lat' dir='ltr'><strong>non</strong></span> <span class='ocrx_word' id='word_1_770' title='bbox 1350 4403 1661 4483; x_wconf 77' lang='lat' dir='ltr'><strong>custodierit</strong></span> <span class='ocrx_word' id='word_1_771' title='bbox 1681 4444 1694 4467; x_wconf 89' lang='lat'><strong>,</strong></span> <span class='ocrx_word' id='word_1_772' title='bbox 1746 4404 1990 4483; x_wconf 57' lang='lat' dir='ltr'><strong>praesenti</strong></span> <span class='ocrx_word' id='word_1_773' title='bbox 2023 4408 2115 4483; x_wconf 80' lang='lat' dir='ltr'><strong>tle-</strong></span> 
     </span>
    </p>
   </div>
   <div class='ocr_carea' id='block_1_99' title="bbox 540 4474 2115 4542">
    <p class='ocr_par' dir='ltr' id='par_1_99' title="bbox 540 4474 2115 4542">
     <span class='ocr_line' id='line_1_99' title="bbox 540 4474 2115 4542; baseline -0.005 -5"><span class='ocrx_word' id='word_1_774' title='bbox 540 4474 874 4537; x_wconf 83' lang='lat' dir='ltr'><strong>nuittiatioue</strong></span> <span class='ocrx_word' id='word_1_775' title='bbox 903 4476 1283 4538; x_wconf 80' lang='lat' dir='ltr'><strong>comnmnitus,</strong></span> <span class='ocrx_word' id='word_1_776' title='bbox 1318 4474 1545 4528; x_wconf 82' lang='lat' dir='ltr'><strong>triduani</strong></span> <span class='ocrx_word' id='word_1_777' title='bbox 1596 4489 1714 4527; x_wconf 92' lang='lat' dir='ltr'><strong>eunt</strong></span> <span class='ocrx_word' id='word_1_778' title='bbox 1744 4474 1931 4542; x_wconf 55' lang='lat' dir='ltr'><strong>je,unii</strong></span> <span class='ocrx_word' id='word_1_779' title='bbox 1980 4477 2115 4529; x_wconf 86' lang='lat' dir='ltr'><strong>mul-</strong></span> 
     </span>
    </p>
   </div>
   <div class='ocr_carea' id='block_1_100' title="bbox 541 4544 2113 4619">
    <p class='ocr_par' dir='ltr' id='par_1_100' title="bbox 541 4544 2113 4619">
     <span class='ocr_line' id='line_1_100' title="bbox 541 4544 2113 4619; baseline -0.007 -10"><span class='ocrx_word' id='word_1_780' title='bbox 541 4555 703 4609; x_wconf 89' lang='lat' dir='ltr'><strong>ctatio</strong></span> <span class='ocrx_word' id='word_1_781' title='bbox 730 4554 969 4619; x_wconf 73' lang='lat' dir='ltr'><strong>castiget.</strong></span> <span class='ocrx_word' id='word_1_782' title='bbox 1010 4566 1028 4598; x_wconf 77' lang='grc' dir='ltr'><strong>ι</strong></span> <span class='ocrx_word' id='word_1_783' title='bbox 1060 4546 1309 4619; x_wconf 69' lang='lat' dir='ltr'><strong>Denique</strong></span> <span class='ocrx_word' id='word_1_784' title='bbox 1347 4544 1544 4619; x_wconf 75' lang='lat' dir='ltr'><strong>Regula</strong></span> <span class='ocrx_word' id='word_1_785' title='bbox 1590 4544 1645 4600; x_wconf 92' lang='lat' dir='ltr'><strong>S.</strong></span> <span class='ocrx_word' id='word_1_786' title='bbox 1682 4546 1865 4598; x_wconf 88' lang='lat' dir='ltr'><strong>Donati</strong></span> <span class='ocrx_word' id='word_1_787' title='bbox 1897 4545 1962 4599; x_wconf 87' lang='lat' dir='ltr'><strong>ad</strong></span> <span class='ocrx_word' id='word_1_788' title='bbox 1998 4547 2113 4619; x_wconf 2' lang='lat' dir='ltr'><strong>(vir-</strong></span> 
     </span>
    </p>
   </div>
   <div class='ocr_carea' id='block_1_101' title="bbox 541 4616 2117 4693">
    <p class='ocr_par' dir='ltr' id='par_1_101' title="bbox 541 4616 2117 4693">
     <span class='ocr_line' id='line_1_101' title="bbox 541 4616 2117 4693; baseline -0.015 -14"><span class='ocrx_word' id='word_1_789' title='bbox 541 4627 692 4693; x_wconf 83' lang='lat' dir='ltr'><strong>gines</strong></span> <span class='ocrx_word' id='word_1_790' title='bbox 720 4616 885 4692; x_wconf 60' lang='lat' dir='ltr'><strong>(Capf</strong></span> <span class='ocrx_word' id='word_1_791' title='bbox 911 4618 1005 4693; x_wconf 71' lang='lat'><strong>28)</strong></span> <span class='ocrx_word' id='word_1_792' title='bbox 1038 4633 1052 4671; x_wconf 90' lang='lat'><strong>:</strong></span> <span class='ocrx_word' id='word_1_793' title='bbox 1092 4636 1111 4669; x_wconf 82' lang='grc' dir='ltr'><strong>ι</strong></span> <span class='ocrx_word' id='word_1_794' title='bbox 1146 4616 1372 4693; x_wconf 77' lang='lat' dir='ltr'><strong>Fabulas</strong></span> <span class='ocrx_word' id='word_1_795' title='bbox 1413 4616 1612 4693; x_wconf 79' lang='lat' dir='ltr'><strong>otiosas</strong></span> <span class='ocrx_word' id='word_1_796' title='bbox 1643 4617 2009 4693; x_wconf 30' lang='lat' dir='ltr'><strong>proterens-ad</strong></span> <span class='ocrx_word' id='word_1_797' title='bbox 2039 4618 2117 4670; x_wconf 89' lang='lat' dir='ltr'><strong>al-</strong></span> 
     </span>
    </p>
   </div>
   <div class='ocr_carea' id='block_1_102' title="bbox 546 4686 2117 4757">
    <p class='ocr_par' dir='ltr' id='par_1_102' title="bbox 546 4686 2117 4757">
     <span class='ocr_line' id='line_1_102' title="bbox 546 4686 2117 4757; baseline -0.004 -9"><span class='ocrx_word' id='word_1_798' title='bbox 546 4686 739 4757; x_wconf 72' lang='lat' dir='ltr'><strong>ieram,</strong></span> <span class='ocrx_word' id='word_1_799' title='bbox 756 4686 1006 4746; x_wconf 56' lang='lat' dir='ltr'><strong>et&#39;statim</strong></span> <span class='ocrx_word' id='word_1_800' title='bbox 1024 4688 1365 4756; x_wconf 90' lang='lat' dir='ltr'><strong>semetipsant</strong></span> <span class='ocrx_word' id='word_1_801' title='bbox 1384 4686 1805 4753; x_wconf 88' lang='lat' dir='ltr'><strong>reprehendens,</strong></span> <span class='ocrx_word' id='word_1_802' title='bbox 1826 4688 1975 4741; x_wconf 89' lang='lat' dir='ltr'><strong>venia</strong></span> <span class='ocrx_word' id='word_1_803' title='bbox 1999 4698 2117 4742; x_wconf 89' lang='lat' dir='ltr'><strong>tan-</strong></span> 
     </span>
    </p>
   </div>
   <div class='ocr_carea' id='block_1_103' title="bbox 541 4757 2113 4826">
    <p class='ocr_par' dir='ltr' id='par_1_103' title="bbox 541 4757 2113 4826">
     <span class='ocr_line' id='line_1_103' title="bbox 541 4757 2113 4826; baseline -0.006 -6"><span class='ocrx_word' id='word_1_804' title='bbox 541 4777 654 4820; x_wconf 88' lang='lat' dir='ltr'><strong>tum</strong></span> <span class='ocrx_word' id='word_1_805' title='bbox 681 4763 897 4819; x_wconf 80' lang='lat' dir='ltr'><strong>sufficit.</strong></span> <span class='ocrx_word' id='word_1_806' title='bbox 929 4758 983 4814; x_wconf 90' lang='lat' dir='ltr'><strong>Si</strong></span> <span class='ocrx_word' id='word_1_807' title='bbox 1012 4770 1187 4813; x_wconf 85' lang='lat' dir='ltr'><strong>autem</strong></span> <span class='ocrx_word' id='word_1_808' title='bbox 1210 4774 1269 4811; x_wconf 85' lang='lat' dir='ltr'><strong>se</strong></span> <span class='ocrx_word' id='word_1_809' title='bbox 1296 4772 1402 4811; x_wconf 89' lang='lat' dir='ltr'><strong>non</strong></span> <span class='ocrx_word' id='word_1_810' title='bbox 1434 4757 1857 4826; x_wconf 89' lang='lat' dir='ltr'><strong>reprehenderit,</strong></span> <span class='ocrx_word' id='word_1_811' title='bbox 1882 4767 2113 4812; x_wconf 85' lang='lat' dir='ltr'><strong>tractau-</strong></span> 
     </span>
    </p>
   </div>
   <div class='ocr_carea' id='block_1_104' title="bbox 544 4828 2119 4900">
    <p class='ocr_par' dir='ltr' id='par_1_104' title="bbox 544 4828 2119 4900">
     <span class='ocr_line' id='line_1_104' title="bbox 544 4828 2119 4900; baseline -0.005 -9"><span class='ocrx_word' id='word_1_812' title='bbox 544 4848 625 4891; x_wconf 90' lang='lat' dir='ltr'><strong>tes</strong></span> <span class='ocrx_word' id='word_1_813' title='bbox 654 4850 746 4890; x_wconf 87' lang='lat' dir='ltr'><strong>eas</strong></span> <span class='ocrx_word' id='word_1_814' title='bbox 775 4830 1200 4900; x_wconf 85' lang='lat' dir='ltr'><strong>superpositione</strong></span> <span class='ocrx_word' id='word_1_815' title='bbox 1227 4828 1446 4900; x_wconf 76' lang='lat' dir='ltr'><strong>silentii,</strong></span> <span class='ocrx_word' id='word_1_816' title='bbox 1468 4842 1563 4880; x_wconf 84' lang='lat' dir='ltr'><strong>aut</strong></span> <span class='ocrx_word' id='word_1_817' title='bbox 1592 4830 1969 4898; x_wconf 73' lang='lat' dir='ltr'><strong>quinquaginta</strong></span> <span class='ocrx_word' id='word_1_818' title='bbox 1996 4845 2119 4897; x_wconf 90' lang='lat' dir='ltr'><strong>per-</strong></span> 
     </span>
    </p>
   </div>
   <div class='ocr_carea' id='block_1_105' title="bbox 534 4899 2118 4970">
    <p class='ocr_par' dir='ltr' id='par_1_105' title="bbox 534 4899 2118 4970">
     <span class='ocr_line' id='line_1_105' title="bbox 534 4899 2118 4970; baseline -0.005 -9"><span class='ocrx_word' id='word_1_819' title='bbox 534 4899 883 4961; x_wconf 82' lang='lat' dir='ltr'><strong>eussionibus</strong></span> <span class='ocrx_word' id='word_1_820' title='bbox 914 4899 1222 4968; x_wconf 66' lang='lat' dir='ltr'><strong>pteniteant.</strong></span> <span class='ocrx_word' id='word_1_821' title='bbox 1264 4918 1283 4951; x_wconf 74' lang='grc' dir='ltr'><strong>ι</strong></span> <span class='ocrx_word' id='word_1_822' title='bbox 1310 4899 1411 4953; x_wconf 71' lang='lat' dir='ltr'><strong>ilis</strong></span> <span class='ocrx_word' id='word_1_823' title='bbox 1451 4900 1649 4953; x_wconf 85' lang='lat' dir='ltr'><strong>addere</strong></span> <span class='ocrx_word' id='word_1_824' title='bbox 1679 4913 1956 4968; x_wconf 87' lang='lat' dir='ltr'><strong>possemus</strong></span> <span class='ocrx_word' id='word_1_825' title='bbox 1998 4915 2118 4970; x_wconf 81' lang='lat' dir='ltr'><strong>gra-</strong></span> 
     </span>
    </p>
   </div>
   <div class='ocr_carea' id='block_1_106' title="bbox 546 4970 2117 5041">
    <p class='ocr_par' dir='ltr' id='par_1_106' title="bbox 546 4970 2117 5041">
     <span class='ocr_line' id='line_1_106' title="bbox 546 4970 2117 5041; baseline -0.003 -12"><span class='ocrx_word' id='word_1_826' title='bbox 546 4977 792 5032; x_wconf 81' lang='lat' dir='ltr'><strong>vissimas</strong></span> <span class='ocrx_word' id='word_1_827' title='bbox 816 4987 1018 5041; x_wconf 69' lang='lat' dir='ltr'><strong>pinnas,</strong></span> <span class='ocrx_word' id='word_1_828' title='bbox 1044 4970 1240 5041; x_wconf 89' lang='lat' dir='ltr'><strong>quibus</strong></span> <span class='ocrx_word' id='word_1_829' title='bbox 1267 4970 1616 5024; x_wconf 88' lang='lat' dir='ltr'><strong>scurrilitates</strong></span> <span class='ocrx_word' id='word_1_830' title='bbox 1642 4970 1927 5034; x_wconf 87' lang='lat' dir='ltr'><strong>aliquando</strong></span> <span class='ocrx_word' id='word_1_831' title='bbox 1947 4971 2117 5025; x_wconf 80' lang='lat' dir='ltr'><strong>Jttdex</strong></span> 
     </span>
    </p>
   </div>
   <div class='ocr_carea' id='block_1_107' title="bbox 538 5040 2119 5118">
    <p class='ocr_par' dir='ltr' id='par_1_107' title="bbox 538 5040 2119 5118">
     <span class='ocr_line' id='line_1_107' title="bbox 538 5040 2119 5118; baseline -0.003 -18"><span class='ocrx_word' id='word_1_832' title='bbox 538 5048 717 5118; x_wconf 61' lang='lat' dir='ltr'><strong>iustus</strong></span> <span class='ocrx_word' id='word_1_833' title='bbox 746 5040 1000 5118; x_wconf 81' lang='lat' dir='ltr'><strong>Dominus</strong></span> <span class='ocrx_word' id='word_1_834' title='bbox 1025 5040 1333 5118; x_wconf 53' lang='lat' dir='ltr'><strong>mulctavit,</strong></span> <span class='ocrx_word' id='word_1_835' title='bbox 1346 5055 1413 5095; x_wconf 78' lang='lat' dir='ltr'><strong>ex</strong></span> <span class='ocrx_word' id='word_1_836' title='bbox 1436 5040 1627 5118; x_wconf 75' lang='lat' dir='ltr'><strong>quibus</strong></span> <span class='ocrx_word' id='word_1_837' title='bbox 1657 5041 1878 5110; x_wconf 79' lang='lat' dir='ltr'><strong>lugubre</strong></span> <span class='ocrx_word' id='word_1_838' title='bbox 1901 5055 2119 5118; x_wconf 49' lang='lat' dir='ltr'><strong>prorsus</strong></span> 
     </span>
    </p>
   </div>
   <div class='ocr_carea' id='block_1_108' title="bbox 545 5112 2122 5184">
    <p class='ocr_par' dir='ltr' id='par_1_108' title="bbox 545 5112 2122 5184">
     <span class='ocr_line' id='line_1_108' title="bbox 545 5112 2122 5184; baseline -0.005 -11"><span class='ocrx_word' id='word_1_839' title='bbox 545 5112 852 5184; x_wconf 72' lang='lat' dir='ltr'><strong>exemplum</strong></span> <span class='ocrx_word' id='word_1_840' title='bbox 882 5113 1034 5167; x_wconf 87' lang='lat' dir='ltr'><strong>nobis</strong></span> <span class='ocrx_word' id='word_1_841' title='bbox 1057 5113 1270 5167; x_wconf 79' lang='lat' dir='ltr'><strong>exhibet</strong></span> <span class='ocrx_word' id='word_1_842' title='bbox 1303 5112 1601 5184; x_wconf 84' lang='lat' dir='ltr'><strong>Durandns,</strong></span> <span class='ocrx_word' id='word_1_843' title='bbox 1628 5126 1691 5184; x_wconf 81' lang='lat' dir='ltr'><strong>ex</strong></span> <span class='ocrx_word' id='word_1_844' title='bbox 1726 5113 1985 5165; x_wconf 80' lang='lat' dir='ltr'><strong>monacho</strong></span> <span class='ocrx_word' id='word_1_845' title='bbox 2008 5113 2122 5184; x_wconf 50' lang='lat' dir='ltr'><strong>(ilu-</strong></span> 
     </span>
    </p>
   </div>
   <div class='ocr_carea' id='block_1_109' title="bbox 542 5183 2123 5253">
    <p class='ocr_par' dir='ltr' id='par_1_109' title="bbox 542 5183 2123 5253">
     <span class='ocr_line' id='line_1_109' title="bbox 542 5183 2123 5253; baseline -0.005 -10"><span class='ocrx_word' id='word_1_846' title='bbox 542 5183 783 5243; x_wconf 82' lang='lat' dir='ltr'><strong>niacensi</strong></span> <span class='ocrx_word' id='word_1_847' title='bbox 810 5189 1092 5253; x_wconf 83' lang='lat' dir='ltr'><strong>episcopus</strong></span> <span class='ocrx_word' id='word_1_848' title='bbox 1114 5184 1432 5245; x_wconf 86' lang='lat' dir='ltr'><strong>Tolosanus,</strong></span> <span class='ocrx_word' id='word_1_849' title='bbox 1448 5183 1588 5253; x_wconf 83' lang='lat' dir='ltr'><strong>quod</strong></span> <span class='ocrx_word' id='word_1_850' title='bbox 1614 5183 1798 5253; x_wconf 87' lang='lat' dir='ltr'><strong>videre</strong></span> <span class='ocrx_word' id='word_1_851' title='bbox 1826 5197 1902 5235; x_wconf 81' lang='lat' dir='ltr'><strong>eSt</strong></span> <span class='ocrx_word' id='word_1_852' title='bbox 1931 5184 1981 5235; x_wconf 91' lang='lat' dir='ltr'><strong>itt</strong></span> <span class='ocrx_word' id='word_1_853' title='bbox 2007 5183 2123 5235; x_wconf 82' lang='lat' dir='ltr'><strong>Vna</strong></span> 
     </span>
    </p>
   </div>
   <div class='ocr_carea' id='block_1_110' title="bbox 545 5252 2121 5329">
    <p class='ocr_par' dir='ltr' id='par_1_110' title="bbox 545 5252 2121 5329">
     <span class='ocr_line' id='line_1_110' title="bbox 545 5252 2121 5329; baseline -0.005 -14"><span class='ocrx_word' id='word_1_854' title='bbox 545 5264 606 5315; x_wconf 69' lang='grc' dir='ltr'>ὃ.</span> <span class='ocrx_word' id='word_1_855' title='bbox 660 5252 894 5329; x_wconf 85' lang='lat' dir='ltr'><strong>Hugouis</strong></span> <span class='ocrx_word' id='word_1_856' title='bbox 924 5264 1140 5329; x_wconf 70' lang='lat' dir='ltr'><strong>auctore</strong></span> <span class='ocrx_word' id='word_1_857' title='bbox 1171 5252 1479 5325; x_wconf 79' lang='lat' dir='ltr'><strong>Raynaldo,</strong></span> <span class='ocrx_word' id='word_1_858' title='bbox 1512 5270 1567 5307; x_wconf 91' lang='grc' dir='ltr'>ιι.</span> <span class='ocrx_word' id='word_1_859' title='bbox 1602 5252 1688 5317; x_wconf 83' lang='grc'><strong>18,</strong></span> <span class='ocrx_word' id='word_1_860' title='bbox 1740 5256 1876 5322; x_wconf 89' lang='lat' dir='ltr'><strong>apud</strong></span> <span class='ocrx_word' id='word_1_861' title='bbox 1908 5254 2121 5307; x_wconf 83' lang='lat' dir='ltr'><strong>Bollan-</strong></span> 
     </span>
    </p>
   </div>
   <div class='ocr_carea' id='block_1_111' title="bbox 543 5325 1036 5394">
    <p class='ocr_par' dir='ltr' id='par_1_111' title="bbox 543 5325 1036 5394">
     <span class='ocr_line' id='line_1_111' title="bbox 543 5325 1036 5394; baseline -0.016 -7"><span class='ocrx_word' id='word_1_862' title='bbox 543 5333 695 5394; x_wconf 83' lang='lat' dir='ltr'><strong>dum,</strong></span> <span class='ocrx_word' id='word_1_863' title='bbox 726 5325 795 5382; x_wconf 52' lang='grc' dir='ltr'><strong>ἐξ)</strong></span> <span class='ocrx_word' id='word_1_864' title='bbox 825 5325 1036 5394; x_wconf 81' lang='lat' dir='ltr'><strong>Aprilis.</strong></span> 
     </span>
    </p>
   </div>
   <div class='ocr_carea' id='block_1_112' title="bbox 612 5394 2118 5454">
    <p class='ocr_par' dir='ltr' id='par_1_112' title="bbox 612 5394 2118 5454">
     <span class='ocr_line' id='line_1_112' title="bbox 612 5394 2118 5454; baseline -0.004 0"><span class='ocrx_word' id='word_1_865' title='bbox 612 5400 788 5454; x_wconf 77' lang='lat' dir='ltr'><strong>Porro</strong></span> <span class='ocrx_word' id='word_1_866' title='bbox 818 5398 895 5450; x_wconf 77' lang='lat' dir='ltr'><strong>&#39;ad</strong></span> <span class='ocrx_word' id='word_1_867' title='bbox 939 5397 1204 5451; x_wconf 88' lang='lat' dir='ltr'><strong>vitandam</strong></span> <span class='ocrx_word' id='word_1_868' title='bbox 1247 5410 1460 5450; x_wconf 89' lang='lat' dir='ltr'><strong>omnem</strong></span> <span class='ocrx_word' id='word_1_869' title='bbox 1505 5394 1842 5450; x_wconf 84' lang='lat' dir='ltr'><strong>scurrilitatis</strong></span> <span class='ocrx_word' id='word_1_870' title='bbox 1878 5394 2118 5449; x_wconf 90' lang='lat' dir='ltr'><strong>occasio-</strong></span> 
     </span>
    </p>
   </div>
   <div class='ocr_carea' id='block_1_113' title="bbox 551 5463 2116 5527">
    <p class='ocr_par' dir='ltr' id='par_1_113' title="bbox 551 5463 2116 5527">
     <span class='ocr_line' id='line_1_113' title="bbox 551 5463 2116 5527; baseline -0.004 -2"><span class='ocrx_word' id='word_1_871' title='bbox 551 5487 672 5527; x_wconf 89' lang='lat' dir='ltr'><strong>nem</strong></span> <span class='ocrx_word' id='word_1_872' title='bbox 704 5470 1052 5524; x_wconf 66' lang='lat' dir='ltr'><strong>Cassinenses</strong></span> <span class='ocrx_word' id='word_1_873' title='bbox 1075 5478 1254 5522; x_wconf 78' lang='lat' dir='ltr'><strong>vetant</strong></span> <span class='ocrx_word' id='word_1_874' title='bbox 1285 5467 1450 5520; x_wconf 88' lang='lat' dir='ltr'><strong>teneri</strong></span> <span class='ocrx_word' id='word_1_875' title='bbox 1481 5481 1607 5521; x_wconf 64' lang='lat' dir='ltr'><strong>aves</strong></span> <span class='ocrx_word' id='word_1_876' title='bbox 1637 5478 1728 5518; x_wconf 83' lang='lat' dir='ltr'><strong>aut</strong></span> <span class='ocrx_word' id='word_1_877' title='bbox 1775 5463 2020 5518; x_wconf 86' lang='lat' dir='ltr'><strong>animalia</strong></span> <span class='ocrx_word' id='word_1_878' title='bbox 2051 5467 2116 5519; x_wconf 92' lang='lat' dir='ltr'><strong>ad</strong></span> 
     </span>
    </p>
   </div>
   <div class='ocr_carea' id='block_1_114' title="bbox 545 5537 2119 5610">
    <p class='ocr_par' dir='ltr' id='par_1_114' title="bbox 545 5537 2119 5610">
     <span class='ocr_line' id='line_1_114' title="bbox 545 5537 2119 5610; baseline -0.003 -16"><span class='ocrx_word' id='word_1_879' title='bbox 545 5541 726 5610; x_wconf 81' lang='lat' dir='ltr'><strong>jocutn</strong></span> <span class='ocrx_word' id='word_1_880' title='bbox 750 5550 812 5594; x_wconf 81' lang='lat' dir='ltr'><strong>et</strong></span> <span class='ocrx_word' id='word_1_881' title='bbox 852 5538 1117 5592; x_wconf 84' lang='lat' dir='ltr'><strong>levitatem</strong></span> <span class='ocrx_word' id='word_1_882' title='bbox 1152 5538 1543 5610; x_wconf 61' lang='lat' dir='ltr'><strong>promovenda;</strong></span> <span class='ocrx_word' id='word_1_883' title='bbox 1572 5553 1735 5591; x_wconf 89' lang='lat' dir='ltr'><strong>omne</strong></span> <span class='ocrx_word' id='word_1_884' title='bbox 1761 5552 1969 5605; x_wconf 88' lang='lat' dir='ltr'><strong>quoque</strong></span> <span class='ocrx_word' id='word_1_885' title='bbox 2010 5537 2119 5610; x_wconf 89' lang='lat' dir='ltr'><strong>ludi</strong></span> 
     </span>
    </p>
   </div>
   <div class='ocr_carea' id='block_1_115' title="bbox 550 5608 2123 5682">
    <p class='ocr_par' dir='ltr' id='par_1_115' title="bbox 550 5608 2123 5682">
     <span class='ocr_line' id='line_1_115' title="bbox 550 5608 2123 5682; baseline -0.001 -19"><span class='ocrx_word' id='word_1_886' title='bbox 550 5608 719 5682; x_wconf 75' lang='lat' dir='ltr'><strong>genus</strong></span> <span class='ocrx_word' id='word_1_887' title='bbox 762 5611 1163 5682; x_wconf 26' lang='lat' dir='ltr'><strong>interdicuntnt‘</strong></span> <span class='ocrx_word' id='word_1_888' title='bbox 1196 5608 1372 5662; x_wconf 86' lang='lat' dir='ltr'><strong>Ludos</strong></span> <span class='ocrx_word' id='word_1_889' title='bbox 1415 5612 1572 5682; x_wconf 67' lang='lat' dir='ltr'><strong>etiam</strong></span> <span class='ocrx_word' id='word_1_890' title='bbox 1615 5613 1972 5677; x_wconf 73' lang='lat' dir='ltr'><strong>cujuscunque</strong></span> <span class='ocrx_word' id='word_1_891' title='bbox 2018 5609 2123 5682; x_wconf 83' lang='lat' dir='ltr'><strong>sint.</strong></span> 
     </span>
    </p>
   </div>
   <div class='ocr_carea' id='block_1_116' title="bbox 554 5678 2125 5748">
    <p class='ocr_par' dir='ltr' id='par_1_116' title="bbox 554 5678 2125 5748">
     <span class='ocr_line' id='line_1_116' title="bbox 554 5678 2125 5748; baseline -0.004 -13"><span class='ocrx_word' id='word_1_892' title='bbox 554 5678 786 5748; x_wconf 69' lang='lat' dir='ltr'><strong>generis,</strong></span> <span class='ocrx_word' id='word_1_893' title='bbox 814 5683 985 5748; x_wconf 87' lang='lat' dir='ltr'><strong>jocos,</strong></span> <span class='ocrx_word' id='word_1_894' title='bbox 1017 5688 1070 5731; x_wconf 74' lang='lat' dir='ltr'><strong>et</strong></span> <span class='ocrx_word' id='word_1_895' title='bbox 1088 5678 1330 5738; x_wconf 73' lang='lat' dir='ltr'><strong>fabulas,</strong></span> <span class='ocrx_word' id='word_1_896' title='bbox 1351 5688 1398 5731; x_wconf 90' lang='lat' dir='ltr'><strong>et</strong></span> <span class='ocrx_word' id='word_1_897' title='bbox 1430 5681 1589 5734; x_wconf 75' lang='lat' dir='ltr'><strong>verba</strong></span> <span class='ocrx_word' id='word_1_898' title='bbox 1614 5681 1880 5744; x_wconf 82' lang='lat' dir='ltr'><strong>obseeua,</strong></span> <span class='ocrx_word' id='word_1_899' title='bbox 1912 5688 1966 5733; x_wconf 81' lang='lat' dir='ltr'><strong>et</strong></span> <span class='ocrx_word' id='word_1_900' title='bbox 1993 5678 2125 5730; x_wconf 89' lang='lat' dir='ltr'><strong>cho-</strong></span> 
     </span>
    </p>
   </div>
   <div class='ocr_carea' id='block_1_117' title="bbox 558 5748 2116 5819">
    <p class='ocr_par' dir='ltr' id='par_1_117' title="bbox 558 5748 2116 5819">
     <span class='ocr_line' id='line_1_117' title="bbox 558 5748 2116 5819; baseline -0.003 -16"><span class='ocrx_word' id='word_1_901' title='bbox 558 5766 680 5803; x_wconf 86' lang='lat' dir='ltr'><strong>reas</strong></span> <span class='ocrx_word' id='word_1_902' title='bbox 712 5753 780 5803; x_wconf 89' lang='lat' dir='ltr'><strong>ita</strong></span> <span class='ocrx_word' id='word_1_903' title='bbox 811 5750 1089 5817; x_wconf 85' lang='lat' dir='ltr'><strong>prohibent</strong></span> <span class='ocrx_word' id='word_1_904' title='bbox 1129 5750 1397 5803; x_wconf 71' lang='lat' dir='ltr'><strong>lecstini</strong></span> <span class='ocrx_word' id='word_1_905' title='bbox 1432 5750 1520 5818; x_wconf 88' lang='lat' dir='ltr'><strong>(In</strong></span> <span class='ocrx_word' id='word_1_906' title='bbox 1565 5751 1739 5805; x_wconf 68' lang='lat' dir='ltr'><strong>(quat.</strong></span> <span class='ocrx_word' id='word_1_907' title='bbox 1785 5766 1833 5804; x_wconf 79' lang='grc' dir='ltr'>ε.</span> <span class='ocrx_word' id='word_1_908' title='bbox 1867 5750 1951 5814; x_wconf 69' lang='grc'><strong>12,</strong></span> <span class='ocrx_word' id='word_1_909' title='bbox 1985 5748 2011 5819; x_wconf 83' lang='lat'><strong>§</strong></span> <span class='ocrx_word' id='word_1_910' title='bbox 2041 5748 2116 5816; x_wconf 82' lang='grc'><strong>5),</strong></span> 
     </span>
    </p>
   </div>
   <div class='ocr_carea' id='block_1_118' title="bbox 550 5819 2123 5891">
    <p class='ocr_par' dir='ltr' id='par_1_118' title="bbox 550 5819 2123 5891">
     <span class='ocr_line' id='line_1_118' title="bbox 550 5819 2123 5891; baseline 0.001 -18"><span class='ocrx_word' id='word_1_911' title='bbox 550 5828 620 5873; x_wconf 78' lang='grc' dir='ltr'>ω.</span> <span class='ocrx_word' id='word_1_912' title='bbox 643 5822 689 5875; x_wconf 82' lang='lat' dir='ltr'><strong>si</strong></span> <span class='ocrx_word' id='word_1_913' title='bbox 730 5821 851 5891; x_wconf 82' lang='lat' dir='ltr'><strong>quis</strong></span> <span class='ocrx_word' id='word_1_914' title='bbox 875 5835 1035 5879; x_wconf 81' lang='lat' dir='ltr'><strong>secus</strong></span> <span class='ocrx_word' id='word_1_915' title='bbox 1078 5819 1256 5877; x_wconf 74' lang='lat' dir='ltr'><strong>fectrit</strong></span> <span class='ocrx_word' id='word_1_916' title='bbox 1287 5863 1302 5888; x_wconf 93' lang='lat'><strong>,</strong></span> <span class='ocrx_word' id='word_1_917' title='bbox 1346 5836 1439 5891; x_wconf 84' lang='lat' dir='ltr'><strong>per</strong></span> <span class='ocrx_word' id='word_1_918' title='bbox 1469 5836 1703 5875; x_wconf 79' lang='lat' dir='ltr'><strong>mensem</strong></span> <span class='ocrx_word' id='word_1_919' title='bbox 1733 5824 1784 5877; x_wconf 90' lang='lat' dir='ltr'><strong>in</strong></span> <span class='ocrx_word' id='word_1_920' title='bbox 1816 5822 2123 5876; x_wconf 78' lang='lat' dir='ltr'><strong>carceribus</strong></span> 
     </span>
    </p>
   </div>
   <div class='ocr_carea' id='block_1_119' title="bbox 2142 4586 2197 4648">
    <p class='ocr_par' dir='ltr' id='par_1_119' title="bbox 2142 4586 2197 4648">
     <span class='ocr_line' id='line_1_119' title="bbox 2142 4586 2197 4648; baseline 0 0"><span class='ocrx_word' id='word_1_921' title='bbox 2142 4586 2197 4648; x_wconf 85' lang='lat' dir='ltr'><strong>D</strong></span> 
     </span>
    </p>
   </div>
   <div class='ocr_carea' id='block_1_120' title="bbox 2209 3274 3783 3343">
    <p class='ocr_par' dir='ltr' id='par_1_120' title="bbox 2209 3274 3783 3343">
     <span class='ocr_line' id='line_1_120' title="bbox 2209 3274 3783 3343; baseline 0.003 -17"><span class='ocrx_word' id='word_1_922' title='bbox 2209 3289 2274 3326; x_wconf 87' lang='lat' dir='ltr'><strong>ne</strong></span> <span class='ocrx_word' id='word_1_923' title='bbox 2300 3288 2421 3326; x_wconf 89' lang='lat' dir='ltr'><strong>reus</strong></span> <span class='ocrx_word' id='word_1_924' title='bbox 2444 3282 2511 3324; x_wconf 66' lang='lat' dir='ltr'><strong>szt</strong></span> <span class='ocrx_word' id='word_1_925' title='bbox 2537 3274 2768 3339; x_wconf 84' lang='lat' dir='ltr'><strong>concilii,</strong></span> <span class='ocrx_word' id='word_1_926' title='bbox 2803 3278 3136 3343; x_wconf 78' lang='lat' dir='ltr'><strong>pra-cipimus</strong></span> <span class='ocrx_word' id='word_1_927' title='bbox 3161 3292 3281 3329; x_wconf 89' lang='lat' dir='ltr'><strong>eum</strong></span> <span class='ocrx_word' id='word_1_928' title='bbox 3311 3278 3480 3331; x_wconf 84' lang='lat' dir='ltr'><strong>triduo</strong></span> <span class='ocrx_word' id='word_1_929' title='bbox 3501 3296 3529 3330; x_wconf 90' lang='lat' dir='ltr'><strong>a</strong></span> <span class='ocrx_word' id='word_1_930' title='bbox 3558 3280 3783 3330; x_wconf 82' lang='lat' dir='ltr'><strong>fratrum</strong></span> 
     </span>
    </p>
   </div>
   <div class='ocr_carea' id='block_1_121' title="bbox 2209 3346 3787 3415">
    <p class='ocr_par' dir='ltr' id='par_1_121' title="bbox 2209 3346 3787 3415">
     <span class='ocr_line' id='line_1_121' title="bbox 2209 3346 3787 3415; baseline 0.002 -19"><span class='ocrx_word' id='word_1_931' title='bbox 2209 3348 2619 3415; x_wconf 75' lang='lat' dir='ltr'><strong>congregatione</strong></span> <span class='ocrx_word' id='word_1_932' title='bbox 2654 3346 2735 3398; x_wconf 83' lang='lat' dir='ltr'><strong>vel</strong></span> <span class='ocrx_word' id='word_1_933' title='bbox 2766 3346 3029 3415; x_wconf 86' lang='lat' dir='ltr'><strong>colloquio</strong></span> <span class='ocrx_word' id='word_1_934' title='bbox 3060 3362 3177 3400; x_wconf 82' lang='lat' dir='ltr'><strong>esse</strong></span> <span class='ocrx_word' id='word_1_935' title='bbox 3204 3349 3431 3400; x_wconf 75' lang='lat' dir='ltr'><strong>alit-num</strong></span> <span class='ocrx_word' id='word_1_936' title='bbox 3458 3390 3471 3406; x_wconf 88' lang='lat'><strong>,</strong></span> <span class='ocrx_word' id='word_1_937' title='bbox 3521 3356 3577 3400; x_wconf 92' lang='lat' dir='ltr'><strong>nt</strong></span> <span class='ocrx_word' id='word_1_938' title='bbox 3606 3349 3787 3400; x_wconf 76' lang='lat' dir='ltr'><strong>nullos</strong></span> 
     </span>
    </p>
   </div>
   <div class='ocr_carea' id='block_1_122' title="bbox 2207 3413 3786 3486">
    <p class='ocr_par' dir='ltr' id='par_1_122' title="bbox 2207 3413 3786 3486">
     <span class='ocr_line' id='line_1_122' title="bbox 2207 3413 3786 3486; baseline 0.003 -19"><span class='ocrx_word' id='word_1_939' title='bbox 2207 3413 2330 3486; x_wconf 80' lang='lat' dir='ltr'><strong>cum</strong></span> <span class='ocrx_word' id='word_1_940' title='bbox 2374 3431 2438 3468; x_wconf 91' lang='lat' dir='ltr'><strong>eo</strong></span> <span class='ocrx_word' id='word_1_941' title='bbox 2480 3413 2751 3486; x_wconf 75' lang='lat' dir='ltr'><strong>jungatur.</strong></span> <span class='ocrx_word' id='word_1_942' title='bbox 2793 3436 2809 3466; x_wconf 76' lang='grc' dir='ltr'><strong>ι</strong></span> <span class='ocrx_word' id='word_1_943' title='bbox 2847 3413 3007 3470; x_wconf 65' lang='lat' dir='ltr'><strong>nunc</strong></span> <span class='ocrx_word' id='word_1_944' title='bbox 3056 3418 3291 3472; x_wconf 72' lang='lat' dir='ltr'><strong>Severior</strong></span> <span class='ocrx_word' id='word_1_945' title='bbox 3342 3421 3546 3472; x_wconf 86' lang='lat' dir='ltr'><strong>videtur</strong></span> <span class='ocrx_word' id='word_1_946' title='bbox 3575 3419 3786 3486; x_wconf 69' lang='lat' dir='ltr'><strong>lle-gula</strong></span> 
     </span>
    </p>
   </div>
   <div class='ocr_carea' id='block_1_123' title="bbox 2209 3484 3787 3555">
    <p class='ocr_par' dir='ltr' id='par_1_123' title="bbox 2209 3484 3787 3555">
     <span class='ocr_line' id='line_1_123' title="bbox 2209 3484 3787 3555; baseline 0.001 -18"><span class='ocrx_word' id='word_1_947' title='bbox 2209 3484 2492 3550; x_wconf 86' lang='lat' dir='ltr'><strong>Cujusdam</strong></span> <span class='ocrx_word' id='word_1_948' title='bbox 2521 3485 2585 3538; x_wconf 89' lang='lat' dir='ltr'><strong>ad</strong></span> <span class='ocrx_word' id='word_1_949' title='bbox 2626 3486 2907 3540; x_wconf 76' lang='lat' dir='ltr'><strong>Mutuiclios</strong></span> <span class='ocrx_word' id='word_1_950' title='bbox 2937 3487 3083 3555; x_wconf 89' lang='lat' dir='ltr'><strong>(Cap.</strong></span> <span class='ocrx_word' id='word_1_951' title='bbox 3117 3488 3173 3550; x_wconf 89' lang='lat'><strong>8)</strong></span> <span class='ocrx_word' id='word_1_952' title='bbox 3209 3507 3221 3539; x_wconf 91' lang='lat'><strong>:</strong></span> <span class='ocrx_word' id='word_1_953' title='bbox 3262 3508 3279 3538; x_wconf 73' lang='grc' dir='ltr'><strong>ι</strong></span> <span class='ocrx_word' id='word_1_954' title='bbox 3320 3484 3677 3549; x_wconf 59' lang='lat' dir='ltr'><strong>Mendacium,</strong></span> <span class='ocrx_word' id='word_1_955' title='bbox 3704 3490 3787 3542; x_wconf 86' lang='lat' dir='ltr'><strong>in-</strong></span> 
     </span>
    </p>
   </div>
   <div class='ocr_carea' id='block_1_124' title="bbox 2210 3556 3788 3623">
    <p class='ocr_par' dir='ltr' id='par_1_124' title="bbox 2210 3556 3788 3623">
     <span class='ocr_line' id='line_1_124' title="bbox 2210 3556 3788 3623; baseline 0.003 -14"><span class='ocrx_word' id='word_1_956' title='bbox 2210 3556 2342 3623; x_wconf 87' lang='lat' dir='ltr'><strong>quit,</strong></span> <span class='ocrx_word' id='word_1_957' title='bbox 2376 3557 2826 3622; x_wconf 85' lang='lat' dir='ltr'><strong>etjuramentnm,</strong></span> <span class='ocrx_word' id='word_1_958' title='bbox 2856 3560 2965 3610; x_wconf 72' lang='lat' dir='ltr'><strong>sive</strong></span> <span class='ocrx_word' id='word_1_959' title='bbox 2994 3559 3208 3613; x_wconf 79' lang='lat' dir='ltr'><strong>verbum</strong></span> <span class='ocrx_word' id='word_1_960' title='bbox 3241 3560 3468 3613; x_wconf 90' lang='lat' dir='ltr'><strong>otiosmo</strong></span> <span class='ocrx_word' id='word_1_961' title='bbox 3504 3577 3595 3623; x_wconf 79' lang='lat' dir='ltr'><strong>per</strong></span> <span class='ocrx_word' id='word_1_962' title='bbox 3624 3576 3788 3615; x_wconf 88' lang='lat' dir='ltr'><strong>omne</strong></span> 
     </span>
    </p>
   </div>
   <div class='ocr_carea' id='block_1_125' title="bbox 2208 3627 3786 3699">
    <p class='ocr_par' dir='ltr' id='par_1_125' title="bbox 2208 3627 3786 3699">
     <span class='ocr_line' id='line_1_125' title="bbox 2208 3627 3786 3699; baseline 0.004 -22"><span class='ocrx_word' id='word_1_963' title='bbox 2208 3640 2404 3699; x_wconf 78' lang='lat' dir='ltr'><strong>corpus</strong></span> <span class='ocrx_word' id='word_1_964' title='bbox 2451 3627 2794 3680; x_wconf 64' lang='lat' dir='ltr'><strong>fraternitati~</strong></span> <span class='ocrx_word' id='word_1_965' title='bbox 2826 3628 3181 3682; x_wconf 85' lang='lat' dir='ltr'><strong>damnandum</strong></span> <span class='ocrx_word' id='word_1_966' title='bbox 3214 3644 3313 3682; x_wconf 84' lang='lat' dir='ltr'><strong>est.</strong></span> <span class='ocrx_word' id='word_1_967' title='bbox 3360 3632 3413 3684; x_wconf 86' lang='lat' dir='ltr'><strong>Si</strong></span> <span class='ocrx_word' id='word_1_968' title='bbox 3459 3635 3576 3699; x_wconf 87' lang='lat' dir='ltr'><strong>quis</strong></span> <span class='ocrx_word' id='word_1_969' title='bbox 3618 3631 3687 3683; x_wconf 86' lang='lat' dir='ltr'><strong>sit</strong></span> <span class='ocrx_word' id='word_1_970' title='bbox 3718 3647 3786 3684; x_wconf 77' lang='lat' dir='ltr'><strong>ex</strong></span> 
     </span>
    </p>
   </div>
   <div class='ocr_carea' id='block_1_126' title="bbox 2212 3697 3786 3767">
    <p class='ocr_par' dir='ltr' id='par_1_126' title="bbox 2212 3697 3786 3767">
     <span class='ocr_line' id='line_1_126' title="bbox 2212 3697 3786 3767; baseline 0.004 -19"><span class='ocrx_word' id='word_1_971' title='bbox 2212 3697 2461 3749; x_wconf 82' lang='lat' dir='ltr'><strong>fratribus</strong></span> <span class='ocrx_word' id='word_1_972' title='bbox 2490 3711 2607 3749; x_wconf 90' lang='lat' dir='ltr'><strong>cum</strong></span> <span class='ocrx_word' id='word_1_973' title='bbox 2655 3714 2757 3764; x_wconf 90' lang='lat' dir='ltr'><strong>quo</strong></span> <span class='ocrx_word' id='word_1_974' title='bbox 2803 3701 2997 3767; x_wconf 90' lang='lat' dir='ltr'><strong>aiquid</strong></span> <span class='ocrx_word' id='word_1_975' title='bbox 3048 3703 3232 3754; x_wconf 86' lang='lat' dir='ltr'><strong>horum</strong></span> <span class='ocrx_word' id='word_1_976' title='bbox 3266 3697 3532 3753; x_wconf 76' lang='lat' dir='ltr'><strong>inventum</strong></span> <span class='ocrx_word' id='word_1_977' title='bbox 3581 3701 3786 3763; x_wconf 90' lang='lat' dir='ltr'><strong>fuerit,</strong></span> 
     </span>
    </p>
   </div>
   <div class='ocr_carea' id='block_1_127' title="bbox 2212 3768 3789 3841">
    <p class='ocr_par' dir='ltr' id='par_1_127' title="bbox 2212 3768 3789 3841">
     <span class='ocr_line' id='line_1_127' title="bbox 2212 3768 3789 3841; baseline 0.004 -22"><span class='ocrx_word' id='word_1_978' title='bbox 2212 3768 2503 3841; x_wconf 71' lang='lat' dir='ltr'><strong>mittendus</strong></span> <span class='ocrx_word' id='word_1_979' title='bbox 2527 3777 2609 3821; x_wconf 88' lang='lat' dir='ltr'><strong>est</strong></span> <span class='ocrx_word' id='word_1_980' title='bbox 2654 3770 2702 3819; x_wconf 80' lang='grc' dir='ltr'><strong>ιιι</strong></span> <span class='ocrx_word' id='word_1_981' title='bbox 2746 3784 3044 3834; x_wconf 75' lang='lat' dir='ltr'><strong>carctrem,</strong></span> <span class='ocrx_word' id='word_1_982' title='bbox 3075 3784 3125 3823; x_wconf 80' lang='lat' dir='ltr'><strong>et</strong></span> <span class='ocrx_word' id='word_1_983' title='bbox 3155 3775 3405 3839; x_wconf 70' lang='lat' dir='ltr'><strong>pmoiteat</strong></span> <span class='ocrx_word' id='word_1_984' title='bbox 3445 3788 3723 3841; x_wconf 64' lang='lat' dir='ltr'><strong>usquequo</strong></span> <span class='ocrx_word' id='word_1_985' title='bbox 3755 3788 3789 3825; x_wconf 67' lang='grc' dir='ltr'>ει</span> 
     </span>
    </p>
   </div>
   <div class='ocr_carea' id='block_1_128' title="bbox 2213 3838 3786 3908">
    <p class='ocr_par' dir='ltr' id='par_1_128' title="bbox 2213 3838 3786 3908">
     <span class='ocr_line' id='line_1_128' title="bbox 2213 3838 3786 3908; baseline 0.004 -20"><span class='ocrx_word' id='word_1_986' title='bbox 2213 3838 2341 3890; x_wconf 90' lang='lat' dir='ltr'><strong>vitio</strong></span> <span class='ocrx_word' id='word_1_987' title='bbox 2369 3840 2729 3905; x_wconf 78' lang='lat' dir='ltr'><strong>corrigatur...</strong></span> <span class='ocrx_word' id='word_1_988' title='bbox 2759 3842 2811 3891; x_wconf 80' lang='lat' dir='ltr'><strong>Si</strong></span> <span class='ocrx_word' id='word_1_989' title='bbox 2838 3845 2953 3906; x_wconf 70' lang='lat' dir='ltr'><strong>quis</strong></span> <span class='ocrx_word' id='word_1_990' title='bbox 2991 3859 3048 3894; x_wconf 75' lang='lat' dir='ltr'><strong>ex</strong></span> <span class='ocrx_word' id='word_1_991' title='bbox 3086 3838 3332 3894; x_wconf 73' lang='lat' dir='ltr'><strong>fratribus</strong></span> <span class='ocrx_word' id='word_1_992' title='bbox 3360 3856 3477 3908; x_wconf 73' lang='lat' dir='ltr'><strong>post</strong></span> <span class='ocrx_word' id='word_1_993' title='bbox 3502 3838 3786 3895; x_wconf 36' lang='lat' dir='ltr'><strong>e—xannna-</strong></span> 
     </span>
    </p>
   </div>
   <div class='ocr_carea' id='block_1_129' title="bbox 2214 3910 3789 3981">
    <p class='ocr_par' dir='ltr' id='par_1_129' title="bbox 2214 3910 3789 3981">
     <span class='ocr_line' id='line_1_129' title="bbox 2214 3910 3789 3981; baseline 0.004 -19"><span class='ocrx_word' id='word_1_994' title='bbox 2214 3910 2408 3981; x_wconf 78' lang='lat' dir='ltr'><strong>lienem</strong></span> <span class='ocrx_word' id='word_1_995' title='bbox 2436 3911 2873 3981; x_wconf 48' lang='lat' dir='ltr'><strong>careerist&#39;avere</strong></span> <span class='ocrx_word' id='word_1_996' title='bbox 2906 3914 3018 3966; x_wconf 77' lang='lat' dir='ltr'><strong>lnrc</strong></span> <span class='ocrx_word' id='word_1_997' title='bbox 3038 3914 3081 3964; x_wconf 87' lang='lat' dir='ltr'><strong>vi</strong></span> <span class='ocrx_word' id='word_1_998' title='bbox 3112 3913 3156 3964; x_wconf 86' lang='lat' dir='ltr'><strong>ia</strong></span> <span class='ocrx_word' id='word_1_999' title='bbox 3191 3930 3292 3965; x_wconf 90' lang='lat' dir='ltr'><strong>non</strong></span> <span class='ocrx_word' id='word_1_1000' title='bbox 3327 3915 3537 3980; x_wconf 84' lang='lat' dir='ltr'><strong>poterit,</strong></span> <span class='ocrx_word' id='word_1_1001' title='bbox 3559 3914 3789 3981; x_wconf 78' lang='lat' dir='ltr'><strong>ejicien-</strong></span> 
     </span>
    </p>
   </div>
   <div class='ocr_carea' id='block_1_130' title="bbox 2213 3980 3412 4045">
    <p class='ocr_par' dir='ltr' id='par_1_130' title="bbox 2213 3980 3412 4045">
     <span class='ocr_line' id='line_1_130' title="bbox 2213 3980 3412 4045; baseline 0.002 -12"><span class='ocrx_word' id='word_1_1002' title='bbox 2213 3980 2315 4034; x_wconf 87' lang='lat' dir='ltr'><strong>dus</strong></span> <span class='ocrx_word' id='word_1_1003' title='bbox 2344 3989 2424 4033; x_wconf 87' lang='lat' dir='ltr'><strong>est</strong></span> <span class='ocrx_word' id='word_1_1004' title='bbox 2455 3997 2480 4028; x_wconf 73' lang='grc' dir='ltr'><strong>ιι</strong></span> <span class='ocrx_word' id='word_1_1005' title='bbox 2520 3980 2786 4045; x_wconf 78' lang='lat' dir='ltr'><strong>fratribus,</strong></span> <span class='ocrx_word' id='word_1_1006' title='bbox 2818 3993 2869 4034; x_wconf 89' lang='lat' dir='ltr'><strong>et</strong></span> <span class='ocrx_word' id='word_1_1007' title='bbox 2898 3984 3226 4038; x_wconf 81' lang='lat' dir='ltr'><strong>damnandus</strong></span> <span class='ocrx_word' id='word_1_1008' title='bbox 3254 3995 3353 4036; x_wconf 88' lang='lat' dir='ltr'><strong>est.</strong></span> <span class='ocrx_word' id='word_1_1009' title='bbox 3395 4004 3412 4035; x_wconf 74' lang='grc' dir='ltr'><strong>ι</strong></span> 
     </span>
    </p>
   </div>
   <div class='ocr_carea' id='block_1_131' title="bbox 2284 4049 3793 4123">
    <p class='ocr_par' dir='ltr' id='par_1_131' title="bbox 2284 4049 3793 4123">
     <span class='ocr_line' id='line_1_131' title="bbox 2284 4049 3793 4123; baseline 0.003 -20"><span class='ocrx_word' id='word_1_1010' title='bbox 2284 4050 2350 4103; x_wconf 81' lang='lat' dir='ltr'><strong>Et</strong></span> <span class='ocrx_word' id='word_1_1011' title='bbox 2379 4052 2537 4123; x_wconf 77' lang='lat' dir='ltr'><strong>risum</strong></span> <span class='ocrx_word' id='word_1_1012' title='bbox 2567 4049 2855 4123; x_wconf 72' lang='lat' dir='ltr'><strong>ntoventia.]</strong></span> <span class='ocrx_word' id='word_1_1013' title='bbox 2888 4054 3027 4107; x_wconf 88' lang='lat' dir='ltr'><strong>Inter</strong></span> <span class='ocrx_word' id='word_1_1014' title='bbox 3055 4070 3173 4123; x_wconf 79' lang='lat' dir='ltr'><strong>qua:</strong></span> <span class='ocrx_word' id='word_1_1015' title='bbox 3201 4064 3254 4107; x_wconf 89' lang='lat' dir='ltr'><strong>et</strong></span> <span class='ocrx_word' id='word_1_1016' title='bbox 3282 4055 3659 4108; x_wconf 87' lang='lat' dir='ltr'><strong>scurrilitatem</strong></span> <span class='ocrx_word' id='word_1_1017' title='bbox 3684 4054 3793 4108; x_wconf 88' lang='lat' dir='ltr'><strong>hoc</strong></span> 
     </span>
    </p>
   </div>
   <div class='ocr_carea' id='block_1_132' title="bbox 2214 4120 3794 4178">
    <p class='ocr_par' dir='ltr' id='par_1_132' title="bbox 2214 4120 3794 4178">
     <span class='ocr_line' id='line_1_132' title="bbox 2214 4120 3794 4178; baseline 0.003 -5"><span class='ocrx_word' id='word_1_1018' title='bbox 2214 4120 2536 4175; x_wconf 86' lang='lat' dir='ltr'><strong>discriminis</strong></span> <span class='ocrx_word' id='word_1_1019' title='bbox 2563 4120 2790 4175; x_wconf 69' lang='lat' dir='ltr'><strong>afferunt</strong></span> <span class='ocrx_word' id='word_1_1020' title='bbox 2829 4120 3159 4177; x_wconf 75' lang='lat' dir='ltr'><strong>Hiltlemarus</strong></span> <span class='ocrx_word' id='word_1_1021' title='bbox 3186 4138 3237 4177; x_wconf 91' lang='lat' dir='ltr'><strong>et</strong></span> <span class='ocrx_word' id='word_1_1022' title='bbox 3268 4126 3561 4178; x_wconf 62' lang='lat' dir='ltr'><strong>Bernartius</strong></span> <span class='ocrx_word' id='word_1_1023' title='bbox 3608 4127 3794 4178; x_wconf 75' lang='lat' dir='ltr'><strong>Cassi-</strong></span> 
     </span>
    </p>
   </div>
   <div class='ocr_carea' id='block_1_133' title="bbox 2215 4192 3792 4264">
    <p class='ocr_par' dir='ltr' id='par_1_133' title="bbox 2215 4192 3792 4264">
     <span class='ocr_line' id='line_1_133' title="bbox 2215 4192 3792 4264; baseline 0.003 -19"><span class='ocrx_word' id='word_1_1024' title='bbox 2215 4193 2416 4257; x_wconf 86' lang='lat' dir='ltr'><strong>nensis,</strong></span> <span class='ocrx_word' id='word_1_1025' title='bbox 2445 4192 2583 4260; x_wconf 91' lang='lat' dir='ltr'><strong>quod</strong></span> <span class='ocrx_word' id='word_1_1026' title='bbox 2613 4192 2905 4247; x_wconf 82' lang='lat' dir='ltr'><strong>scurrilitas</strong></span> <span class='ocrx_word' id='word_1_1027' title='bbox 2931 4196 2994 4248; x_wconf 90' lang='lat' dir='ltr'><strong>ad</strong></span> <span class='ocrx_word' id='word_1_1028' title='bbox 3030 4197 3295 4249; x_wconf 81' lang='lat' dir='ltr'><strong>lasciviam</strong></span> <span class='ocrx_word' id='word_1_1029' title='bbox 3321 4205 3595 4264; x_wconf 69' lang='lat' dir='ltr'><strong>pertineat,</strong></span> <span class='ocrx_word' id='word_1_1030' title='bbox 3625 4198 3792 4250; x_wconf 82' lang='lat' dir='ltr'><strong>verba</strong></span> 
     </span>
    </p>
   </div>
   <div class='ocr_carea' id='block_1_134' title="bbox 2215 4264 3791 4337">
    <p class='ocr_par' dir='ltr' id='par_1_134' title="bbox 2215 4264 3791 4337">
     <span class='ocr_line' id='line_1_134' title="bbox 2215 4264 3791 4337; baseline 0.004 -22"><span class='ocrx_word' id='word_1_1031' title='bbox 2215 4267 2379 4315; x_wconf 88' lang='lat' dir='ltr'><strong>risum</strong></span> <span class='ocrx_word' id='word_1_1032' title='bbox 2418 4265 2709 4337; x_wconf 65' lang='lat' dir='ltr'><strong>moventia</strong></span> <span class='ocrx_word' id='word_1_1033' title='bbox 2744 4264 2901 4317; x_wconf 86' lang='lat' dir='ltr'><strong>etiam</strong></span> <span class='ocrx_word' id='word_1_1034' title='bbox 2934 4266 3217 4335; x_wconf 83' lang='lat' dir='ltr'><strong>aliquando</strong></span> <span class='ocrx_word' id='word_1_1035' title='bbox 3246 4267 3310 4318; x_wconf 91' lang='lat' dir='ltr'><strong>ad</strong></span> <span class='ocrx_word' id='word_1_1036' title='bbox 3361 4267 3629 4336; x_wconf 88' lang='lat' dir='ltr'><strong>sapientes</strong></span> <span class='ocrx_word' id='word_1_1037' title='bbox 3659 4282 3791 4337; x_wconf 83' lang='lat' dir='ltr'><strong>spe-</strong></span> 
     </span>
    </p>
   </div>
   <div class='ocr_carea' id='block_1_135' title="bbox 2216 4332 3349 4404">
    <p class='ocr_par' dir='ltr' id='par_1_135' title="bbox 2216 4332 3349 4404">
     <span class='ocr_line' id='line_1_135' title="bbox 2216 4332 3349 4404; baseline 0.002 -16"><span class='ocrx_word' id='word_1_1038' title='bbox 2216 4345 2380 4404; x_wconf 68' lang='lat' dir='ltr'><strong>Ciitll_l.</strong></span> <span class='ocrx_word' id='word_1_1039' title='bbox 2415 4333 2490 4387; x_wconf 91' lang='lat' dir='ltr'><strong>De</strong></span> <span class='ocrx_word' id='word_1_1040' title='bbox 2520 4332 2600 4386; x_wconf 88' lang='lat' dir='ltr'><strong>his</strong></span> <span class='ocrx_word' id='word_1_1041' title='bbox 2630 4334 2832 4401; x_wconf 80' lang='lat' dir='ltr'><strong>egimus</strong></span> <span class='ocrx_word' id='word_1_1042' title='bbox 2859 4332 3112 4404; x_wconf 50' lang='lat' dir='ltr'><strong>sopra&#39;ad</strong></span> <span class='ocrx_word' id='word_1_1043' title='bbox 3145 4352 3261 4403; x_wconf 90' lang='lat' dir='ltr'><strong>cap.</strong></span> <span class='ocrx_word' id='word_1_1044' title='bbox 3295 4336 3349 4391; x_wconf 70' lang='grc'>1.</span> 
     </span>
    </p>
   </div>
   <div class='ocr_carea' id='block_1_136' title="bbox 2288 4402 3795 4479">
    <p class='ocr_par' dir='ltr' id='par_1_136' title="bbox 2288 4402 3795 4479">
     <span class='ocr_line' id='line_1_136' title="bbox 2288 4402 3795 4479; baseline 0.007 -25"><span class='ocrx_word' id='word_1_1045' title='bbox 2288 4402 2507 4479; x_wconf 47' lang='lat' dir='ltr'><strong>diremta</strong></span> <span class='ocrx_word' id='word_1_1046' title='bbox 2536 4405 2851 4479; x_wconf 64' lang='lat' dir='ltr'><strong>clausuram</strong></span> <span class='ocrx_word' id='word_1_1047' title='bbox 2880 4402 3111 4479; x_wconf 74' lang='lat' dir='ltr'><strong>omnibus</strong></span> <span class='ocrx_word' id='word_1_1048' title='bbox 3146 4402 3268 4460; x_wconf 75' lang='lat' dir='ltr'><strong>locis</strong></span> <span class='ocrx_word' id='word_1_1049' title='bbox 3298 4408 3623 4471; x_wconf 74' lang='lat' dir='ltr'><strong>damnamus,</strong></span> <span class='ocrx_word' id='word_1_1050' title='bbox 3655 4407 3795 4479; x_wconf 67' lang='lat' dir='ltr'><strong>etc.)</strong></span> 
     </span>
    </p>
   </div>
   <div class='ocr_carea' id='block_1_137' title="bbox 2218 4472 3796 4535">
    <p class='ocr_par' dir='ltr' id='par_1_137' title="bbox 2218 4472 3796 4535">
     <span class='ocr_line' id='line_1_137' title="bbox 2218 4472 3796 4535; baseline 0.003 -8"><span class='ocrx_word' id='word_1_1051' title='bbox 2218 4472 2317 4528; x_wconf 85' lang='lat' dir='ltr'><strong>Hic</strong></span> <span class='ocrx_word' id='word_1_1052' title='bbox 2346 4475 2535 4529; x_wconf 91' lang='lat' dir='ltr'><strong>iterum</strong></span> <span class='ocrx_word' id='word_1_1053' title='bbox 2566 4489 2684 4527; x_wconf 92' lang='lat' dir='ltr'><strong>cum</strong></span> <span class='ocrx_word' id='word_1_1054' title='bbox 2716 4474 3017 4531; x_wconf 88' lang='lat' dir='ltr'><strong>Hildemaro</strong></span> <span class='ocrx_word' id='word_1_1055' title='bbox 3049 4478 3349 4535; x_wconf 72' lang='lat' dir='ltr'><strong>Bernartius</strong></span> <span class='ocrx_word' id='word_1_1056' title='bbox 3375 4478 3711 4532; x_wconf 84' lang='lat' dir='ltr'><strong>Cassinensis</strong></span> <span class='ocrx_word' id='word_1_1057' title='bbox 3738 4472 3796 4532; x_wconf 77' lang='lat' dir='ltr'><strong>ei</strong></span> 
     </span>
    </p>
   </div>
   <div class='ocr_carea' id='block_1_138' title="bbox 2223 4544 3795 4614">
    <p class='ocr_par' dir='ltr' id='par_1_138' title="bbox 2223 4544 3795 4614">
     <span class='ocr_line' id='line_1_138' title="bbox 2223 4544 3795 4614; baseline 0.003 -16"><span class='ocrx_word' id='word_1_1058' title='bbox 2223 4544 2478 4599; x_wconf 85' lang='lat' dir='ltr'><strong>Boherius</strong></span> <span class='ocrx_word' id='word_1_1059' title='bbox 2504 4544 2788 4600; x_wconf 88' lang='lat' dir='ltr'><strong>observant</strong></span> <span class='ocrx_word' id='word_1_1060' title='bbox 2809 4547 2986 4601; x_wconf 83' lang='lat' dir='ltr'><strong>verbis</strong></span> <span class='ocrx_word' id='word_1_1061' title='bbox 3014 4549 3229 4601; x_wconf 89' lang='lat' dir='ltr'><strong>utilibus</strong></span> <span class='ocrx_word' id='word_1_1062' title='bbox 3249 4565 3279 4601; x_wconf 89' lang='lat' dir='ltr'><strong>a</strong></span> <span class='ocrx_word' id='word_1_1063' title='bbox 3303 4550 3358 4603; x_wconf 88' lang='lat' dir='ltr'><strong>S.</strong></span> <span class='ocrx_word' id='word_1_1064' title='bbox 3388 4550 3674 4603; x_wconf 58' lang='lat' dir='ltr'><strong>Benedicto</strong></span> <span class='ocrx_word' id='word_1_1065' title='bbox 3696 4567 3795 4614; x_wconf 82' lang='lat' dir='ltr'><strong>ap—</strong></span> 
     </span>
    </p>
   </div>
   <div class='ocr_carea' id='block_1_139' title="bbox 2222 4614 3794 4685">
    <p class='ocr_par' dir='ltr' id='par_1_139' title="bbox 2222 4614 3794 4685">
     <span class='ocr_line' id='line_1_139' title="bbox 2222 4614 3794 4685; baseline 0.003 -16"><span class='ocrx_word' id='word_1_1066' title='bbox 2222 4615 2445 4684; x_wconf 87' lang='lat' dir='ltr'><strong>positam</strong></span> <span class='ocrx_word' id='word_1_1067' title='bbox 2477 4614 2640 4669; x_wconf 88' lang='lat' dir='ltr'><strong>fuisse</strong></span> <span class='ocrx_word' id='word_1_1068' title='bbox 2665 4618 2983 4683; x_wconf 88' lang='lat' dir='ltr'><strong>custodiam,</strong></span> <span class='ocrx_word' id='word_1_1069' title='bbox 3020 4620 3355 4685; x_wconf 90' lang='lat' dir='ltr'><strong>scurrilibus,</strong></span> <span class='ocrx_word' id='word_1_1070' title='bbox 3385 4622 3591 4681; x_wconf 89' lang='lat' dir='ltr'><strong>otiosis,</strong></span> <span class='ocrx_word' id='word_1_1071' title='bbox 3630 4630 3684 4673; x_wconf 90' lang='lat' dir='ltr'><strong>et</strong></span> <span class='ocrx_word' id='word_1_1072' title='bbox 3714 4620 3794 4674; x_wconf 85' lang='lat' dir='ltr'><strong>ri-</strong></span> 
     </span>
    </p>
   </div>
   <div class='ocr_carea' id='block_1_140' title="bbox 2220 4687 3791 4758">
    <p class='ocr_par' dir='ltr' id='par_1_140' title="bbox 2220 4687 3791 4758">
     <span class='ocr_line' id='line_1_140' title="bbox 2220 4687 3791 4758; baseline 0.001 -19"><span class='ocrx_word' id='word_1_1073' title='bbox 2220 4687 2716 4758; x_wconf 82' lang='lat' dir='ltr'><strong>summoventibus</strong></span> <span class='ocrx_word' id='word_1_1074' title='bbox 2746 4703 2977 4755; x_wconf 90' lang='lat' dir='ltr'><strong>murum,</strong></span> <span class='ocrx_word' id='word_1_1075' title='bbox 3020 4701 3339 4758; x_wconf 86' lang='lat' dir='ltr'><strong>perpetuum</strong></span> <span class='ocrx_word' id='word_1_1076' title='bbox 3385 4690 3530 4745; x_wconf 88' lang='lat' dir='ltr'><strong>velut</strong></span> <span class='ocrx_word' id='word_1_1077' title='bbox 3557 4691 3791 4744; x_wconf 89' lang='lat' dir='ltr'><strong>obicem.</strong></span> 
     </span>
    </p>
   </div>
   <div class='ocr_carea' id='block_1_141' title="bbox 2220 4756 3794 4823">
    <p class='ocr_par' dir='ltr' id='par_1_141' title="bbox 2220 4756 3794 4823">
     <span class='ocr_line' id='line_1_141' title="bbox 2220 4756 3794 4823; baseline 0.003 -14"><span class='ocrx_word' id='word_1_1078' title='bbox 2220 4756 2371 4822; x_wconf 83' lang='lat' dir='ltr'><strong>Quod</strong></span> <span class='ocrx_word' id='word_1_1079' title='bbox 2398 4757 2544 4810; x_wconf 87' lang='lat' dir='ltr'><strong>addit</strong></span> <span class='ocrx_word' id='word_1_1080' title='bbox 2578 4775 2590 4807; x_wconf 90' lang='lat'><strong>:</strong></span> <span class='ocrx_word' id='word_1_1081' title='bbox 2625 4756 2690 4809; x_wconf 77' lang='lat' dir='ltr'><strong>In</strong></span> <span class='ocrx_word' id='word_1_1082' title='bbox 2724 4758 2955 4811; x_wconf 79' lang='lat' dir='ltr'><strong>omnibus</strong></span> <span class='ocrx_word' id='word_1_1083' title='bbox 2985 4756 3138 4823; x_wconf 70' lang='lat' dir='ltr'><strong>locis,</strong></span> <span class='ocrx_word' id='word_1_1084' title='bbox 3159 4762 3391 4815; x_wconf 84' lang='lat' dir='ltr'><strong>ostendit</strong></span> <span class='ocrx_word' id='word_1_1085' title='bbox 3428 4762 3572 4814; x_wconf 87' lang='lat' dir='ltr'><strong>utilia</strong></span> <span class='ocrx_word' id='word_1_1086' title='bbox 3602 4776 3665 4815; x_wconf 87' lang='lat' dir='ltr'><strong>ac</strong></span> <span class='ocrx_word' id='word_1_1087' title='bbox 3698 4778 3794 4813; x_wconf 62' lang='lat' dir='ltr'><strong>ne.</strong></span> 
     </span>
    </p>
   </div>
   <div class='ocr_carea' id='block_1_142' title="bbox 2220 4827 3792 4895">
    <p class='ocr_par' dir='ltr' id='par_1_142' title="bbox 2220 4827 3792 4895">
     <span class='ocr_line' id='line_1_142' title="bbox 2220 4827 3792 4895; baseline 0.002 -14"><span class='ocrx_word' id='word_1_1088' title='bbox 2220 4828 2453 4882; x_wconf 80' lang='lat' dir='ltr'><strong>ceSSaria</strong></span> <span class='ocrx_word' id='word_1_1089' title='bbox 2482 4827 2639 4881; x_wconf 73' lang='lat' dir='ltr'><strong>Verba</strong></span> <span class='ocrx_word' id='word_1_1090' title='bbox 2668 4844 2770 4881; x_wconf 91' lang='lat' dir='ltr'><strong>non</strong></span> <span class='ocrx_word' id='word_1_1091' title='bbox 2817 4832 3062 4883; x_wconf 87' lang='lat' dir='ltr'><strong>omnibus</strong></span> <span class='ocrx_word' id='word_1_1092' title='bbox 3104 4846 3223 4885; x_wconf 90' lang='lat' dir='ltr'><strong>esse</strong></span> <span class='ocrx_word' id='word_1_1093' title='bbox 3260 4833 3309 4884; x_wconf 85' lang='lat' dir='ltr'><strong>in</strong></span> <span class='ocrx_word' id='word_1_1094' title='bbox 3343 4830 3473 4885; x_wconf 80' lang='lat' dir='ltr'><strong>locis</strong></span> <span class='ocrx_word' id='word_1_1095' title='bbox 3514 4832 3792 4895; x_wconf 83' lang='lat' dir='ltr'><strong>damnata,</strong></span> 
     </span>
    </p>
   </div>
   <div class='ocr_carea' id='block_1_143' title="bbox 2212 4899 3798 4971">
    <p class='ocr_par' dir='ltr' id='par_1_143' title="bbox 2212 4899 3798 4971">
     <span class='ocr_line' id='line_1_143' title="bbox 2212 4899 3798 4971; baseline 0.003 -21"><span class='ocrx_word' id='word_1_1096' title='bbox 2212 4900 2462 4966; x_wconf 85' lang='lat' dir='ltr'><strong>quamvis</strong></span> <span class='ocrx_word' id='word_1_1097' title='bbox 2489 4913 2588 4953; x_wconf 89' lang='lat' dir='ltr'><strong>nec</strong></span> <span class='ocrx_word' id='word_1_1098' title='bbox 2613 4899 2665 4951; x_wconf 93' lang='lat' dir='ltr'><strong>in</strong></span> <span class='ocrx_word' id='word_1_1099' title='bbox 2692 4900 2938 4953; x_wconf 87' lang='lat' dir='ltr'><strong>omnibus</strong></span> <span class='ocrx_word' id='word_1_1100' title='bbox 2960 4902 3129 4964; x_wconf 90' lang='lat' dir='ltr'><strong>licita;</strong></span> <span class='ocrx_word' id='word_1_1101' title='bbox 3155 4917 3318 4968; x_wconf 91' lang='lat' dir='ltr'><strong>quare</strong></span> <span class='ocrx_word' id='word_1_1102' title='bbox 3345 4918 3438 4971; x_wconf 87' lang='lat' dir='ltr'><strong>pro</strong></span> <span class='ocrx_word' id='word_1_1103' title='bbox 3464 4901 3654 4970; x_wconf 74' lang='lat' dir='ltr'><strong>capitis</strong></span> <span class='ocrx_word' id='word_1_1104' title='bbox 3678 4903 3798 4955; x_wconf 82' lang='lat' dir='ltr'><strong>Itu-</strong></span> 
     </span>
    </p>
   </div>
   <div class='ocr_carea' id='block_1_144' title="bbox 2218 4971 3798 5041">
    <p class='ocr_par' dir='ltr' id='par_1_144' title="bbox 2218 4971 3798 5041">
     <span class='ocr_line' id='line_1_144' title="bbox 2218 4971 3798 5041; baseline 0.004 -20"><span class='ocrx_word' id='word_1_1105' title='bbox 2218 4971 2307 5037; x_wconf 87' lang='lat' dir='ltr'><strong>jus</strong></span> <span class='ocrx_word' id='word_1_1106' title='bbox 2340 4971 2571 5023; x_wconf 87' lang='lat' dir='ltr'><strong>clausula</strong></span> <span class='ocrx_word' id='word_1_1107' title='bbox 2603 4985 2780 5035; x_wconf 65' lang='lat' dir='ltr'><strong>operas</strong></span> <span class='ocrx_word' id='word_1_1108' title='bbox 2808 4972 3030 5038; x_wconf 89' lang='lat' dir='ltr'><strong>pretium</strong></span> <span class='ocrx_word' id='word_1_1109' title='bbox 3065 4972 3305 5026; x_wconf 73' lang='lat' dir='ltr'><strong>fortassis</strong></span> <span class='ocrx_word' id='word_1_1110' title='bbox 3326 4977 3452 5035; x_wconf 78' lang='lat' dir='ltr'><strong>erit,</strong></span> <span class='ocrx_word' id='word_1_1111' title='bbox 3483 4975 3675 5040; x_wconf 88' lang='lat' dir='ltr'><strong>quibus</strong></span> <span class='ocrx_word' id='word_1_1112' title='bbox 3710 4988 3798 5041; x_wconf 54' lang='lat' dir='ltr'><strong>po.</strong></span> 
     </span>
    </p>
   </div>
   <div class='ocr_carea' id='block_1_145' title="bbox 2221 5041 3795 5111">
    <p class='ocr_par' dir='ltr' id='par_1_145' title="bbox 2221 5041 3795 5111">
     <span class='ocr_line' id='line_1_145' title="bbox 2221 5041 3795 5111; baseline 0.002 -18"><span class='ocrx_word' id='word_1_1113' title='bbox 2221 5042 2482 5093; x_wconf 86' lang='lat' dir='ltr'><strong>tissimum</strong></span> <span class='ocrx_word' id='word_1_1114' title='bbox 2516 5042 2566 5093; x_wconf 92' lang='lat' dir='ltr'><strong>in</strong></span> <span class='ocrx_word' id='word_1_1115' title='bbox 2612 5041 2739 5094; x_wconf 91' lang='lat' dir='ltr'><strong>locis</strong></span> <span class='ocrx_word' id='word_1_1116' title='bbox 2785 5042 2927 5110; x_wconf 87' lang='lat' dir='ltr'><strong>loqui</strong></span> <span class='ocrx_word' id='word_1_1117' title='bbox 2973 5044 3249 5097; x_wconf 77' lang='lat' dir='ltr'><strong>monachis</strong></span> <span class='ocrx_word' id='word_1_1118' title='bbox 3284 5054 3433 5098; x_wconf 88' lang='lat' dir='ltr'><strong>esset</strong></span> <span class='ocrx_word' id='word_1_1119' title='bbox 3462 5043 3795 5111; x_wconf 76' lang='grc' dir='ltr'>μιύι.ἱυιιιιιιι</span> 
     </span>
    </p>
   </div>
   <div class='ocr_carea' id='block_1_146' title="bbox 2218 5111 2683 5165">
    <p class='ocr_par' dir='ltr' id='par_1_146' title="bbox 2218 5111 2683 5165">
     <span class='ocr_line' id='line_1_146' title="bbox 2218 5111 2683 5165; baseline -0.006 0"><span class='ocrx_word' id='word_1_1120' title='bbox 2218 5111 2371 5165; x_wconf 81' lang='lat' dir='ltr'><strong>brevi</strong></span> <span class='ocrx_word' id='word_1_1121' title='bbox 2400 5112 2683 5165; x_wconf 87' lang='lat' dir='ltr'><strong>disserere.</strong></span> 
     </span>
    </p>
   </div>
   <div class='ocr_carea' id='block_1_147' title="bbox 2295 5180 3797 5251">
    <p class='ocr_par' dir='ltr' id='par_1_147' title="bbox 2295 5180 3797 5251">
     <span class='ocr_line' id='line_1_147' title="bbox 2295 5180 3797 5251; baseline 0.002 -17"><span class='ocrx_word' id='word_1_1122' title='bbox 2295 5180 2406 5235; x_wconf 91' lang='lat' dir='ltr'><strong>Duo</strong></span> <span class='ocrx_word' id='word_1_1123' title='bbox 2450 5183 2739 5249; x_wconf 73' lang='lat' dir='ltr'><strong>praesertim</strong></span> <span class='ocrx_word' id='word_1_1124' title='bbox 2769 5182 2882 5236; x_wconf 89' lang='lat' dir='ltr'><strong>loca</strong></span> <span class='ocrx_word' id='word_1_1125' title='bbox 2922 5184 3061 5251; x_wconf 88' lang='lat' dir='ltr'><strong>apud</strong></span> <span class='ocrx_word' id='word_1_1126' title='bbox 3090 5192 3295 5239; x_wconf 80' lang='lat' dir='ltr'><strong>veteres</strong></span> <span class='ocrx_word' id='word_1_1127' title='bbox 3320 5184 3613 5238; x_wconf 80' lang='lat' dir='ltr'><strong>monachos</strong></span> <span class='ocrx_word' id='word_1_1128' title='bbox 3654 5183 3797 5237; x_wconf 83' lang='lat' dir='ltr'><strong>adeo</strong></span> 
     </span>
    </p>
   </div>
   <div class='ocr_carea' id='block_1_148' title="bbox 2223 5254 3797 5324">
    <p class='ocr_par' dir='ltr' id='par_1_148' title="bbox 2223 5254 3797 5324">
     <span class='ocr_line' id='line_1_148' title="bbox 2223 5254 3797 5324; baseline 0.003 -20"><span class='ocrx_word' id='word_1_1129' title='bbox 2223 5265 2373 5304; x_wconf 87' lang='lat' dir='ltr'><strong>sacra</strong></span> <span class='ocrx_word' id='word_1_1130' title='bbox 2404 5262 2576 5319; x_wconf 89' lang='lat' dir='ltr'><strong>erant,</strong></span> <span class='ocrx_word' id='word_1_1131' title='bbox 2608 5261 2664 5324; x_wconf 75' lang='grc' dir='ltr'>υι</span> <span class='ocrx_word' id='word_1_1132' title='bbox 2693 5268 2743 5305; x_wconf 89' lang='lat' dir='ltr'><strong>In</strong></span> <span class='ocrx_word' id='word_1_1133' title='bbox 2960 5254 3019 5307; x_wconf 79' lang='lat' dir='ltr'><strong>iis</strong></span> <span class='ocrx_word' id='word_1_1134' title='bbox 3059 5256 3270 5309; x_wconf 88' lang='lat' dir='ltr'><strong>solvere</strong></span> <span class='ocrx_word' id='word_1_1135' title='bbox 3293 5256 3559 5309; x_wconf 78' lang='lat' dir='ltr'><strong>Silentium</strong></span> <span class='ocrx_word' id='word_1_1136' title='bbox 3589 5256 3797 5309; x_wconf 76' lang='lat' dir='ltr'><strong>nentttzi</strong></span> 
     </span>
    </p>
   </div>
   <div class='ocr_carea' id='block_1_149' title="bbox 2223 5323 3796 5386">
    <p class='ocr_par' dir='ltr' id='par_1_149' title="bbox 2223 5323 3796 5386">
     <span class='ocr_line' id='line_1_149' title="bbox 2223 5323 3796 5386; baseline 0.001 -10"><span class='ocrx_word' id='word_1_1137' title='bbox 2223 5324 2424 5386; x_wconf 90' lang='lat' dir='ltr'><strong>liceret,</strong></span> <span class='ocrx_word' id='word_1_1138' title='bbox 2454 5323 2743 5377; x_wconf 56' lang='lat' dir='ltr'><strong>oratorium</strong></span> <span class='ocrx_word' id='word_1_1139' title='bbox 2773 5323 2978 5377; x_wconf 79' lang='lat' dir='ltr'><strong>scito-et</strong></span> <span class='ocrx_word' id='word_1_1140' title='bbox 3002 5336 3057 5379; x_wconf 91' lang='lat' dir='ltr'><strong>et</strong></span> <span class='ocrx_word' id='word_1_1141' title='bbox 3084 5328 3439 5380; x_wconf 80' lang='lat' dir='ltr'><strong>refectorium.</strong></span> <span class='ocrx_word' id='word_1_1142' title='bbox 3483 5325 3557 5378; x_wconf 83' lang='lat' dir='ltr'><strong>lta</strong></span> <span class='ocrx_word' id='word_1_1143' title='bbox 3590 5330 3648 5380; x_wconf 71' lang='grc' dir='ltr'>ὃ.</span> <span class='ocrx_word' id='word_1_1144' title='bbox 3687 5326 3796 5379; x_wconf 82' lang='lat' dir='ltr'><strong>Eu</strong></span> 
     </span>
    </p>
   </div>
   <div class='ocr_carea' id='block_1_150' title="bbox 2225 5394 3795 5465">
    <p class='ocr_par' dir='ltr' id='par_1_150' title="bbox 2225 5394 3795 5465">
     <span class='ocr_line' id='line_1_150' title="bbox 2225 5394 3795 5465; baseline 0.003 -20"><span class='ocrx_word' id='word_1_1145' title='bbox 2225 5395 2475 5465; x_wconf 71' lang='lat' dir='ltr'><strong>thynnus,</strong></span> <span class='ocrx_word' id='word_1_1146' title='bbox 2500 5394 2763 5465; x_wconf 59' lang='lat' dir='ltr'><strong>referente</strong></span> <span class='ocrx_word' id='word_1_1147' title='bbox 2782 5394 2982 5465; x_wconf 79' lang='lat' dir='ltr'><strong>Cyrillo</strong></span> <span class='ocrx_word' id='word_1_1148' title='bbox 3000 5396 3093 5464; x_wconf 84' lang='lat' dir='ltr'><strong>(In</strong></span> <span class='ocrx_word' id='word_1_1149' title='bbox 3118 5400 3226 5465; x_wconf 75' lang='lat' dir='ltr'><strong>ejus</strong></span> <span class='ocrx_word' id='word_1_1150' title='bbox 3258 5396 3369 5448; x_wconf 78' lang='lat' dir='ltr'><strong>Vita</strong></span> <span class='ocrx_word' id='word_1_1151' title='bbox 3391 5415 3441 5449; x_wconf 85' lang='grc' dir='ltr'>η.</span> <span class='ocrx_word' id='word_1_1152' title='bbox 3468 5397 3553 5459; x_wconf 83' lang='grc'><strong>17,</strong></span> <span class='ocrx_word' id='word_1_1153' title='bbox 3579 5405 3704 5448; x_wconf 83' lang='lat' dir='ltr'><strong>tom.</strong></span> <span class='ocrx_word' id='word_1_1154' title='bbox 3751 5397 3795 5449; x_wconf 92' lang='lat' dir='ltr'><strong>ll</strong></span> 
     </span>
    </p>
   </div>
   <div class='ocr_carea' id='block_1_151' title="bbox 2228 5411 3797 5535">
    <p class='ocr_par' dir='ltr' id='par_1_151' title="bbox 2228 5411 3797 5535">
     <span class='ocr_line' id='line_1_151' title="bbox 2228 5411 3795 5465; baseline 0.003 -20"><span class='ocrx_word' id='word_1_1155' title='bbox 2228 5411 2475 5461; x_wconf 80' lang='lat' dir='ltr'><strong>tnymtns,</strong></span> <span class='ocrx_word' id='word_1_1156' title='bbox 2503 5411 2763 5448; x_wconf 66' lang='lat' dir='ltr'><strong>I&#39;Cltfl&#39;ellle</strong></span> <span class='ocrx_word' id='word_1_1157' title='bbox 2782 5411 2822 5447; x_wconf 63' lang='grc' dir='ltr'>υ</span> <span class='ocrx_word' id='word_1_1158' title='bbox 2865 5411 2982 5447; x_wconf 80' lang='grc' dir='ltr'>ιιιιο</span> <span class='ocrx_word' id='word_1_1159' title='bbox 3000 5411 3093 5464; x_wconf 80' lang='lat' dir='ltr'><strong>(tn</strong></span> <span class='ocrx_word' id='word_1_1160' title='bbox 3118 5414 3226 5465; x_wconf 70' lang='grc'>81118</span> <span class='ocrx_word' id='word_1_1161' title='bbox 3259 5411 3369 5448; x_wconf 66' lang='lat' dir='ltr'><strong>Vlla</strong></span> <span class='ocrx_word' id='word_1_1162' title='bbox 3391 5415 3441 5449; x_wconf 84' lang='grc' dir='ltr'>η.</span> <span class='ocrx_word' id='word_1_1163' title='bbox 3468 5411 3490 5448; x_wconf 79' lang='grc'><strong>1</strong></span> <span class='ocrx_word' id='word_1_1164' title='bbox 3509 5411 3553 5459; x_wconf 79' lang='lat' dir='ltr'><strong>l,</strong></span> <span class='ocrx_word' id='word_1_1165' title='bbox 3579 5411 3704 5448; x_wconf 84' lang='lat' dir='ltr'><strong>tom.</strong></span> <span class='ocrx_word' id='word_1_1166' title='bbox 3751 5411 3795 5449; x_wconf 88' lang='lat' dir='ltr'><strong>Il</strong></span> 
     </span>
     <span class='ocr_line' id='line_1_152' title="bbox 2228 5411 3797 5535; baseline 0.003 -18"><span class='ocrx_word' id='word_1_1167' title='bbox 2228 5463 2458 5517; x_wconf 79' lang='lat' dir='ltr'><strong>Monum.</strong></span> <span class='ocrx_word' id='word_1_1168' title='bbox 2490 5462 2633 5518; x_wconf 71' lang='lat' dir='ltr'><strong>Eccl.</strong></span> <span class='ocrx_word' id='word_1_1169' title='bbox 2659 5411 2875 5535; x_wconf 53' lang='lat' dir='ltr'><strong>(hiemi,</strong></span> <span class='ocrx_word' id='word_1_1170' title='bbox 2910 5484 2927 5515; x_wconf 83' lang='lat' dir='ltr'><strong>t</strong></span> <span class='ocrx_word' id='word_1_1171' title='bbox 2962 5474 3215 5521; x_wconf 73' lang='lat' dir='ltr'><strong>suadebat</strong></span> <span class='ocrx_word' id='word_1_1172' title='bbox 3242 5470 3519 5521; x_wconf 89' lang='lat' dir='ltr'><strong>honestum</strong></span> <span class='ocrx_word' id='word_1_1173' title='bbox 3545 5469 3797 5530; x_wconf 83' lang='lat' dir='ltr'><strong>amplecti</strong></span> 
     </span>
    </p>
   </div>
   <div class='ocr_carea' id='block_1_152' title="bbox 2227 5536 3795 5607">
    <p class='ocr_par' dir='ltr' id='par_1_152' title="bbox 2227 5536 3795 5607">
     <span class='ocr_line' id='line_1_153' title="bbox 2227 5536 3795 5607; baseline 0.002 -19"><span class='ocrx_word' id='word_1_1174' title='bbox 2227 5537 2495 5607; x_wconf 87' lang='lat' dir='ltr'><strong>silentium</strong></span> <span class='ocrx_word' id='word_1_1175' title='bbox 2527 5536 2577 5588; x_wconf 91' lang='lat' dir='ltr'><strong>in</strong></span> <span class='ocrx_word' id='word_1_1176' title='bbox 2610 5537 2805 5603; x_wconf 81' lang='lat' dir='ltr'><strong>templo</strong></span> <span class='ocrx_word' id='word_1_1177' title='bbox 2837 5538 3065 5602; x_wconf 84' lang='lat' dir='ltr'><strong>Domini,</strong></span> <span class='ocrx_word' id='word_1_1178' title='bbox 3093 5555 3228 5593; x_wconf 87' lang='lat' dir='ltr'><strong>neve</strong></span> <span class='ocrx_word' id='word_1_1179' title='bbox 3256 5541 3377 5607; x_wconf 87' lang='lat' dir='ltr'><strong>quis</strong></span> <span class='ocrx_word' id='word_1_1180' title='bbox 3409 5543 3712 5607; x_wconf 84' lang='lat' dir='ltr'><strong>loqueretur</strong></span> <span class='ocrx_word' id='word_1_1181' title='bbox 3737 5538 3795 5591; x_wconf 87' lang='lat' dir='ltr'><strong>in</strong></span> 
     </span>
    </p>
   </div>
   <div class='ocr_carea' id='block_1_153' title="bbox 2228 5606 3795 5678">
    <p class='ocr_par' dir='ltr' id='par_1_153' title="bbox 2228 5606 3795 5678">
     <span class='ocr_line' id='line_1_154' title="bbox 2228 5606 3795 5678; baseline 0.001 -18"><span class='ocrx_word' id='word_1_1182' title='bbox 2228 5608 2412 5676; x_wconf 78' lang='lat' dir='ltr'><strong>synaxi</strong></span> <span class='ocrx_word' id='word_1_1183' title='bbox 2442 5606 2660 5678; x_wconf 80' lang='lat' dir='ltr'><strong>fratrum</strong></span> <span class='ocrx_word' id='word_1_1184' title='bbox 2691 5608 2814 5678; x_wconf 90' lang='lat' dir='ltr'><strong>dum</strong></span> <span class='ocrx_word' id='word_1_1185' title='bbox 2857 5622 3005 5660; x_wconf 89' lang='lat' dir='ltr'><strong>sacra</strong></span> <span class='ocrx_word' id='word_1_1186' title='bbox 3037 5606 3353 5677; x_wconf 74' lang='lat' dir='ltr'><strong>peraguntur</strong></span> <span class='ocrx_word' id='word_1_1187' title='bbox 3384 5606 3664 5678; x_wconf 83' lang='lat' dir='ltr'><strong>mysteria;</strong></span> <span class='ocrx_word' id='word_1_1188' title='bbox 3696 5610 3795 5662; x_wconf 82' lang='lat' dir='ltr'><strong>sed</strong></span> 
     </span>
    </p>
   </div>
   <div class='ocr_carea' id='block_1_154' title="bbox 2230 5675 3798 5734">
    <p class='ocr_par' dir='ltr' id='par_1_154' title="bbox 2230 5675 3798 5734">
     <span class='ocr_line' id='line_1_155' title="bbox 2230 5675 3798 5734; baseline 0.001 -5"><span class='ocrx_word' id='word_1_1189' title='bbox 2230 5675 2329 5730; x_wconf 90' lang='lat' dir='ltr'><strong>nec</strong></span> <span class='ocrx_word' id='word_1_1190' title='bbox 2375 5678 2424 5727; x_wconf 91' lang='lat' dir='ltr'><strong>in</strong></span> <span class='ocrx_word' id='word_1_1191' title='bbox 2459 5675 2741 5730; x_wconf 86' lang='lat' dir='ltr'><strong>refectorio</strong></span> <span class='ocrx_word' id='word_1_1192' title='bbox 2781 5675 3123 5732; x_wconf 25' lang='lat' dir='ltr'><strong>fratribus’ad</strong></span> <span class='ocrx_word' id='word_1_1193' title='bbox 3168 5675 3375 5734; x_wconf 57' lang='lat' dir='ltr'><strong>omnem</strong></span> <span class='ocrx_word' id='word_1_1194' title='bbox 3418 5675 3657 5734; x_wconf 71' lang='lat' dir='ltr'><strong>collectis</strong></span> <span class='ocrx_word' id='word_1_1195' title='bbox 3693 5686 3798 5730; x_wconf 89' lang='lat' dir='ltr'><strong>tnt-</strong></span> 
     </span>
    </p>
   </div>
   <div class='ocr_carea' id='block_1_155' title="bbox 2228 5746 3798 5818">
    <p class='ocr_par' dir='ltr' id='par_1_155' title="bbox 2228 5746 3798 5818">
     <span class='ocr_line' id='line_1_156' title="bbox 2228 5746 3798 5818; baseline 0.004 -21"><span class='ocrx_word' id='word_1_1196' title='bbox 2228 5760 2383 5818; x_wconf 82' lang='lat' dir='ltr'><strong>guam</strong></span> <span class='ocrx_word' id='word_1_1197' title='bbox 2408 5746 2607 5818; x_wconf 82' lang='lat' dir='ltr'><strong>laxare,</strong></span> <span class='ocrx_word' id='word_1_1198' title='bbox 2636 5762 2816 5800; x_wconf 86' lang='lat' dir='ltr'><strong>verum</strong></span> <span class='ocrx_word' id='word_1_1199' title='bbox 2850 5748 2899 5818; x_wconf 86' lang='lat' dir='ltr'><strong>in</strong></span> <span class='ocrx_word' id='word_1_1200' title='bbox 2923 5750 3160 5818; x_wconf 64' lang='lat' dir='ltr'><strong>utrisque</strong></span> <span class='ocrx_word' id='word_1_1201' title='bbox 3191 5766 3404 5806; x_wconf 85' lang='lat' dir='ltr'><strong>manere</strong></span> <span class='ocrx_word' id='word_1_1202' title='bbox 3431 5752 3483 5805; x_wconf 90' lang='lat' dir='ltr'><strong>in</strong></span> <span class='ocrx_word' id='word_1_1203' title='bbox 3512 5750 3698 5803; x_wconf 88' lang='lat' dir='ltr'><strong>eodem</strong></span> <span class='ocrx_word' id='word_1_1204' title='bbox 3724 5765 3798 5803; x_wconf 65' lang='grc' dir='ltr'>ιι-</span> 
     </span>
    </p>
   </div>
   <div class='ocr_carea' id='block_1_156' title="bbox 2230 5816 3792 5893">
    <p class='ocr_par' dir='ltr' id='par_1_156' title="bbox 2230 5816 3792 5893">
     <span class='ocr_line' id='line_1_157' title="bbox 2230 5816 3792 5893; baseline -0.003 -17"><span class='ocrx_word' id='word_1_1205' title='bbox 2230 5817 2413 5876; x_wconf 76' lang='lat' dir='ltr'><strong>lcntio.</strong></span> <span class='ocrx_word' id='word_1_1206' title='bbox 2440 5835 2457 5867; x_wconf 71' lang='grc' dir='ltr'><strong>ι</strong></span> <span class='ocrx_word' id='word_1_1207' title='bbox 2476 5817 2553 5872; x_wconf 80' lang='lat' dir='ltr'><strong>Ita</strong></span> <span class='ocrx_word' id='word_1_1208' title='bbox 2583 5816 2780 5889; x_wconf 62' lang='lat' dir='ltr'><strong>{tegula</strong></span> <span class='ocrx_word' id='word_1_1209' title='bbox 2803 5816 3088 5889; x_wconf 68' lang='lat' dir='ltr'><strong>Cuiusdam</strong></span> <span class='ocrx_word' id='word_1_1210' title='bbox 3104 5823 3168 5875; x_wconf 84' lang='lat' dir='ltr'><strong>ad</strong></span> <span class='ocrx_word' id='word_1_1211' title='bbox 3189 5820 3637 5893; x_wconf 74' lang='lat' dir='ltr'><strong>blunach05(Cap.</strong></span> <span class='ocrx_word' id='word_1_1212' title='bbox 3669 5820 3756 5889; x_wconf 77' lang='lat' dir='ltr'><strong>i6)</strong></span> <span class='ocrx_word' id='word_1_1213' title='bbox 3773 5837 3792 5873; x_wconf 86' lang='lat'><strong>:</strong></span> 
     </span>
    </p>
   </div>
  </div>
