3952 6182
169 292 277 349 ἷῦτ)

1232 290 1505 349 REGIS-LA
1546 290 2031 348 COMMENTATA.
2076 292 2225 348 CAP.
2267 291 2353 348 Ἥ.

3320 292 3435 348 δτὶῐ

174 423 190 455 ι
216 402 529 464 Silentium,
559 403 747 473 inquit.
775 402 829 459 in
858 404 1104 459 omnibus
1125 404 1437 460 sectandum
1465 414 1565 471 est,
1592 414 1645 459 et
1668 415 1746 459 ta-
1774 413 1819 468 Α
1853 405 1918 459 lis
1962 404 2105 469 loqui
2135 403 2440 474 supradicto
2485 403 2642 459 modo
2689 404 2885 461 licebit.
2928 422 2947 457 ι
2983 404 3204 459 Tantam
3245 414 3423 460 tamen

170 477 326 529 cendi
360 476 637 542 disciplina
670 492 763 543 per
788 478 964 530 omnia
998 477 1237 532 facienda
1263 487 1367 537 est,
1398 478 1629 531 maxime
1654 493 1748 529 au-

171 557 278 600 tem
304 544 455 613 juxta
488 547 702 600 missam
729 557 782 601 et
811 562 1072 602 mensam.
1112 566 1131 599 ›
1171 548 1245 600 Ita
1274 551 1434 601 etiam
1465 547 1523 602 S.
1556 548 1613 601 ι).
1652 548 1749 602 8e-

175 618 416 669 nediclns
444 632 706 670 summum
744 616 809 671 ad
856 633 1093 673 mensam
1138 618 1404 671 silentium
1454 619 1750 685 praescribit

171 702 290 755 cap.
322 686 392 741 58
414 728 432 750 ,
463 696 519 741 et
545 688 611 739 ad
640 687 928 741 oratorium
972 703 1091 753 cap.
1136 688 1203 741 52
1228 732 1241 753 ,
1278 689 1365 743 ubi
1406 690 1505 743 sub
1533 689 1750 743 nomine

173 758 390 810 oratorii
435 758 773 825 intelligenda
804 769 885 812 est
925 760 1085 813 etiam
1114 760 1350 813 sacristia
1388 778 1400 810 :
1434 759 1573 813 unde
1613 760 1751 813 inter

175 829 226 881 S.
278 826 529 882 Adalardi
559 830 791 893 capitula
824 831 1032 883 tertium
1082 832 1305 885 habetur
1347 827 1425 884 De
1470 831 1668 884 silentio
1698 832 1749 882 in

174 900 462 963 secretario,
494 915 580 952 seu
611 901 665 951 in
712 898 954 954 ecclesiis.
993 901 1274 955 Existimat
1313 903 1472 954 etiam
1521 900 1751 955 Benedi-

176 979 292 1024 rtus
338 968 631 1023 Haeftenus
658 970 927 1024 silentium
958 986 985 1023 a
1016 974 1073 1026 8.
1119 972 1405 1025 Benedicto
1444 971 1749 1025 institutum

176 1039 339 1093 fuisse
365 1040 417 1093 in
441 1041 778 1106 dormitorio,
807 1040 947 1109 quod
969 1057 1032 1095 ex
1065 1057 1130 1097 eo
1156 1041 1357 1110 colligit
1380 1042 1522 1109 quod
1550 1041 1750 1095 nemini

176 1120 294 1175 post
334 1112 741 1177 completorium
783 1113 922 1181 loqui
967 1114 1131 1179 permi
1164 1122 1239 1165 tat
1267 1112 1326 1169 S.
1371 1112 1547 1174 Pater,
1580 1121 1635 1167 et
1663 1112 1751 1165 vix

176 1182 280 1233 alio
308 1191 547 1249 tempore
575 1182 813 1236 solerent
856 1186 1047 1235 fratres
1077 1183 1444 1235 dormitorium
1489 1182 1747 1235 habitare.

176 1253 513 1305 Contrarium
536 1262 708 1306 tamen
741 1252 949 1308 videtur
971 1255 1019 1306 in
1047 1253 1269 1309 Statutis
1295 1254 1352 1309 8.
1384 1254 1633 1307 Adalardi
1659 1253 1748 1305 lib.

178 1338 227 1385 ιι,
258 1338 380 1389 cap.
414 1326 466 1375 6.
502 1322 605 1376 Sed
645 1338 817 1391 neque
848 1324 897 1377 id
928 1333 1140 1388 apparet
1174 1340 1237 1378 ex
1270 1324 1755 1379 Consuetudiuibus

266 1394 539 1446 Benedicti
576 1394 895 1448 Anianensis
923 1393 1094 1464 (Tom.
1132 1395 1190 1448 IV
1226 1395 1522 1462 Aualect.),
1558 1397 1607 1447 in
1632 1396 1753 1464 qui-

179 1465 273 1515 bus
299 1466 605 1517 decernitur
640 1483 656 1513 ι
696 1465 747 1517 in
777 1467 1010 1517 oratorio
1040 1481 1301 1519 sumntum
1335 1467 1674 1519 silentium...
1703 1466 1753 1519 in

177 1534 417 1587 sacrario
444 1549 688 1602 magnum
719 1535 1057 1589 silentium...
1094 1537 1144 1589 in
1184 1536 1467 1591 refectorio
1489 1551 1752 1588 summum

178 1604 519 1658 silentium...
544 1608 594 1657 in
619 1606 866 1659 claustris
888 1608 1013 1658 bura
1039 1608 1281 1662 lectionis
1310 1622 1574 1660 summum
1592 1609 1755 1660 silen-

181 1677 332 1735 tintu,
380 1694 399 1725 ι
436 1675 573 1728 nulla
604 1677 899 1730 dormitorii
931 1676 1065 1729 facta
1098 1680 1387 1733 mentione.
1425 1679 1496 1733 De
1531 1679 1758 1730 nonnul-

184 1745 239 1795 lis
295 1755 474 1799 tamen
525 1746 860 1799 monasteriis
913 1748 1107 1801 ibidem
1160 1750 1417 1802 additur:
1459 1767 1473 1797 t
1518 1748 1756 1801 \‘itlimus

1851 477 2047 530 siientii
2074 476 2460 531 districtionem
2492 478 2541 529 in
2573 478 2747 542 parvis
2775 477 2924 531 cellis
2948 492 3041 530 seu
3082 477 3423 542 prinratibus,

1853 558 1910 601 ut
1939 558 2129 601 vocant
2154 588 2167 608 ,
2218 549 2354 600 haud
2385 548 2629 615 exigebat
2666 547 2803 601 idem
2838 548 3023 601 Petrus
3052 547 3383 602 Venerabilis
3411 566 3423 611 ;

1854 635 1975 671 nam
2016 628 2215 671 statuto
2248 617 2317 670 42
2359 618 2619 681 decernit,
2654 637 2671 668 ι
2710 629 2764 670 ιιι
2796 617 2887 687 ubi
2927 619 3203 671 tluoderim
3237 620 3429 672 lratres

1853 704 1972 742 esse
2000 704 2103 741 non
2134 690 2421 754 potuerint,
2451 689 2638 741 saltem
2670 690 2721 741 in
2751 690 3052 749 refectorio,
3083 698 3137 742 et
3170 688 3431 742 dormito-

1855 760 1936 812 rio
1962 774 2204 828 semper;
2225 760 2275 812 in
2303 759 2535 812 claustro
2553 774 2676 813 vero
2703 758 2912 812 abbora
2945 760 3245 825 vespertina
3260 775 3429 827 usque

1856 829 1919 882 ad
1953 830 2136 883 boram
2183 832 2389 884 tertiam
2422 830 2640 883 alterius
2683 828 2789 883 dici
2836 830 3123 894 perfectum
3157 830 3427 885 silentium

1856 908 2117 955 teneatur.
2148 900 2278 953 Nam
2319 901 2459 969 quod
2492 900 2861 953 nuiversaliter
2896 901 2945 951 in
2977 900 3223 953 omnibus
3252 900 3428 954 eccle-

1855 970 1950 1041 siis
1969 987 2182 1038 semper
2203 983 2253 1025 ct
2277 974 2472 1041 ubique
2496 974 2663 1024 teucri
2687 970 2898 1034 debeat,
2922 981 3123 1041 certum
3147 979 3245 1024 est.
3270 990 3288 1022 ι

1929 1038 1986 1094 In
2014 1042 2305 1110 Anglicano
2337 1038 2399 1095 8.
2438 1041 2630 1095 Albani
2661 1040 3009 1102 monasterio,
3040 1050 3159 1108 post
3195 1040 3434 1095 medium

1856 1112 2107 1164 smrttlnnt
2153 1129 2224 1173 χι,
2266 1112 2459 1165 Paulus
2487 1112 2651 1164 abbas
2681 1112 2919 1177 ejusdem
2966 1110 3067 1165 loci
3107 1129 3125 1161 ι
3162 1112 3428 1177 silentium

1858 1183 2222 1235 omnitnodum
2252 1186 2300 1236 in
2328 1182 2579 1246 'ecdesia,
2606 1184 2655 1235 in
2686 1176 2940 1248 claustro,
2970 1182 3019 1234 in
3051 1176 3351 1248 refectui‘io,
3379 1193 3433 1236 et

1860 1254 2092 1306 maxime
2116 1255 2167 1305 in
2193 1253 2507 1307 dormitorio
2536 1252 2902 1306 inviolabiliter
2926 1252 3195 1306 observari
3229 1253 3431 1307 consti-

1859 1324 1975 1388 tuit,
2018 1341 2043 1375 ι
2075 1334 2129 1376 ιιι
2156 1325 2342 1379 scribit
2380 1323 2656 1377 Mattltmus
2687 1323 2916 1376 Parisios
2947 1321 3038 1392 (In
3086 1322 3219 1376 Vitis
3256 1322 3443 1393 viginti

1859 1395 2011 1447 trium
2038 1393 2275 1448 abbatum
2293 1395 2352 1450 S.
2384 1392 2611 1463 Albani),
2630 1393 2897 1462 quietiam
2931 1396 3085 1462 paulo
3114 1403 3233 1462 post
3251 1392 3397 1447 addit
3416 1411 3441 1445 :t

1867 1483 1884 1515 ι
1925 1466 1977 1518 ln
2006 1466 2293 1518 inlirmaria
2321 1465 2613 1530 silentium,
2641 1466 2904 1532 przet-ipue
2932 1476 3106 1518 autem
3135 1467 3184 1516 in
3208 1465 3437 1533 capella,

1862 1546 1915 1588 et
1942 1535 2137 1605 ubique
2174 1546 2292 1605 post
2322 1536 2724 1600 completorium
2758 1535 2920 1588 teneri
2952 1536 3247 1589 constituit.
3282 1554 3300 1586 ι
3335 1535 3437 1588 Ea~

1859 1607 1981 1659 dem
2010 1607 2146 1670 loca,
2178 1607 2511 1660 infirmitorio
2536 1614 2780 1670 excepto,
2810 1607 3023 1659 silentio
3059 1616 3314 1674 perpetuo
3342 1605 3437 1660 de-

1865 1687 2049 1744 putant
2097 1677 2290 1730 summi
2339 1677 2616 1745 pontifices
2647 1677 2985 1730 Innocentius
3034 1675 3094 1729 Ill
3147 1687 3200 1730 et
3229 1674 3434 1745 Grego-

1864 1748 1974 1800 rius
2007 1747 2069 1799 ΙΧ
2092 1788 2107 1811 ,
2139 1750 2189 1800 in
2221 1748 2377 1801 editis
2422 1762 2515 1815 pro
2562 1746 2915 1800 Benedictinis
2942 1745 3435 1801 constitutionibus.

182 1815 335 1867 etiam
369 1828 423 1869 et
466 1816 592 1869 illud
638 1818 991 1883 observabile,
1025 1822 1067 1871 si
1119 1818 1235 1884 quis
1266 1820 1327 1872 ad
1376 1818 1753 1887 perfectionem
1788 1794 1834 1853 Β
1860 1794 2117 1871 81ιι.ἱιίιθί·
2146 1818 2201 1871 8.
2234 1794 2565 1887 Stepltarnus,
2593 1818 2796 1871 ordinis
2837 1815 3330 1871 Graudimontensis
3359 1818 3437 1869 itt-

183 1888 406 1958 taciturn
430 1888 554 1941 tatis
583 1888 764 1941 venire
805 1888 1066 1943 desideret
1094 1930 1109 1953 ,
1146 1889 1285 1958 quod
1330 1891 1502 1944 nullus
1533 1891 1753 1943 fratrum

184 1956 229 2009 in
257 1957 500 2029 quolibet
550 1958 666 2012 loco
711 1959 851 2027 loqui
884 1960 1081 2027 aliquid
1136 1956 1528 2029 praesumebat,
1563 1971 1759 2028 praeter

185 2029 281 2079 duo
319 2030 388 2081 aul
435 2027 536 2081 hoc
582 2030 850 2096 deputata.
893 2050 909 2079 ι
947 2027 1197 2094 υιιεθῐιῖιιιι
1246 2046 1407 2100 porro
1437 2027 1617 2084 essent
1667 2030 1757 2083 itla

185 2104 281 2149 duo
328 2104 442 2151 loca
471 2100 723 2152 locutioni
767 2101 1026 2153 destinata
1058 2102 1252 2153 ibidem
1284 2118 1386 2154 non
1419 2103 1755 2169 exprimitur.

187 2170 603 2240 sodrobservattt
643 2170 1010 2239 dignissimum
1065 2187 1279 2238 proisus
1324 2174 1571 2225 existimo
1618 2173 1755 2240 quod

187 2239 464 2308 subjicitur
495 2258 506 2292 :
548 2259 565 2291 ι
604 2239 656 2293 Ιιι
687 2241 910 2295 ecclesia
952 2242 1151 2294 nultum
1184 2252 1379 2310 praeter
1409 2246 1640 2295 Oiliciltttt
1674 2245 1759 2294 di-

188 2326 380 2371 \‘ltllllll,
413 2319 468 2363 et
488 2312 645 2364 verba
678 2312 955 2364 orationis.
982 2314 1036 2366 Si
1066 2315 1216 2365 aéicni
1250 2314 1470 2367 cuilibet
1502 2315 1641 2382 loqui
1670 2329 1760 2364 ne-

186 2384 399 2433 cessitas
428 2393 563 2445 erat,
598 2383 1085 2453 tacitorvestiutenlo
1108 2386 1334 2447 abbatis,
1368 2386 1446 2436 vel
1476 2384 1759 2453 cujuslibet

188 2456 381 2513 fratris,
412 2456 595 2504 annuit
627 2452 690 2504 ad
725 2452 809 2505 illa
853 2455 996 2517 linea;
1035 2459 1395 2522 extensitisqtte
1427 2452 1758 2521 paucissimis

190 2524 391 2588 verbis,
426 2523 509 2575 vel
554 2522 990 2586 rationabilibns,
1036 2526 1212 2577 statim
1255 2531 1656 2589 abscesserunt,
1692 2525 1759 2577 Ii-

190 2605 388 2645 ntentes
419 2608 485 2645 ne
510 2605 725 2661 propter
750 2596 1043 2648 necessaria
1071 2598 1251 2659 verba,
1278 2598 1329 2649 itt
1362 2597 1543 2650 nociva
1572 2606 1623 2647 et
1647 2612 1761 2648 tnu-

191 2666 288 2715 tilia
323 2664 636 2717 inciderent.
672 2682 689 2713 ι
726 2661 889 2731 Cujus
920 2665 1272 2718 olist-rvantiae
1307 2670 1529 2731 praxim,
1555 2667 1597 2718 si
1627 2667 1761 2721 bene

190 2733 421 2804 memini,
456 2735 636 2787 videre
682 2744 764 2787 est
809 2739 857 2786 ιιι
895 2734 1005 2788 Viti
1040 2736 1255 2789 Ntilkeri
1304 2737 1504 2789 ΒιιΙιιιιΙι
1549 2752 1673 2789 διες.
1706 2754 1758 2804 v,

191 2802 426 2872 hancque
480 2808 703 2858 fortasse
756 2807 972 2867 respicit
1027 2810 1172 2860 locus
1203 2824 1265 2860 ex
1318 2808 1453 2860 libro
1486 2808 1612 2860 Mira
1639 2830 1666 2860 -.
1701 2802 1757 2861 8.

192 2876 438 2928 Ιιιιιιελιιιιι
470 2895 522 2927 ιι.
551 2880 619 2930 20
652 2894 666 2928 :
704 2894 721 2925 t
764 2878 853 2929 Ille
892 2878 1065 2931 sciens
1097 2879 1258 2932 moris
1289 2893 1392 2930 non
1423 2894 1543 2932 eve
1581 2895 1764 2932 mona-

188 2948 308 2997 rbos
334 2948 394 3018 in_
410 2946 643 3018 oratorio
674 2946 833 3015 loqui,
862 2949 1038 3017 digitis
1071 2950 1239 3001 ionn-t
1267 2950 1437 3017 ipsum
1469 2949 1537 3001 ibi
1562 2966 1760 3018 nequa-

189 3031 337 3082 quam
367 3016 563 3070 debere
594 3018 755 3085 loqui,
790 3040 806 3067 ι
844 3016 972 3082 θιοί,
1001 3035 1121 3087 quzr.
1151 3020 1319 3072 obiter
1341 3021 1476 3073 dicta
1508 3016 1763 3074 sitisze-

188 3087 270 3137 nio
297 3088 361 3139 ad
394 3088 793 3151 Clttniacenses,
822 3104 1045 3157 quorum
1080 3091 1322 3155 antiquas
1351 3092 1762 3145 consuetudines

189 3157 493 3229 describens
512 3157 811 3219 Udalricus,
830 3160 907 3213 sic
932 3161 1316 3229 loquitur(Lib.
1348 3178 1406 3226 ll,
1426 3179 1473 3215 c.
1505 3164 1592 3229 5):
1619 3180 1636 3212 t
1662 3162 1763 3215 Τει-

189 3226 261 3279 les
287 3229 337 3299 iu
369 3228 605 3281 claustro
634 3240 758 3282 sunt
780 3226 1025 3294 officinae,
1059 3232 1108 3284 in
1140 3226 1331 3299 quibus
1362 3226 1605 3285 traditum
1630 3244 1709 3287 e~t
1732 3250 1759 3285 a

190 3298 424 3363 patribus
448 3300 650 3353 ‘nosttis
674 3309 727 3352 et
756 3304 1024 3358 ltfilfiiXllm
1074 3313 1129 3355 ut
1158 3298 1466 3371 perpetuum
1500 3303 1762 3356 silentium

192 3379 468 3435 teneatur;
503 3371 555 3423 in
587 3372 806 3424 ecclesia
833 3412 848 3435 ,
879 3372 1197 3426 dormitorio
1224 3414 1238 3438 ,
1275 3374 1554 3427 refectorio
1578 3415 1591 3437 ,
1626 3386 1681 3428 et
1714 3378 1766 3427 in

189 3440 414 3507 coquina
449 3445 716 3510 regulari;
752 3443 802 3495 iit
853 3444 933 3495 bis
978 3443 1106 3496 lacis
1155 3455 1258 3496 tam
1310 3445 1363 3496 in
1395 3446 1481 3498 die
1508 3461 1662 3508 quam
1713 3444 1766 3497 in

192 3523 344 3564 nocte
366 3552 381 3573 ,
413 3514 455 3565 si
507 3514 591 3565 vel
627 3529 785 3565 unum
838 3515 1056 3567 verbum
1088 3530 1300 3583 quoquo
1326 3515 1572 3568 audiente
1599 3516 1770 3581 Iani-

192 3592 291 3654 tur,
327 3599 425 3636 ton
462 3584 615 3635 facnle
648 3586 851 3635 veniant
885 3585 1083 3653 ab~que
1108 3585 1309 3654 judicio
1342 3594 1591 3638 nit-retur.
1618 3605 1635 3635 ι
1667 3588 1767 3639 Ea-

189 3653 308 3703 dem
342 3655 581 3719 leguntur
618 3654 665 3704 iu
713 3670 841 3706 mss.
876 3656 1091 3723 Benigni
1115 3653 1450 3709 iliivionvnsis
1477 3656 1770 3710 Consuetu-

191 3725 397 3775 ttinibus
424 3740 545 3791 cap.
571 3725 658 3778 5|.
683 3727 750 3776 At
778 3727 941 3777 multo
967 3736 1115 3793 plura
1145 3729 1356 3779 silentio
1378 3726 1582 3780 addicta
1610 3728 1770 3779 fui~se

192 3794 301 3865 loca
332 3807 469 3861 patet
495 3810 558 3847 ex
592 3796 834 3862 sequenti
865 3796 1002 3849 l’ctri
1028 3797 1362 3851 Venerabilis
1388 3807 1585 3851 statuto
1606 3798 1768 3865 (Stat.

194 3863 278 3937 i3)
316 3882 327 3915 :
369 3883 385 3914 t
426 3866 478 3917 Itt
525 3866 812 3917 infirmaria
844 3867 1223 3929 Cluniacensi,
1254 3885 1370 3933 qua:
1414 3863 1646 3937 quinque
1678 3868 1773 3921 Ita-

190 3934 428 3988 bitaculis
458 3937 557 3987 sub
577 3952 681 3988 uno
714 3949 851 3989 tecm
880 3934 1443 4005 divisisdistingnitur,
1468 3934 1773 3992 talidiscre-

191 4005 332 4078 tione
359 4006 625 4059 silentium
658 4018 921 4071 teneatur,
954 4019 1007 4061 ut
1035 4010 1086 4062 in
1116 4023 1176 4062 ea
1202 4020 1349 4074 parte
1380 4026 1430 4062 ιιι
1454 4024 1553 4078 qua
1579 4011 1771 4063 fratres

191 4076 570 4147 defunguntur,
594 4094 712 4145 qua:
735 4080 903 4131 media
931 4090 1026 4132 est.
1059 4082 1183 4133 etin
1208 4080 1291 4133 illa
1333 4096 1450 4148 quae
1470 4076 1721 4149 superior
1742 4097 1769 4130 a

190 4158 337 4217 parte
370 4149 659 4201 meridiana
694 4158 797 4212 est,
847 4149 1117 4204 Silentium
1150 4161 1201 4204 et
1231 4151 1514 4205 collocutio
1555 4156 1773 4217 antiquo

196 4215 352 4287 194
378 4234 525 4271 more
555 4230 825 4281 servetur;
864 4223 913 4271 in
949 4223 1113 4273 tribus
1147 4236 1272 4274 vero
1302 4221 1420 4275 aliis
1449 4223 1665 4275 claustri
1689 4215 1776 4275 Vre-

190 4296 386 4354 gularts
429 4290 701 4342 silentium
736 4299 998 4343 teneatur.
1030 4292 1119 4345 Sic
1163 4295 1210 4344 itt
1253 4292 1388 4345 cella
1428 4293 1770 4355 novittortun,

190 4368 243 4411 et
266 4359 528 4427 adjacenti
569 4375 597 4413 c
622 4374 824 4428 auStro,
854 4363 967 4415 sive
1005 4362 1252 4425 of'lininis,
1284 4363 1519 4430 exceptis
1562 4367 1773 4417 “(Willis

189 4443 239 4481 et
268 4444 451 4483 eorum
482 4434 759 4498 magistro,
804 4432 893 4501 qui
927 4434 1012 4485 ubi
1058 4444 1109 4486 et
1150 4433 1363 4502 quando
1395 4433 1534 4502 teqni
1577 4436 1772 4497 solent,

192 4503 505 4568 loquentur;
541 4506 775 4570 exceptis
806 4508 964 4556 etiam
994 4505 1259 4572 episcopis
1293 4514 1343 4557 et
1370 4506 1651 4559 abbatibus
1678 4520 1767 4557 Su-

1861 1894 2095 1948 stitntor.
2143 1889 2193 1940 in
2238 1889 2432 1951 Itegula
2461 1903 2577 1956 cap.
2625 1888 2717 1948 47,
2760 1888 2809 1942 id
2843 1888 2979 1954 quod
3025 1898 3143 1955 post
3174 1889 3437 1941 Innocen-

1862 1959 1991 2012 tittm
2022 1958 2086 2010 IV
2119 1961 2390 2013 renovavit
2411 1960 2661 2015 Clemens
2678 1958 2740 2022 V,
2761 1968 2954 2012 statuta
2985 1974 3160 2026 paena,
3192 1970 3247 2013 ut
3274 1977 3291 2008 ι
3321 1960 3439 2027 qui-

1861 2044 2070 2097 cunque
2098 2028 2261 2085 frater
2289 2031 2547 2085 fractione
2572 2030 2698 2083 dicti
2724 2030 2919 2084 silentii
2945 2031 3281 2084 considerate
3303 2030 3438 2083 facta

1862 2116 1985 2154 reus
2010 2101 2253 2155 inventus
2282 2102 2460 2165 fuerit,
2482 2117 2575 2169 pro
2602 2102 3029 2168 transgressione
3050 2100 3302 2168 qualibet,
3322 2101 3439 2153 siue

1862 2171 2223 2225 m'sericordia
2256 2181 2312 2226 et
2338 2172 2755 2240 dispensatione,
2784 2172 2853 2224 sit
2881 2185 2981 2223 una
3014 2172 3098 2223 die
3130 2173 3178 2223 in
3225 2186 3357 2239 pane
3386 2180 3441 2224 et

1862 2257 2018 2308 aqua,
2050 2251 2108 2296 et
2152 2245 2201 2295 ιιι
2232 2243 2465 2311 capitulo
2505 2243 2836 2304 verberetur,
2871 2242 2970 2295 nisi
3004 2242 3149 2309 prius
3177 2243 3439 2307 completa

1866 2322 2011 2379 parte
2039 2313 2365 2381 ptenitcntite
2391 2323 2546 2381 potus
2576 2328 2748 2378 aqum,
2779 2324 2831 2366 et
2862 2312 3087 2367 aliorum
3117 2311 3438 2367 cibariorum

1864 2383 2199 2437 abstinentia:
2221 2386 2287 2437 de
2305 2398 2427 2437 vera
2451 2384 2747 2437 humilitate
2770 2383 3098 2449 pmnilentis,
3119 2384 3253 2436 etde
3279 2384 3443 2450 ipsius

1867 2454 2019 2506 lirtno
2046 2454 2321 2522 proposito
2349 2454 2663 2508 emendandi
2699 2454 2857 2520 priori
2893 2454 2975 2506 vel
3006 2454 3122 2520 ejus
3152 2454 3323 2506 locum
3357 2464 3440 2505 te-

1866 2524 2010 2576 nenti
2044 2524 2156 2579 fore
2184 2539 2304 2578 cum
2334 2539 2401 2578 eo
2430 2538 2595 2593 super
2633 2525 2847 2576 residuo
2876 2524 3200 2592 paenitentia:
3230 2523 3440 2576 videbi-

1866 2602 1952 2646 tur
1994 2593 2450 2662 dispensandum;
2484 2606 2539 2649 et
2581 2596 2626 2649 si
2672 2595 2868 2664 sa'pius
2911 2596 2990 2649 sic
3032 2604 3306 2648 correctus
3335 2610 3442 2647 non

1865 2665 2249 2731 eruendam-rit,
2276 2681 2337 2719 ex
2369 2677 2492 2719 tunc
2522 2681 2615 2731 pro
2638 2668 2872 2729 qualibet
2898 2666 3319 2733 transgressione
3348 2679 3443 2733 per

1865 2735 2000 2788 duos
2026 2735 2140 2790 dies
2178 2738 2229 2789 in
2272 2737 2390 2789 solo
2420 2735 2707 2795 refectorii.
2738 2735 2855 2789 aliis
2899 2736 3322 2797 comedentibus,
3358 2751 3443 2789 scr

1866 2805 1998 2859 dens
2030 2820 2164 2873 pane
2193 2822 2379 2872 grosstt
2401 2807 2611 2860 familiae
2639 2816 2692 2860 et
2720 2821 2855 2873 aqua
2886 2816 3170 2859 contentus
3214 2816 3400 2858 existat
3419 2835 3444 2846 -

1867 2892 1929 2930 ac
1956 2876 2059 2931 illis
2086 2876 2295 2932 duobus
2320 2876 2509 2931 diebus
2540 2880 2597 2931 in
2620 2877 2854 2945 capitulo
2881 2881 3125 2943 vapulet;
3160 2891 3259 2930 nec
3286 2890 3443 2945 supe;

1868 2947 1977 3000 iisa
2001 2948 2176 3015 priore
2203 2949 2284 3002 vel
2313 2948 2420 3001 alio
2449 2948 2767 3015 prtesidente
2792 2946 2969 3002 Valeat
2988 2948 3306 3015 dispensari.
3333 2963 3447 3000 tua-

1863 3017 1967 3087 jori
1998 3033 2153 3087 ptBna
2178 3034 2271 3088 per
2297 3018 2526 3087 priorem
2551 3018 2771 3071 ulterius
2803 3019 3118 3084 puniendus,
3144 3018 3188 3071 si
3216 3019 3313 3071 boc
3337 3034 3447 3071 me-

1868 3089 1975 3141 ruit
2002 3090 2320 3153 protervitas
2347 3091 2697 3143 contumacis.
2727 3106 2744 3139 ι
2767 3088 3043 3143 Ptaedictis
3069 3099 3294 3156 quatuor
3318 3088 3449 3142 locis

1869 3160 2085 3213 silentio
2100 3161 2380 3214 destinatis
2397 3161 2779 3213 Cistercienscs
2796 3159 2996 3213 addunt
3012 3160 3285 3227 scriptoria
3302 3157 3443 3227 (Lib.

1866 3231 2024 3299 auliq.
2056 3229 2288 3299 Definit.,
2318 3233 2436 3283 dist.
2464 3232 2513 3296 7,
2539 3247 2654 3300 cap.
2682 3231 2762 3299 5),
2808 3231 3111 3299 ubicunque
3132 3246 3195 3283 ex
3224 3244 3449 3284 consue-

1870 3301 2052 3354 tudine
2099 3302 2337 3355 scribunt
2381 3303 2649 3355 monachi.
2695 3300 2986 3373 Addendus
3014 3302 3252 3373 insuper
3300 3301 3447 3355 locus

1868 3374 2189 3432 communis.
2214 3376 2265 3426 in
2283 3387 2409 3438 quo,
2432 3388 2496 3427 ex
2518 3373 2735 3439 antiquo
2761 3371 2964 3426 ordinis
2982 3371 3145 3425 nOSIri
3176 3387 3343 3437 more,
3373 3388 3448 3425 ιιι-

1871 3460 1889 3487 \
1904 3441 2119 3496 iolabile
2140 3444 2408 3497 silentium
2428 3442 2763 3506 servabatur,
2783 3456 2840 3495 ut
2862 3452 3006 3510 patet
3021 3457 3087 3497 ex
3116 3442 3444 3509 Hildemaro,

1870 3513 2245 3581 antiquissimo
2260 3513 2479 3583 Regulae
2502 3523 2920 3566 commentatore
2969 3513 3020 3566 in
3056 3513 3209 3583 195
3240 3514 3337 3565 hoc
3359 3527 3451 3565 ca-

1872 3593 1964 3652 pttt
1991 3586 2057 3635 ita
2089 3584 2356 3638 scribente
2390 3604 2401 3634 ;
2442 3600 2460 3633 ι
2497 3583 2551 3638 Si
2582 3584 2773 3637 hiemis
2801 3596 3007 3652 tempus
3040 3586 3215 3645 fuerit,
3245 3593 3299 3635 et
3322 3598 3448 3649 pro-

1875 3665 1989 3721 pter
2020 3654 2182 3723 frigus
2230 3658 2576 3707 convenerint
2621 3669 2806 3708 omnes
2843 3656 2893 3706 in
2945 3669 3105 3707 unum
3153 3654 3217 3705 ad
3249 3655 3447 3706 calefa-

1871 3724 2117 3778 ciendum
2147 3740 2221 3787 se,
2257 3726 2524 3778 silentium
2555 3724 2714 3777 debet
2743 3723 2814 3777 ibi
2841 3738 2979 3792 esse,
3011 3734 3064 3777 et
3094 3724 3270 3777 nullus
3292 3724 3452 3777 debet

1874 3795 1946 3847 ibi
1995 3795 2158 3864 loqui.
2198 3814 2217 3847 ι
2256 3799 2319 3848 ιιι
2362 3812 2426 3849 ex
2454 3798 2513 3849 8.
2563 3796 2816 3848 Dunstani
2864 3793 3159 3848 Concordia
3192 3809 3206 3846 :
3242 3812 3260 3844 ι
3304 3802 3338 3846 Α
3370 3810 3453 3846 ca-

1875 3866 2047 3919 Iendis
2090 3866 2403 3921 Novembris
2439 3867 2765 3920 concedatur
2806 3866 3055 3919 lratribus
3091 3879 3340 3919 accessus
3386 3865 3451 3919 ad

1873 3936 2047 4005 ignem
2079 3936 2203 3991 dum
2239 3939 2527 3991 Iecessitas
2556 3936 2891 4005 compulerit,
2923 3947 2975 3990 et
3018 3936 3229 4004 frigoris
3260 3935 3452 3990 nimie-

1876 4018 1955 4059 tas
1978 4007 2300 4070 incubuer-t,
2323 4009 2461 4076 quod
2487 4018 2658 4060 tamen
2682 4009 2779 4060 sub
2801 4007 3012 4060 silentio
3038 4007 3147 4061 fiat.
3179 4025 3195 4055 ι

1944 4077 2098 4142 Quod
2129 4088 2333 4147 spectat
2360 4079 2423 4131 ad
2461 4081 2785 4132 recentiores
2815 4079 3278 4147 eongregationes,
3316 4077 3451 4132 Cas-

1876 4149 2114 4203 sinenses
2145 4151 2331 4202 volunt
2359 4148 2587 4219 (Declar.
2630 4148 2830 4202 Caiaiu.
2862 4146 2937 4201 ad
2977 4149 3129 4218 Reg.,
3156 4164 3207 4219 γε.
3237 4146 3360 4216 52),
3395 4159 3454 4204 ut

1884 4239 1899 4267 ι
1937 4222 2191 4273 Servetur
2221 4218 2434 4288 semper
2464 4221 2732 4272 silentium
2760 4220 2808 4272 in
2840 4220 3028 4283 choro,
3058 4223 3109 4272 in
3136 4218 3454 4275 dormitorio

1878 4307 1908 4344 c
1962 4291 2015 4343 in
2047 4293 2531 4351 refectorio,ctiam
2565 4302 2713 4344 extra
2740 4291 2922 4342 horam
2957 4289 3287 4355 refectionis,
3319 4301 3374 4343 et
3399 4292 3452 4344 in

1877 4360 2105 4426 quadam
2144 4374 2292 4429 parte
2342 4361 2559 4415 claustri
2598 4365 2737 4415 circa
2776 4362 3099 4428 capitulum,
3143 4373 3367 4427 excepto
3406 4363 3453 4416 si

1880 4433 1931 4484 in
1960 4431 2117 4485 dictis
2147 4432 2277 4485 locis
2306 4443 2577 4500 oporteret
2599 4433 2771 4500 aliqua
2806 4433 2943 4500 loqui
2972 4432 3223 4495 breviter,
3247 4442 3298 4483 et
3327 4433 3456 4486 sub-

1883 4504 2048 4555 misSa
2078 4518 2225 4556 voce.
2264 4502 2573 4570 llujusmodi
2611 4504 2772 4556 etiam
2804 4503 3076 4556 silentium
3117 4514 3361 4555 servetur
3388 4509 3455 4555 ad

192 4573 645 4644 pervenientibus,
692 4574 880 4641 majori
912 4575 1111 4643 priore,
1154 4571 1205 4628 et
1234 4576 1600 4644 subprioribus
1632 4577 1770 4628 ordi-
1803 4575 1850 4634 ι)
1876 4575 2057 4643 ignem
2103 4588 2441 4644 communem
2475 4572 2717 4644 fratrum.
2749 4591 2782 4644 Va
2812 4573 3044 4627 Calasini
3090 4571 3454 4644 renov;tt_ttln-

192 4643 274 4694 uis
306 4643 636 4707 custodibus,
681 4647 767 4713 qui
812 4646 863 4697 in
895 4646 1131 4713 partibus
1164 4643 1510 4715 ipsiuscellze
1540 4647 1768 4699 novitio-

193 4728 335 4777 rum,
362 4726 412 4768 et
441 4716 538 4779 ipsi
564 4715 706 4782 quttt
738 4725 1007 4783 poterunt,
1041 4726 1093 4769 et
1128 4718 1178 4770 in
1212 4729 1493 4785 praesentia
1537 4728 1771 4770 tantum-

192 4786 355 4835 modo
379 4800 562 4837 eorum
603 4785 712 4839 alii.
752 4786 807 4839 In
838 4786 1156 4854 operatoriis
1198 4803 1324 4841 vero
1357 4789 1616 4841 universis
1646 4806 1771 4841 eon-

191 4859 398 4907 tinuum
432 4865 679 4926 teneatur
716 4857 1009 4922 silentium,
1038 4872 1264 4926 excepto
1294 4874 1398 4911 uno
1429 4870 1629 4911 tantum
1664 4876 1772 4911 ma-

192 4926 362 4990 gistro
389 4924 801 4995 uniuscujusque
844 4924 1415 4994 Operatoriteidomus,
1444 4941 1495 4981 et
1538 4940 1773 4998 excvptts

190 4998 510 5068 operatoriis
557 5012 705 5049 novre
735 4998 975 5051 ecclesiae
1002 5039 1016 5060 ,
1066 5008 1118 5053 et
1146 5001 1463 5067 operatoriis
1512 5000 1769 5068 ipsorum.

192 5065 458 5118 Teneatur
484 5066 705 5134 insuper
731 5070 951 5121 claustri
982 5065 1249 5123 silentium
1288 5074 1335 5121 in
1367 5065 1694 5131 cuutteierio,
1721 5081 1776 5125 et

191 5136 427 5189 claustro
454 5139 744 5192 ctemeterii
772 5177 787 5203 ,
833 5141 883 5192 in
915 5141 1243 5193 sacristauiis
1276 5144 1523 5196 omnibus
1547 5184 1560 5205 ,
1608 5151 1661 5194 et
1692 5145 1770 5195 via

191 5223 319 5281 quae
349 5209 408 5281 ad
452 5210 638 5261 domos
666 5211 971 5281 superiores
997 5211 1162 5276 ducit,
1194 5230 1310 5281 qua:
1334 5213 1483 5281 juxta
1516 5212 1771 5280 ιιι..]‹›ιέηι

193 5278 477 5349 ecclesiam
508 5288 649 5341 sunt,
684 5280 811 5334 etin
841 5278 1387 5346 adjacetttibus'ltit;‘is,
1420 5278 1661 5349 cxrepiis
1683 5301 1771 5336 su-

191 5346 449 5419 pradtctis
471 5349 749 5407 abbatibus
770 5360 823 5407 et
842 5354 1131 5423 prioribus,
1162 5356 1351 5423 quibus
1377 5356 1427 5409 iu
1454 5346 1689 5425 partibus
1708 5355 1770 5409 il-

1884 4641 2113 4697 uocentii
2159 4644 2315 4709 Papa:
2368 4644 2430 4697 III
2472 4642 2955 4705 Constitutionem,
2998 4658 3101 4713 qua
3150 4641 3461 4710 principitur

1887 4734 1905 4765 ι
1954 4713 2223 4767 silentium
2255 4713 2528 4767 observari
2559 4714 2612 4767 in
2655 4725 2880 4784 quatuor
2911 4712 3041 4767 locis
3087 4712 3448 4784 regularibus.

1882 4785 2085 4839 St-iltcet
2118 4786 2171 4837 in
2202 4785 2452 4853 ecclesia,
2482 4782 2740 4843 claustro.
2781 4786 3087 4844 refectorao,
3118 4794 3172 4834 et
3199 4782 3457 4836 dormito-

1883 4857 1985 4911 rio.
2038 4874 2057 4906 ι
2090 4855 2231 4909 Idem
2282 4855 2463 4909 videte
2495 4867 2574 4909 cst
2604 4857 2656 4909 in
2683 4855 2838 4910 editis
2880 4869 3020 4908 anno
3055 4853 3190 4906 1556
3232 4854 3457 4906 Statutis

1884 4926 2268 4981 reformatoriis
2298 4942 2393 4995 pro
2423 4928 2749 4980 monasterio
2790 4926 2848 4979 S.
2882 4925 3125 4979 l’orciani
3149 4964 3186 4995 ,_
3215 4933 3268 4977 et
3314 4940 3457 4995 anno

1886 4998 2022 5052 1.349
2055 5012 2150 5065 pro
2174 4993 2504 5051 monaSterio
2533 4997 2594 5051 S.
2619 4996 2911 5052 Columbm.
2958 4993 3282 5049 Fnliensium
3310 4994 3457 5049 Con-

1884 5070 2190 5122 stitutiones
2218 5084 2337 5136 cap.
2366 5068 2439 5121 ἀεὶ
2466 5067 2704 5122 addunt:
2738 5065 2802 5120 In
2835 5067 3088 5138 capitulo.
3117 5066 3355 5138 Denique
3403 5068 3457 5138 in

1882 5156 2015 5192 nova
2034 5140 2354 5194 collectione
2376 5140 2704 5192 Statutorunt
2727 5136 3190 5193 Cartbusiensium
3210 5136 3456 5190 decerni-

1883 5222 1967 5263 tur
1998 5208 2179 5280 (Parle
2206 5227 2261 5274 ιι,
2290 5227 2338 5262 c.
2373 5212 2460 5277 14,
2485 5227 2539 5262 ιι.
2568 5209 2648 5279 9),
2677 5218 2735 5263 ut
2763 5227 2783 5261 ι
2817 5209 3093 5263 silentium
3123 5208 3335 5271 ubique,
3361 5206 3455 5261 Sed

1882 5296 2112 5334 tuamne
2139 5281 2191 5333 in
2216 5281 2467 5341 ecclesia,
2491 5282 2744 5349 capitulo,
2776 5284 3058 5337 rutectorio
3077 5319 3093 5347 ,
3128 5280 3375 5332 claustro
3403 5290 3457 5330 cl.

1880 5368 2061 5405 rasura
2092 5352 2327 5407 strictius
2348 5360 2616 5407 servetur.
