3952 6182
526 323 621 377 3371
1044 372 1047 373 ,
1529 327 1546 349 ι
1903 309 1996 365 .S.
2043 308 2087 360 Ρη

2156 305 2504 362 BENEDICTI
3628 297 3717 353 372

524 423 3717 488 Μ

1723 519 2218 606 CAPU.T
2333 516 2583 601 VII.

1897 661 1985 721 De
2030 657 2270 720 Humili
2277 666 2424 718 tale.

595 786 802 843 Clamat
846 788 998 845 nobis
1027 791 1206 848 divina
1255 792 1560 863 Scriptura,
1601 791 1826 857 fratres,
1873 791 2059 846 dicens
2086 806 2098 840 :
2132 794 2181 850 Α
2211 786 2442 842 tionibus
2481 785 2678 840 nostris
2708 784 2781 838 ita
2808 784 2973 839 Deum
3002 795 3223 854 semper
3252 794 3561 850 praesentem
3587 798 3745 842 osten-

525 880 707 934 Omuis
737 881 825 952 qui
849 899 902 935 se
925 884 1116 937 exultat
1164 883 1548 951 humiliabitur,
1580 896 1628 937 et
1665 886 1750 950 qui
1779 899 1832 937 se
1869 881 2108 935 Itumiliat
2209 877 2307 943 dit,
2338 877 2522 932 dicens
2548 894 2563 931 :
2598 878 2849 931 Scrutans
2878 867 3033 929 corda
3054 884 3099 928 et
3128 890 3271 929 renes
3304 873 3438 930 Deus
3463 873 3626 944 (Psal.
3648 880 3747 939 vn).

524 972 839 1028 exaltabitur
864 975 1016 1044 (Luc.
1051 976 1182 1048 xiv).
1216 976 1345 1031 Cum
1384 978 1498 1032 inec
1524 993 1652 1048 ergo
1681 978 1829 1044 dicit,
1873 976 2082 1032 ostendi

2213 968 2277 1023 Et
2299 970 2490 1024 iterum
2517 986 2531 1022 :
2569 967 2817 1021 Dominus
2845 965 2980 1020 novit
3006 965 3335 1035 cogitationes
3357 966 3626 1033 hominum,
3644 987 3750 1037 quo-

530 1063 685 1117 nnbis
729 1079 943 1121 omnem
1001 1068 1380 1123 exultationem
1426 1083 1597 1139 genus
1642 1082 1763 1123 esse
1800 1068 2064 1138 superbia:
2090 1086 2103 1098 -
2210 1062 2348 1116 niam
2379 1078 2521 1115 vana
2548 1069 2666 1116 sunt
2695 1070 2721 1097 ο
2754 1059 2926 1128 (Ρδαι.
2958 1061 3133 1128 scut).
3168 1059 3234 1113 Et
3267 1061 3391 1114 item
3419 1059 3578 1114 dicit:
3606 1060 3749 1117 Intel-

525 1156 676 1228 quod
729 1172 789 1212 se
812 1173 1006 1214 cavere
1036 1160 1302 1231 propheta
1354 1162 1584 1229 indicat,
1622 1160 1808 1220 dicens
1857 1161 2105 1226 nomine,
2209 1153 2377 1207 texisti
2403 1152 2731 1222 cogitationes
2756 1166 2893 1205 nicas
2918 1148 3123 1216 alonge
3151 1149 3325 1224 (Psal.
3370 1156 3750 1222 cxxxvnt):et,

524 1262 629 1299 non
664 1258 737 1303 est
767 1250 1048 1305 multatum
1094 1269 1181 1306 cor
1222 1271 1420 1320 meum,
1452 1270 1610 1324 neque
1638 1254 1761 1309 elati
1803 1266 1921 1309 sunt
1972 1261 2085 1309 ocul

2212 1243 2346 1309 Quia
2370 1245 2608 1313 cogitatio
2628 1243 2850 1297 hominis
2874 1242 3197 1310 conﬁtebitur
3213 1242 3304 1312 tibi
3321 1240 3487 1312 (Psal.
3537 1258 3662 1298 Lxxv
3713 1244 3747 1315 ).

526 1341 645 1406 mei,
679 1357 836 1410 neque
866 1342 1121 1398 ambulavi
1161 1346 1216 1400 in
1246 1348 1447 1417 magnis
1465 1389 1480 1414 ,
1509 1364 1669 1418 neque
1695 1349 1752 1402 in
1791 1349 2087 1404 mirabilibu

2209 1333 2365 1400 Nam,
2395 1343 2454 1389 ut
2479 1333 2744 1389 sollicitus
2769 1333 2839 1388 sit
2865 1334 3007 1388 circa
3037 1334 3391 1405 cogitationes
3419 1350 3541 1388 suas
3569 1351 3750 1403 perver-

528 1448 683 1501 wper
719 1450 799 1487 me
832 1433 1006 1506 (Psal.
1058 1437 1243 1507 ως).
1275 1436 1381 1492 Sed
1409 1438 1581 1507 quid?
1612 1438 1672 1494 Si
1707 1456 1807 1493 non
1850 1438 2110 1493 hum-(ir...
2210 1441 2326 1487 sas,
2357 1425 2500 1480 dicat
2540 1439 2753 1494 semper
2784 1424 2930 1479 utilis
2980 1422 3148 1480 frater
3177 1424 3229 1479 in
3259 1426 3425 1481 corde
3463 1440 3556 1479 suo
3586 1442 3601 1480 :
3628 1427 3751 1483 'l‘unc

527 1524 822 1588 sentiebant,
842 1528 932 1579 sed
949 1528 1165 1581 exaltavi
1178 1530 1401 1582 animant
1423 1546 1606 1595 meam,
1623 1530 1755 1583 sicut
1779 1527 2063 1584 ablactatus
2082 1541 2088 1566 ι

2209 1533 2306 1575 ero
2356 1516 2733 1573 immaculatus
2774 1533 2955 1573 coram
2992 1532 3092 1583 eo,
3119 1518 3166 1573 si
3210 1519 3562 1576 observavero
3589 1537 3663 1576 me
3697 1522 3750 1579 ah

527 1630 681 1683 super
707 1625 868 1669 matre
889 1634 983 1670 sua
1005 1616 1054 1683 δ,
1084 1619 1158 1672 ita
1186 1619 1431 1674 retribues
1458 1621 1512 1673 in
1547 1621 1772 1674 animum
1797 1637 1981 1674 meam.
2208 1613 2493 1681 iniquitate
2521 1628 2639 1668 mea
2671 1611 2844 1683 (Psal.
2875 1610 3029 1682 xvn).

606 1702 779 1772 Unde,
813 1706 1024 1772 fratres,
1056 1710 1098 1762 si
1126 1723 1350 1765 summae
1381 1711 1695 1765 humilitatis
1724 1712 1971 1767 volumus
1998 1714 2111 1766 cul-
2287 1706 2441 1776 197
2472 1704 2813 1759 νοίυηῐθιθπι
2853 1718 2984 1758 Vero
3017 1702 3312 1773 ρτοιπίεων
3346 1702 3417 1757 iu
3450 1702 3612 1759 facere
3648 1721 3750 1776 Dm'

529 1813 654 1853 men
680 1800 974 1870 attingere,
1006 1811 1059 1857 et
1103 1802 1167 1856 ad
1195 1805 1577 1859 exaltationem
1604 1806 1750 1860 illam
1799 1807 2073 1862 cmlestem

2213 1798 2483 1863 liibetnur,
2512 1811 2633 1852 cum
2662 1796 2791 1852 dicit
2821 1796 3099 1866 Scriptura
3126 1794 3280 1851 nobis
3306 1813 3321 1851 :
3363 1793 3431 1849 Et
3456 1813 3487 1850 a
3514 1799 3752 1852 voluntati-

526 1889 590 1943 ad
619 1908 776 1959 quam
810 1910 903 1961 per
932 1900 1210 1964 praesmtis
1244 1900 1364 1953 vita:
1396 1898 1748 1954 humilitatem
1772 1901 2082 1957 ascenditur

2212 1890 2301 1944 bus
2326 1891 2426 1943 tuis
2447 1900 2666 1943 avertere
2684 1898 2711 1938 ι)
2735 1887 2926 1958 (Eccli.
2981 1887 3155 1957 xvut).
3183 1889 3249 1943 Et
3267 1893 3457 1943 iterum
3482 1907 3496 1943 :
3526 1892 3752 1958 Rogamus

531 1982 777 2038 volumus
806 1985 1062 2041 velociter
1090 1992 1374 2055 pervenire
1399 2008 1411 2042 :
1441 1992 1647 2046 actibus
1679 1995 1876 2048 nostris
1920 2009 2092 2049 ascen

2213 1979 2379 2034 Deum
2409 1988 2436 2027 ει
2462 1979 2514 2032 in
2536 1980 2812 2046 oratione,
2841 1991 2896 2033 ut
2930 1980 3021 2033 ﬁat
3070 1979 3213 2033 illius
3251 1980 3500 2034 voluntas
3544 1981 3593 2034 in
3631 1983 3752 2036 nobis

532 2072 784 2130 ἀεηιίιηιε
810 2086 857 2141 ε,
886 2077 1027 2132 scala
1075 2078 1166 2132 ina
1212 2080 1463 2150 erigenda
1493 2090 1576 2137 est
1614 2098 1733 2154 qua,
1763 2084 1814 2138 in
1842 2085 2052 2139 εοηιηίο
2081 2082 2108 2121 d
2214 2060 2427 2140 (Matth.
2450 2069 2547 2138 vt).
2574 2069 2840 2125 Docemur
2860 2084 2989 2139 ergo
3012 2071 3203 2125 merito
3229 2086 3337 2125 non
3367 2072 3537 2126 facere
3558 2056 3752 2127 nostram

530 2160 699 2220 Jacob
749 2168 994 2235 apparuit
1024 2168 1178 2238 (Gen,
1211 2174 1427 2242 xxvm),
1460 2189 1555 2242 per
1590 2190 1747 2242 quam
1793 2177 1840 2231 ei
1887 2176 2109 2231 deme"-
2140 2164 2188 2224 B
2214 2162 2560 2224 voluntatem,
2598 2176 2718 2213 cum
2737 2174 2987 2214 cavemus
3016 2159 3177 2225 illud,
3211 2161 3354 2230 quod
3386 2161 3513 2217 dicit
3549 2171 3707 2217 sancta
3733 2170 3751 2199 ε

532 2254 723 2312 dentes
760 2260 917 2331 196
958 2271 1012 2315 et
1041 2263 1392 2319 ascendentes
1435 2266 1608 2334 angeli
1658 2266 2091 2321 monstrabantur

2214 2248 2487 2319 Scriptura
2523 2269 2534 2303 :
2561 2250 2697 2305 Sunt
2722 2251 2817 2305 via:
2835 2267 2952 2322 qua:
2979 2252 3215 2305 videntur
3249 2252 3534 2308 hominibus
3563 2260 3585 2289 ⁸
3605 2264 3755 2318 recta;

529 2347 645 2402 Non
676 2349 817 2405 aliud
846 2355 964 2408 sine
985 2353 1146 2408 dubio
1169 2355 1461 2413 descensus
1492 2358 1585 2413 ille
1608 2367 1659 2413 et
1688 2373 1943 2415 ascensus
1965 2376 1996 2413 a
2019 2375 2113 2413 no-
2212 2360 2432 2411 quarum
2471 2344 2594 2412 Ῑῖπίε
2644 2359 2806 2414 usque
2844 2344 2912 2396 αά
2944 2344 3260 2413 "ofﬂam
3310 2344 3503 2413 ίηῙενπί
3547 2345 3755 2416 demergit

528 2440 613 2496 his
634 2440 979 2512 intelligitur,
1009 2444 1115 2499 nisi
1139 2447 1460 2503 exaltatione
1481 2448 1833 2518 descendere,
1858 2459 1913 2505 et
1940 2451 2114 2505 humi-
2212 2436 2284 2507 (Ρ
2285 2453 2392 2491 νου·
2428 2435 2565 2508 Χν¹)·
2602 2437 2667 2492 Ei
2696 2452 2818 2492 cum
2864 2436 2989 2492 ίίθηι
3021 2450 3276 2492 cavemus
3309 2439 3333 2475 ⁸
3370 2437 3518 2502 “lud-
3555 2436 3679 2509 (ἰηοδ
3701 2437 3757 2493 άθ

528 2532 676 2587 litate
698 2535 1009 2591 ascendere.
1030 2535 1181 2594 Scala
1201 2553 1327 2595 vero
1348 2540 1464 2610 ipsa
1481 2550 1681 2604 erecta.
1707 2553 1885 2598 nostra
1905 2553 1986 2599 est
2006 2544 2089 2597 viu

2215 2528 2602 2598 negligentibus
2629 2530 2829 2583 dictum
2858 2538 2942 2583 est
2962 2537 2991 2564 ιι
3017 2545 3031 2583 :
3063 2527 3305 2599 Corrupti
3335 2539 3484 2595 sunt,
3512 2539 3556 2583 et
3588 2531 3752 2583 abomi-

528 2625 583 2680 in
628 2627 861 2682 saeculo:
889 2645 1009 2699 quae
1054 2630 1333 2687 humiliato
1368 2636 1531 2690 corde
1566 2648 1598 2688 a
1623 2633 1849 2689 Domino
1892 2634 2082 2704 erigitu

2213 2621 2409 2674 nobiles
2438 2620 2566 2688 facti
2593 2628 2711 2673 sunt
2733 2620 2789 2673 in
2816 2618 3160 2673 voluntatibus
3188 2628 3216 2656 ν
3254 2619 3363 2673 suis
3390 2618 3682 2691 (Paulam).
3710 2619 3755 2673 In

531 2716 598 2771 ad
624 2720 841 2774 emtum.
871 2719 1065 2776 Latera
1089 2723 1231 2778 enim
1262 2723 1501 2793 ejusdem
1532 2724 1712 2792 scala,
1743 2725 1972 2780 άίρίιηυε
2012 2741 2113 2779 no-
2215 2712 2498 2768 desideriis
2519 2728 2647 2768 vero
2671 2711 2849 2767 carnis
2873 2712 2945 2766 ita
2974 2712 3128 2766 nobis
3153 2711 3316 2766 Deum
3357 2712 3622 2768 credamus
3638 2727 3754 2767 sem-

530 2818 703 2863 Sll‘um
728 2824 847 2865 esse
868 2825 1064 2880 corpus
1091 2821 1146 2867 et
1167 2815 1434 2877 animam;
1467 2813 1521 2868 in
1551 2830 1656 2884 qua
1686 2814 1850 2871 latera
1882 2825 1905 2851 υ
1937 2815 2117 2871 diver-
2219 2823 2312 2877 per
2331 2821 2452 2861 esse
2467 2816 2943 2875 praesentem,cum
2960 2802 3368 2874 diciePropheta
3388 2804 3756 2859 DominozAate

530 2909 622 2953 sos
644 2896 841 2966 gradus
863 2898 1178 2954 humilitatis
1200 2903 1285 2956 vel
1306 2900 1602 2972 disciplinae
1616 2904 1864 2960 evocatio
1891 2900 1907 2942 ί
1935 2903 2115 2959 divina
2216 2908 2263 2953 te
2293 2908 2366 2952 eu
2395 2913 2542 2951 omne
2571 2896 2882 2951 desiderium
2920 2912 3087 2948 meum
3119 2894 3296 2963 (Psal.
3329 2895 3554 2966 xxxv").
3582 2895 3754 2950 Caven-

531 2993 903 3050 ascendendos
931 2994 1177 3050 inseruit.
2217 2989 2342 3044 dum
2370 3004 2496 3057 ergo
2540 2988 2660 3043 ideo
2687 2987 2887 3042 malum
2915 2987 3262 3053 desiderium,
3309 2988 3434 3058 quia
3465 3002 3599 3042 mors
3627 3001 3754 3041 seca.

606 3083 813 3139 Primus
842 3085 1017 3154 itaque
1049 3085 1363 3144 humilitatis
1409 3089 1606 3159 gradus
1638 3100 1759 3156 est,
1791 3090 1838 3145 si
1869 3091 2115 3145 timorem
2218 3084 2492 3138 introitum
2539 3080 2909 3136 delectationis
2955 3080 3129 3149 posita
3176 3087 3278 3136 est.
3333 3080 3485 3135 Unde
3521 3079 3753 3148 Scriptura

534 3170 627 3226 Dei
663 3181 688 3219 8
728 3172 829 3227 sibi
878 3185 1005 3229 ante
1032 3176 1217 3230 oculos
1252 3191 1465 3246 semper
1518 3192 1754 3247 ponens,
1786 3179 2111 3234 oblivionem
2219 3174 2493 3244 praecipit,
2524 3174 2707 3228 dicens
2740 3191 2751 3225 :
2789 3171 2913 3226 Post
2961 3172 3396 3241 concupiscentia;
3436 3182 3542 3225 tuas
3580 3187 3668 3222 non
3688 3185 3755 3221 eas

537 3265 759 3319 omnino
787 3263 953 3335 fugiat
977 3261 1044 3333 ιι;
1072 3276 1126 3321 et
1162 3282 1377 3336 semper
1402 3269 1472 3323 sit
1498 3284 1705 3324 memor
1729 3272 1964 3325 omnium
1996 3286 2115 3340 qua:
2220 3266 2411 3337 (Eccli.
2434 3266 2607 3333 xvm).
2639 3266 2777 3334 Ergo
2801 3263 2847 3319 si
2865 3263 3001 3318 oculi
3031 3262 3240 3317 Domini
3264 3263 3600 3331 speculantur
3615 3262 3754 3315 bonos

540 3357 795 3426 praecepit
819 3359 990 3413 Deus:
1024 3367 1079 3413 et
1106 3360 1332 3429 qualiter
1360 3358 1377 3397 ί
1411 3368 1816 3417 contemnentes
1846 3361 2031 3427 Deum,
2059 3363 2111 3417 in
2219 3367 2273 3413 et
2300 3358 2498 3423 malus,
2525 3368 2578 3412 et
2613 3356 2866 3410 Dominus
2891 3357 2958 3410 de
2987 3355 3126 3411 caelo
3146 3370 3362 3424 semper
3389 3353 3597 3423 respicit
3624 3365 3757 3421 super

539 3449 835 3516 gehennam
871 3464 966 3518 pro
988 3450 1220 3519 peccatis
1243 3451 1521 3506 incidunti
1550 3461 1643 3516 ;et
1669 3454 1830 3507 vitam
1856 3464 2112 3517 aeternam
2222 3448 2358 3503 filios
2389 3448 2660 3503 hominum
2688 3445 2859 3515 (Psal.
2971 3446 3123 3516 xm),
3153 3461 3205 3501 ιιι
3238 3447 3422 3501 videat
3450 3448 3493 3501 si
3521 3454 3598 3500 est
3622 3443 3755 3498 intel-

537 3554 655 3607 qua:
684 3540 993 3595 timentibus
1016 3540 1181 3596 Deum
1206 3552 1498 3611 praeparata
1521 3554 1623 3605 est,
1650 3544 1829 3597 animo
1850 3558 1947 3597 suo
1973 3558 2113 3597 sem-
2143 3544 2187 3606 ο
2222 3542 2420 3611 Iigens,
2449 3551 2541 3595 aut
2574 3555 2853 3610 requirens
2884 3541 3049 3594 Deum
3074 3557 3089 3593 :
3119 3547 3172 3594 et
3215 3539 3260 3595 si
3290 3539 3361 3594 ab
3400 3538 3591 3608 angelis
3631 3535 3755 3589 nobis

536 3645 636 3700 per
663 3633 876 3687 evolvat
899 3630 948 3688 ι.
971 3634 1037 3688 Ει
1064 3634 1373 3688 custodiens
1396 3648 1456 3688 se
1477 3634 1623 3689 omni
1656 3635 1785 3688 hora
1814 3649 1843 3687 a
1875 3634 2113 3704 peccatis
2222 3631 2491 3702 deputatis
2519 3630 2759 3699 quotidie
2799 3630 2887 3686 die
2918 3639 3184 3697 noctuque
3214 3631 3441 3685 Domino
3481 3628 3650 3684 factori
3676 3643 3756 3680 nn-

533 3730 591 3779 ct
620 3724 795 3789 vitiis,
840 3724 890 3778 id
933 3733 1019 3780 est
1046 3725 1460 3795 cogitationum,
1492 3724 1720 3794 linguas,
1751 3724 2029 3779 oculorum
2068 3722 2112 3789 ι,
2220 3733 2335 3778 stro
2366 3732 2392 3759 ι
2422 3737 2584 3792 opera
2632 3731 2817 3778 nostra
2866 3721 3204 3786 nuntiantur,
3231 3721 3523 3777 cavendum
3556 3726 3632 3774 est
3654 3731 3758 3785 ergo

536 3830 811 3882 manuum,
845 3816 1063 3886 pedum,
1094 3818 1177 3871 vel
1205 3818 1495 3873 voluntatis
1524 3817 1756 3888 propriae
1782 3833 1797 3870 :
1824 3817 1917 3872 sed
1943 3828 1997 3872 et
2021 3818 2112 3872 de-
2221 3815 2369 3870 omni
2391 3817 2539 3881 hora,
2566 3812 2786 3879 fratres,
2809 3814 2947 3868 sicut
2966 3812 3098 3868 dicit
3123 3814 3173 3867 in
3198 3813 3405 3883 psalmo
3423 3812 3683 3882 Propheta,
3706 3823 3758 3860 ne

534 3910 731 3966 sideria
763 3910 940 3963 carnis
971 3917 1247 3978 amputare
1273 3908 1488 3965 festinet
1517 3917 1578 3961 ω.
2223 3923 2321 3964 nos
2341 3907 2671 3963 declinantes
2699 3906 2753 3961 in
2781 3907 2922 3961 malo
2948 3916 3003 3962 et
3023 3905 3237 3961 inutiles
3268 3904 3437 3961 factos
3461 3904 3623 3976 (Psal.
3650 3902 3754 3967 ut),

612 4000 865 4056 Estimet
892 4013 951 4054 se
982 3999 1142 4053 homo
1170 3998 1238 4055 de
1281 3999 1435 4056 cmlis
1470 4014 1685 4070 semper
1707 4014 1736 4052 a
1771 3998 1880 4054 Deo
1917 3997 2114 4063 reSpici
2222 3999 2399 4069 aliqua
2431 4000 2559 4055 liora
2588 3998 2811 4068 aSpiciat
2841 4000 3010 4065 Deus,
3052 4006 3109 4053 et
3138 3999 3405 4067 parcendo
3432 3996 3580 4053 nobis
3606 3996 3652 4049 in
3676 3993 3758 4047 hoc

536 4092 685 4147 omni
716 4092 869 4158 hora,
906 4099 961 4145 et
1009 4090 1144 4145 facta
1176 4103 1273 4145 sua
1324 4092 1377 4145 in
1406 4091 1551 4144 omni
1594 4090 1713 4145 loco
1736 4097 1765 4125 η
1796 4091 1865 4143 ab
1893 4098 2112 4157 aspectu
2225 4101 2487 4160 tempore,
2509 4090 2636 4162 quia
2658 4091 2779 4160 pius
2825 4098 2929 4155 est,
2973 4100 3030 4145 et
3079 4098 3404 4159 exspectat!
3432 4104 3526 4144 nos
3552 4083 3757 4142 converti

540 4185 843 4241 Divinitatis
887 4184 1093 4251 videri,
1126 4194 1180 4239 et
1217 4184 1285 4239 ab
1314 4184 1516 4254 angelis
1545 4184 1691 4239 omni
1738 4182 1867 4238 hora
1916 4196 2114 4238 renun-
2217 4184 2272 4239 in
2304 4186 2513 4251 melius,
2544 4199 2610 4239 ne
2630 4184 2774 4239 dicat
2801 4183 3026 4240 nobisin
3057 4182 3237 4240 futuro
3266 4201 3279 4236 :
3313 4181 3443 4239 Hac
3465 4183 3619 4254 fecisti
3645 4189 3695 4245 ι,
3719 4186 3758 4232 tl

536 4279 674 4334 nari.
713 4278 1052 4335 Demonstrat
1072 4278 1224 4333 nobis
1250 4278 1351 4333 hoc
1371 4276 1658 4349 Propheta,
1682 4291 1803 4333 cum
1832 4276 1885 4332 in
1911 4276 2112 4347 cogita-
2220 4278 2357 4332 tacui
2382 4275 2551 4346 (Psal.
2583 4277 2750 4347 χιιι).

610 4420 637 4449 ⁸·
676 4414 783 4477 AL,
809 4412 1135 4465 ablactatum.
1162 4422 1163 4425 ‘
2296 4407 2321 4446 ¹ί
2354 4410 2720 4476 Recentiores,
2753 4412 2991 4465 revolvat.

604 4479 635 4520 δ
675 4483 781 4547 ΑΙ..
816 4492 1024 4535 matrem
1055 4498 1217 4534 suam.
2038 4540 2043 4543 η
2301 4478 2317 4517 ι
2350 4481 2509 4535 Deest
2535 4484 2799 4535 oculorum
2830 4483 2879 4535 in
2909 4482 3098 4549 Conc.,
3119 4483 3264 4537 Flor.
3289 4493 3345 4539 et
3376 4497 3501 4537 mss.
3528 4482 3715 4537 Cassia.

613 4564 636 4624 ’ξ
680 4556 840 4609 Deest
866 4554 1002 4621 apud
1032 4553 1175 4608 Hild.
1199 4551 1607 4606 ascendentibus.
2292 4558 2333 4624 {m
2356 4552 2637 4624 Menardus
2662 4553 2775 4606 haec
2796 4557 2954 4607 verba
2972 4565 3237 4624 amputare
3252 4555 3453 4623 festinet
3473 4549 3755 4623 amputanda

608 4621 634 4661 ιι
676 4626 787 4694 At”
816 4620 1013 4677 mnino,
1299 4691 1310 4694 Α
1720 4693 1724 4694 ί
2222 4620 2524 4694 existimat:
2555 4632 2770 4694 existant
2798 4634 2971 4677 tamen
3002 4620 3204 4679 in'cod.
3229 4620 3401 4681 Uttan.

609 4704 634 4732 ο
674 4691 782 4758 AL,
812 4695 864 4747 in
886 4711 999 4762 qua
1035 4694 1215 4749 latera.
1250 4691 1359 4765 AL,
1408 4694 1539 4765 inter
1566 4710 1683 4765 qua:
1708 4693 1890 4749 latera.
1922 4694 2035 4759 AL,
2059 4694 2125 4747 in
2294 4699 2321 4728 η
2349 4692 2462 4765 AL,
2485 4693 2625 4746 omni
2643 4693 2787 4758 loco,
2815 4697 3015 4747 omisso
3038 4695 3113 4748 in.

534 4767 738 4835 quibus.
763 4765 871 4829 AL,
892 4765 946 4819 in
972 4766 1149 4835 quibus
1176 4762 1445 4835 lateribus.’
1579 4762 1588 4765 ⁷
1650 4834 1653 4835 ν
2232 4831 2258 4835 _
2294 4770 2320 4828 εξ
2346 4762 2470 4835 Haec
2497 4765 2947 4835 verba,quoniam
2976 4781 3118 4818 vam:
3145 4775 3283 4831 sunt,
3306 4765 3495 4822 desunt
3518 4767 3566 4819 in
3586 4763 3752 4825 οιοιι..

613 4834 632 4874 ί
664 4837 739 4907 ita
764 4850 947 4890 omnes
974 4831 1137 4895 mss;
1168 4834 1428 4907 sed_Hild.
1453 4850 1573 4889 cum
1596 4834 1769 4907 editis,
1800 4837 2015 4889 vacatio.
2139 4893 2187 4907 ﬁ
2218 4831 2448 4898 Cassin.,
2468 4831 2857 4907 Coi-cqﬂild”
2886 4834 3011 4906 Lyr.
3036 4835 3326 4907 Compend.
3354 4849 3407 4892 et
3426 4838 3578 4896 aliis;
3608 4848 3664 4889 ea
3683 4844 3753 4887 ta-

614 4916 638 4951 ε
668 4906 827 4960 Deest
850 4908 987 4972 apud
1018 4893 1158 4959 Hild.
1182 4914 1237 4959 et
1260 4903 1312 4957 in
1341 4921 1445 4957 uno
1474 4921 1597 4969 ms.,
1643 4893 1768 4957 Dei.
2139 4893 2191 4952 Ι)
2218 4919 2340 4957 men
2366 4893 2584 4972 exponit
2609 4893 2964 4961 ll'ildemarus'.

609 4972 640 5014 ³³
665 4976 825 5031 Hild..
846 4972 1141 5030 oblivionem
1157 4986 1524 5042 praeceptorum
1550 4975 1644 5027 Dei
1666 4978 1868 5031 omnino
1885 4977 2105 5046 fugiens.

1194 4986 1524 5040 rceeeptorum
1550 4975 1644 5027 Dei
1666 4978 1868 5031 omnino
1885 4977 2105 5046 fugiens.
2290 4986 2316 5023 ρ
2343 4977 2750 5046 tlxon.,_averte.

537 5048 745 5114 Afﬂig.,
770 5048 1040 5099 elationem
1068 5049 1275 5099 omnino
1303 5046 1464 5115 fugiat
1494 5048 1788 5099 monachus.
1886 5044 1893 5046 “
1948 5044 1957 5045 ί
2289 5055 2316 5095 τι
2341 5045 2501 5100 Deest
2532 5044 2699 5100 Deum
2724 5048 2774 5099 in
2801 5046 2964 5101 Conc.
3001 5057 3055 5102 et
3087 5048 3228 5102 Flor.

617 5116 635 5155 ί
667 5118 864 5182 Uxon.,
891 5116 1182 5187 Concord.,
1215 5116 1384 5179 Flor.,
1417 5126 1472 5169 ut
1499 5117 1734 5185 qualiter.
1856 5186 1883 5187 Ὗ
2292 5125 2313 5152 τ
2344 5117 2500 5171 Deest
2523 5129 2701 5170 sancta
2732 5118 2784 5170 in
2810 5116 2988 5181 Cass.,
3012 5119 3175 5173 Coac.
3208 5130 3262 5171 et
3288 5118 3431 5173 Flor.

624 5192 643 5245 l
670 5191 866 5252 Oxum,
893 5184 1177 5259 gehennam
1215 5189 1277 5239 de
1304 5184 1521 5255 peccatis
1551 5188 1808 5259 incedunt.
1849 5186 2017 5255 Flor.,
2055 5190 2110 5243 in
2251 5255 2262 5259 _
2291 5196 2314 5223 ⁸
2338 5188 2463 5259 AL,
2498 5188 2730 5242 videntur
2755 5187 2817 5241 ab
2845 5189 3151 5241 hominibus.
3189 5189 3348 5254 llild.,
3384 5188 3586 5249 Sabim,
3627 5184 3750 5238 Con-

539 5263 773 5329 gehenna
805 5262 866 5309 de
895 5255 1116 5328 peccatis
1142 5259 1391 5329 incidunt.
1422 5258 1655 5322 Cassin.,
1686 5257 1876 5322 Conc.,
1912 5260 2106 5329 [tegula
2215 5255 2425 5329 cliens,
2451 5258 2597 5327 Lyr.,
2628 5267 2873 5327 putantur
2892 5260 2957 5312 ab
2987 5261 3292 5315 hominibus.
3324 5266 3515 5324 υλοιιη
3540 5264 3752 5325 putantur

536 5321 779 5400 Magistri
818 5321 942 5400 tusi,
966 5329 1194 5400 gehenna
1223 5328 1285 5381 de
1311 5331 1527 5400 peccatis
1555 5321 1823 5393 incendat;
1849 5321 2013 5399 quani
2036 5331 2109 5385 le-
2216 5321 2523 5400 hominibus.

538 5398 774 5455 ctiouem
806 5398 1019 5461 praefert
1040 5399 1340 5469 Menardus.
1379 5398 1637 5469 Boherius
1677 5409 1852 5453 tamen
1870 5398 1949 5454 ita
1976 5400 2109 5455 scri-
2292 5399 2309 5433 ι
2339 5398 2515 5464 Cass.,
2541 5414 2801 5467 pavemus.
2836 5399 2999 5467 Flor.,
3035 5416 3326 5469 paveamus.

538 5471 655 5526 hit:
693 5487 713 5520 ι
751 5470 1079 5537 Siuaragdus
1116 5479 1169 5523 et
1219 5468 1379 5523 Italici
1436 5468 1676 5524 habent:
1710 5469 2003 5524 Gebennam
2046 5474 2109 5525 de
2282 5477 2310 5505 ιι
2343 5469 2541 5532 0xon.,
2572 5470 2819 5537 scriptum
2840 5480 2934 5524 est.

540 5541 761 5623 peccatis
782 5539 1487 5623 incendunt:‘_?r.ima.littera
1507 5540 1887 5623 magis-niam,
1916 5542 2104 5623 minori
2217 5548 2310 5623 -..ν
2340 5540 2585 5610 Quinque
2624 5554 2754 5594 mss.
2796 5555 2916 5595 cum
2961 5540 3277 5611 quibusdam
3321 5538 3748 5608 editis,volupta-

540 5610 738 5681 indiget
767 5614 964 5683 glossa.
995 5629 1015 5663 ι
1050 5610 1406 5683 Nilrluminus
1432 5610 1606 5664 Italica
1631 5610 1759 5665 nihil
1790 5611 1947 5665 habet
1968 5612 2109 5666 difli-
2209 5610 2361 5683 tibus.

540 5680 899 5751 cultatis,'nec
918 5682 1033 5737 sine
1057 5680 1402 5751 fundamento
1426 5683 1688 5751 vulgatam
1720 5683 1998 5737 lectionem
2022 5699 2104 5738 re«
2283 5689 2311 5718 ι
2336 5681 2513 5747 Cass.,
2544 5682 2795 5751 factorum
2823 5692 3133 5738 nostrorum.

543 5750 655 5819 iicit
684 5751 986 5821 Meuardus,
1018 5761 1270 5822 tauquam
1290 5751 1358 5808 ah
1387 5746 1634 5823 imperito
1654 5764 1959 5811 correctore
1982 5769 2104 5824 pro-

2284 5759 2312 5800 !
2344 5746 2553 5824 δεηθῇς
2576 5764 2893 5821 exspectans.
2929 5755 3053 5823 Lyr.
3096 5750 3389 5824 etEbrul.,
3419 5746 3745 5821 exspectando.

546 5826 756 5876 laetam.
1468 5822 1475 5823 ί
1983 5822 2000 5824 “
2291 5830 2313 5858 ⁸
2340 5822 2667 5895 Concliens.,
2703 5825 2806 5878 iure
2834 5827 3061 5897 fecistis-
