3952 6182
258 302 369 323 ρ-ηφ

259 325 373 357 η.κόδ

1321 302 1595 362 REGULA
1637 294 2120 358 COMMENTATA.
2164 295 2319 361 CAP.
2358 294 2464 351 Vll.

3404 287 3509 347 57,5

338 417 621 477 Secundus
652 417 966 474 humilitatis
994 416 1191 490 gradus
1214 427 1320 485 est,
1347 420 1393 475 si
1421 419 1689 489 prapriam
1719 415 1837 486 quis

1977 438 2073 483 tta
2101 429 2340 484 remisisti
2379 427 2692 497 impietatem
2729 428 2900 483 cordis
2942 428 3039 483 mei
3067 435 3106 465 ⁸³
3133 423 3303 497 (Psal.
3337 424 3508 493 sui).

262 528 376 567 non
398 527 586 567 amans
609 512 961 577 voluntatem.
988 512 1255 569 desideria
1284 527 1380 567 sua
1410 526 1516 566 non
1544 511 1838 565 delectetur

262 603 528 671 implere:
560 602 655 658 sed
684 618 870 657 vocem
901 602 1045 658 illam
1102 604 1311 658 Domini
1367 602 1522 658 iactis
1570 603 1836 665 imitetur,

2010 522 2208 577 Sextus
2233 520 2544 576 humilitatis
2569 518 2768 590 gradus
2796 530 2899 584 est.
2929 518 2978 575 si
3020 519 3168 574 omni
3197 517 3403 572 vilitate
3427 515 3513 569 vel

1941 615 2279 671 extremitate
2327 622 2612 669 contentus
2656 614 2726 667 sit
2768 613 3092 677 monachus;
3122 620 3179 667 et
3220 610 3287 665 ad
3335 607 3515 665 omnia

263 695 536 751 dicentis:
567 695 689 749 Non
714 698 824 748 veni
852 697 1021 764 [acere
1042 697 1354 750 voluntatem
1386 711 1583 760 meam,
1612 694 1703 749 sed
1731 696 1842 764 ejus
1943 720 2064 774 ηιιω
2081 704 2182 760 sibi
2213 702 2585 774 iniunguntur,
2618 705 2776 775 199
2802 703 2944 757 νειυι
2984 700 3288 773 operarium
3320 699 3515 755 malum

263 790 357 857 qui
383 787 519 840 misit
549 803 630 840 me
657 785 836 857 (Joan.
863 789 960 857 Vl).
992 788 1123 845 Item
1154 790 1280 845 dicit
1304 789 1612 856 Scriptura:
1649 787 1843 842 Volun-

1978 805 1995 850 t
2027 795 2298 863 indignum
2327 810 2387 850 se
2410 794 2657 864 indicet,
2689 794 2877 850 dicens
2914 792 3012 849 sibi
3052 807 3171 849 cum
3206 792 3471 861 Propheta
3499 806 3516 845 :

268 888 351 931 tas
376 887 403 915 ιι
429 877 578 934 habet
600 894 821 949 pinnam,
856 890 904 934 et
932 882 1197 935 necessitas
1226 882 1360 948 parit
1381 896 1639 935 coronam.

345 971 560 1028 Tertius
612 973 928 1029 humilitatis
974 975 1169 1043 gradus
1213 982 1325 1045 est,
1354 983 1413 1029 ut
1454 975 1574 1045 quis
1616 987 1711 1043 pro
1750 971 1843 1027 Dei

267 1079 488 1130 amore,
522 1067 665 1120 omni
693 1066 996 1122 obedientia
1044 1082 1104 1122 se
1127 1066 1319 1122 subdat
1364 1064 1589 1135 majori,
1630 1063 1847 1118 imitans

268 1158 581 1225 Dominum,
616 1158 808 1227 dequo
834 1159 959 1214 dicit
982 1159 1305 1226 Apostolus:
1339 1156 1533 1213 Factus
1561 1167 1635 1213 est
1660 1154 1687 1195 ι’
1732 1157 1847 1211 obe-

270 1254 418 1306 diens
445 1266 604 1322 usque
628 1251 695 1304 ad
727 1260 936 1304 mortem
962 1248 1133 1317 (Phil.
1165 1253 1249 1317 tt).

344 1343 580 1410 Quartus
608 1342 919 1397 humilitatis
946 1342 1145 1411 gradus
1174 1353 1280 1407 est,
1304 1343 1350 1397 si
1373 1342 1425 1397 in
1457 1343 1570 1412 ipsa
1596 1341 1849 1396 obedien-

270 1434 344 1488 tia
374 1434 522 1487 duris
552 1434 707 1506 198
732 1443 785 1487 et
809 1433 1092 1489 contrariis
1123 1433 1305 1500 rebus,
1338 1435 1419 1489 vel
1443 1434 1602 1489 etiam
1630 1433 1851 1501 quibus-

272 1525 413 1579 libet
439 1526 690 1594 irrogatis
715 1525 958 1594 injuriis,
988 1526 1144 1581 tacita
1169 1526 1494 1580 conscientia
1543 1524 1849 1594 patientiam

270 1622 631 1687 amplectatur
649 1632 670 1659 ε
697 1638 710 1673 :
745 1631 797 1676 et
828 1620 1123 1683 sustinens,
1145 1636 1252 1675 non
1285 1620 1539 1675 lzissescat
1568 1619 1651 1673 vel
1679 1618 1855 1675 disce-

269 1712 408 1778 dat,
438 1712 650 1767 dicente
692 1711 966 1782 Scriptura
1001 1730 1015 1766 :
1050 1713 1151 1779 Qui
1181 1713 1569 1779 perseveraverit
1612 1726 1770 1775 usque
1798 1711 1853 1764 in

1946 888 2028 941 Ad
2058 889 2278 943 nihilum
2306 888 2540 942 redactus
2570 903 2700 949 sum,
2726 897 2773 941 et
2803 887 3027 941 nescivi:
3058 897 3115 941 ut
3126 889 3417 958 jumentnm
3446 884 3524 952 fa-

1948 993 2058 1035 ctus
2087 999 2199 1035 sum
2229 982 2370 1051 apud
2396 994 2463 1047 te,
2495 992 2543 1035 et
2572 996 2661 1051 ego
2689 995 2887 1048 semper
2917 988 3078 1033 tecum
3116 978 3290 1048 (Psal.
3334 978 3520 1043 usti).

2018 1073 2291 1143 Srplilnus
2340 1073 2658 1129 humilitatis
2704 1071 2900 1141 gradus
2920 1082 3035 1138 est,
3082 1072 3127 1127 si
3169 1070 3416 1127 omnibus
3462 1084 3522 1124 se

1949 1164 2256 1219 inferiorem
2305 1173 2359 1220 et
2400 1164 2677 1231 viliorem,
2719 1178 2828 1218 non
2859 1163 3032 1218 solum
3064 1176 3157 1217 sua
3192 1162 3368 1232 lingua
3398 1173 3523 1230 pro-

1951 1254 2189 1319 nuntiet,
2237 1254 2332 1309 sed
2383 1254 2545 1310 etiam
2601 1255 2791 1310 intimo
2839 1254 3017 1309 cordis
3068 1254 3252 1309 credat
3289 1252 3519 1321 allecto,

1953 1347 2241 1402 humilians
2271 1362 2365 1413 se,
2411 1356 2468 1402 et
2510 1347 2694 1401 dicens
2721 1361 2842 1401 cum
2873 1344 3141 1416 Propheta
3166 1361 3182 1399 :
3216 1342 3329 1415 Ego
3354 1356 3527 1397 autent

1950 1455 2066 1492 sum
2092 1438 2306 1500 vermis,
2336 1449 2383 1492 et
2430 1452 2533 1491 non
2573 1435 2723 1489 homo
2738 1453 2759 1507 q;
2789 1436 3116 1507 opprobrium
3166 1434 3428 1488 hominum
3480 1441 3528 1488 et

1954 1528 2170 1599 abjectio
2193 1526 2352 1596 plebis
2368 1527 2542 1595 (Psal.
2563 1526 2695 1596 ut);
2709 1527 2963 1581 exaltatus
2984 1541 3118 1590 sum,
3133 1534 3179 1578 et
3203 1524 3526 1589 humiliatus,

1957 1632 2003 1676 et
2022 1621 2263 1691 confusus
2283 1619 2455 1693 (Psal.
2475 1618 2732 1689 Lsxxvn).
2748 1619 2811 1673 Et
2835 1620 2960 1673 item
2981 1633 2994 1669 :
3016 1615 3213 1671 Bonum
3230 1616 3377 1684 mihi,
3395 1615 3530 1683 quod

1955 1713 2239 1769 humiliasti
2261 1730 2338 1769 me
2360 1755 2375 1779 ,
2411 1722 2467 1767 ut
2497 1714 2692 1767 discam
2718 1712 2964 1766 mandata
2994 1719 3086 1764 tua
3118 1708 3292 1778 (Psal.
3321 1710 3529 1780 csvm).

273 1806 454 1872 finem,
478 1804 563 1857 hic
586 1805 757 1859 saluus
775 1804 872 1858 erit
902 1802 1117 1876 (Matth.
1144 1802 1314 1872 xstv).
1336 1802 1493 1865 Item,
1524 1801 1851 1871 Confortetur
1879 1797 1927 1857 Β
2023 1808 2259 1864 Ocheus
2288 1806 2605 1863 humilitatis
2648 1805 2847 1875 gradus
2892 1814 3007 1871 εει,
3030 1803 3080 1860 εί
3101 1802 3231 1858 nihil
3269 1810 3391 1873 εδει
3413 1814 3530 1855 mo-

271 1913 366 1951 cor
392 1908 558 1963 tuum,
579 1908 629 1951 et
653 1897 844 1950 sustine
868 1894 1143 1949 Dominum
1177 1894 1350 1966 (Psal.
1385 1894 1551 1964 nrt).
1583 1894 1646 1948 Et
1672 1904 1852 1950 osten-

275 1991 420 2043 dens
450 1986 661 2042 ﬁdelem
689 1985 715 2023 ⁸
751 2002 847 2055 pro
877 1986 1103 2042 Domino
1134 1988 1376 2041 universa
1406 1988 1567 2040 etiam
1590 1983 1854 2040 contraria

273 2080 550 2134 sustinere
590 2077 824 2145 debere,
856 2078 988 2133 dicit
1015 2094 1080 2133 es
1115 2093 1340 2147 persona
1386 2077 1550 2133 etiam
1591 2076 1852 2132 sufferen-

274 2171 454 2223 tium:
489 2167 705 2241 Propter
752 2178 801 2223 te
842 2178 1004 2222 morte
1039 2177 1145 2222 tota
1182 2169 1265 2223 die
1301 2166 1589 2238 efﬁcimur:
1617 2166 1856 2223 estimati

274 2278 457 2315 sumus
484 2270 536 2314 ut
572 2276 685 2315 oves
713 2260 979 2314 occisionis
1008 2258 1178 2329 (Psal.
1213 2262 1382 2332 sum).

354 2352 423 2407 Et
450 2352 624 2407 securi
654 2351 724 2407 de
753 2364 849 2421 cpe
876 2351 1244 2407 retributionis
1270 2351 1491 2417 divinae,
1519 2350 1856 2421 subsequun-

277 2456 371 2500 tur
392 2444 705 2512 gaudentes,
733 2454 788 2497 et
816 2443 1058 2499 dicentes
1086 2463 1097 2495 :
1129 2444 1235 2499 Sed
1260 2445 1314 2497 in
1353 2444 1432 2496 his
1454 2443 1683 2498 omnibus
1711 2459 1857 2514 supe-

276 2554 489 2603 ramus,
521 2547 725 2608 pr0pter
748 2554 863 2590 eum
913 2538 1001 2606 qui
1052 2537 1233 2591 dilexit
1282 2552 1372 2591 nos
1403 2535 1581 2605 (Rom.
1618 2535 1758 2604 vttt).
1792 2535 1858 2589 Et

280 2628 412 2683 item
440 2630 547 2682 alia
578 2630 695 2683 loco
723 2628 1035 2697 Scriptura:
1068 2628 1304 2683 Probasti
1326 2643 1438 2694 nos,
1471 2628 1659 2697 inquit,
1686 2624 1858 2691 Deus;

278 2721 402 2788 igne
426 2734 520 2773 nos
535 2718 863 2783 examinasti,
887 2718 1017 2772 sicut
1042 2720 1157 2788 igne
1180 2726 1204 2755 °
1222 2717 1544 2772 examinatur
1561 2726 1860 2786 argentum;

278 2810 534 2864 induxisti
557 2826 647 2864 nos
670 2812 721 2863 in
741 2810 1007 2880 laqueum;
1027 2810 1242 2880 posuisti
1260 2809 1609 2864 tribulatiottes
1626 2811 1680 2863 in
1709 2812 1861 2863 dorso

282 2920 460 2959 nostro
485 2901 654 2974 (Psal.
690 2905 831 2971 ων).
871 2903 935 2957 Et
968 2912 1023 2957 ut
1047 2903 1291 2958 ostendat
1332 2904 1431 2958 sub
1456 2904 1631 2972 priore
1661 2902 1861 2958 debere

282 3010 385 3050 nos
413 3010 570 3060 esse,
602 2994 975 3066 subsequitur,
1006 2995 1189 3049 dicens
1230 3010 1249 3049 :
1289 2992 1587 3065 Imposuisti
1638 2996 1861 3051 homines

283 3107 441 3159 super
470 3091 639 3160 capita
662 3098 857 3143 nostra.
887 3088 993 3144 Sed
1024 3099 1076 3142 et
1106 3096 1428 3157 praeceptum
1456 3088 1665 3142 Domini
1694 3089 1747 3143 itt
1769 3087 1861 3142 ad-

1954 1899 2189 1964 nachus,
2222 1897 2327 1954 nisi
2368 1896 2512 1968 quod
2541 1896 2843 1952 communis
2867 1894 3178 1952 monasterii
3204 1894 3415 1965 regula,
3447 1891 3533 1949 vel

1954 1990 2221 2063 majorum
2253 1989 2602 2045 cohortantur
2629 1987 2896 2058 exempla.

2029 2082 2215 2139 Nonus
2248 2080 2565 2136 humilitatis
2600 2079 2796 2149 gradus
2837 2088 2949 2146 est,
3000 2079 3048 2133 si
3091 2077 3323 2146 linguam
3360 2074 3424 2130 ad
3448 2076 3535 2129 lo-

1955 2176 2227 2247 quendum
2280 2173 2564 2243 prohibeat
2610 2170 2945 2235 monachus;
3008 2178 3067 2224 et
3125 2167 3536 2222 taciturnitatem

1960 2267 2162 2323 habens
2213 2279 2379 2337 usque
2432 2263 2499 2318 ad
2553 2261 3024 2333 interrogationem
3084 2274 3189 2313 non
3250 2257 3535 2327 loquatur,

1959 2366 2293 2415 monstrante
2314 2355 2588 2424 Scriptura
2615 2369 2628 2405 :
2661 2350 2795 2420 Quia
2822 2351 2878 2403 in
2919 2348 3244 2417 multiloquio
3273 2362 3375 2399 non
3404 2344 3540 2409 e/fu-

1962 2451 2096 2519 gitur
2115 2458 2140 2485 ιι
2173 2458 2434 2518 peccatum
2465 2444 2649 2517 (Prov.
2678 2443 2754 2514 x).
2788 2443 2856 2500 Et
2879 2443 2999 2513 quia
3024 2443 3102 2495 vir
3125 2439 3393 2512 linguosus
3426 2453 3532 2491 non

1962 2540 2202 2609 dirigitur
2230 2554 2383 2608 super
2409 2545 2597 2592 terram
2616 2533 2789 2606 (Psal.
2816 2532 3064 2604 cxxxu).

2039 2630 2283 2688 Decimus
2304 2628 2617 2685 humilitatis
2644 2626 2840 2697 gradus
2866 2637 2979 2689 est,
3006 2624 3052 2679 si
3084 2636 3187 2677 non
3244 2622 3317 2676 sit
3365 2619 3539 2676 facilis

1965 2736 2028 2777 ac
2050 2729 2325 2790 proinptus
2353 2720 2405 2773 in
2447 2718 2589 2785 risu,
2637 2716 2759 2786 quia
2809 2715 3063 2782 scriptum
3104 2723 3222 2768 est:
3257 2709 3460 2769 Stultus
3489 2711 3544 2763 in

1963 2814 2073 2866 risu
2100 2821 2125 2847 °
2157 2808 2347 2865 exultat
2370 2818 2400 2860 Ρ
2427 2824 2598 2863 uocem
2624 2823 2767 2861 suam
2797 2804 2989 2876 (Eccli.
3021 2822 3107 2860 ut
3134 2811 3175 2873 ).

2042 2904 2367 2962 Undecimus
2392 2900 2708 2956 humilitatis
2732 2900 2929 2972 gradus
2960 2909 3081 2963 est,
3110 2898 3156 2952 si
3176 2912 3296 2953 cum
3313 2897 3545 2966 loquitur

1970 2997 2269 3053 monachus
2289 3035 2306 3060 ,
2336 2994 2529 3051 leuiter
2552 3002 2605 3048 et
2632 2993 2747 3046 sine
2778 2991 2885 3046 risu
2912 3031 2928 3055 ,
2959 2988 3229 3045 humiliter
3256 3003 3378 3044 cum
3418 3002 3544 3058 gra-

1973 3090 2170 3155 vitate,
2215 3087 2301 3143 vel
2324 3100 2486 3157 pauca
2509 3085 2719 3140 verhas
2748 3091 2803 3137 et
2827 3079 3164 3136 rationabilia
3193 3079 3461 3149 loquatur;
3490 3085 3547 3133 et

287 3184 461 3236 versis
482 3190 535 3235 et
570 3182 621 3234 in
653 3180 881 3249 injuriis,
908 3194 1003 3250 per
1029 3179 1338 3250 patientiam
1367 3179 1742 3251 adimplentes,
1772 3179 1861 3248 qui
1890 3198 1937 3263 ο
1971 3200 2078 3238 non
2102 3183 2172 3237 sit
2190 3181 2460 3237 clamosus
2480 3180 2532 3234 in
2554 3193 2688 3234 voce
2706 3216 2721 3241 ,
2745 3177 2885 3231 sicut
2906 3174 3164 3245 scriptum
3185 3182 3301 3229 est:
3328 3171 3546 3239 Sapiens

291 3270 540 3339 percussi
570 3271 622 3324 in
653 3270 922 3324 maxillam
957 3269 1003 3338 ί,
1038 3270 1276 3336 praebent
1304 3280 1359 3325 et
1384 3270 1432 3324 al
1455 3286 1576 3335 aut;
1603 3271 1866 3327 auferenti

288 3363 547 3427 tunicam,
574 3360 843 3415 dimittunt
865 3372 919 3416 et
952 3361 1165 3430 pallium
1195 3359 1409 3432 (Matth.
1432 3364 1521 3431 v):
1554 3362 1814 3432 angariati
1838 3372 1865 3410 κ

287 3454 576 3517 milli-ario,
627 3452 830 3506 vadunt
877 3461 932 3507 et
963 3452 1069 3505 duo
1124 3452 1145 3520 (
1206 3450 1335 3505 Ibid.
1417 3452 1473 3521 );
1526 3467 1646 3506 cum
1702 3452 1867 3507 Paulo

285 3543 536 3610 aposmlo
573 3541 733 3597 falsos
756 3540 946 3597 fratres
967 3540 1251 3601 sustinent,
1281 3550 1335 3595 et
1359 3540 1783 3609 persecutionem
1807 3539 1865 3596 δε

284 3647 346 3692 et
375 3635 750 3689 maledicentes
774 3647 832 3687 se
861 3632 1183 3687 benedicunt
1205 3628 1295 3702 (ll
1326 3632 1443 3687 Cor.
1473 3648 1555 3693 st,
1580 3632 1621 3696 I,
1647 3634 1741 3697 tv).

362 3727 590 3794 Quintus
620 3725 931 3779 humilitatis
952 3723 1147 3793 gradus
1174 3731 1281 3787 est,
1313 3724 1357 3778 si
1388 3739 1576 3779 omnes
1594 3726 1865 3797 cogitatio-

291 3835 389 3875 nes
417 3820 583 3873 malas
611 3818 759 3873 cordi
786 3832 883 3872 suo
917 3818 1292 3883 advenientes,
1328 3817 1409 3872 vel
1439 3819 1575 3873 mala
1604 3834 1635 3874 a
1666 3834 1723 3875 se
1749 3822 1869 3876 abs-

288 3929 456 3968 conse
480 3912 790 3981 commissa,
811 3929 903 3982 per
944 3912 1194 3966 humilem
1223 3911 1616 3968 confessionem
1644 3912 1821 3969 abbati
1848 3911 1865 3951 ί

292 4021 396 4058 non
425 4004 683 4058 celaverit
702 4018 819 4057 suo.
851 4003 1136 4058 llortaturi
1163 4018 1258 4057 nos
1282 4002 1350 4057 de
1374 4003 1471 4056 hac
1494 4018 1549 4057 re
1565 4002 1834 4072 Scriptura
1852 4044 1867 4066 ,

291 4095 476 4149 dicens
498 4093 561 4147 ιε
592 4094 778 4148 Revela
812 4093 1033 4148 Domino
1061 4095 1195 4147 uiam
1225 4105 1387 4157 tuam,
1413 4104 1461 4148 et
1489 4111 1639 4162 spera
1669 4097 1721 4149 in
1754 4112 1873 4149 eum

294 4189 467 4263 (Psal.
512 4188 723 4261 um).
755 4191 821 4244 Et
872 4188 999 4245 item
1047 4188 1178 4243 dicit
1212 4206 1225 4243 :
1258 4188 1585 4258 Conﬁtemini
1616 4188 1866 4255 Domino,

292 4285 535 4351 quoniam
560 4284 739 4348 bnnus,
761 4278 1001 4351 quoniam
1026 4282 1082 4335 in
1104 4281 1351 4336 saeculum
1382 4281 1732 4335 misericordia
1760 4284 1873 4351 ejus

296 4373 468 4445 (Psal.
495 4371 610 4440 cv).
645 4371 713 4426 Et
740 4372 870 4426 item
898 4370 1164 4441 Propheta
1194 4385 1209 4426 :
1233 4368 1490 4425 Delictum
1518 4387 1688 4425 meum
1709 4372 1874 4440 cogni-

293 4475 401 4519 tum
429 4464 526 4518 tibi
556 4464 680 4534 feci,
714 4472 764 4517 et
791 4463 1073 4534 injustitias
1118 4478 1257 4517 meas
1299 4479 1401 4516 non
1431 4462 1608 4530 operui
1636 4458 1679 4515 ι.
1709 4459 1832 4515 Dixi
1853 4479 1874 4517 :

292 4553 657 4612 Pronuntiabo
680 4558 951 4612 adversum
991 4570 1073 4609 me
1109 4555 1392 4625 injustitias
1428 4569 1569 4609 meas
1615 4553 1872 4623 Domino;

369 4825 598 4887 ‘Cassu
652 4826 850 4895 Regula
902 4825 1157 4895 Magistri,
1197 4824 1366 4889 Ποῖ..
1413 4822 1605 4887 Cone.,
1644 4821 1872 4887 Conch.,

299 4896 516 4965 Comp.,
549 4897 875 4963 Dunstanus,
905 4900 1159 4967 voluptas.

368 4967 397 5007 ι’
428 4963 605 5023 Oxon.
636 4977 689 5023 et
713 4968 801 5022 alii
836 4982 964 5024 mss.
991 4963 1193 5020 addunt
1219 4963 1386 5019 Patri.

375 5049 399 5078 ο
427 5041 629 5101 0son.,
671 5041 822 5093 tacite
870 5038 1227 5092 conscientiam
1278 5035 1633 5104 amplectatur.
1683 5036 1875 5105 Narb.,

307 5111 456 5163 tacite
482 5112 787 5164 conscientia
805 5108 1162 5180 amplectatur.
1191 5107 1362 5180 Flor.,
1382 5108 1548 5161 tacita:
1562 5110 1880 5180 conscientia

309 5182 604 5247 patientiam
629 5178 980 5250 amplectatur.
1007 5178 1217 5243 Sabim,
1266 5178 1421 5231 tacita
1455 5178 1761 5250 conscientia
1790 5195 1878 5247 per

311 5252 606 5322 patientiam
641 5248 993 5322 amplectatur.
1011 5250 1245 5322 Quidam
1294 5264 1426 5322 mss.
1472 5263 1591 5303 cum
1640 5248 1879 5322 editione

316 5320 595 5377 Parisiensi
629 5330 685 5377 et
720 5320 962 5377 Guidone
1002 5320 1280 5387 Juvenali,
1314 5320 1469 5373 tacita
1518 5321 1878 5374 conscientiam

317 5395 663 5461 amplectatur,
691 5392 893 5447 omisso
920 5391 1238 5461 patientiam,
1271 5390 1412 5456 quod
1438 5389 1597 5444 etiam
1626 5393 1878 5461 reprobat

322 5458 668 5530 ihldemarus,
699 5458 947 5518 asserens
975 5462 1197 5516 verbum
1225 5463 1502 5530 amplector
1537 5470 1641 5512 tam
1670 5460 1876 5515 servire

322 5531 489 5603 dativo
504 5535 648 5588 casui
670 5548 831 5603 quam
849 5532 1173 5597 accusativo,
1188 5540 1244 5586 et
1264 5532 1336 5585 ita
1359 5541 1502 5587 recte
1521 5530 1627 5585 dici
1640 5532 1877 5599 amplecti

321 5601 513 5681 injuriis
542 5601 702 5681 atque
726 5604 961 5674 amplecti
983 5603 1235 5673 injurias:
1258 5616 1422 5673 quare
1451 5615 1551 5659 nec
1577 5602 1877 5672 patientiam

321 5670 410 5743 hic
427 5670 780 5743 amplectitur.

384 5738 411 5779 ⁸
437 5738 617 5810 Narin,
645 5748 818 5813 ﬁdem.

399 5822 424 5857 ε
451 5820 606 5881 Deest
629 5822 682 5880 iu
710 5816 1024 5893 quibusdam
1053 5819 1189 5894 igne.

1970 3275 2135 3330 verbis
2189 3273 2457 3328 innotescit
2494 3270 2693 3342 paucis.

2049 3365 2413 3423 Duodecimus
2444 3361 2763 3419 humilitatis
2788 3358 2987 3430 gradus
3015 3367 3130 3422 est,
3173 3356 3218 3412 si
3245 3369 3350 3412 non
3372 3352 3544 3409 solum

1972 3457 2139 3515 corde
2169 3458 2467 3511 monachus
2488 3495 2506 3520 ,
2541 3452 2634 3507 sed
2665 3452 2826 3507 etiam
2858 3451 2973 3519 ipso
3006 3460 3235 3516 corpore
3276 3443 3549 3499 humilita-

1976 3562 2083 3608 tem
2106 3549 2415 3606 videntibus
2441 3560 2500 3602 se
2526 3558 2739 3611 semper
2758 3541 2983 3603 indicet;
3006 3540 3057 3592 id
3081 3547 3195 3604 est,
3227 3537 3281 3589 in
3319 3549 3480 3604 opere
3502 3542 3547 3596 τ,

1976 3646 2030 3699 in
2073 3640 2343 3705 oratorio,
2394 3637 2449 3692 in
2496 3635 2856 3699 monasterio,
2910 3632 2961 3685 in
3017 3630 3211 3693 horto,
3257 3626 3308 3681 in
3339 3626 3420 3678 via
3446 3663 3461 3683 .
3498 3625 3547 3675 in

1975 3751 2106 3807 agro
2132 3752 2146 3787 :
2197 3732 2283 3787 vel
2326 3730 2627 3798 ubicunque
2653 3726 2883 3790 sedens,
2913 3720 3224 3783 ambulans,
3255 3717 3336 3771 vel
3364 3724 3544 3782 stans,

1974 3827 2230 3882 inclinato
2270 3823 2337 3877 sit
2380 3833 2593 3889 semper
2628 3815 2836 3885 capite,
2866 3811 3058 3867 delixis
3090 3811 3141 3863 in
3172 3820 3366 3863 terram
3394 3818 3549 3873 aspe-

1975 3920 2151 3975 ctibus
2180 3957 2195 3983 ,
2227 3927 2377 3970 reum
2410 3927 2470 3967 se
2514 3910 2660 3965 omni
2694 3910 2824 3963 hora
2869 3907 2934 3959 de
2964 3903 3198 3976 peccatis
3234 3902 3345 3955 suis
3370 3898 3552 3953 existi-

1975 4007 2292 4079 mans,jam
2319 4020 2378 4059 se
2423 4002 2703 4057 tremendo
2745 3996 2950 4069 judicio
3000 3995 3136 4050 Dei'
3169 3989 3545 4060 repraesentari

1974 4100 2237 4163 restimet;
2268 4097 2452 4153 dicens
2498 4091 2601 4147 sibi
2650 4092 2705 4145 in
2740 4090 2903 4145 corde
2948 4100 3162 4156 semper
3209 4083 3375 4146 illud,
3407 4079 3552 4149 quod

1977 4190 2293 4263 publicanus
2320 4187 2411 4243 ille
2450 4183 2790 4255 evangelicus
2814 4221 2830 4248 ,
2866 4178 2986 4234 lixis
3015 4179 3070 4232 in
3118 4188 3312 4230 terram
3344 4172 3550 4239 oculis,

1975 4284 2149 4341 dixit:
2181 4281 2417 4349 Domine,
2452 4295 2554 4334 non
2579 4294 2694 4333 sum
2720 4277 2936 4348 dignus,
2966 4289 3060 4345 ego
3101 4280 3362 4343 peccator,
3395 4270 3555 4323 levare

1976 4377 2150 4430 oculos
2177 4389 2314 4427 nteos
2341 4373 2411 4425 ad
2449 4368 2601 4425 ctelos
2627 4364 2947 4439 (Lucum).
2971 4365 3036 4419 Et
3055 4365 3243 4418 iterum
3274 4376 3393 4416 cum
3420 4359 3550 4414 Pro-

1980 4467 2137 4537 pheta
2170 4482 2185 4519 :
2215 4462 2518 4518 lncuruatus
2566 4470 2614 4514 et
2665 4457 2963 4512 humiliatus
3030 4471 3145 4512 sum
3200 4464 3556 4524 usquequaque

1984 4553 2155 4626 (Psal.
2234 4567 2333 4609 cvn
2359 4552 2400 4623 ).

2060 4819 2077 4858 τ
2108 4821 2287 4887 Cass.,
2317 4822 2369 4875 in
2395 4819 2627 4874 maxilla.

2056 4900 2082 4961 κ
2114 4892 2281 4953 Flor.,
2308 4890 2616 4961 angarianti.

2058 4960 2084 4998 ¹ι
2114 4964 2201 5017 Al.
2232 4957 2445 5017 deest'et
2478 4957 2894 5025 persecutionem.

2060 5031 2075 5069 ί
2110 5034 2276 5097 Flor.,
2305 5032 2555 5085 abbatem.
2576 5069 2590 5083 .
2610 5070 2623 5083 .
2665 5042 2833 5082 suum.

2060 5104 2074 5153 ί
2117 5105 2222 5169 AL,
2252 5102 2498 5159 Hortaris.

2059 5173 2081 5211 "
2114 5176 2224 5240 AL,
2247 5175 2393 5229 dicit.

2066 5244 2078 5282 ¹
2112 5249 2223 5312 AL,
2247 5261 2348 5300 non
2375 5244 2637 5298 abscondi.

2054 5325 2092 5353 π’
2116 5318 2203 5385 ῨᾼΙ.
2217 5357 2231 5378 ,
2264 5317 2459 5385 peccati
2483 5315 2597 5367 mei.

2053 5396 2078 5423 '
2104 5381 2412 5457 Effugietur,
2437 5386 2564 5437 edit.
2596 5381 2823 5453 elfugies.

2054 5466 2078 5493 °
2108 5456 2286 5512 Oxon.
2317 5459 2370 5508 in
2398 5456 2578 5509 risum.

2055 5539 2082 5578 ρ
2112 5527 2274 5583 Narb.
2304 5528 2571 5582 exaltabit.

2055 5609 2083 5649 ⁸1
2113 5600 2271 5653 Deest
2299 5601 2351 5651 in
2388 5599 2559 5650 Oxon.
2585 5597 2754 5649 verba.

2058 5680 2079 5707 τ
2113 5670 2345 5733 Cassin.,
2380 5668 2546 5732 Flor”
2579 5666 3032 5735 Cunc.etquitlam
3052 5664 3161 5728 alii,
3193 5663 3243 5717 in
3267 5677 3413 5731 opere
3445 5660 3557 5716 Dei.

1988 5812 2036 5872 Β
2115 5740 2524 5811 Sabin.,judtcii
2545 5737 2648 5793 die.
2671 5736 2820 5793 Cass.
2848 5750 2900 5793 ct
2928 5736 3333 5805 lt‘lor.,judicio,
3365 5735 3563 5789 otuisw

2038 5830 2106 5871 et.

2038 5830 2106 5871 οι.
