3952 6182
442 246 545 273 νον

443 272 544 299 οι.)

1692 236 1705 258 ⁵
1779 249 1839 305 s.
1880 250 1937 303 ιι.
1983 247 2336 304 BENEDlCTt

3582 249 3689 303 576

516 365 675 434 200
700 364 836 434 Ergo
859 365 942 420 bis
963 366 1210 420 omnibus
1229 365 1540 420 humilitatis
1556 364 1809 435 gradibus
1823 380 2017 419 ascen-
2048 368 2099 427 Α
2124 368 2338 436 incipiet
2361 365 2661 431 custodire;
2712 380 2821 421 non
2869 364 2978 437 jam
3029 366 3221 421 timore
3271 366 3559 439 gehennae,
3589 367 3687 421 sed

441 459 537 519 sis.
555 460 845 515 monachus
860 475 979 514 mox
994 460 1059 513 ad
1075 461 1391 515 charitatem
1412 460 1501 514 Dei
1523 469 1547 496 ει
1562 459 1835 529 perveniet
1848 460 2013 524 illam,

438 566 559 617 qua:
585 552 814 619 perlecta
845 549 990 605 foras
1017 551 1043 589 δ
1070 552 1233 606 mittit
1258 552 1505 607 timorem
1530 569 1544 604 :
1579 566 1674 620 per
1710 565 1869 619 quam
1899 551 2019 604 uni-

443 656 629 706 versa,
660 657 780 711 qua:
812 643 958 710 prius
1011 660 1118 698 non
1170 644 1287 699 sine
1336 644 1621 699 formidine
1665 644 2014 706 observabat,

439 736 641 806 absque
661 737 771 791 ullo
793 736 977 792 labore
997 738 1142 791 velut
1167 737 1482 792 naturaliter
1501 752 1564 791 ex
1589 735 1974 790 consuetudine
1990 744 2015 772 ε

507 898 532 959 ἐι
561 889 719 943 Deest
748 890 887 959 apud
914 890 1055 944 llild.
1091 888 1206 944 Dei.

504 958 532 997 δ
559 962 669 1025 ΑΙ.,
699 963 845 1030 foris.

2119 472 2300 512 amore
2339 457 2539 511 Christi
2573 465 2629 511 et
2647 458 3033 512 consuetudine
3073 459 3182 526 ipsa
3213 459 3350 512 bona
3374 467 3428 512 ct
3450 459 3690 513 defece-t-

2120 551 2261 605 tione
2288 551 2314 586 ά
2341 551 2623 614 virtutum,
2666 565 2784 619 qua:
2821 550 3077 604 Dominus
3123 550 3234 621 jam
3290 552 3342 604 in
3384 551 3689 619 operarium

2117 657 2269 694 suum
2326 640 2578 694 mundum
2630 654 2659 693 a
2705 641 2847 695 vitiis
2886 650 2941 695 et
2987 642 3246 710 peccatis,
3275 640 3472 710 Spiritu
3502 651 3695 695 sancto

2119 732 2422 803 dignabitur
2473 731 2862 786 demonstrare.

2195 897 2215 923 ο
2248 886 2412 940 Cone.
2444 896 2498 937 et
2524 884 2688 944 Flor.
2716 897 2761 939 et
2785 888 3161 941 consuetudine.

2188 955 2212 992 ἀ
2248 956 2385 1010 Hild.
2413 957 2700 1010 dilectione.

1751 1182 2399 1247 COMMENTARIUS.

505 1337 616 1390 lloc
647 1346 805 1404 caput
830 1378 843 1397 ,
876 1334 1015 1403 quod
1042 1334 1098 1389 S.
1129 1333 1446 1388 Benedictus
1476 1332 1746 1404 subjungjt
1769 1329 2008 1404 silentio,

436 1401 727 1474 Propheta!
768 1401 981 1461 secutus
1027 1406 1354 1472 exemplum,
1398 1405 1485 1472 qui
1530 1403 1639 1457 ait:
1677 1401 1916 1455 Obmutui
1943 1411 2016 1474 _et

437 1472 737 1530 humiliatus
764 1493 877 1529 sum
899 1518 914 1540 ,
946 1484 1146 1543 quanto
1176 1474 1312 1542 apud
1339 1485 1550 1529 veteres
1574 1476 1731 1527 fuerit
1753 1474 1803 1525 in
1825 1472 2011 1538 pretio,

434 1549 631 1601 exinde
673 1556 851 1614 patet.
902 1546 1043 1613 quod
1090 1556 1143 1599 et
1184 1546 1240 1600 S.
1278 1547 1511 1599 Donatus
1553 1556 1609 1598 et
1642 1544 1885 1614 Magister
1904 1544 2016 1596 suis

440 1620 493 1670 in
524 1613 746 1684 [tegulis
782 1617 906 1671 illud
940 1619 1202 1684 integrum
1234 1617 1590 1679 inscruerint;
1627 1613 1766 1683 quod
1792 1628 2013 1667 venera-

430 1687 558 1741 bilis
596 1684 916 1742 Benedictus
965 1688 1241 1740 Cluscnsis
1290 1687 1346 1741 S.
1391 1685 1661 1739 Michaelis
1708 1684 2013 1737 monasti-rii

433 1761 631 1813 saeculo
678 1776 726 1813 xi
768 1760 932 1813 abbas
981 1758 1107 1811 illud
1163 1776 1180 1807 t
1245 1768 1301 1809 ut
1330 1760 1691 1827 unusquisque
1746 1754 2012 1827 utetuorize

430 1830 842 1884 commendaret
890 1829 1265 1894 persuaderet,
1303 1826 1497 1881 dicens
1531 1827 1724 1881 ibidem
1756 1826 2009 1879 virtutum

434 1916 699 1953 summam
750 1910 1030 1965 constare,
1076 1898 1216 1952 unde
1245 1899 1362 1967 quis
1391 1899 1541 1952 facile
1569 1908 1726 1958 queat
1757 1896 1820 1949 ad
1852 1895 2009 1949 celsi-

437 1971 674 2023 tudinem
720 1973 991 2025 rtelesteut
1037 1970 1328 2032 scandere,
1375 1989 1391 2018 ι
1429 1979 1563 2022 teste
1591 1967 1864 2021 Willeltno
1893 1966 2008 2030 ejus

435 2043 719 2109 discipulo;
746 2042 883 2111 quod
920 2041 973 2111 in
1006 2041 1162 2107 pleno
1190 2040 1413 2093 concilio
1434 2041 1698 2093 tiarisiaco
1720 2052 1858 2111 anno
1879 2038 2000 2111 858,

435 2108 787 2179 prmsentibus
838 2112 895 2166 S.
936 2110 1149 2165 C-irileﬁ
1194 2111 1470 2163 monachis
1500 2112 1691 2163 lcetum
1719 2108 1909 2179 sit,iut
1938 2109 2003 2161 ad

434 2178 711 2237 meliorem
746 2182 950 2251 frugem
977 2181 1385 2245 reducerentur;
1414 2181 1642 2248 denique
1664 2179 1803 2248 quod
1829 2178 2003 2233 Grini-

435 2253 601 2308 laicus
633 2262 910 2320 postquam
943 2252 1105 2307 multa
1138 2252 1205 2303 de
1244 2252 1541 2305 humilitate
1571 2252 1622 2304 in
1652 2251 2007 2320 solitariorum

435 2318 643 2390 Regula
664 2318 956 2385 disseruit,
1008 2324 1085 2375 sic
1135 2321 1347 2376 tandem
1380 2321 1700 2376 etincluserit
1730 2338 1741 2371 :
1785 2338 1803 2370 ‹
1838 2318 1891 2374 Si
1924 2321 2009 2375 cui

432 2393 502 2448 de
532 2394 829 2449 humilitate
857 2394 1016 2447 altius
1040 2393 1257 2447 libuerit
1282 2392 1634 2460 perscrutari,
1664 2390 1731 2444 ad
1752 2390 2009 2460 Regulam

433 2464 493 2518 S.
532 2465 803 2519 Benedicti
838 2473 1147 2533 percurrat,
1182 2462 1359 2532 ibique
1387 2463 1668 2517 duodecim
1699 2463 2011 2533 hutnilita_tis

428 2536 632 2606 gradus
688 2530 1172 2590 satis'luculenter
1226 2530 1499 2603 expositos
1555 2533 1807 2606 inveniet.
1848 2530 2011 2606 t_Est

429 2604 609 2660 autem
656 2605 925 2658 humilitas
968 2608 1173 2669 virtus,
1206 2619 1307 2673 qua
1357 2607 1474 2673 quis
1508 2605 1784 2657 verissima
1813 2604 1893 2657 sui
1921 2618 2011 2657 eo-

432 2677 672 2741 gnitione
697 2676 794 2729 sibi
827 2676 924 2742 ipsi
956 2675 1201 2733 vilescit.
1233 2675 1376 2740 sive,
1410 2687 1467 2728 ut
1495 2678 1689 2729 citatus
1717 2690 1745 2725 a
1783 2673 2009 2727 Boherio

431 2747 493 2800 S.
530 2748 855 2814 Augustinus
902 2748 1013 2800 ait:
1055 2765 1073 2796 ι
1119 2746 1326 2805 Virtus.
1362 2761 1640 2813 perquam
1689 2745 1901 2799 animus
1955 2747 2007 2798 in

434 2816 583 2870 nullo
607 2833 663 2871 se
684 2817 943 2879 eﬁ'erens,
977 2816 1213 2884 nihilque
1245 2817 1365 2870 boni
1391 2817 1488 2870 sibi
1514 2815 1821 2881 ascribens,
1855 2824 2009 2869 exte-

432 2889 542 2940 rius
574 2888 731 2941 etiam
755 2888 945 2956 dejecti
980 2886 1191 2953 praefert
1223 2886 1479 2940 habitum.
1507 2905 1526 2937 ι

504 2958 705 3010 Clamat
735 2955 875 3011 nobis
894 2958 1066 3010 divina
1086 2957 1375 3023 Scriptura,
1404 2956 1631 3027 fratres]
1647 2955 1873 3017 Clamat,
1902 2972 2007 3010 non

432 3029 745 3093 simpliciter
772 3030 999 3081 admone
1040 3046 1055 3089 ;
1089 3028 1278 3081 surdos
1322 3028 1464 3081 enim
1506 3034 1726 3081 noverat
1764 3027 2008 3080 homines
2058 3070 2059 3073 η

433 3098 499 3152 ad
535 3099 845 3153 humilitatis
872 3098 1257 3167 etalijertionis
1287 3098 1755 3165 praedicationem,
1787 3114 1920 3167 quos
1942 3100 2007 3151 ad

429 3170 540 3223 alta
570 3185 784 3238 semper
808 3170 928 3222 ferri
954 3164 1119 3239 probe
1145 3164 1368 3239 sciebat.

505 3239 609 3303 Qui
635 3236 901 3294 serexallat
925 3236 1321 3310 Itumiliabitun]
1347 3239 1412 3294 Ut
1429 3236 1680 3305 praeclara
1700 3238 1796 3310 bac
1817 3240 2004 3300 simili-

429 3311 620 3363 tudine
645 3311 875 3377 explicat
895 3310 949 3364 S.
970 3309 1511 3380 Augustinus'(Serm.
1546 3310 1638 3372 2‘2,
1661 3311 1725 3362 de
1753 3309 2005 3373 8οι·ἱρ1.);

432 3398 452 3431 t
492 3380 643 3436 Sicut
686 3381 866 3436 deficit
908 3380 1085 3434 fumus
1129 3381 1401 3435 deficiant.
1452 3380 1551 3446 Qui
1584 3382 1822 3447 suntqui
1872 3383 2010 3433 sicut

430 3452 607 3506 fumus
650 3452 909 3506 deﬁciunt
934 3494 948 3512 .
998 3452 1098 3505 nisi
1146 3452 1363 3519 superbi
1402 3468 1504 3504 non
1538 3450 1853 3506 conﬁtentes
1886 3467 2006 3519 pet:-

2125 1340 2248 1382 esse
2279 1326 2541 1396 superbiat
2584 1339 2813 1396 genera,
2865 1338 2918 1382 et
2948 1344 3133 1383 revera
3163 1345 3387 1397 quatuor
3416 1334 3697 1395 assignare

2125 1397 2548 1470 videturdoctgr
2592 1398 2874 1452 mellilluus
2920 1401 2999 1453 liis
3045 1402 3221 1455 verbis
3265 1400 3456 1470 (Serm.
3500 1404 3591 1467 47,
3627 1409 3695 1459 de

2120 1466 2346 1539 Divers.)
2376 1484 2387 1519 :
2426 1486 2444 1518 ι
2479 1467 2570 1522 Est
2608 1470 2855 1535 superbia
2900 1470 3105 1534 cordis,
3138 1466 3383 1539 superbia
3413 1473 3522 1528 oris
3547 1516 3559 1532 .
3604 1491 3696 1528 su-

2120 1538 2297 1607 perbia
2344 1542 2522 1606 operis
2543 1579 2558 1601 ,
2600 1554 2653 1592 et
2680 1541 2929 1607 superbia
2962 1538 3482 1609 habitus.Superbia
3511 1549 3694 1601 cordis

2119 1618 2222 1675 est,
2256 1609 2466 1678 quando
2498 1611 2655 1662 homo
2685 1611 2734 1662 iu
2771 1614 2941 1664 oculis
2973 1614 3082 1663 suis
3118 1628 3338 1680 magnus
3365 1625 3471 1675 est,
3506 1629 3695 1672 contra

2118 1694 2274 1748 quam
2327 1680 2550 1747 Sapiens
2604 1691 2722 1734 orat
2763 1682 2984 1734 dict'ns:
3023 1682 3385 1735 Extoflentiam
3418 1688 3688 1740 oculorum

2116 1767 2343 1826 meorum
2374 1768 2459 1826 ne_
2482 1753 2684 1826 dederis
2722 1751 2841 1826 mihi
2867 1769 2885 1816 ;
2927 1764 2983 1826 et
3006 1754 3128 1808 al'bi
3156 1771 3169 1806 :
3212 1753 3300 1807 Va:
3322 1756 3408 1820 qui
3435 1758 3694 1826 sapientes

2114 1824 2231 1896 estis
2263 1823 2315 1874 in
2344 1820 2507 1896 oculis
2534 1824 2731 1896 uestris.
2764 1822 3019 1891 Superbia
3049 1829 3159 1879 oris
3190 1827 3268 1877 vel
3304 1820 3535 1896 linguai",
3567 1846 3693 1895 qua:

2114 1903 2167 1948 et
2213 1892 2464 1959 jactatttia
2514 1893 2728 1959 dicitur,
2781 1906 2864 1945 est
2920 1896 3131 1962 quando
3162 1896 3319 1948 homo
3371 1892 3472 1948 non
3516 1892 3694 1953 solum

2114 1979 2303 2033 magna
2332 1969 2395 2033 de
2418 1978 2474 2015 se
2502 1964 2682 2023 sentit,
2711 1964 2801 2017 ειιιι
2827 1965 2985 2017 etiam
3012 1965 3275 2032 loquitur;
3302 1968 3439 2021 unde
3466 1978 3517 2020 et
3542 1970 3697 2022 Psal-

2111 2032 2267 2089 tnis’ta
2298 2052 2311 2086 :
2350 2032 2625 2102 Disperdat
2656 2034 2904 2087 Dominus
2936 2036 3169 2088 universa
3213 2038 3350 2090 labia
3397 2040 3608 2103 dolosa,
3644 2052 3698 2094 et

2109 2104 2338 2179 linguam
2364 2104 2756 2179 mugniloquatn.
2782 2107 3037 2179 Superbia
3080 2110 3259 2175 operis
3306 2119 3386 2162 est
3412 2149 3427 2173 ,
3471 2116 3688 2179 quando

2119 2176 2278 2251 homo
2293 2176 2541 2251 exteriori
2565 2176 2788 2251 quadam
2809 2177 3076 2251 superbia,
3096 2189 3151 2232 ut
3169 2194 3388 2251 magnus
3412 2176 3692 2251 appareat,

2114 2248 2251 2317 agit,
2284 2248 2349 2300 de
2382 2261 2483 2314 qua
2531 2246 2666 2299 idem
2717 2245 2813 2300 Psa
2843 2260 2994 2300 ll)!Sla
3028 2249 3141 2302 ait:
3193 2245 3311 2301 Non
3359 2245 3596 2305 habitabit
3643 2245 3699 2306 in

2112 2318 2279 2389 medio
2328 2318 2507 2370 domus
2557 2333 2709 2389 mete,
2762 2319 2848 2383 qui
2894 2318 3014 2384 facit
3062 2321 3369 2388 superbiam.
3422 2322 3694 2389 Superbia

2114 2388 2331 2460 habitus
2362 2397 2484 2449 est,
2513 2387 2726 2455 quando
2776 2389 2934 2443 homo
2989 2397 3047 2443 ut
3103 2387 3367 2460 gloriosus
3419 2387 3694 2458 videatur,

2115 2459 2365 2527 pretiosis
2393 2472 2450 2512 se
2479 2468 2635 2511 ornat
2678 2460 2945 2525 vestibus;
2992 2459 3129 2512 unde
3184 2461 3380 2515 Paulus
3412 2480 3426 2514 :
3462 2463 3581 2516 Non
3638 2469 3696 2517 in

2112 2543 2241 2584 ueste
2264 2531 2512 2597 pretiosa;
2540 2541 2593 2582 et
2622 2530 2878 2583 Dominus
2906 2548 2916 2581 :
2948 2530 3047 2594 Qui
3070 2533 3120 2582 in
3147 2534 3383 2586 mollibus
3406 2538 3698 2588 vestiuntur

2112 2602 2164 2653 in
2194 2601 2425 2653 domibus
2451 2616 2625 2668 regunt
2652 2610 2798 2668 sunt,
2835 2601 2921 2653 ubi
2953 2604 3196 2668 superbia
3226 2603 3481 2657 abundat.
3520 2626 3536 2655 ι

2182 2671 2445 2738 Superbia
2481 2682 2655 2723 autem
2683 2687 2800 2742 qua:
2831 2672 3086 2725 Cassiano
3114 2682 3195 2726 est
3228 2691 3246 2722 t
3287 2677 3573 2728 szrvissitna
3599 2676 3696 2729 be-

2112 2743 2236 2813 stia,
2270 2753 2323 2796 et
2347 2743 2714 2809 superioribus
2739 2744 2943 2797 cunctis
2973 2743 3137 2813 (vitiis
3161 2746 3226 2797 de
3250 2745 3444 2810 quibus
3478 2748 3693 2801 locutus

2113 2812 2305 2881 fuerat)
2330 2812 2631 2885 immanior,
2664 2819 2919 2885 perlecms
2948 2814 3175 2868 maxime
3209 2825 3434 2871 tentatts.
3481 2829 3532 2872 et
3561 2834 3694 2885 pro-

2114 2885 2396 2950 pemodum
2426 2884 2533 2951 jaui
2591 2883 2791 2951 po~itos
2840 2885 2890 2936 in
2935 2889 3395 2939 consummatione
3420 2883 3688 2942 virtutum

2112 2968 2289 3006 morsu
2342 2954 2538 3006 diriore
2564 2956 2892 3022 depascens,
2921 2974 2937 3005 ι
2972 2971 2999 3005 a
3031 2958 3195 3009 verbo
3222 2973 3432 3022 superet:
3459 2958 3689 3024 dicitur,

2111 3032 2167 3076 ut
2196 3024 2472 3099 superbire
2505 3024 2645 3099 idem
2678 3028 2747 3078 sit
2773 3042 2835 3078 ac
2866 3042 3015 3091 super
3040 3041 3098 3099 se
3119 3066 3141 3099 ,ν
3159 3044 3312 3091 super
3332 3029 3470 3081 alios
3492 3071 3505 3092 ,
3529 3046 3696 3099 super

2111 3109 2413 3168 ttiettsuram
2440 3095 2671 3148 debitam
2712 3098 2815 3159 ire;
2860 3099 2999 3150 unde
3041 3097 3099 3151 S.
3130 3098 3359 3152 Isidorus
3392 3098 3493 3168 (De
3522 3095 3688 3155 sum.

2114 3163 2299 3231 Bono.,
2335 3182 2449 3241 (ap.
2483 3167 2609 3241 38):
2646 3186 2663 3217 t
2694 3167 2964 3230 Superbus
2988 3210 3003 3231 ,
3034 3169 3222 3234 inquit,
3250 3163 3430 3241 dictus
3458 3182 3557 3227 est,
3587 3173 3693 3241 qui

2111 3252 2273 3311 super
2319 3237 2429 3311 vult
2482 3238 2646 3292 videri
2695 3254 2851 3308 quam
2910 3248 3030 3292 est:
3062 3241 3147 3305 qui
3176 3240 3316 3294 enim
3350 3242 3462 3294 vult
3492 3237 3696 3311 super-

2108 3307 2255 3375 gredi
2289 3307 2427 3375 quod
2460 3320 2563 3369 est,
2605 3307 2865 3376 superbus
2895 3321 2996 3363 est.
3021 3329 3041 3361 ι

2183 3378 2329 3453 Quod
2359 3394 2415 3453 se,
2436 3394 2607 3453 cauere
2639 3379 2895 3453 Propheta
2935 3381 3161 3453 indicat,
3210 3382 3382 3434 dicens
3405 3424 3421 3445 ,
3450 3381 3580 3453 etc.]
3610 3383 3693 3438 Ut.

2110 3464 2209 3502 nos
2238 3449 2551 3523 humilitatis
2581 3453 2729 3523 sequi
2767 3451 2984 3523 vestigia
3007 3491 3021 3515 ,
3054 3452 3466 3523 superbiamque
3498 3449 3692 3523 fug'ere

424 3530 543 3575 cata
562 3537 670 3596 sua
700 3564 716 3587 ,
748 3523 841 3596 sed
873 3520 1259 3577 defendentes?
1306 3523 1480 3596 Quare
1540 3521 1685 3574 fumo
1712 3523 2003 3596 comparati
2035 3534 2080 3596 (ς
2115 3520 2477 3596 persuaderet,
2528 3521 2593 3574 ad
2631 3522 2834 3596 _L’bristi
2889 3522 3353 3596 cotntnittationetn
3400 3520 3692 3590 Proiiliette

425 3593 582 3645 sont?
613 3592 747 3659 Quia
785 3592 960 3648 fumus
988 3596 1142 3662 erigit
1170 3607 1257 3658 se,
1290 3593 1504 3647 extollit
1558 3606 1617 3645 se
1669 3600 1917 3661 tanquam
1945 3593 2000 3646 in

427 3665 622 3718 caelum
644 3705 659 3729 ,
694 3665 786 3719 sed
836 3674 1036 3730 quanto
1071 3668 1128 3716 tit
1156 3664 1421 3731 superior,
1468 3672 1616 3716 tanto
1646 3663 1850 3717 facilius
1876 3679 2001 3719 eva-

425 3735 597 3789 nescit
616 3746 671 3789 et
694 3737 938 3805 disperit.
967 3738 1171 3788 llursus
1201 3735 1537 3789 considerate
1566 3737 1704 3801 q'tol
1733 3734 1840 3787 dixi
1869 3752 1879 3785 :
1914 3750 1999 3787 so-

423 3804 586 3858 lidior
616 3819 695 3859 est
727 3804 897 3859 fumus
929 3808 1032 3875 igni
1060 3806 1331 3873 proximus
1354 3850 1367 3872 ,
1414 3814 1465 3859 et
1498 3814 1655 3857 terrae
1684 3807 1962 3870 proximus
1983 3845 1999 3867 ,

423 3876 660 3929 umidum
686 3878 766 3929 sic
791 3878 1096 3940 evanescit,
1128 3877 1361 3930 nondum
1396 3879 1473 3928 sic
1500 3875 1656 3945 201
1686 3884 1766 3928 est
1798 3876 2001 3943 disper-

422 3958 517 3999 sus
549 3947 599 4000 in
632 3956 859 4001 ventos:
893 3949 1108 4016 quando
1137 3955 1314 4001 autem
1348 3954 1678 4009 attenuatnr,
1708 3947 1997 4010 evanescit,

420 4026 476 4068 et
511 4017 777 4084 disperit?
810 4019 1024 4087 quando
1052 4034 1111 4071 se
1143 4018 1365 4071 tnultttm
1400 4017 1670 4070 extulerit.
1698 4016 1829 4082 Quia
1875 4033 2001 4086 ergo

421 4090 690 4153 superbus
729 4089 807 4142 sic
851 4103 909 4142 se
940 4089 1096 4156 erigit
1127 4096 1310 4141 contra
1340 4088 1505 4141 Deum
1535 4088 1803 4156 quomodo
1826 4088 2000 4141 {uinus

420 4166 613 4211 contra
642 4158 867 4220 caelum,
898 4168 1063 4211 restat
1098 4169 1151 4211 ut
1183 4159 1253 4211 ita
1305 4158 1535 4218 deficiat,
1567 4170 1624 4210 ιιι
1655 4167 1901 4225 tanquam
1947 4160 1997 4211 in

420 4232 613 4282 ventos
673 4243 783 4282 sua:
840 4228 1085 4282 vanitatis
1138 4230 1367 4282 elatione
1415 4230 1700 4295 dissipatus
1752 4229 1997 4293 intereat,

419 4297 873 4361 quemadmodum
915 4300 1142 4368 disperit
1187 4299 1361 4353 fumus
1409 4300 1579 4354 elatus
1623 4300 1818 4351 tumida
1844 4340 1860 4361 ρ
1894 4316 1997 4353 non

417 4368 591 4421 solida
617 4409 635 4436 ,
685 4369 1050 4438 magnitudine
1100 4370 1337 4424 inﬂatus.
1380 4369 1469 4425 Sic
1496 4379 1579 4424 est
1607 4370 1747 4423 enim
1781 4371 1956 4424 fumus
1983 4388 1994 4422 :

420 4438 574 4491 vides
621 4454 862 4509 magnam
898 4441 1121 4503 molem,
1158 4439 1325 4493 habes
1352 4442 1501 4509 quasi
1531 4440 1668 4509 quod
1704 4441 1913 4506 videas,
1945 4453 1998 4495 et

419 4522 527 4561 non
559 4510 726 4563 babes
756 4511 896 4578 quod
940 4522 1142 4566 teneas.
1184 4530 1203 4561 ι
1259 4510 1537 4577 Quomodo
1589 4522 1767 4565 autem
1823 4511 1997 4565 humi—

418 4578 623 4650 lientur
649 4596 737 4649 qm
769 4597 827 4634 se
854 4583 1123 4647 exaltant,
1158 4591 1212 4635 et
1236 4582 1467 4635 vicissim
1498 4584 1796 4636 exalteiuur
1818 4585 1905 4650 qui
1939 4597 1998 4635 se

417 4649 733 4717 ltumiliant,
786 4652 1128 4707 Ilildemarus
1154 4662 1208 4706 et
1245 4664 1364 4718 post
1390 4667 1511 4706 eum
1544 4649 1843 4706 Bernat‘dus
1870 4655 1997 4706 (las-

417 4721 650 4794 sinensis
683 4724 754 4776 ita
786 4723 1113 4794 intelligunt,
1144 4732 1199 4794 ut
1220 4724 1308 4790 qui
1341 4730 1438 4777 hoc
1470 4725 1519 4776 in
1551 4725 1746 4776 saeculo
1772 4739 1831 4778 se
1851 4725 1996 4777 exal-

416 4800 575 4856 tant,
634 4792 982 4848 bumilientur
1034 4796 1086 4848 in
1142 4793 1355 4857 futuro;
1407 4802 1462 4848 et
1495 4794 1730 4847 vicissim
1766 4812 1778 4847 :
1813 4809 1994 4849 verum

417 4877 526 4913 non
580 4863 752 4934 solum
786 4865 837 4917 in
871 4865 1049 4918 futuro
1075 4909 1089 4934 ,
1142 4864 1234 4919 sed
1269 4868 1429 4919 etiam
1484 4867 1533 4917 itt
1576 4866 1821 4933 przesenti
1857 4865 1995 4920 Deus

2111 3589 2385 3658 subjnngit
2434 3593 2770 3660 exemplum,
2803 3592 2870 3645 de
2898 3605 2955 3645 se
2984 3592 3246 3646 dicentis:
3282 3594 3425 3645 Domi
3449 3612 3525 3659 te,
3575 3613 3692 3649 non

2105 3671 2179 3713 est
2208 3661 2485 3713 exaltatum
2513 3677 2602 3714 cor
2628 3678 2825 3727 meum,
2853 3678 2958 3717 etc.
2992 3664 3195 3729 Quibus
3238 3665 3445 3729 verbis,
3491 3676 3543 3719 ut
3589 3668 3695 3720 oli-

2107 3739 2288 3786 servat
2343 3731 2649 3786 Bernardus
2704 3732 3068 3791 (ἔθεείιιι-ιιμὶε.
3128 3735 3387 3800 duplicem
3446 3736 3699 3791 declarat

2113 3802 2309 3875 habere
2338 3816 2397 3854 se
2426 3800 2776 3875 humilitatem
2807 3821 2819 3855 :
2851 3806 3155 3858 interiorem
3187 3807 3341 3875 202
3366 3821 3485 3858 cum
3516 3810 3651 3861 dicit
3675 3825 3694 3861 :

2110 3870 2232 3925 Non
2253 3881 2323 3925 est
2350 3872 2626 3925 exaltatum
2652 3890 2739 3926 cor
2770 3891 2968 3939 meum;
2996 3870 3471 3930 externi—revni—cum
3502 3878 3651 3929 addit
3677 3897 3695 3933 :

2107 3941 2287 4012 Neque
2314 3943 2431 3996 elati
2458 3953 2573 3996 sunt
2602 3946 2738 3997 oculi
2768 3946 2894 4007 mei,
2929 3955 3031 3999 etc.
3076 3947 3227 4009 Quod
3276 3962 3338 4000 ex
3391 3949 3697 4011 Smaragdn

2107 4024 2189 4067 est
2244 4015 2471 4069 dicere:
2528 4032 2547 4065 ι
2580 4014 2720 4069 Nihil
2773 4017 2906 4069 meis
2963 4019 3170 4069 meritis
3224 4020 3495 4085 reputavi.
3548 4020 3693 4075 nihil

2105 4086 2342 4137 scientia:
2376 4099 2507 4138 mea:
2534 4085 2769 4149 contuli;
2817 4086 2909 4140 sed
2960 4086 3001 4138 si
3053 4088 3252 4155 aliquid
3303 4089 3424 4141 boni
3480 4090 3691 4155 habui,

2109 4164 2275 4208 totum
2307 4156 2491 4226 glorize
2527 4157 2617 4211 Dei
2667 4158 2825 4221 dedi;
2886 4156 3029 4211 nolui
3062 4160 3209 4225 quasi
3243 4161 3499 4212 mirabilis
3527 4163 3693 4214 inno-

2107 4234 2313 4280 tescere
2343 4227 2675 4295 hominibus,
2709 4243 2807 4281 nec
2832 4228 3054 4296 qumsivi
3105 4228 3303 4297 aliquid
3346 4245 3505 4295 Super
3537 4233 3693 4287 vires

2106 4311 2286 4360 meis,
2318 4297 2460 4351 unde
2487 4314 2572 4351 me
2600 4298 2737 4366 apud
2768 4298 3047 4367 imperitus
3069 4297 3349 4367 iactarem.
3385 4302 3590 4355 Aliter:
3623 4305 3690 4357 In

2105 4367 2310 4435 magnis
2339 4368 2481 4421 enim
2508 4369 2784 4423 ambulare
2812 4380 2892 4423 est
2926 4385 3114 4437 magna
3145 4369 3212 4425 de
3240 4387 3299 4423 se
3322 4388 3689 4435 unumquem-

2104 4452 2207 4503 que
2244 4438 2461 4492 sentire.
2497 4442 2550 4491 tn
2583 4440 2913 4493 initabilibus
2945 4450 3025 4493 est
3051 4481 3065 4501 ,
3101 4442 3343 4495 mirabile
3392 4445 3457 4496 de.
3491 4457 3548 4496 se
3579 4443 3690 4495 ali-

2105 4507 2229 4576 quid
2280 4510 2613 4564 existimare.
2650 4528 2669 4561 ι

2176 4578 2431 4655 Sedquid
2449 4582 2547 4655 .’_si
2586 4596 2685 4633 non
2723 4582 3313 4655 huntilitcrsentiebam,
3361 4584 3489 4655 etc.j
3528 4584 3688 4650 Quod

2103 4648 2179 4725 ait
2204 4666 2216 4701 :
2240 4650 2383 4703 Sicut
2406 4650 2712 4725 obluctatus,
2730 4662 2858 4725 etc.,
2878 4653 3084 4704 duobus
3111 4654 3283 4706 modis
3302 4648 3687 4725 intellifgitﬁllil-

2103 4719 2353 4773 detnarus
2376 4740 2388 4773 :
2418 4724 2466 4775 l.
2495 4722 2644 4777 Sicut
2663 4738 2790 4791 puer
2807 4724 3101 4777 ablactatus
3118 4739 3237 4777 cum
3255 4719 3684 4779 solidum‘cihum

2102 4790 2385 4847 comedere
2414 4808 2517 4845 non
2552 4790 2745 4862 potest,
2781 4797 2967 4863 mortis
2992 4793 3135 4847 subit
3162 4796 3473 4863 periculum,
3511 4799 3577 4847 ita
3619 4806 3686 4850 et

2102 4877 2202 4932 ego
2243 4877 2339 4930 pro
2386 4871 2488 4916 ture
2523 4864 2865 4919 beatitudinis
2913 4862 3193 4919 dulcedine
3246 4871 3431 4919 mortis
3479 4881 3686 4921 amarae

414 4935 682 4997 superbos
721 4932 992 5003 bumiliat,
1026 4921 1089 4989 in'
1110 4951 1270 5005 grave
1309 4937 1518 5004 aliquod
1576 4921 1846 5001 peccatum
1903 4952 1993 4991 eos
2026 4921 2079 4979 D
2103 4921 2390 4987 discrimen
2416 4933 2682 4987 incurram
2703 4977 2717 4999 ,
2749 4936 2791 4987 si
2811 4949 2914 4987 non
2941 4935 3214 4989 humiliter
3235 4951 3486 4990 sensero:
3514 4952 3681 5002 quam

414 5005 613 5056 cadere
645 5005 978 5071 permittens,
1014 5024 1034 5058 ‹
1065 5009 1203 5061 sicut
1234 5007 1472 5061 medicus
1494 5007 1711 5073 sapiens
1742 5007 1792 5058 in
1825 5022 1998 5061 reme-

413 5074 561 5125 diutn
609 5074 827 5143 majoris
874 5077 1042 5130 morbi
1098 5079 1291 5144 patitur
1336 5078 1606 5131 inﬁrtnum
1657 5077 1708 5130 in
1744 5076 1993 5132 leviorem

413 5144 663 5216 morbum
684 5145 1049 5216 inciderenut
1083 5148 1305 5216 angelici
1338 5149 1577 5201 Doctoris
1602 5148 1846 5215 exemplo
1874 5161 1993 5201 utar

418 5213 560 5281 (2-2,
584 5231 635 5284 q.
673 5215 798 5279 162,
819 5234 870 5268 a.
906 5218 960 5283 ﬁ,
993 5219 1061 5269 ad
1086 5213 1174 5281 5),
1199 5219 1525 5284 frequentius
1546 5228 1723 5270 autem
1751 5213 1803 5270 in
1835 5217 1986 5271 luxu-

412 5286 548 5337 riant
578 5301 592 5338 :
626 5296 679 5339 et
705 5287 936 5341 vicissim
966 5293 1123 5341 etiam
1150 5289 1382 5344 humiles
1414 5290 1513 5342 hoc
1542 5287 1746 5342 exaltat
1789 5288 1841 5342 in
1884 5303 1984 5342 sa}-

412 5355 574 5420 culo;
634 5358 757 5411 hinc
812 5360 896 5419 pie
950 5358 1135 5413 Petrus
1193 5358 1519 5413 Venerabilis
1569 5358 1706 5426 (Lib.
1757 5373 1773 5410 t
1830 5358 1975 5421 Μὶν..

419 5440 536 5490 cap.
567 5426 660 5495 ‘20)
691 5445 703 5480 :
740 5446 758 5478 t
793 5428 1007 5489 Sancti.
1062 5429 1208 5489 infit,
1239 5430 1379 5484 inter
1424 5429 1601 5484 abdita
1649 5429 1988 5483 latibulorutu

419 5508 582 5562 opera
612 5514 708 5551 sua
741 5515 954 5569 semper
977 5500 1155 5554 celare
1184 5501 1448 5567 laborant;
1472 5500 1565 5555 sed
1590 5514 1652 5555 ea
1675 5501 1721 5554 si
1749 5501 1991 5555 homines

419 5573 650 5632 taceant,
685 5569 884 5634 lapides
916 5573 1167 5625 clamant.
1202 5589 1219 5622 ι

488 5635 611 5687 Cum
664 5640 769 5693 ltwc
812 5657 931 5712 ergo
963 5643 1116 5712 dicit,
1144 5642 1361 5695 ostendit
1390 5658 1587 5712 omnem
1630 5640 1990 5695 exultationem

417 5718 573 5769 genus
586 5723 693 5761 esse
716 5711 1286 5783 superbiw.]Sttpp0tiit
1307 5713 1391 5767 bic
1413 5711 1468 5767 S.
1496 5712 1814 5768 Benedictus
1839 5715 1985 5783 plura

2108 5004 2497 5069 expositionem
2549 5009 2790 5074 sequitur
2841 5005 3142 5059 Bernardus
3192 5006 3400 5060 Cassia.
3440 5007 3493 5059 Ξ.
3524 5006 3682 5060 Sicut

2106 5085 2278 5127 mater
2339 5078 2592 5127 infantem
2644 5076 3279 5137 ablactatura,mamillis
3302 5079 3680 5132 amaritudinis

2101 5145 2299 5211 aliquid
2346 5145 2611 5214 imponit,
2644 5156 2731 5209 ut,
2793 5161 2856 5199 ea
2901 5146 3208 5215 degustata,
3271 5150 3467 5201 lactare
3522 5150 3677 5201 refu-

2095 5216 2232 5338 giabt,
2265 5217 2333 5270 ita
2364 5217 2490 5270 mihi
2524 5231 2621 5287 pro
2646 5216 2911 5272 felicitatis
2936 5217 3221 5272 dulcedine
3255 5219 3675 5273 amaritudinem

2120 5303 2159 5338 l‘l
2202 5302 2314 5338 uas.

2096 5288 2314 5340 tribuas.

2167 5355 2333 5420 Unde,
2359 5356 2585 5428 [νων-ει]
2614 5357 2828 5412 Fratres
2850 5368 3011 5413 vocat
3026 5376 3130 5413 non
3152 5359 3325 5413 solum
3349 5357 3669 5422 monachos.

2100 5427 2265 5496 inquit
2300 5427 2576 5494 Boberius,
2610 5434 2701 5483 sed
2735 5446 2922 5485 omnes
2977 5434 3133 5483 etiam
3180 5432 3395 5498 fideles,
3430 5445 3563 5502 quos
3600 5434 3669 5483 ad

2097 5501 2368 5570 cielestem
2404 5503 2622 5564 patriam
2666 5502 2849 5554 venire
2882 5512 3142 5570 peroptat.

2168 5569 2229 5624 Si
2255 5585 2467 5644 summa:
2511 5572 2817 5644 humilitatis
2854 5569 3084 5625 volumus
3122 5569 3345 5644 culmen,
3373 5572 3667 5644 attingere]

2095 5640 2328 5695 Summa:
2350 5642 2480 5695 dicit
2508 5641 2849 5704 humilitatis,
2880 5657 3128 5711 magnum
3153 5642 3349 5709 aliquid
3397 5640 3603 5696 huuiilit
3624 5640 3667 5687 ιζ

2098 5713 2166 5765 tis
2187 5713 2435 5766 virtutem
2464 5726 2584 5767 esse
2625 5710 3017 5769 demonstrans.
3061 5713 3128 5768 Et
3175 5728 3364 5770 revera
3404 5714 3669 5767 humilitas
