  <div class='ocr_page' id='page_1' title='image "/cluster/home/n/w/nwhite01/storage/ocr_20150623/66/hvd.32044054758701/195.png"; bbox 0 0 3952 6182; ppageno 0'>
   <div class='ocr_carea' id='block_1_1' title="bbox 398 306 501 361">
    <p class='ocr_par' dir='ltr' id='par_1_1' title="bbox 398 306 501 361">
     <span class='ocr_line' id='line_1_1' title="bbox 398 306 501 361; baseline 0.019 -3"><span class='ocrx_word' id='word_1_1' title='bbox 398 306 501 361; x_wconf 75' lang='lat'><strong><em>579</em></strong></span> 
     </span>
    </p>
   </div>
   <div class='ocr_carea' id='block_1_2' title="bbox 1743 305 2305 368">
    <p class='ocr_par' dir='ltr' id='par_1_2' title="bbox 1743 305 2305 368">
     <span class='ocr_line' id='line_1_2' title="bbox 1743 305 2305 368; baseline -0.002 -2"><span class='ocrx_word' id='word_1_2' title='bbox 1743 308 1803 366; x_wconf 89' lang='lat' dir='ltr'><strong><em>S.</em></strong></span> <span class='ocrx_word' id='word_1_3' title='bbox 1845 308 1905 365; x_wconf 80' lang='grc' dir='ltr'><strong><em>Ρ.</em></strong></span> <span class='ocrx_word' id='word_1_4' title='bbox 1946 305 2305 368; x_wconf 75' lang='lat' dir='ltr'><strong><em>BENEDICTI</em></strong></span> 
     </span>
    </p>
   </div>
   <div class='ocr_carea' id='block_1_3' title="bbox 3555 308 3669 366">
    <p class='ocr_par' dir='ltr' id='par_1_3' title="bbox 3555 308 3669 366">
     <span class='ocr_line' id='line_1_3' title="bbox 3555 308 3669 366; baseline 0.035 -4"><span class='ocrx_word' id='word_1_5' title='bbox 3555 308 3669 366; x_wconf 75' lang='grc' dir='ltr'><strong><em>5ῖο</em></strong></span> 
     </span>
    </p>
   </div>
   <div class='ocr_carea' id='block_1_4' title="bbox 398 425 3661 501">
    <p class='ocr_par' dir='ltr' id='par_1_4' title="bbox 398 425 3661 501">
     <span class='ocr_line' id='line_1_4' title="bbox 398 425 3661 501; baseline 0.002 -21"><span class='ocrx_word' id='word_1_6' title='bbox 398 426 674 501; x_wconf 52' lang='lat' dir='ltr'><strong><em>liiitudine</em></strong></span> <span class='ocrx_word' id='word_1_7' title='bbox 715 427 980 501; x_wconf 68' lang='lat' dir='ltr'><strong><em>timidam,</em></strong></span> <span class='ocrx_word' id='word_1_8' title='bbox 1031 442 1129 501; x_wconf 90' lang='lat' dir='ltr'><strong><em>ne_</em></strong></span> <span class='ocrx_word' id='word_1_9' title='bbox 1149 426 1285 501; x_wconf 64' lang='lat' dir='ltr'><strong><em>forte</em></strong></span> <span class='ocrx_word' id='word_1_10' title='bbox 1330 426 1607 501; x_wconf 84' lang='lat' dir='ltr'><strong><em>deseratur</em></strong></span> <span class='ocrx_word' id='word_1_11' title='bbox 1649 440 1679 501; x_wconf 79' lang='lat' dir='ltr'><strong><em>_a</em></strong></span> <span class='ocrx_word' id='word_1_12' title='bbox 1716 427 1911 496; x_wconf 86' lang='lat' dir='ltr'><strong><em>gratia.</em></strong></span> <span class='ocrx_word' id='word_1_13' title='bbox 1950 444 1970 478; x_wconf 74' lang='grc' dir='ltr'>ι</span> <span class='ocrx_word' id='word_1_14' title='bbox 2004 430 2058 490; x_wconf 78' lang='grc' dir='ltr'>Α</span> <span class='ocrx_word' id='word_1_15' title='bbox 2081 439 2370 501; x_wconf 73' lang='lat' dir='ltr'><strong><em>corporeae</em></strong></span> <span class='ocrx_word' id='word_1_16' title='bbox 2407 425 2788 501; x_wconf 79' lang='lat' dir='ltr'><strong><em>delectationes</em></strong></span> <span class='ocrx_word' id='word_1_17' title='bbox 2824 427 3221 496; x_wconf 72' lang='lat' dir='ltr'><strong><em>interpreteris;</em></strong></span> <span class='ocrx_word' id='word_1_18' title='bbox 3252 432 3433 501; x_wconf 83' lang='lat' dir='ltr'><strong><em>vigent</em></strong></span> <span class='ocrx_word' id='word_1_19' title='bbox 3458 435 3661 501; x_wconf 81' lang='lat' dir='ltr'><strong><em>quippe</em></strong></span> 
     </span>
    </p>
   </div>
   <div class='ocr_carea' id='block_1_5' title="bbox 404 498 1975 567">
    <p class='ocr_par' dir='ltr' id='par_1_5' title="bbox 404 498 1975 567">
     <span class='ocr_line' id='line_1_5' title="bbox 404 498 1975 567; baseline 0 -14"><span class='ocrx_word' id='word_1_20' title='bbox 404 500 697 566; x_wconf 86' lang='lat' dir='ltr'><strong><em>Utrumque</em></strong></span> <span class='ocrx_word' id='word_1_21' title='bbox 739 501 821 554; x_wconf 88' lang='lat' dir='ltr'><strong><em>hic</em></strong></span> <span class='ocrx_word' id='word_1_22' title='bbox 858 499 1055 553; x_wconf 87' lang='lat' dir='ltr'><strong><em>indicat</em></strong></span> <span class='ocrx_word' id='word_1_23' title='bbox 1098 499 1156 553; x_wconf 89' lang='lat' dir='ltr'><strong><em>S.</em></strong></span> <span class='ocrx_word' id='word_1_24' title='bbox 1204 498 1542 562; x_wconf 88' lang='lat' dir='ltr'><strong><em>Benedictus,</em></strong></span> <span class='ocrx_word' id='word_1_25' title='bbox 1581 499 1809 567; x_wconf 91' lang='lat' dir='ltr'><strong><em>primum</em></strong></span> <span class='ocrx_word' id='word_1_26' title='bbox 1852 512 1975 553; x_wconf 91' lang='lat' dir='ltr'><strong><em>cum</em></strong></span> 
     </span>
    </p>
   </div>
   <div class='ocr_carea' id='block_1_6' title="bbox 398 569 1981 639">
    <p class='ocr_par' dir='ltr' id='par_1_6' title="bbox 398 569 1981 639">
     <span class='ocr_line' id='line_1_6' title="bbox 398 569 1981 639; baseline 0.001 -18"><span class='ocrx_word' id='word_1_27' title='bbox 398 570 493 634; x_wconf 88' lang='lat' dir='ltr'><strong><em>ait,</em></strong></span> <span class='ocrx_word' id='word_1_28' title='bbox 523 571 740 636; x_wconf 74' lang='lat' dir='ltr'><strong><em>qualiter</em></strong></span> <span class='ocrx_word' id='word_1_29' title='bbox 770 579 1133 624; x_wconf 70' lang='lat' dir='ltr'><strong><em>contemnentes</em></strong></span> <span class='ocrx_word' id='word_1_30' title='bbox 1162 569 1323 623; x_wconf 90' lang='lat' dir='ltr'><strong><em>Deum</em></strong></span> <span class='ocrx_word' id='word_1_31' title='bbox 1351 572 1404 623; x_wconf 88' lang='lat' dir='ltr'><strong><em>in</em></strong></span> <span class='ocrx_word' id='word_1_32' title='bbox 1439 572 1715 639; x_wconf 82' lang='lat' dir='ltr'><strong><em>gehennam</em></strong></span> <span class='ocrx_word' id='word_1_33' title='bbox 1741 585 1834 638; x_wconf 84' lang='lat' dir='ltr'><strong><em>pro</em></strong></span> <span class='ocrx_word' id='word_1_34' title='bbox 1864 585 1981 638; x_wconf 86' lang='lat' dir='ltr'><strong><em>pec-</em></strong></span> 
     </span>
    </p>
   </div>
   <div class='ocr_carea' id='block_1_7' title="bbox 398 641 1979 707">
    <p class='ocr_par' dir='ltr' id='par_1_7' title="bbox 398 641 1979 707">
     <span class='ocr_line' id='line_1_7' title="bbox 398 641 1979 707; baseline 0 -14"><span class='ocrx_word' id='word_1_35' title='bbox 398 644 528 695; x_wconf 88' lang='lat' dir='ltr'><strong><em>catis</em></strong></span> <span class='ocrx_word' id='word_1_36' title='bbox 557 641 816 705; x_wconf 39' lang='lat' dir='ltr'><strong><em>incidunt;</em></strong></span> <span class='ocrx_word' id='word_1_37' title='bbox 839 642 1128 695; x_wconf 64' lang='lat' dir='ltr'><strong><em>secundum</em></strong></span> <span class='ocrx_word' id='word_1_38' title='bbox 1155 656 1274 695; x_wconf 88' lang='lat' dir='ltr'><strong><em>cum</em></strong></span> <span class='ocrx_word' id='word_1_39' title='bbox 1302 641 1469 707; x_wconf 90' lang='lat' dir='ltr'><strong><em>addit,</em></strong></span> <span class='ocrx_word' id='word_1_40' title='bbox 1492 652 1538 695; x_wconf 90' lang='lat' dir='ltr'><strong><em>et</em></strong></span> <span class='ocrx_word' id='word_1_41' title='bbox 1563 641 1715 693; x_wconf 81' lang='lat' dir='ltr'><strong><em>vitam</em></strong></span> <span class='ocrx_word' id='word_1_42' title='bbox 1738 649 1979 693; x_wconf 72' lang='lat' dir='ltr'><strong><em>azternam</em></strong></span> 
     </span>
    </p>
   </div>
   <div class='ocr_carea' id='block_1_8' title="bbox 396 711 1976 782">
    <p class='ocr_par' dir='ltr' id='par_1_8' title="bbox 396 711 1976 782">
     <span class='ocr_line' id='line_1_8' title="bbox 396 711 1976 782; baseline -0.001 -16"><span class='ocrx_word' id='word_1_43' title='bbox 396 728 511 779; x_wconf 67' lang='lat' dir='ltr'><strong><em>qua</em></strong></span> <span class='ocrx_word' id='word_1_44' title='bbox 563 712 849 765; x_wconf 81' lang='lat' dir='ltr'><strong><em>timentibus</em></strong></span> <span class='ocrx_word' id='word_1_45' title='bbox 900 711 1062 766; x_wconf 93' lang='lat' dir='ltr'><strong><em>Deum</em></strong></span> <span class='ocrx_word' id='word_1_46' title='bbox 1114 721 1404 782; x_wconf 72' lang='lat' dir='ltr'><strong><em>purpurata</em></strong></span> <span class='ocrx_word' id='word_1_47' title='bbox 1452 722 1556 777; x_wconf 85' lang='lat' dir='ltr'><strong><em>est;</em></strong></span> <span class='ocrx_word' id='word_1_48' title='bbox 1599 712 1812 766; x_wconf 89' lang='lat' dir='ltr'><strong><em>tertium</em></strong></span> <span class='ocrx_word' id='word_1_49' title='bbox 1856 725 1976 764; x_wconf 90' lang='lat' dir='ltr'><strong><em>cum</em></strong></span> 
     </span>
    </p>
   </div>
   <div class='ocr_carea' id='block_1_9' title="bbox 397 782 1982 853">
    <p class='ocr_par' dir='ltr' id='par_1_9' title="bbox 397 782 1982 853">
     <span class='ocr_line' id='line_1_9' title="bbox 397 782 1982 853; baseline 0.002 -21"><span class='ocrx_word' id='word_1_50' title='bbox 397 782 677 853; x_wconf 70' lang='lat' dir='ltr'><strong><em>prtemisit,</em></strong></span> <span class='ocrx_word' id='word_1_51' title='bbox 735 799 930 853; x_wconf 67' lang='lat' dir='ltr'><strong><em>semper</em></strong></span> <span class='ocrx_word' id='word_1_52' title='bbox 969 786 1033 837; x_wconf 87' lang='lat' dir='ltr'><strong><em>sit</em></strong></span> <span class='ocrx_word' id='word_1_53' title='bbox 1082 800 1272 837; x_wconf 81' lang='lat' dir='ltr'><strong><em>memor</em></strong></span> <span class='ocrx_word' id='word_1_54' title='bbox 1317 784 1545 837; x_wconf 89' lang='lat' dir='ltr'><strong><em>omnium</em></strong></span> <span class='ocrx_word' id='word_1_55' title='bbox 1590 797 1703 848; x_wconf 72' lang='lat' dir='ltr'><strong><em>qua</em></strong></span> <span class='ocrx_word' id='word_1_56' title='bbox 1746 782 1982 850; x_wconf 78' lang='lat' dir='ltr'><strong><em>prtecipit</em></strong></span> 
     </span>
    </p>
   </div>
   <div class='ocr_carea' id='block_1_10' title="bbox 399 852 1977 923">
    <p class='ocr_par' dir='ltr' id='par_1_10' title="bbox 399 852 1977 923">
     <span class='ocr_line' id='line_1_10' title="bbox 399 852 1977 923; baseline 0.003 -19"><span class='ocrx_word' id='word_1_57' title='bbox 399 852 560 907; x_wconf 82' lang='lat' dir='ltr'><strong><em>Deus.</em></strong></span> <span class='ocrx_word' id='word_1_58' title='bbox 591 859 763 922; x_wconf 85' lang='lat' dir='ltr'><strong><em>Atque</em></strong></span> <span class='ocrx_word' id='word_1_59' title='bbox 809 852 947 907; x_wconf 82' lang='lat' dir='ltr'><strong><em>hunc</em></strong></span> <span class='ocrx_word' id='word_1_60' title='bbox 979 855 1272 923; x_wconf 61' lang='lat' dir='ltr'><strong><em>prrrse&#39;tim</em></strong></span> <span class='ocrx_word' id='word_1_61' title='bbox 1302 855 1403 908; x_wconf 88' lang='lat' dir='ltr'><strong><em>hoc</em></strong></span> <span class='ocrx_word' id='word_1_62' title='bbox 1442 856 1560 907; x_wconf 92' lang='lat' dir='ltr'><strong><em>loco</em></strong></span> <span class='ocrx_word' id='word_1_63' title='bbox 1597 853 1894 920; x_wconf 68' lang='lat' dir='ltr'><strong><em>pra‘scribit</em></strong></span> <span class='ocrx_word' id='word_1_64' title='bbox 1919 853 1977 908; x_wconf 89' lang='lat' dir='ltr'><strong><em>S.</em></strong></span> 
     </span>
    </p>
   </div>
   <div class='ocr_carea' id='block_1_11' title="bbox 398 923 1979 993">
    <p class='ocr_par' dir='ltr' id='par_1_11' title="bbox 398 923 1979 993">
     <span class='ocr_line' id='line_1_11' title="bbox 398 923 1979 993; baseline 0.003 -20"><span class='ocrx_word' id='word_1_65' title='bbox 398 923 741 987; x_wconf 82' lang='lat' dir='ltr'><strong><em>ltenedicms,</em></strong></span> <span class='ocrx_word' id='word_1_66' title='bbox 769 939 863 992; x_wconf 91' lang='lat' dir='ltr'><strong><em>pro</em></strong></span> <span class='ocrx_word' id='word_1_67' title='bbox 895 928 1066 992; x_wconf 89' lang='lat' dir='ltr'><strong><em>primo</em></strong></span> <span class='ocrx_word' id='word_1_68' title='bbox 1093 925 1337 977; x_wconf 80' lang='lat' dir='ltr'><strong>utilitatis</strong></span> <span class='ocrx_word' id='word_1_69' title='bbox 1364 924 1529 993; x_wconf 77' lang='lat' dir='ltr'><strong><em>gradu</em></strong></span> <span class='ocrx_word' id='word_1_70' title='bbox 1565 926 1844 993; x_wconf 77' lang='lat' dir='ltr'><strong><em>assignans</em></strong></span> <span class='ocrx_word' id='word_1_71' title='bbox 1871 939 1979 977; x_wconf 64' lang='lat' dir='ltr'><strong><em>nrn</em></strong></span> 
     </span>
    </p>
   </div>
   <div class='ocr_carea' id='block_1_12' title="bbox 396 992 1977 1064">
    <p class='ocr_par' dir='ltr' id='par_1_12' title="bbox 396 992 1977 1064">
     <span class='ocr_line' id='line_1_12' title="bbox 396 992 1977 1064; baseline 0.001 -18"><span class='ocrx_word' id='word_1_72' title='bbox 396 992 715 1063; x_wconf 85' lang='lat' dir='ltr'><strong><em>simpliciter</em></strong></span> <span class='ocrx_word' id='word_1_73' title='bbox 735 998 985 1059; x_wconf 82' lang='lat' dir='ltr'><strong><em>timorem,</em></strong></span> <span class='ocrx_word' id='word_1_74' title='bbox 1009 996 1101 1049; x_wconf 88' lang='lat' dir='ltr'><strong><em>sed</em></strong></span> <span class='ocrx_word' id='word_1_75' title='bbox 1125 998 1352 1049; x_wconf 83' lang='lat' dir='ltr'><strong><em>timorem</em></strong></span> <span class='ocrx_word' id='word_1_76' title='bbox 1372 992 1496 1059; x_wconf 85' lang='lat' dir='ltr'><strong><em>Dei;</em></strong></span> <span class='ocrx_word' id='word_1_77' title='bbox 1518 996 1658 1064; x_wconf 89' lang='lat' dir='ltr'><strong><em>quod</em></strong></span> <span class='ocrx_word' id='word_1_78' title='bbox 1682 992 1800 1048; x_wconf 90' lang='lat' dir='ltr'><strong><em>ideo</em></strong></span> <span class='ocrx_word' id='word_1_79' title='bbox 1821 993 1977 1060; x_wconf 77' lang='lat' dir='ltr'><strong><em>dixit,</em></strong></span> 
     </span>
    </p>
   </div>
   <div class='ocr_carea' id='block_1_13' title="bbox 398 1065 1983 1136">
    <p class='ocr_par' dir='ltr' id='par_1_13' title="bbox 398 1065 1983 1136">
     <span class='ocr_line' id='line_1_13' title="bbox 398 1065 1983 1136; baseline 0.001 -19"><span class='ocrx_word' id='word_1_80' title='bbox 398 1065 519 1119; x_wconf 90' lang='lat' dir='ltr'><strong><em>inﬁt</em></strong></span> <span class='ocrx_word' id='word_1_81' title='bbox 548 1066 906 1130; x_wconf 81' lang='lat' dir='ltr'><strong><em>Hildemarus,</em></strong></span> <span class='ocrx_word' id='word_1_82' title='bbox 937 1069 1058 1136; x_wconf 86' lang='lat' dir='ltr'><strong><em>quia</em></strong></span> <span class='ocrx_word' id='word_1_83' title='bbox 1084 1076 1158 1120; x_wconf 87' lang='lat' dir='ltr'><strong><em>est</em></strong></span> <span class='ocrx_word' id='word_1_84' title='bbox 1185 1080 1232 1121; x_wconf 84' lang='lat' dir='ltr'><strong><em>et</em></strong></span> <span class='ocrx_word' id='word_1_85' title='bbox 1255 1068 1405 1119; x_wconf 80' lang='lat' dir='ltr'><strong><em>timor</em></strong></span> <span class='ocrx_word' id='word_1_86' title='bbox 1427 1069 1648 1120; x_wconf 82' lang='lat' dir='ltr'><strong><em>aliorum</em></strong></span> <span class='ocrx_word' id='word_1_87' title='bbox 1672 1081 1690 1120; x_wconf 89' lang='lat'><strong><em>:</em></strong></span> <span class='ocrx_word' id='word_1_88' title='bbox 1712 1075 1793 1120; x_wconf 86' lang='lat' dir='ltr'><strong><em>est</em></strong></span> <span class='ocrx_word' id='word_1_89' title='bbox 1823 1066 1983 1136; x_wconf 85' lang='lat' dir='ltr'><strong><em>timor</em></strong></span> 
     </span>
    </p>
   </div>
   <div class='ocr_carea' id='block_1_14' title="bbox 402 1135 1981 1206">
    <p class='ocr_par' dir='ltr' id='par_1_14' title="bbox 402 1135 1981 1206">
     <span class='ocr_line' id='line_1_14' title="bbox 402 1135 1981 1206; baseline 0 -16"><span class='ocrx_word' id='word_1_90' title='bbox 402 1136 563 1206; x_wconf 90' lang='lat' dir='ltr'><strong><em>ignis,</em></strong></span> <span class='ocrx_word' id='word_1_91' title='bbox 595 1147 678 1191; x_wconf 89' lang='lat' dir='ltr'><strong><em>est</em></strong></span> <span class='ocrx_word' id='word_1_92' title='bbox 710 1137 867 1192; x_wconf 86' lang='lat' dir='ltr'><strong><em>timor</em></strong></span> <span class='ocrx_word' id='word_1_93' title='bbox 898 1135 1091 1198; x_wconf 85' lang='lat' dir='ltr'><strong><em>morbi,</em></strong></span> <span class='ocrx_word' id='word_1_94' title='bbox 1129 1145 1212 1191; x_wconf 88' lang='lat' dir='ltr'><strong><em>est</em></strong></span> <span class='ocrx_word' id='word_1_95' title='bbox 1250 1139 1411 1191; x_wconf 83' lang='lat' dir='ltr'><strong>timor</strong></span> <span class='ocrx_word' id='word_1_96' title='bbox 1437 1138 1645 1199; x_wconf 87' lang='lat' dir='ltr'><strong><em>mortis,</em></strong></span> <span class='ocrx_word' id='word_1_97' title='bbox 1674 1145 1802 1198; x_wconf 81' lang='lat' dir='ltr'><strong><em>ctc.;</em></strong></span> <span class='ocrx_word' id='word_1_98' title='bbox 1830 1135 1981 1190; x_wconf 81' lang='lat' dir='ltr'><strong><em>licet-</em></strong></span> 
     </span>
    </p>
   </div>
   <div class='ocr_carea' id='block_1_15' title="bbox 400 1207 1982 1276">
    <p class='ocr_par' dir='ltr' id='par_1_15' title="bbox 400 1207 1982 1276">
     <span class='ocr_line' id='line_1_15' title="bbox 400 1207 1982 1276; baseline -0.002 -16"><span class='ocrx_word' id='word_1_99' title='bbox 400 1222 506 1276; x_wconf 85' lang='lat' dir='ltr'><strong><em>que</em></strong></span> <span class='ocrx_word' id='word_1_100' title='bbox 534 1208 625 1262; x_wconf 89' lang='lat' dir='ltr'><strong><em>Dei</em></strong></span> <span class='ocrx_word' id='word_1_101' title='bbox 656 1208 900 1264; x_wconf 88' lang='lat' dir='ltr'><strong><em>timorem</em></strong></span> <span class='ocrx_word' id='word_1_102' title='bbox 930 1208 981 1261; x_wconf 90' lang='lat' dir='ltr'><strong><em>in</em></strong></span> <span class='ocrx_word' id='word_1_103' title='bbox 1012 1209 1286 1273; x_wconf 88' lang='lat' dir='ltr'><strong><em>servilem,</em></strong></span> <span class='ocrx_word' id='word_1_104' title='bbox 1321 1210 1731 1267; x_wconf 79' lang='lat' dir='ltr'><strong><em>mercenarium.</em></strong></span> <span class='ocrx_word' id='word_1_105' title='bbox 1765 1217 1819 1261; x_wconf 87' lang='lat' dir='ltr'><strong><em>et</em></strong></span> <span class='ocrx_word' id='word_1_106' title='bbox 1848 1207 1982 1258; x_wconf 80' lang='lat' dir='ltr'><strong><em>lilia-</em></strong></span> 
     </span>
    </p>
   </div>
   <div class='ocr_carea' id='block_1_16' title="bbox 402 1278 1981 1348">
    <p class='ocr_par' dir='ltr' id='par_1_16' title="bbox 402 1278 1981 1348">
     <span class='ocr_line' id='line_1_16' title="bbox 402 1278 1981 1348; baseline 0 -17"><span class='ocrx_word' id='word_1_107' title='bbox 402 1278 510 1332; x_wconf 89' lang='lat' dir='ltr'><strong><em>lem</em></strong></span> <span class='ocrx_word' id='word_1_108' title='bbox 553 1278 904 1345; x_wconf 65' lang='lat' dir='ltr'><strong>distinguant.</strong></span> <span class='ocrx_word' id='word_1_109' title='bbox 955 1280 1172 1348; x_wconf 90' lang='lat' dir='ltr'><strong><em>proprie</em></strong></span> <span class='ocrx_word' id='word_1_110' title='bbox 1219 1290 1393 1331; x_wconf 82' lang='lat' dir='ltr'><strong><em>tamen</em></strong></span> <span class='ocrx_word' id='word_1_111' title='bbox 1444 1279 1704 1345; x_wconf 56' lang='lat' dir='ltr'><strong><em>loquenda</em></strong></span> <span class='ocrx_word' id='word_1_112' title='bbox 1735 1293 1870 1331; x_wconf 84' lang='lat' dir='ltr'><strong><em>unus</em></strong></span> <span class='ocrx_word' id='word_1_113' title='bbox 1899 1288 1981 1331; x_wconf 90' lang='lat' dir='ltr'><strong><em>est</em></strong></span> 
     </span>
    </p>
   </div>
   <div class='ocr_carea' id='block_1_17' title="bbox 402 1349 1980 1404">
    <p class='ocr_par' dir='ltr' id='par_1_17' title="bbox 402 1349 1980 1404">
     <span class='ocr_line' id='line_1_17' title="bbox 402 1349 1980 1404; baseline 0 -1"><span class='ocrx_word' id='word_1_114' title='bbox 402 1349 577 1403; x_wconf 85' lang='lat' dir='ltr'><strong><em>ﬁlialis</em></strong></span> <span class='ocrx_word' id='word_1_115' title='bbox 615 1367 626 1401; x_wconf 91' lang='lat'><strong>:</strong></span> <span class='ocrx_word' id='word_1_116' title='bbox 662 1366 782 1403; x_wconf 87' lang='lat' dir='ltr'><strong><em>nam</em></strong></span> <span class='ocrx_word' id='word_1_117' title='bbox 829 1351 1041 1404; x_wconf 84' lang='lat' dir='ltr'><strong><em>servilis</em></strong></span> <span class='ocrx_word' id='word_1_118' title='bbox 1086 1358 1177 1404; x_wconf 84' lang='lat' dir='ltr'><strong><em>aut</em></strong></span> <span class='ocrx_word' id='word_1_119' title='bbox 1222 1352 1583 1404; x_wconf 75' lang='lat' dir='ltr'><strong><em>mercenarius</em></strong></span> <span class='ocrx_word' id='word_1_120' title='bbox 1623 1349 1980 1404; x_wconf 81' lang='lat' dir='ltr'><strong><em>adittmorem</em></strong></span> 
     </span>
    </p>
   </div>
   <div class='ocr_carea' id='block_1_18' title="bbox 403 1418 1979 1487">
    <p class='ocr_par' dir='ltr' id='par_1_18' title="bbox 403 1418 1979 1487">
     <span class='ocr_line' id='line_1_18' title="bbox 403 1418 1979 1487; baseline 0.002 -17"><span class='ocrx_word' id='word_1_121' title='bbox 403 1420 629 1473; x_wconf 87' lang='lat' dir='ltr'><strong><em>aliorum</em></strong></span> <span class='ocrx_word' id='word_1_122' title='bbox 660 1421 855 1475; x_wconf 87' lang='lat' dir='ltr'><strong><em>rectius</em></strong></span> <span class='ocrx_word' id='word_1_123' title='bbox 884 1422 1061 1475; x_wconf 65' lang='lat' dir='ltr'><strong><em>reduci</em></strong></span> <span class='ocrx_word' id='word_1_124' title='bbox 1088 1428 1327 1487; x_wconf 87' lang='lat' dir='ltr'><strong><em>possunt,</em></strong></span> <span class='ocrx_word' id='word_1_125' title='bbox 1352 1435 1449 1474; x_wconf 71' lang='lat' dir='ltr'><strong><em>nec</em></strong></span> <span class='ocrx_word' id='word_1_126' title='bbox 1476 1430 1581 1473; x_wconf 90' lang='lat' dir='ltr'><strong><em>tam</em></strong></span> <span class='ocrx_word' id='word_1_127' title='bbox 1605 1421 1791 1473; x_wconf 87' lang='lat' dir='ltr'><strong><em>timere</em></strong></span> <span class='ocrx_word' id='word_1_128' title='bbox 1816 1418 1979 1473; x_wconf 87' lang='lat' dir='ltr'><strong><em>Deum</em></strong></span> 
     </span>
    </p>
   </div>
   <div class='ocr_carea' id='block_1_19' title="bbox 401 1491 1872 1561">
    <p class='ocr_par' dir='ltr' id='par_1_19' title="bbox 401 1491 1872 1561">
     <span class='ocr_line' id='line_1_19' title="bbox 401 1491 1872 1561; baseline -0.002 -17"><span class='ocrx_word' id='word_1_129' title='bbox 401 1506 560 1560; x_wconf 77' lang='lat' dir='ltr'><strong><em>quam</em></strong></span> <span class='ocrx_word' id='word_1_130' title='bbox 590 1491 887 1558; x_wconf 73' lang='lat' dir='ltr'><strong><em>gehennam</em></strong></span> <span class='ocrx_word' id='word_1_131' title='bbox 919 1504 1005 1544; x_wconf 91' lang='lat' dir='ltr'><strong><em>aut</em></strong></span> <span class='ocrx_word' id='word_1_132' title='bbox 1031 1493 1214 1561; x_wconf 60' lang='lat' dir='ltr'><strong><em>gloriae</em></strong></span> <span class='ocrx_word' id='word_1_133' title='bbox 1239 1492 1579 1545; x_wconf 63' lang='lat' dir='ltr'><strong><em>amissionem</em></strong></span> <span class='ocrx_word' id='word_1_134' title='bbox 1606 1491 1872 1545; x_wconf 81' lang='lat' dir='ltr'><strong><em>videntur.</em></strong></span> 
     </span>
    </p>
   </div>
   <div class='ocr_carea' id='block_1_20' title="bbox 478 1562 1983 1633">
    <p class='ocr_par' dir='ltr' id='par_1_20' title="bbox 478 1562 1983 1633">
     <span class='ocr_line' id='line_1_20' title="bbox 478 1562 1983 1633; baseline 0.001 -20"><span class='ocrx_word' id='word_1_135' title='bbox 478 1562 790 1615; x_wconf 70' lang='lat' dir='ltr'><strong><em>Oblivionem</em></strong></span> <span class='ocrx_word' id='word_1_136' title='bbox 820 1564 1026 1617; x_wconf 80' lang='lat' dir='ltr'><strong><em>omnino</em></strong></span> <span class='ocrx_word' id='word_1_137' title='bbox 1055 1562 1263 1633; x_wconf 61' lang='lat' dir='ltr'><strong><em>fugiat]</em></strong></span> <span class='ocrx_word' id='word_1_138' title='bbox 1294 1580 1313 1613; x_wconf 79' lang='lat' dir='ltr'><strong><em>t</em></strong></span> <span class='ocrx_word' id='word_1_139' title='bbox 1350 1564 1461 1616; x_wconf 83' lang='lat' dir='ltr'><strong><em>Hoc</em></strong></span> <span class='ocrx_word' id='word_1_140' title='bbox 1489 1571 1588 1633; x_wconf 85' lang='lat' dir='ltr'><strong><em>est,</em></strong></span> <span class='ocrx_word' id='word_1_141' title='bbox 1626 1562 1748 1615; x_wconf 84' lang='lat' dir='ltr'><strong><em>illud</em></strong></span> <span class='ocrx_word' id='word_1_142' title='bbox 1798 1574 1983 1625; x_wconf 74' lang='lat' dir='ltr'><strong><em>pecca-</em></strong></span> 
     </span>
    </p>
   </div>
   <div class='ocr_carea' id='block_1_21' title="bbox 402 1632 1981 1701">
    <p class='ocr_par' dir='ltr' id='par_1_21' title="bbox 402 1632 1981 1701">
     <span class='ocr_line' id='line_1_21' title="bbox 402 1632 1981 1701; baseline -0.001 -17"><span class='ocrx_word' id='word_1_143' title='bbox 402 1641 514 1684; x_wconf 88' lang='lat' dir='ltr'><strong><em>tttm</em></strong></span> <span class='ocrx_word' id='word_1_144' title='bbox 550 1636 635 1701; x_wconf 78' lang='lat' dir='ltr'><strong><em>tog</em></strong></span> <span class='ocrx_word' id='word_1_145' title='bbox 658 1648 731 1696; x_wconf 72' lang='lat' dir='ltr'><strong><em>at,</em></strong></span> <span class='ocrx_word' id='word_1_146' title='bbox 765 1634 904 1699; x_wconf 74' lang='lat' dir='ltr'><strong><em>quod</em></strong></span> <span class='ocrx_word' id='word_1_147' title='bbox 935 1648 1011 1686; x_wconf 67' lang='lat' dir='ltr'><strong><em>est</em></strong></span> <span class='ocrx_word' id='word_1_148' title='bbox 1046 1632 1263 1693; x_wconf 75' lang='lat' dir='ltr'><strong><em>Oblivio.</em></strong></span> <span class='ocrx_word' id='word_1_149' title='bbox 1298 1634 1463 1701; x_wconf 69' lang='lat' dir='ltr'><strong><em>inquit</em></strong></span> <span class='ocrx_word' id='word_1_150' title='bbox 1495 1632 1853 1694; x_wconf 88' lang='lat' dir='ltr'><strong><em>Hildemarus,</em></strong></span> <span class='ocrx_word' id='word_1_151' title='bbox 1884 1647 1981 1683; x_wconf 85' lang='lat' dir='ltr'><strong><em>cn-</em></strong></span> 
     </span>
    </p>
   </div>
   <div class='ocr_carea' id='block_1_22' title="bbox 396 1702 1981 1773">
    <p class='ocr_par' dir='ltr' id='par_1_22' title="bbox 396 1702 1981 1773">
     <span class='ocr_line' id='line_1_22' title="bbox 396 1702 1981 1773; baseline 0.001 -20"><span class='ocrx_word' id='word_1_152' title='bbox 396 1704 486 1771; x_wconf 87' lang='lat' dir='ltr'><strong><em>jus</em></strong></span> <span class='ocrx_word' id='word_1_153' title='bbox 516 1705 773 1759; x_wconf 77' lang='lat' dir='ltr'><strong><em>medicina</em></strong></span> <span class='ocrx_word' id='word_1_154' title='bbox 802 1715 883 1759; x_wconf 90' lang='lat' dir='ltr'><strong><em>est</em></strong></span> <span class='ocrx_word' id='word_1_155' title='bbox 905 1706 1043 1773; x_wconf 71' lang='lat' dir='ltr'><strong><em>jngis</em></strong></span> <span class='ocrx_word' id='word_1_156' title='bbox 1072 1705 1434 1758; x_wconf 88' lang='lat' dir='ltr'><strong><em>meditatio....</em></strong></span> <span class='ocrx_word' id='word_1_157' title='bbox 1462 1704 1611 1771; x_wconf 87' lang='lat' dir='ltr'><strong><em>quasi</em></strong></span> <span class='ocrx_word' id='word_1_158' title='bbox 1639 1702 1841 1757; x_wconf 85' lang='lat' dir='ltr'><strong><em>diceret</em></strong></span> <span class='ocrx_word' id='word_1_159' title='bbox 1862 1702 1981 1755; x_wconf 90' lang='lat' dir='ltr'><strong><em>aliis</em></strong></span> 
     </span>
    </p>
   </div>
   <div class='ocr_carea' id='block_1_23' title="bbox 406 1774 1979 1841">
    <p class='ocr_par' dir='ltr' id='par_1_23' title="bbox 406 1774 1979 1841">
     <span class='ocr_line' id='line_1_23' title="bbox 406 1774 1979 1841; baseline -0.001 -16"><span class='ocrx_word' id='word_1_160' title='bbox 406 1775 611 1837; x_wconf 83' lang='lat' dir='ltr'><strong><em>verbis,</em></strong></span> <span class='ocrx_word' id='word_1_161' title='bbox 651 1775 765 1829; x_wconf 76' lang='lat' dir='ltr'><strong><em>Noti</em></strong></span> <span class='ocrx_word' id='word_1_162' title='bbox 816 1777 885 1830; x_wconf 88' lang='lat' dir='ltr'><strong><em>sit</em></strong></span> <span class='ocrx_word' id='word_1_163' title='bbox 929 1776 1248 1836; x_wconf 81' lang='lat' dir='ltr'><strong><em>obliviosos,</em></strong></span> <span class='ocrx_word' id='word_1_164' title='bbox 1286 1793 1305 1824; x_wconf 83' lang='grc'><strong>›</strong></span> <span class='ocrx_word' id='word_1_165' title='bbox 1336 1777 1572 1827; x_wconf 83' lang='lat' dir='ltr'><strong><em>omnium</em></strong></span> <span class='ocrx_word' id='word_1_166' title='bbox 1619 1774 1824 1827; x_wconf 76' lang='lat' dir='ltr'><strong><em>scilicet</em></strong></span> <span class='ocrx_word' id='word_1_167' title='bbox 1861 1788 1979 1841; x_wconf 67' lang='lat' dir='ltr'><strong><em>quae</em></strong></span> 
     </span>
    </p>
   </div>
   <div class='ocr_carea' id='block_1_24' title="bbox 402 1845 1979 1914">
    <p class='ocr_par' dir='ltr' id='par_1_24' title="bbox 402 1845 1979 1914">
     <span class='ocr_line' id='line_1_24' title="bbox 402 1845 1979 1914; baseline 0 -17"><span class='ocrx_word' id='word_1_168' title='bbox 402 1846 512 1914; x_wconf 73' lang='lat' dir='ltr'><strong><em>iugi</em></strong></span> <span class='ocrx_word' id='word_1_169' title='bbox 542 1848 795 1900; x_wconf 86' lang='lat' dir='ltr'><strong><em>memoria</em></strong></span> <span class='ocrx_word' id='word_1_170' title='bbox 842 1848 1094 1899; x_wconf 84' lang='lat' dir='ltr'><strong><em>mandare</em></strong></span> <span class='ocrx_word' id='word_1_171' title='bbox 1121 1846 1298 1909; x_wconf 62' lang='lat' dir='ltr'><strong><em>di-bet,</em></strong></span> <span class='ocrx_word' id='word_1_172' title='bbox 1332 1845 1536 1898; x_wconf 85' lang='lat' dir='ltr'><strong><em>timoris</em></strong></span> <span class='ocrx_word' id='word_1_173' title='bbox 1573 1853 1840 1914; x_wconf 64' lang='lat' dir='ltr'><strong><em>perpetua:</em></strong></span> <span class='ocrx_word' id='word_1_174' title='bbox 1870 1858 1979 1911; x_wconf 74' lang='lat' dir='ltr'><strong><em>pm-</em></strong></span> 
     </span>
    </p>
   </div>
   <div class='ocr_carea' id='block_1_25' title="bbox 405 1916 1983 1988">
    <p class='ocr_par' dir='ltr' id='par_1_25' title="bbox 405 1916 1983 1988">
     <span class='ocr_line' id='line_1_25' title="bbox 405 1916 1983 1988; baseline 0.002 -22"><span class='ocrx_word' id='word_1_175' title='bbox 405 1931 523 1979; x_wconf 76' lang='lat' dir='ltr'><strong><em>nze,</em></strong></span> <span class='ocrx_word' id='word_1_176' title='bbox 570 1918 745 1983; x_wconf 78' lang='lat' dir='ltr'><strong>gaudii</strong></span> <span class='ocrx_word' id='word_1_177' title='bbox 799 1917 1036 1972; x_wconf 70' lang='lat' dir='ltr'><strong><em>ctelestis</em></strong></span> <span class='ocrx_word' id='word_1_178' title='bbox 1081 1918 1292 1988; x_wconf 69' lang='lat' dir='ltr'><strong><em>patriai,</em></strong></span> <span class='ocrx_word' id='word_1_179' title='bbox 1344 1916 1542 1970; x_wconf 87' lang='lat' dir='ltr'><strong><em>laboris</em></strong></span> <span class='ocrx_word' id='word_1_180' title='bbox 1588 1920 1867 1984; x_wconf 71' lang='lat' dir='ltr'><strong><em>praesentis</em></strong></span> <span class='ocrx_word' id='word_1_181' title='bbox 1907 1916 1983 1969; x_wconf 89' lang='lat' dir='ltr'><strong><em>vi-</em></strong></span> 
     </span>
    </p>
   </div>
   <div class='ocr_carea' id='block_1_26' title="bbox 408 1998 624 2041">
    <p class='ocr_par' dir='ltr' id='par_1_26' title="bbox 408 1998 624 2041">
     <span class='ocr_line' id='line_1_26' title="bbox 408 1998 624 2041; baseline 0.009 -3"><span class='ocrx_word' id='word_1_182' title='bbox 408 1999 495 2041; x_wconf 62' lang='lat' dir='ltr'><strong><em>lai.</em></strong></span> <span class='ocrx_word' id='word_1_183' title='bbox 518 1998 624 2041; x_wconf 89' lang='lat' dir='ltr'><strong><em>etc.</em></strong></span> 
     </span>
    </p>
   </div>
   <div class='ocr_carea' id='block_1_27' title="bbox 481 2028 1983 2139">
    <p class='ocr_par' dir='ltr' id='par_1_27' title="bbox 481 2028 1983 2139">
     <span class='ocr_line' id='line_1_27' title="bbox 481 2028 1983 2139; baseline 0 -29"><span class='ocrx_word' id='word_1_184' title='bbox 481 2028 781 2139; x_wconf 31' lang='lat' dir='ltr'><strong><em>iii-“semper</em></strong></span> <span class='ocrx_word' id='word_1_185' title='bbox 823 2060 889 2113; x_wconf 88' lang='lat' dir='ltr'><strong><em>sit</em></strong></span> <span class='ocrx_word' id='word_1_186' title='bbox 924 2075 1117 2139; x_wconf 73' lang='lat' dir='ltr'><strong><em>memor</em></strong></span> <span class='ocrx_word' id='word_1_187' title='bbox 1144 2058 1367 2139; x_wconf 79' lang='lat' dir='ltr'><strong><em>omnium</em></strong></span> <span class='ocrx_word' id='word_1_188' title='bbox 1394 2074 1510 2139; x_wconf 50' lang='lat' dir='ltr'><strong><em>quae</em></strong></span> <span class='ocrx_word' id='word_1_189' title='bbox 1534 2059 1767 2139; x_wconf 63' lang='lat' dir='ltr'><strong><em>praecipit</em></strong></span> <span class='ocrx_word' id='word_1_190' title='bbox 1801 2054 1983 2139; x_wconf 82' lang='lat' dir='ltr'><strong><em>Deus.]</em></strong></span> 
     </span>
    </p>
   </div>
   <div class='ocr_carea' id='block_1_28' title="bbox 404 2127 1983 2196">
    <p class='ocr_par' dir='ltr' id='par_1_28' title="bbox 404 2127 1983 2196">
     <span class='ocr_line' id='line_1_28' title="bbox 404 2127 1983 2196; baseline -0.001 -14"><span class='ocrx_word' id='word_1_191' title='bbox 404 2127 630 2193; x_wconf 75' lang='lat' dir='ltr'><strong><em>Memor,</em></strong></span> <span class='ocrx_word' id='word_1_192' title='bbox 650 2131 882 2196; x_wconf 86' lang='lat' dir='ltr'><strong><em>inquam.</em></strong></span> <span class='ocrx_word' id='word_1_193' title='bbox 907 2130 999 2183; x_wconf 87' lang='lat' dir='ltr'><strong><em>sed</em></strong></span> <span class='ocrx_word' id='word_1_194' title='bbox 1024 2130 1392 2184; x_wconf 79' lang='lat' dir='ltr'><strong><em>recordatione</em></strong></span> <span class='ocrx_word' id='word_1_195' title='bbox 1408 2127 1640 2189; x_wconf 85' lang='lat' dir='ltr'><strong><em>efficaci.</em></strong></span> <span class='ocrx_word' id='word_1_196' title='bbox 1666 2127 1783 2194; x_wconf 68' lang='lat' dir='ltr'><strong><em>quae</em></strong></span> <span class='ocrx_word' id='word_1_197' title='bbox 1808 2127 1983 2183; x_wconf 91' lang='lat' dir='ltr'><strong><em>timori</em></strong></span> 
     </span>
    </p>
   </div>
   <div class='ocr_carea' id='block_1_29' title="bbox 407 2198 1986 2267">
    <p class='ocr_par' dir='ltr' id='par_1_29' title="bbox 407 2198 1986 2267">
     <span class='ocr_line' id='line_1_29' title="bbox 407 2198 1986 2267; baseline 0.001 -18"><span class='ocrx_word' id='word_1_198' title='bbox 407 2200 550 2253; x_wconf 89' lang='lat' dir='ltr'><strong><em>liliali</em></strong></span> <span class='ocrx_word' id='word_1_199' title='bbox 599 2202 807 2267; x_wconf 88' lang='lat' dir='ltr'><strong><em>propria</em></strong></span> <span class='ocrx_word' id='word_1_200' title='bbox 848 2212 962 2265; x_wconf 89' lang='lat' dir='ltr'><strong><em>est;</em></strong></span> <span class='ocrx_word' id='word_1_201' title='bbox 1005 2215 1127 2254; x_wconf 88' lang='lat' dir='ltr'><strong><em>nam</em></strong></span> <span class='ocrx_word' id='word_1_202' title='bbox 1164 2201 1251 2267; x_wconf 86' lang='lat' dir='ltr'><strong><em>qui</em></strong></span> <span class='ocrx_word' id='word_1_203' title='bbox 1288 2201 1464 2254; x_wconf 85' lang='lat' dir='ltr'><strong><em>timent</em></strong></span> <span class='ocrx_word' id='word_1_204' title='bbox 1502 2198 1780 2252; x_wconf 87' lang='lat' dir='ltr'><strong><em>Dominum</em></strong></span> <span class='ocrx_word' id='word_1_205' title='bbox 1818 2209 1986 2252; x_wconf 84' lang='lat' dir='ltr'><strong><em>custo-</em></strong></span> 
     </span>
    </p>
   </div>
   <div class='ocr_carea' id='block_1_30' title="bbox 403 2270 1007 2325">
    <p class='ocr_par' dir='ltr' id='par_1_30' title="bbox 403 2270 1007 2325">
     <span class='ocr_line' id='line_1_30' title="bbox 403 2270 1007 2325; baseline 0.005 -3"><span class='ocrx_word' id='word_1_206' title='bbox 403 2270 554 2322; x_wconf 88' lang='lat' dir='ltr'><strong><em>diunt</em></strong></span> <span class='ocrx_word' id='word_1_207' title='bbox 575 2272 820 2323; x_wconf 81' lang='lat' dir='ltr'><strong><em>mandata</em></strong></span> <span class='ocrx_word' id='word_1_208' title='bbox 847 2272 1007 2325; x_wconf 87' lang='lat' dir='ltr'><strong><em>illius.</em></strong></span> 
     </span>
    </p>
   </div>
   <div class='ocr_carea' id='block_1_31' title="bbox 481 2339 1985 2412">
    <p class='ocr_par' dir='ltr' id='par_1_31' title="bbox 481 2339 1985 2412">
     <span class='ocr_line' id='line_1_31' title="bbox 481 2339 1985 2412; baseline 0.001 -19"><span class='ocrx_word' id='word_1_209' title='bbox 481 2339 546 2393; x_wconf 79' lang='lat' dir='ltr'><strong><em>Et</em></strong></span> <span class='ocrx_word' id='word_1_210' title='bbox 586 2342 805 2409; x_wconf 84' lang='lat' dir='ltr'><strong><em>qualiter</em></strong></span> <span class='ocrx_word' id='word_1_211' title='bbox 847 2352 1217 2412; x_wconf 73' lang='lat' dir='ltr'><strong><em>contemnentes</em></strong></span> <span class='ocrx_word' id='word_1_212' title='bbox 1261 2342 1425 2395; x_wconf 89' lang='lat' dir='ltr'><strong><em>Deum</em></strong></span> <span class='ocrx_word' id='word_1_213' title='bbox 1470 2342 1526 2395; x_wconf 90' lang='lat' dir='ltr'><strong><em>in</em></strong></span> <span class='ocrx_word' id='word_1_214' title='bbox 1568 2340 1848 2412; x_wconf 81' lang='lat' dir='ltr'><strong><em>gehennam</em></strong></span> <span class='ocrx_word' id='word_1_215' title='bbox 1891 2355 1985 2409; x_wconf 81' lang='lat' dir='ltr'><strong><em>pro</em></strong></span> 
     </span>
    </p>
   </div>
   <div class='ocr_carea' id='block_1_32' title="bbox 403 2411 1984 2496">
    <p class='ocr_par' dir='ltr' id='par_1_32' title="bbox 403 2411 1984 2496">
     <span class='ocr_line' id='line_1_32' title="bbox 403 2411 1984 2496; baseline 0.003 -34"><span class='ocrx_word' id='word_1_216' title='bbox 403 2415 626 2496; x_wconf 67' lang='lat' dir='ltr'><strong><em>peccatis</em></strong></span> <span class='ocrx_word' id='word_1_217' title='bbox 659 2411 954 2496; x_wconf 62' lang='lat' dir='ltr'><strong><em>incidunt.)</em></strong></span> <span class='ocrx_word' id='word_1_218' title='bbox 986 2413 1387 2496; x_wconf 48' lang='lat' dir='ltr'><strong><em>contemnitur-</em></strong></span> <span class='ocrx_word' id='word_1_219' title='bbox 1400 2413 1541 2495; x_wconf 79' lang='lat' dir='ltr'><strong><em>Deus</em></strong></span> <span class='ocrx_word' id='word_1_220' title='bbox 1574 2411 1673 2496; x_wconf 74' lang='lat' dir='ltr'><strong><em>aut</em></strong></span> <span class='ocrx_word' id='word_1_221' title='bbox 1706 2413 1756 2464; x_wconf 92' lang='lat' dir='ltr'><strong><em>in</em></strong></span> <span class='ocrx_word' id='word_1_222' title='bbox 1788 2426 1867 2476; x_wconf 85' lang='lat' dir='ltr'><strong><em>se,</em></strong></span> <span class='ocrx_word' id='word_1_223' title='bbox 1894 2420 1984 2496; x_wconf 74' lang='lat' dir='ltr'><strong><em>aut</em></strong></span> 
     </span>
    </p>
   </div>
   <div class='ocr_carea' id='block_1_33' title="bbox 407 2481 1986 2562">
    <p class='ocr_par' dir='ltr' id='par_1_33' title="bbox 407 2481 1986 2562">
     <span class='ocr_line' id='line_1_33' title="bbox 407 2481 1986 2562; baseline 0.003 -29"><span class='ocrx_word' id='word_1_224' title='bbox 407 2484 459 2562; x_wconf 70' lang='lat' dir='ltr'><strong><em>in</em></strong></span> <span class='ocrx_word' id='word_1_225' title='bbox 488 2483 627 2537; x_wconf 84' lang='lat' dir='ltr'><strong><em>suis:</em></strong></span> <span class='ocrx_word' id='word_1_226' title='bbox 658 2483 711 2562; x_wconf 82' lang='lat' dir='ltr'><strong><em>in</em></strong></span> <span class='ocrx_word' id='word_1_227' title='bbox 741 2498 823 2562; x_wconf 88' lang='lat' dir='ltr'><strong><em>se_.</em></strong></span> <span class='ocrx_word' id='word_1_228' title='bbox 854 2481 986 2562; x_wconf 65' lang='lat' dir='ltr'><strong><em>quia</em></strong></span> <span class='ocrx_word' id='word_1_229' title='bbox 1008 2484 1060 2538; x_wconf 90' lang='lat' dir='ltr'><strong><em>ei</em></strong></span> <span class='ocrx_word' id='word_1_230' title='bbox 1090 2498 1188 2562; x_wconf 83' lang='lat' dir='ltr'><strong><em>pro</em></strong></span> <span class='ocrx_word' id='word_1_231' title='bbox 1218 2483 1492 2562; x_wconf 76' lang='lat' dir='ltr'><strong><em>beneficiis</em></strong></span> <span class='ocrx_word' id='word_1_232' title='bbox 1522 2482 1692 2550; x_wconf 81' lang='lat' dir='ltr'><strong><em>gratia</em></strong></span> <span class='ocrx_word' id='word_1_233' title='bbox 1726 2497 1829 2562; x_wconf 81' lang='lat' dir='ltr'><strong><em>non</em></strong></span> <span class='ocrx_word' id='word_1_234' title='bbox 1865 2481 1986 2562; x_wconf 35' lang='lat' dir='ltr'><strong><em>redr-</em></strong></span> 
     </span>
    </p>
   </div>
   <div class='ocr_carea' id='block_1_34' title="bbox 403 2553 1985 2622">
    <p class='ocr_par' dir='ltr' id='par_1_34' title="bbox 403 2553 1985 2622">
     <span class='ocr_line' id='line_1_34' title="bbox 403 2553 1985 2622; baseline 0.002 -18"><span class='ocrx_word' id='word_1_235' title='bbox 403 2554 566 2617; x_wconf 87' lang='lat' dir='ltr'><strong><em>ditur,</em></strong></span> <span class='ocrx_word' id='word_1_236' title='bbox 612 2554 734 2622; x_wconf 86' lang='lat' dir='ltr'><strong><em>quia</em></strong></span> <span class='ocrx_word' id='word_1_237' title='bbox 771 2556 908 2608; x_wconf 86' lang='lat' dir='ltr'><strong><em>sicut</em></strong></span> <span class='ocrx_word' id='word_1_238' title='bbox 954 2555 1208 2608; x_wconf 84' lang='lat' dir='ltr'><strong><em>Dominus</em></strong></span> <span class='ocrx_word' id='word_1_239' title='bbox 1245 2570 1347 2607; x_wconf 90' lang='lat' dir='ltr'><strong><em>non</em></strong></span> <span class='ocrx_word' id='word_1_240' title='bbox 1395 2554 1631 2617; x_wconf 87' lang='lat' dir='ltr'><strong><em>timetur,</em></strong></span> <span class='ocrx_word' id='word_1_241' title='bbox 1673 2553 1796 2622; x_wconf 87' lang='lat' dir='ltr'><strong><em>quia</em></strong></span> <span class='ocrx_word' id='word_1_242' title='bbox 1846 2553 1985 2607; x_wconf 82' lang='lat' dir='ltr'><strong><em>sicut</em></strong></span> 
     </span>
    </p>
   </div>
   <div class='ocr_carea' id='block_1_35' title="bbox 407 2624 1982 2694">
    <p class='ocr_par' dir='ltr' id='par_1_35' title="bbox 407 2624 1982 2694">
     <span class='ocr_line' id='line_1_35' title="bbox 407 2624 1982 2694; baseline 0.003 -20"><span class='ocrx_word' id='word_1_243' title='bbox 407 2634 557 2688; x_wconf 88' lang='lat' dir='ltr'><strong><em>pater</em></strong></span> <span class='ocrx_word' id='word_1_244' title='bbox 593 2639 699 2677; x_wconf 92' lang='lat' dir='ltr'><strong><em>non</em></strong></span> <span class='ocrx_word' id='word_1_245' title='bbox 742 2634 970 2690; x_wconf 88' lang='lat' dir='ltr'><strong><em>amatur,</em></strong></span> <span class='ocrx_word' id='word_1_246' title='bbox 1019 2627 1140 2694; x_wconf 88' lang='lat' dir='ltr'><strong><em>quia</em></strong></span> <span class='ocrx_word' id='word_1_247' title='bbox 1185 2626 1322 2679; x_wconf 85' lang='lat' dir='ltr'><strong><em>sicut</em></strong></span> <span class='ocrx_word' id='word_1_248' title='bbox 1367 2624 1505 2679; x_wconf 91' lang='lat' dir='ltr'><strong><em>Deus</em></strong></span> <span class='ocrx_word' id='word_1_249' title='bbox 1541 2630 1598 2678; x_wconf 89' lang='lat' dir='ltr'><strong><em>et</em></strong></span> <span class='ocrx_word' id='word_1_250' title='bbox 1629 2624 1982 2694; x_wconf 10' lang='lat' dir='ltr'><strong><em>Creatorinon</em></strong></span> 
     </span>
    </p>
   </div>
   <div class='ocr_carea' id='block_1_36' title="bbox 408 2693 1987 2763">
    <p class='ocr_par' dir='ltr' id='par_1_36' title="bbox 408 2693 1987 2763">
     <span class='ocr_line' id='line_1_36' title="bbox 408 2693 1987 2763; baseline 0.004 -20"><span class='ocrx_word' id='word_1_251' title='bbox 408 2696 686 2756; x_wconf 81' lang='lat' dir='ltr'><strong><em>adorator,</em></strong></span> <span class='ocrx_word' id='word_1_252' title='bbox 733 2697 854 2763; x_wconf 85' lang='lat' dir='ltr'><strong><em>quia</em></strong></span> <span class='ocrx_word' id='word_1_253' title='bbox 896 2693 1135 2749; x_wconf 86' lang='lat' dir='ltr'><strong><em>debitum</em></strong></span> <span class='ocrx_word' id='word_1_254' title='bbox 1185 2697 1462 2751; x_wconf 72' lang='lat' dir='ltr'><strong><em>servitium</em></strong></span> <span class='ocrx_word' id='word_1_255' title='bbox 1507 2710 1614 2748; x_wconf 91' lang='lat' dir='ltr'><strong><em>non</em></strong></span> <span class='ocrx_word' id='word_1_256' title='bbox 1661 2693 1987 2762; x_wconf 84' lang='lat' dir='ltr'><strong><em>impenditur</em></strong></span> 
     </span>
    </p>
   </div>
   <div class='ocr_carea' id='block_1_37' title="bbox 404 2765 1981 2836">
    <p class='ocr_par' dir='ltr' id='par_1_37' title="bbox 404 2765 1981 2836">
     <span class='ocr_line' id='line_1_37' title="bbox 404 2765 1981 2836; baseline 0 -19"><span class='ocrx_word' id='word_1_257' title='bbox 404 2765 529 2826; x_wconf 82' lang='lat' dir='ltr'><strong><em>sibi,</em></strong></span> <span class='ocrx_word' id='word_1_258' title='bbox 564 2767 687 2833; x_wconf 89' lang='lat' dir='ltr'><strong><em>quia</em></strong></span> <span class='ocrx_word' id='word_1_259' title='bbox 719 2777 902 2820; x_wconf 91' lang='lat' dir='ltr'><strong><em>contra</em></strong></span> <span class='ocrx_word' id='word_1_260' title='bbox 931 2769 1104 2836; x_wconf 92' lang='lat' dir='ltr'><strong><em>ipsum</em></strong></span> <span class='ocrx_word' id='word_1_261' title='bbox 1140 2768 1393 2821; x_wconf 90' lang='lat' dir='ltr'><strong><em>continue</em></strong></span> <span class='ocrx_word' id='word_1_262' title='bbox 1437 2774 1714 2834; x_wconf 87' lang='lat' dir='ltr'><strong><em>peccatur;</em></strong></span> <span class='ocrx_word' id='word_1_263' title='bbox 1763 2766 1814 2818; x_wconf 90' lang='lat' dir='ltr'><strong><em>itt</em></strong></span> <span class='ocrx_word' id='word_1_264' title='bbox 1847 2766 1981 2831; x_wconf 72' lang='lat' dir='ltr'><strong><em>sitis,</em></strong></span> 
     </span>
    </p>
   </div>
   <div class='ocr_carea' id='block_1_38' title="bbox 406 2836 1985 2907">
    <p class='ocr_par' dir='ltr' id='par_1_38' title="bbox 406 2836 1985 2907">
     <span class='ocr_line' id='line_1_38' title="bbox 406 2836 1985 2907; baseline 0.004 -24"><span class='ocrx_word' id='word_1_265' title='bbox 406 2836 528 2907; x_wconf 85' lang='lat' dir='ltr'><strong><em>quia</em></strong></span> <span class='ocrx_word' id='word_1_266' title='bbox 564 2837 781 2894; x_wconf 68' lang='lat' dir='ltr'><strong><em>pratlato</em></strong></span> <span class='ocrx_word' id='word_1_267' title='bbox 814 2852 918 2891; x_wconf 91' lang='lat' dir='ltr'><strong><em>non</em></strong></span> <span class='ocrx_word' id='word_1_268' title='bbox 949 2836 1217 2901; x_wconf 79' lang='lat' dir='ltr'><strong><em>obediiur,</em></strong></span> <span class='ocrx_word' id='word_1_269' title='bbox 1244 2839 1365 2907; x_wconf 84' lang='lat' dir='ltr'><strong><em>quia</em></strong></span> <span class='ocrx_word' id='word_1_270' title='bbox 1393 2836 1528 2890; x_wconf 66' lang='lat' dir='ltr'><strong><em>dixit</em></strong></span> <span class='ocrx_word' id='word_1_271' title='bbox 1555 2853 1568 2907; x_wconf 70' lang='grc' dir='ltr'>ς</span> <span class='ocrx_word' id='word_1_272' title='bbox 1604 2836 1702 2899; x_wconf 82' lang='lat' dir='ltr'><strong><em>Qui</em></strong></span> <span class='ocrx_word' id='word_1_273' title='bbox 1732 2850 1817 2907; x_wconf 83' lang='lat' dir='ltr'><strong><em>tos</em></strong></span> <span class='ocrx_word' id='word_1_274' title='bbox 1841 2852 1985 2899; x_wconf 63' lang='lat' dir='ltr'><strong><em>spero</em></strong></span> 
     </span>
    </p>
   </div>
   <div class='ocr_carea' id='block_1_39' title="bbox 405 2906 1981 2977">
    <p class='ocr_par' dir='ltr' id='par_1_39' title="bbox 405 2906 1981 2977">
     <span class='ocr_line' id='line_1_39' title="bbox 405 2906 1981 2977; baseline 0.003 -21"><span class='ocrx_word' id='word_1_275' title='bbox 405 2906 503 2977; x_wconf 83' lang='lat' dir='ltr'><strong><em>nit,</em></strong></span> <span class='ocrx_word' id='word_1_276' title='bbox 531 2922 609 2959; x_wconf 90' lang='lat' dir='ltr'><strong><em>me</em></strong></span> <span class='ocrx_word' id='word_1_277' title='bbox 636 2907 858 2977; x_wconf 80' lang='lat' dir='ltr'><strong><em>spernit;</em></strong></span> <span class='ocrx_word' id='word_1_278' title='bbox 880 2917 935 2960; x_wconf 87' lang='lat' dir='ltr'><strong><em>et</em></strong></span> <span class='ocrx_word' id='word_1_279' title='bbox 955 2908 1072 2961; x_wconf 87' lang='lat' dir='ltr'><strong><em>aliis</em></strong></span> <span class='ocrx_word' id='word_1_280' title='bbox 1095 2906 1499 2976; x_wconf 79' lang='lat' dir='ltr'><strong><em>modisquando</em></strong></span> <span class='ocrx_word' id='word_1_281' title='bbox 1524 2906 1797 2977; x_wconf 82' lang='lat' dir='ltr'><strong><em>charitatis</em></strong></span> <span class='ocrx_word' id='word_1_282' title='bbox 1818 2919 1981 2974; x_wconf 80' lang='lat' dir='ltr'><strong><em>Opera</em></strong></span> 
     </span>
    </p>
   </div>
   <div class='ocr_carea' id='block_1_40' title="bbox 405 2974 1837 3044">
    <p class='ocr_par' dir='ltr' id='par_1_40' title="bbox 405 2974 1837 3044">
     <span class='ocr_line' id='line_1_40' title="bbox 405 2974 1837 3044; baseline 0.001 -14"><span class='ocrx_word' id='word_1_283' title='bbox 405 2974 901 3031; x_wconf 82' lang='lat' dir='ltr'><strong><em>itnntisericorditer</em></strong></span> <span class='ocrx_word' id='word_1_284' title='bbox 930 2980 1267 3042; x_wconf 91' lang='lat' dir='ltr'><strong><em>omittuntur,</em></strong></span> <span class='ocrx_word' id='word_1_285' title='bbox 1293 2974 1465 3044; x_wconf 83' lang='lat' dir='ltr'><strong><em>inquit</em></strong></span> <span class='ocrx_word' id='word_1_286' title='bbox 1496 2978 1654 3031; x_wconf 87' lang='lat' dir='ltr'><strong><em>Bern.</em></strong></span> <span class='ocrx_word' id='word_1_287' title='bbox 1685 2974 1837 3031; x_wconf 84' lang='lat' dir='ltr'><strong><em>Cass.</em></strong></span> 
     </span>
    </p>
   </div>
   <div class='ocr_carea' id='block_1_41' title="bbox 483 3046 1983 3118">
    <p class='ocr_par' dir='ltr' id='par_1_41' title="bbox 483 3046 1983 3118">
     <span class='ocr_line' id='line_1_41' title="bbox 483 3046 1983 3118; baseline 0.002 -20"><span class='ocrx_word' id='word_1_288' title='bbox 483 3046 547 3100; x_wconf 77' lang='lat' dir='ltr'><strong><em>Et</em></strong></span> <span class='ocrx_word' id='word_1_289' title='bbox 576 3048 726 3118; x_wconf 79' lang='lat' dir='ltr'><strong><em>vitam</em></strong></span> <span class='ocrx_word' id='word_1_290' title='bbox 754 3058 996 3101; x_wconf 79' lang='lat' dir='ltr'><strong><em>teternam</em></strong></span> <span class='ocrx_word' id='word_1_291' title='bbox 1028 3064 1141 3118; x_wconf 76' lang='lat' dir='ltr'><strong><em>qua!</em></strong></span> <span class='ocrx_word' id='word_1_292' title='bbox 1173 3050 1459 3103; x_wconf 85' lang='lat' dir='ltr'><strong><em>timentibus</em></strong></span> <span class='ocrx_word' id='word_1_293' title='bbox 1500 3048 1662 3101; x_wconf 88' lang='lat' dir='ltr'><strong><em>Deum</em></strong></span> <span class='ocrx_word' id='word_1_294' title='bbox 1695 3056 1983 3115; x_wconf 72' lang='lat' dir='ltr'><strong><em>praeparata</em></strong></span> 
     </span>
    </p>
   </div>
   <div class='ocr_carea' id='block_1_42' title="bbox 403 3117 1980 3189">
    <p class='ocr_par' dir='ltr' id='par_1_42' title="bbox 403 3117 1980 3189">
     <span class='ocr_line' id='line_1_42' title="bbox 403 3117 1980 3189; baseline 0.001 -20"><span class='ocrx_word' id='word_1_295' title='bbox 403 3128 497 3176; x_wconf 84' lang='lat' dir='ltr'><strong><em>est.</em></strong></span> <span class='ocrx_word' id='word_1_296' title='bbox 527 3117 658 3189; x_wconf 81' lang='lat' dir='ltr'><strong><em>etc]</em></strong></span> <span class='ocrx_word' id='word_1_297' title='bbox 688 3118 761 3172; x_wconf 90' lang='lat' dir='ltr'><strong><em>De</em></strong></span> <span class='ocrx_word' id='word_1_298' title='bbox 790 3134 891 3187; x_wconf 89' lang='lat' dir='ltr'><strong><em>qua</em></strong></span> <span class='ocrx_word' id='word_1_299' title='bbox 925 3120 1204 3174; x_wconf 81' lang='lat' dir='ltr'><strong><em>PsalmiSIa</em></strong></span> <span class='ocrx_word' id='word_1_300' title='bbox 1235 3137 1247 3172; x_wconf 88' lang='lat'><strong>:</strong></span> <span class='ocrx_word' id='word_1_301' title='bbox 1278 3121 1444 3185; x_wconf 86' lang='lat' dir='ltr'><strong><em>Quam</em></strong></span> <span class='ocrx_word' id='word_1_302' title='bbox 1484 3135 1671 3186; x_wconf 86' lang='lat' dir='ltr'><strong><em>magna</em></strong></span> <span class='ocrx_word' id='word_1_303' title='bbox 1706 3119 1980 3172; x_wconf 83' lang='lat' dir='ltr'><strong><em>multitudo</em></strong></span> 
     </span>
    </p>
   </div>
   <div class='ocr_carea' id='block_1_43' title="bbox 404 3189 1765 3259">
    <p class='ocr_par' dir='ltr' id='par_1_43' title="bbox 404 3189 1765 3259">
     <span class='ocr_line' id='line_1_43' title="bbox 404 3189 1765 3259; baseline 0.001 -20"><span class='ocrx_word' id='word_1_304' title='bbox 404 3189 691 3243; x_wconf 81' lang='lat' dir='ltr'><strong><em>dulcedinis</em></strong></span> <span class='ocrx_word' id='word_1_305' title='bbox 717 3202 834 3253; x_wconf 63' lang='lat' dir='ltr'><strong><em>tua’,</em></strong></span> <span class='ocrx_word' id='word_1_306' title='bbox 864 3207 1017 3259; x_wconf 90' lang='lat' dir='ltr'><strong><em>quam</em></strong></span> <span class='ocrx_word' id='word_1_307' title='bbox 1044 3192 1350 3245; x_wconf 88' lang='lat' dir='ltr'><strong><em>abscondisti</em></strong></span> <span class='ocrx_word' id='word_1_308' title='bbox 1378 3189 1666 3244; x_wconf 82' lang='lat' dir='ltr'><strong><em>timentibus</em></strong></span> <span class='ocrx_word' id='word_1_309' title='bbox 1687 3189 1765 3241; x_wconf 85' lang='lat' dir='ltr'><strong><em>te!</em></strong></span> 
     </span>
    </p>
   </div>
   <div class='ocr_carea' id='block_1_44' title="bbox 477 3257 1980 3330">
    <p class='ocr_par' dir='ltr' id='par_1_44' title="bbox 477 3257 1980 3330">
     <span class='ocr_line' id='line_1_44' title="bbox 477 3257 1980 3330; baseline 0.001 -19"><span class='ocrx_word' id='word_1_310' title='bbox 477 3259 545 3311; x_wconf 82' lang='lat' dir='ltr'><strong><em>Et</em></strong></span> <span class='ocrx_word' id='word_1_311' title='bbox 572 3261 855 3313; x_wconf 84' lang='lat' dir='ltr'><strong><em>custodiens</em></strong></span> <span class='ocrx_word' id='word_1_312' title='bbox 877 3257 939 3314; x_wconf 44' lang='lat' dir='ltr'><strong><em>&#39;se</em></strong></span> <span class='ocrx_word' id='word_1_313' title='bbox 967 3263 1101 3314; x_wconf 89' lang='lat' dir='ltr'><strong><em>omni</em></strong></span> <span class='ocrx_word' id='word_1_314' title='bbox 1131 3260 1258 3314; x_wconf 81' lang='lat' dir='ltr'><strong><em>hora</em></strong></span> <span class='ocrx_word' id='word_1_315' title='bbox 1286 3278 1317 3314; x_wconf 90' lang='lat' dir='ltr'><strong><em>a</em></strong></span> <span class='ocrx_word' id='word_1_316' title='bbox 1350 3263 1566 3329; x_wconf 86' lang='lat' dir='ltr'><strong><em>peccatis</em></strong></span> <span class='ocrx_word' id='word_1_317' title='bbox 1591 3270 1639 3314; x_wconf 90' lang='lat' dir='ltr'><strong><em>et</em></strong></span> <span class='ocrx_word' id='word_1_318' title='bbox 1667 3260 1822 3321; x_wconf 84' lang='lat' dir='ltr'><strong><em>vitiis,</em></strong></span> <span class='ocrx_word' id='word_1_319' title='bbox 1851 3257 1980 3330; x_wconf 88' lang='lat' dir='ltr'><strong><em>etc.]</em></strong></span> 
     </span>
    </p>
   </div>
   <div class='ocr_carea' id='block_1_45' title="bbox 404 3330 1982 3401">
    <p class='ocr_par' dir='ltr' id='par_1_45' title="bbox 404 3330 1982 3401">
     <span class='ocr_line' id='line_1_45' title="bbox 404 3330 1982 3401; baseline 0.004 -23"><span class='ocrx_word' id='word_1_320' title='bbox 404 3330 658 3394; x_wconf 84' lang='lat' dir='ltr'><strong><em>Quamvis</em></strong></span> <span class='ocrx_word' id='word_1_321' title='bbox 702 3340 965 3398; x_wconf 83' lang='lat' dir='ltr'><strong><em>peccatum</em></strong></span> <span class='ocrx_word' id='word_1_322' title='bbox 1006 3342 1060 3386; x_wconf 89' lang='lat' dir='ltr'><strong><em>et</em></strong></span> <span class='ocrx_word' id='word_1_323' title='bbox 1095 3333 1272 3386; x_wconf 69' lang='lat' dir='ltr'><strong><em>vitium</em></strong></span> <span class='ocrx_word' id='word_1_324' title='bbox 1306 3334 1370 3386; x_wconf 91' lang='lat' dir='ltr'><strong><em>ad</em></strong></span> <span class='ocrx_word' id='word_1_325' title='bbox 1407 3332 1549 3386; x_wconf 90' lang='lat' dir='ltr'><strong><em>idem</em></strong></span> <span class='ocrx_word' id='word_1_326' title='bbox 1579 3330 1982 3401; x_wconf 80' lang='lat' dir='ltr'><strong><em>significandum</em></strong></span> 
     </span>
    </p>
   </div>
   <div class='ocr_carea' id='block_1_46' title="bbox 404 3403 1986 3472">
    <p class='ocr_par' dir='ltr' id='par_1_46' title="bbox 404 3403 1986 3472">
     <span class='ocr_line' id='line_1_46' title="bbox 404 3403 1986 3472; baseline 0.001 -19"><span class='ocrx_word' id='word_1_327' title='bbox 404 3403 709 3469; x_wconf 88' lang='lat' dir='ltr'><strong><em>promiscue</em></strong></span> <span class='ocrx_word' id='word_1_328' title='bbox 760 3404 968 3455; x_wconf 87' lang='lat' dir='ltr'><strong><em>soleant</em></strong></span> <span class='ocrx_word' id='word_1_329' title='bbox 1015 3407 1301 3471; x_wconf 86' lang='lat' dir='ltr'><strong><em>usurpari,</em></strong></span> <span class='ocrx_word' id='word_1_330' title='bbox 1356 3403 1551 3472; x_wconf 86' lang='lat' dir='ltr'><strong><em>aliquid</em></strong></span> <span class='ocrx_word' id='word_1_331' title='bbox 1609 3413 1785 3455; x_wconf 85' lang='lat' dir='ltr'><strong><em>tamen</em></strong></span> <span class='ocrx_word' id='word_1_332' title='bbox 1839 3403 1986 3472; x_wconf 83' lang='lat' dir='ltr'><strong><em>inter</em></strong></span> 
     </span>
    </p>
   </div>
   <div class='ocr_carea' id='block_1_47' title="bbox 408 3471 1987 3542">
    <p class='ocr_par' dir='ltr' id='par_1_47' title="bbox 408 3471 1987 3542">
     <span class='ocr_line' id='line_1_47' title="bbox 408 3471 1987 3542; baseline 0.002 -20"><span class='ocrx_word' id='word_1_333' title='bbox 408 3482 698 3541; x_wconf 88' lang='lat' dir='ltr'><strong><em>utrumque</em></strong></span> <span class='ocrx_word' id='word_1_334' title='bbox 739 3472 1061 3527; x_wconf 88' lang='lat' dir='ltr'><strong><em>discriminis</em></strong></span> <span class='ocrx_word' id='word_1_335' title='bbox 1100 3475 1190 3540; x_wconf 89' lang='lat' dir='ltr'><strong><em>qtti</em></strong></span> <span class='ocrx_word' id='word_1_336' title='bbox 1234 3471 1763 3542; x_wconf 29' lang='lat' dir='ltr'><strong><em>rectius’loquuntur</em></strong></span> <span class='ocrx_word' id='word_1_337' title='bbox 1792 3471 1987 3525; x_wconf 40' lang='lat' dir='ltr'><strong><em>:‘ﬂ‘erre</em></strong></span> 
     </span>
    </p>
   </div>
   <div class='ocr_carea' id='block_1_48' title="bbox 408 3542 1984 3609">
    <p class='ocr_par' dir='ltr' id='par_1_48' title="bbox 408 3542 1984 3609">
     <span class='ocr_line' id='line_1_48' title="bbox 408 3542 1984 3609; baseline 0.001 -15"><span class='ocrx_word' id='word_1_338' title='bbox 408 3554 623 3597; x_wconf 88' lang='lat' dir='ltr'><strong><em>norunt.</em></strong></span> <span class='ocrx_word' id='word_1_339' title='bbox 657 3544 730 3597; x_wconf 90' lang='lat' dir='ltr'><strong><em>Ita</em></strong></span> <span class='ocrx_word' id='word_1_340' title='bbox 765 3554 1038 3609; x_wconf 89' lang='lat' dir='ltr'><strong><em>peccatum</em></strong></span> <span class='ocrx_word' id='word_1_341' title='bbox 1070 3546 1135 3598; x_wconf 91' lang='lat' dir='ltr'><strong><em>ad</em></strong></span> <span class='ocrx_word' id='word_1_342' title='bbox 1164 3545 1288 3599; x_wconf 90' lang='lat' dir='ltr'><strong><em>boni</em></strong></span> <span class='ocrx_word' id='word_1_343' title='bbox 1319 3545 1687 3607; x_wconf 90' lang='lat' dir='ltr'><strong><em>omissionem,</em></strong></span> <span class='ocrx_word' id='word_1_344' title='bbox 1710 3543 1895 3597; x_wconf 71' lang='lat' dir='ltr'><strong><em>vitium</em></strong></span> <span class='ocrx_word' id='word_1_345' title='bbox 1917 3542 1984 3596; x_wconf 90' lang='lat' dir='ltr'><strong><em>ad</em></strong></span> 
     </span>
    </p>
   </div>
   <div class='ocr_carea' id='block_1_49' title="bbox 403 3613 1985 3674">
    <p class='ocr_par' dir='ltr' id='par_1_49' title="bbox 403 3613 1985 3674">
     <span class='ocr_line' id='line_1_49' title="bbox 403 3613 1985 3674; baseline 0.002 -9"><span class='ocrx_word' id='word_1_346' title='bbox 403 3614 834 3669; x_wconf 78' lang='lat' dir='ltr'><strong><em>commissionem</em></strong></span> <span class='ocrx_word' id='word_1_347' title='bbox 866 3616 989 3669; x_wconf 77' lang='lat' dir='ltr'><strong><em>mali</em></strong></span> <span class='ocrx_word' id='word_1_348' title='bbox 1022 3616 1259 3670; x_wconf 88' lang='lat' dir='ltr'><strong><em>referunt</em></strong></span> <span class='ocrx_word' id='word_1_349' title='bbox 1288 3614 1647 3674; x_wconf 82' lang='lat' dir='ltr'><strong><em>Hildemarus.</em></strong></span> <span class='ocrx_word' id='word_1_350' title='bbox 1682 3613 1985 3668; x_wconf 79' lang='lat' dir='ltr'><strong><em>Bernartius</em></strong></span> 
     </span>
    </p>
   </div>
   <div class='ocr_carea' id='block_1_50' title="bbox 401 3684 1987 3743">
    <p class='ocr_par' dir='ltr' id='par_1_50' title="bbox 401 3684 1987 3743">
     <span class='ocr_line' id='line_1_50' title="bbox 401 3684 1987 3743; baseline -0.001 -6"><span class='ocrx_word' id='word_1_351' title='bbox 401 3684 735 3739; x_wconf 78' lang='lat' dir='ltr'><strong><em>Cassinensis</em></strong></span> <span class='ocrx_word' id='word_1_352' title='bbox 761 3700 813 3739; x_wconf 90' lang='lat' dir='ltr'><strong><em>et</em></strong></span> <span class='ocrx_word' id='word_1_353' title='bbox 842 3686 1122 3743; x_wconf 86' lang='lat' dir='ltr'><strong><em>Bolierius.</em></strong></span> <span class='ocrx_word' id='word_1_354' title='bbox 1148 3687 1244 3741; x_wconf 85' lang='lat' dir='ltr'><strong><em>Hic</em></strong></span> <span class='ocrx_word' id='word_1_355' title='bbox 1264 3689 1424 3740; x_wconf 80' lang='lat' dir='ltr'><strong><em>etiam</em></strong></span> <span class='ocrx_word' id='word_1_356' title='bbox 1454 3687 1597 3741; x_wconf 86' lang='lat' dir='ltr'><strong><em>illam</em></strong></span> <span class='ocrx_word' id='word_1_357' title='bbox 1621 3686 1762 3740; x_wconf 87' lang='lat' dir='ltr'><strong><em>inter</em></strong></span> <span class='ocrx_word' id='word_1_358' title='bbox 1780 3695 1987 3738; x_wconf 89' lang='lat' dir='ltr'><strong><em>utrum-</em></strong></span> 
     </span>
    </p>
   </div>
   <div class='ocr_carea' id='block_1_51' title="bbox 400 3755 1985 3827">
    <p class='ocr_par' dir='ltr' id='par_1_51' title="bbox 400 3755 1985 3827">
     <span class='ocr_line' id='line_1_51' title="bbox 400 3755 1985 3827; baseline -0.002 -19"><span class='ocrx_word' id='word_1_359' title='bbox 400 3770 506 3823; x_wconf 87' lang='lat' dir='ltr'><strong><em>que</em></strong></span> <span class='ocrx_word' id='word_1_360' title='bbox 531 3755 884 3811; x_wconf 77' lang='lat' dir='ltr'><strong><em>differentiam</em></strong></span> <span class='ocrx_word' id='word_1_361' title='bbox 917 3756 1154 3821; x_wconf 84' lang='lat' dir='ltr'><strong><em>adducit,</em></strong></span> <span class='ocrx_word' id='word_1_362' title='bbox 1182 3759 1323 3827; x_wconf 90' lang='lat' dir='ltr'><strong><em>quod</em></strong></span> <span class='ocrx_word' id='word_1_363' title='bbox 1354 3766 1463 3811; x_wconf 86' lang='lat' dir='ltr'><strong><em>tam</em></strong></span> <span class='ocrx_word' id='word_1_364' title='bbox 1501 3757 1759 3811; x_wconf 90' lang='lat' dir='ltr'><strong><em>omissum</em></strong></span> <span class='ocrx_word' id='word_1_365' title='bbox 1786 3756 1985 3827; x_wconf 85' lang='lat' dir='ltr'><strong><em>bonurn</em></strong></span> 
     </span>
    </p>
   </div>
   <div class='ocr_carea' id='block_1_52' title="bbox 401 3826 1985 3906">
    <p class='ocr_par' dir='ltr' id='par_1_52' title="bbox 401 3826 1985 3906">
     <span class='ocr_line' id='line_1_52' title="bbox 401 3826 1985 3906; baseline 0.008 -28"><span class='ocrx_word' id='word_1_366' title='bbox 401 3842 560 3906; x_wconf 79' lang='lat' dir='ltr'><strong><em>quam</em></strong></span> <span class='ocrx_word' id='word_1_367' title='bbox 601 3829 946 3881; x_wconf 91' lang='lat' dir='ltr'><strong><em>commissum</em></strong></span> <span class='ocrx_word' id='word_1_368' title='bbox 980 3828 1176 3906; x_wconf 73' lang='lat' dir='ltr'><strong><em>malum</em></strong></span> <span class='ocrx_word' id='word_1_369' title='bbox 1212 3828 1282 3882; x_wconf 90' lang='lat' dir='ltr'><strong><em>ad</em></strong></span> <span class='ocrx_word' id='word_1_370' title='bbox 1328 3838 1603 3906; x_wconf 52' lang='lat' dir='ltr'><strong><em>peccatum</em></strong></span> <span class='ocrx_word' id='word_1_371' title='bbox 1653 3826 1985 3906; x_wconf 54' lang='grc' dir='ltr'><strong><em>ερεειειςηθά</em></strong></span> 
     </span>
    </p>
   </div>
   <div class='ocr_carea' id='block_1_53' title="bbox 401 3896 1985 3967">
    <p class='ocr_par' dir='ltr' id='par_1_53' title="bbox 401 3896 1985 3967">
     <span class='ocr_line' id='line_1_53' title="bbox 401 3896 1985 3967; baseline -0.001 -17"><span class='ocrx_word' id='word_1_372' title='bbox 401 3898 587 3950; x_wconf 91' lang='lat' dir='ltr'><strong><em>vitium</em></strong></span> <span class='ocrx_word' id='word_1_373' title='bbox 613 3913 741 3952; x_wconf 89' lang='lat' dir='ltr'><strong><em>vero</em></strong></span> <span class='ocrx_word' id='word_1_374' title='bbox 769 3898 1024 3967; x_wconf 81' lang='lat' dir='ltr'><strong><em>peccandi</em></strong></span> <span class='ocrx_word' id='word_1_375' title='bbox 1051 3900 1351 3954; x_wconf 90' lang='lat' dir='ltr'><strong><em>consuetud</em></strong></span> <span class='ocrx_word' id='word_1_376' title='bbox 1375 3920 1406 3951; x_wconf 74' lang='grc' dir='ltr'><strong>ι.</strong></span> <span class='ocrx_word' id='word_1_377' title='bbox 1442 3899 1665 3953; x_wconf 85' lang='lat' dir='ltr'><strong><em>Brevius</em></strong></span> <span class='ocrx_word' id='word_1_378' title='bbox 1697 3908 1773 3967; x_wconf 83' lang='lat' dir='ltr'><strong><em>et</em></strong></span> <span class='ocrx_word' id='word_1_379' title='bbox 1796 3896 1985 3967; x_wconf 83' lang='lat' dir='ltr'><strong><em>melius</em></strong></span> 
     </span>
    </p>
   </div>
   <div class='ocr_carea' id='block_1_54' title="bbox 401 3966 1986 4038">
    <p class='ocr_par' dir='ltr' id='par_1_54' title="bbox 401 3966 1986 4038">
     <span class='ocr_line' id='line_1_54' title="bbox 401 3966 1986 4038; baseline 0.001 -19"><span class='ocrx_word' id='word_1_380' title='bbox 401 3968 507 4038; x_wconf 87' lang='lat' dir='ltr'><strong><em>dici</em></strong></span> <span class='ocrx_word' id='word_1_381' title='bbox 552 3966 783 4034; x_wconf 80' lang='lat' dir='ltr'><strong><em>possent</em></strong></span> <span class='ocrx_word' id='word_1_382' title='bbox 807 3977 956 4024; x_wconf 90' lang='lat' dir='ltr'><strong><em>actus</em></strong></span> <span class='ocrx_word' id='word_1_383' title='bbox 994 3983 1114 4024; x_wconf 88' lang='lat' dir='ltr'><strong><em>esse</em></strong></span> <span class='ocrx_word' id='word_1_384' title='bbox 1150 3979 1389 4038; x_wconf 83' lang='lat' dir='ltr'><strong><em>peccata,</em></strong></span> <span class='ocrx_word' id='word_1_385' title='bbox 1436 3970 1646 4024; x_wconf 87' lang='lat' dir='ltr'><strong><em>habitus</em></strong></span> <span class='ocrx_word' id='word_1_386' title='bbox 1686 3966 1986 4038; x_wconf 18' lang='lat' dir='ltr'><strong><em>vitia.,Sed</em></strong></span> 
     </span>
    </p>
   </div>
   <div class='ocr_carea' id='block_1_55' title="bbox 401 4036 1988 4109">
    <p class='ocr_par' dir='ltr' id='par_1_55' title="bbox 401 4036 1988 4109">
     <span class='ocr_line' id='line_1_55' title="bbox 401 4036 1988 4109; baseline -0.001 -16"><span class='ocrx_word' id='word_1_387' title='bbox 401 4037 726 4108; x_wconf 83' lang='lat' dir='ltr'><strong><em>Smaragdus</em></strong></span> <span class='ocrx_word' id='word_1_388' title='bbox 758 4039 897 4093; x_wconf 89' lang='lat' dir='ltr'><strong><em>hunc</em></strong></span> <span class='ocrx_word' id='word_1_389' title='bbox 928 4040 1103 4094; x_wconf 83' lang='lat' dir='ltr'><strong><em>locum</em></strong></span> <span class='ocrx_word' id='word_1_390' title='bbox 1130 4036 1410 4109; x_wconf 79' lang='lat' dir='ltr'><strong><em>exponens</em></strong></span> <span class='ocrx_word' id='word_1_391' title='bbox 1439 4040 1511 4094; x_wconf 83' lang='lat' dir='ltr'><strong><em>ita</em></strong></span> <span class='ocrx_word' id='word_1_392' title='bbox 1544 4040 1704 4094; x_wconf 82' lang='lat' dir='ltr'><strong><em>habet</em></strong></span> <span class='ocrx_word' id='word_1_393' title='bbox 1732 4056 1745 4092; x_wconf 93' lang='lat'><strong>:</strong></span> <span class='ocrx_word' id='word_1_394' title='bbox 1781 4036 1988 4109; x_wconf 68' lang='lat' dir='ltr'><strong><em>«Quod</em></strong></span> 
     </span>
    </p>
   </div>
   <div class='ocr_carea' id='block_1_56' title="bbox 403 4108 1988 4177">
    <p class='ocr_par' dir='ltr' id='par_1_56' title="bbox 403 4108 1988 4177">
     <span class='ocr_line' id='line_1_56' title="bbox 403 4108 1988 4177; baseline 0.003 -18"><span class='ocrx_word' id='word_1_395' title='bbox 403 4109 533 4163; x_wconf 87' lang='lat' dir='ltr'><strong><em>dicit</em></strong></span> <span class='ocrx_word' id='word_1_396' title='bbox 560 4124 589 4162; x_wconf 89' lang='lat' dir='ltr'><strong><em>a</em></strong></span> <span class='ocrx_word' id='word_1_397' title='bbox 623 4111 855 4177; x_wconf 77' lang='lat' dir='ltr'><strong><em>peccatis</em></strong></span> <span class='ocrx_word' id='word_1_398' title='bbox 880 4111 1150 4165; x_wconf 92' lang='lat' dir='ltr'><strong><em>custodire</em></strong></span> <span class='ocrx_word' id='word_1_399' title='bbox 1172 4126 1231 4166; x_wconf 88' lang='lat' dir='ltr'><strong><em>se</em></strong></span> <span class='ocrx_word' id='word_1_400' title='bbox 1260 4110 1405 4166; x_wconf 85' lang='lat' dir='ltr'><strong><em>omni</em></strong></span> <span class='ocrx_word' id='word_1_401' title='bbox 1436 4112 1583 4176; x_wconf 81' lang='lat' dir='ltr'><strong><em>liora,</em></strong></span> <span class='ocrx_word' id='word_1_402' title='bbox 1616 4108 1933 4165; x_wconf 83' lang='lat' dir='ltr'><strong><em>subauditur</em></strong></span> <span class='ocrx_word' id='word_1_403' title='bbox 1956 4123 1988 4163; x_wconf 87' lang='lat' dir='ltr'><strong><em>a</em></strong></span> 
     </span>
    </p>
   </div>
   <div class='ocr_carea' id='block_1_57' title="bbox 401 4179 1982 4251">
    <p class='ocr_par' dir='ltr' id='par_1_57' title="bbox 401 4179 1982 4251">
     <span class='ocr_line' id='line_1_57' title="bbox 401 4179 1982 4251; baseline 0.001 -20"><span class='ocrx_word' id='word_1_404' title='bbox 401 4179 581 4246; x_wconf 77' lang='lat' dir='ltr'><strong><em>pravis</em></strong></span> <span class='ocrx_word' id='word_1_405' title='bbox 636 4181 908 4247; x_wconf 85' lang='lat' dir='ltr'><strong><em>operibus,</em></strong></span> <span class='ocrx_word' id='word_1_406' title='bbox 954 4196 1074 4251; x_wconf 68' lang='lat' dir='ltr'><strong><em>qua!</em></strong></span> <span class='ocrx_word' id='word_1_407' title='bbox 1124 4183 1257 4235; x_wconf 89' lang='lat' dir='ltr'><strong><em>ﬁunt</em></strong></span> <span class='ocrx_word' id='word_1_408' title='bbox 1300 4182 1645 4251; x_wconf 82' lang='lat' dir='ltr'><strong><em>cogitatione,</em></strong></span> <span class='ocrx_word' id='word_1_409' title='bbox 1697 4179 1982 4244; x_wconf 86' lang='lat' dir='ltr'><strong><em>locutione,</em></strong></span> 
     </span>
    </p>
   </div>
   <div class='ocr_carea' id='block_1_58' title="bbox 399 4251 1989 4319">
    <p class='ocr_par' dir='ltr' id='par_1_58' title="bbox 399 4251 1989 4319">
     <span class='ocr_line' id='line_1_58' title="bbox 399 4251 1989 4319; baseline 0.001 -16"><span class='ocrx_word' id='word_1_410' title='bbox 399 4260 453 4303; x_wconf 81' lang='lat' dir='ltr'><strong><em>et</em></strong></span> <span class='ocrx_word' id='word_1_411' title='bbox 483 4265 710 4319; x_wconf 89' lang='lat' dir='ltr'><strong><em>opere...</em></strong></span> <span class='ocrx_word' id='word_1_412' title='bbox 746 4252 895 4319; x_wconf 89' lang='lat' dir='ltr'><strong><em>Quod</em></strong></span> <span class='ocrx_word' id='word_1_413' title='bbox 930 4267 1058 4306; x_wconf 90' lang='lat' dir='ltr'><strong><em>vero</em></strong></span> <span class='ocrx_word' id='word_1_414' title='bbox 1084 4252 1213 4307; x_wconf 90' lang='lat' dir='ltr'><strong><em>dicit</em></strong></span> <span class='ocrx_word' id='word_1_415' title='bbox 1240 4254 1509 4308; x_wconf 75' lang='lat' dir='ltr'><strong><em>custodire</em></strong></span> <span class='ocrx_word' id='word_1_416' title='bbox 1539 4269 1569 4306; x_wconf 89' lang='lat' dir='ltr'><strong><em>a</em></strong></span> <span class='ocrx_word' id='word_1_417' title='bbox 1602 4251 1768 4318; x_wconf 81' lang='lat' dir='ltr'><strong><em>vitiis,</em></strong></span> <span class='ocrx_word' id='word_1_418' title='bbox 1790 4252 1989 4306; x_wconf 86' lang='lat' dir='ltr'><strong><em>subau-</em></strong></span> 
     </span>
    </p>
   </div>
   <div class='ocr_carea' id='block_1_59' title="bbox 406 4320 1983 4395">
    <p class='ocr_par' dir='ltr' id='par_1_59' title="bbox 406 4320 1983 4395">
     <span class='ocr_line' id='line_1_59' title="bbox 406 4320 1983 4395; baseline 0.002 -24"><span class='ocrx_word' id='word_1_419' title='bbox 406 4320 548 4395; x_wconf 69' lang='lat' dir='ltr'><strong><em>ditur</em></strong></span> <span class='ocrx_word' id='word_1_420' title='bbox 576 4337 604 4374; x_wconf 91' lang='lat' dir='ltr'><strong><em>a</em></strong></span> <span class='ocrx_word' id='word_1_421' title='bbox 636 4332 853 4395; x_wconf 82' lang='lat' dir='ltr'><strong><em>septem</em></strong></span> <span class='ocrx_word' id='word_1_422' title='bbox 899 4323 1299 4393; x_wconf 84' lang='lat' dir='ltr'><strong><em>principalibus.</em></strong></span> <span class='ocrx_word' id='word_1_423' title='bbox 1342 4324 1504 4395; x_wconf 75' lang='lat'><strong><em>206</em></strong></span> <span class='ocrx_word' id='word_1_424' title='bbox 1553 4323 1619 4395; x_wconf 9' lang='lat' dir='ltr'><strong><em>id,</em></strong></span> <span class='ocrx_word' id='word_1_425' title='bbox 1651 4331 1733 4378; x_wconf 88' lang='lat' dir='ltr'><strong><em>est</em></strong></span> <span class='ocrx_word' id='word_1_426' title='bbox 1772 4337 1814 4387; x_wconf 80' lang='lat' dir='ltr'><strong><em>a_</em></strong></span> <span class='ocrx_word' id='word_1_427' title='bbox 1838 4323 1983 4395; x_wconf 83' lang='lat' dir='ltr'><strong><em>gula,</em></strong></span> 
     </span>
    </p>
   </div>
   <div class='ocr_carea' id='block_1_60' title="bbox 400 4391 1987 4461">
    <p class='ocr_par' dir='ltr' id='par_1_60' title="bbox 400 4391 1987 4461">
     <span class='ocr_line' id='line_1_60' title="bbox 400 4391 1987 4461; baseline 0.001 -18"><span class='ocrx_word' id='word_1_428' title='bbox 400 4391 773 4458; x_wconf 72' lang='lat' dir='ltr'><strong><em>fornicatione,</em></strong></span> <span class='ocrx_word' id='word_1_429' title='bbox 797 4391 1044 4458; x_wconf 78' lang='lat' dir='ltr'><strong><em>avaritia,</em></strong></span> <span class='ocrx_word' id='word_1_430' title='bbox 1075 4391 1174 4460; x_wconf 89' lang='lat' dir='ltr'><strong><em>ira,</em></strong></span> <span class='ocrx_word' id='word_1_431' title='bbox 1209 4391 1441 4459; x_wconf 57' lang='lat' dir='ltr'><strong><em>tristiTta&#39;,</em></strong></span> <span class='ocrx_word' id='word_1_432' title='bbox 1463 4391 1677 4460; x_wconf 69' lang='lat' dir='ltr'><strong><em>acedia,</em></strong></span> <span class='ocrx_word' id='word_1_433' title='bbox 1702 4391 1987 4461; x_wconf 52' lang='lat' dir='ltr'><strong><em>vana&#39;glo-</em></strong></span> 
     </span>
    </p>
   </div>
   <div class='ocr_carea' id='block_1_61' title="bbox 398 4462 1984 4537">
    <p class='ocr_par' dir='ltr' id='par_1_61' title="bbox 398 4462 1984 4537">
     <span class='ocr_line' id='line_1_61' title="bbox 398 4462 1984 4537; baseline 0.003 -24"><span class='ocrx_word' id='word_1_434' title='bbox 398 4462 497 4537; x_wconf 80' lang='lat' dir='ltr'><strong><em>ria,</em></strong></span> <span class='ocrx_word' id='word_1_435' title='bbox 526 4472 578 4517; x_wconf 79' lang='lat' dir='ltr'><strong><em>et</em></strong></span> <span class='ocrx_word' id='word_1_436' title='bbox 602 4466 669 4517; x_wconf 89' lang='lat' dir='ltr'><strong><em>ab</em></strong></span> <span class='ocrx_word' id='word_1_437' title='bbox 691 4476 876 4537; x_wconf 85' lang='lat' dir='ltr'><strong><em>octava</em></strong></span> <span class='ocrx_word' id='word_1_438' title='bbox 896 4480 1081 4519; x_wconf 91' lang='lat' dir='ltr'><strong><em>eorum</em></strong></span> <span class='ocrx_word' id='word_1_439' title='bbox 1111 4466 1365 4537; x_wconf 85' lang='lat' dir='ltr'><strong><em>genitrice</em></strong></span> <span class='ocrx_word' id='word_1_440' title='bbox 1390 4465 1658 4534; x_wconf 88' lang='lat' dir='ltr'><strong><em>superbia,</em></strong></span> <span class='ocrx_word' id='word_1_441' title='bbox 1686 4475 1740 4519; x_wconf 90' lang='lat' dir='ltr'><strong><em>et</em></strong></span> <span class='ocrx_word' id='word_1_442' title='bbox 1770 4465 1838 4517; x_wconf 90' lang='lat' dir='ltr'><strong><em>ab</em></strong></span> <span class='ocrx_word' id='word_1_443' title='bbox 1868 4480 1984 4518; x_wconf 90' lang='lat' dir='ltr'><strong><em>om-</em></strong></span> 
     </span>
    </p>
   </div>
   <div class='ocr_carea' id='block_1_62' title="bbox 399 4532 1822 4602">
    <p class='ocr_par' dir='ltr' id='par_1_62' title="bbox 399 4532 1822 4602">
     <span class='ocr_line' id='line_1_62' title="bbox 399 4532 1822 4602; baseline 0.003 -17"><span class='ocrx_word' id='word_1_444' title='bbox 399 4532 555 4586; x_wconf 86' lang='lat' dir='ltr'><strong><em>nibus</em></strong></span> <span class='ocrx_word' id='word_1_445' title='bbox 584 4549 797 4602; x_wconf 69' lang='lat' dir='ltr'><strong><em>prorsus</em></strong></span> <span class='ocrx_word' id='word_1_446' title='bbox 829 4536 1039 4590; x_wconf 70' lang='lat' dir='ltr'><strong><em>illoruzn</em></strong></span> <span class='ocrx_word' id='word_1_447' title='bbox 1068 4532 1267 4590; x_wconf 63' lang='lat' dir='ltr'><strong><em>nocivis</em></strong></span> <span class='ocrx_word' id='word_1_448' title='bbox 1300 4532 1637 4600; x_wconf 85' lang='lat' dir='ltr'><strong><em>ramuscnlis,</em></strong></span> <span class='ocrx_word' id='word_1_449' title='bbox 1669 4554 1687 4587; x_wconf 74' lang='grc' dir='ltr'><strong><em>ι</em></strong></span> <span class='ocrx_word' id='word_1_450' title='bbox 1719 4543 1822 4589; x_wconf 89' lang='lat' dir='ltr'><strong><em>etc.</em></strong></span> 
     </span>
    </p>
   </div>
   <div class='ocr_carea' id='block_1_63' title="bbox 470 4603 1981 4678">
    <p class='ocr_par' dir='ltr' id='par_1_63' title="bbox 470 4603 1981 4678">
     <span class='ocr_line' id='line_1_63' title="bbox 470 4603 1981 4678; baseline 0.001 -18"><span class='ocrx_word' id='word_1_451' title='bbox 470 4603 577 4678; x_wconf 72' lang='lat' dir='ltr'><strong><em>Sed</em></strong></span> <span class='ocrx_word' id='word_1_452' title='bbox 600 4616 652 4678; x_wconf 74' lang='lat' dir='ltr'><strong><em>et</em></strong></span> <span class='ocrx_word' id='word_1_453' title='bbox 677 4606 929 4659; x_wconf 82' lang='lat' dir='ltr'><strong><em>desideria</em></strong></span> <span class='ocrx_word' id='word_1_454' title='bbox 959 4608 1128 4678; x_wconf 77' lang='lat' dir='ltr'><strong><em>carnis</em></strong></span> <span class='ocrx_word' id='word_1_455' title='bbox 1155 4618 1424 4678; x_wconf 87' lang='lat' dir='ltr'><strong><em>amputare</em></strong></span> <span class='ocrx_word' id='word_1_456' title='bbox 1460 4604 1705 4678; x_wconf 75' lang='lat' dir='ltr'><strong><em>festinet.]</em></strong></span> <span class='ocrx_word' id='word_1_457' title='bbox 1729 4608 1891 4678; x_wconf 79' lang='lat' dir='ltr'><strong><em>Quia,</em></strong></span> <span class='ocrx_word' id='word_1_458' title='bbox 1928 4619 1981 4662; x_wconf 90' lang='lat' dir='ltr'><strong><em>ut</em></strong></span> 
     </span>
    </p>
   </div>
   <div class='ocr_carea' id='block_1_64' title="bbox 396 4674 1983 4749">
    <p class='ocr_par' dir='ltr' id='par_1_64' title="bbox 396 4674 1983 4749">
     <span class='ocr_line' id='line_1_64' title="bbox 396 4674 1983 4749; baseline 0.004 -23"><span class='ocrx_word' id='word_1_459' title='bbox 396 4674 470 4727; x_wconf 85' lang='lat' dir='ltr'><strong><em>ait</em></strong></span> <span class='ocrx_word' id='word_1_460' title='bbox 490 4676 703 4749; x_wconf 73' lang='lat' dir='ltr'><strong><em>_S.Odo</em></strong></span> <span class='ocrx_word' id='word_1_461' title='bbox 733 4678 872 4749; x_wconf 85' lang='lat' dir='ltr'><strong><em>(Lib.</em></strong></span> <span class='ocrx_word' id='word_1_462' title='bbox 905 4694 942 4733; x_wconf 85' lang='grc' dir='ltr'>ιι</span> <span class='ocrx_word' id='word_1_463' title='bbox 970 4676 1183 4740; x_wconf 87' lang='lat' dir='ltr'><strong><em>Collot..</em></strong></span> <span class='ocrx_word' id='word_1_464' title='bbox 1221 4674 1272 4733; x_wconf 73' lang='grc' dir='ltr'><strong><em>ἠ.</em></strong></span> <span class='ocrx_word' id='word_1_465' title='bbox 1300 4678 1380 4749; x_wconf 86' lang='grc'><strong><em>6),</em></strong></span> <span class='ocrx_word' id='word_1_466' title='bbox 1416 4696 1436 4729; x_wconf 82' lang='lat' dir='ltr'><strong><em>s</em></strong></span> <span class='ocrx_word' id='word_1_467' title='bbox 1460 4674 1793 4749; x_wconf 78' lang='lat' dir='ltr'><strong><em>omnimodis</em></strong></span> <span class='ocrx_word' id='word_1_468' title='bbox 1818 4692 1983 4732; x_wconf 57' lang='lat' dir='ltr'><strong><em>esse.</em></strong></span> 
     </span>
    </p>
   </div>
   <div class='ocr_carea' id='block_1_65' title="bbox 394 4746 1985 4818">
    <p class='ocr_par' dir='ltr' id='par_1_65' title="bbox 394 4746 1985 4818">
     <span class='ocr_line' id='line_1_65' title="bbox 394 4746 1985 4818; baseline 0.004 -21"><span class='ocrx_word' id='word_1_469' title='bbox 394 4746 646 4818; x_wconf 74' lang='lat' dir='ltr'><strong><em>craliilius</em></strong></span> <span class='ocrx_word' id='word_1_470' title='bbox 673 4746 907 4811; x_wconf 85' lang='lat' dir='ltr'><strong><em>videtur,</em></strong></span> <span class='ocrx_word' id='word_1_471' title='bbox 932 4750 977 4803; x_wconf 80' lang='lat' dir='ltr'><strong><em>si</em></strong></span> <span class='ocrx_word' id='word_1_472' title='bbox 1009 4751 1283 4817; x_wconf 81' lang='lat' dir='ltr'><strong><em>religionis</em></strong></span> <span class='ocrx_word' id='word_1_473' title='bbox 1313 4746 1663 4818; x_wconf 79' lang='lat' dir='ltr'><strong><em>professores,</em></strong></span> <span class='ocrx_word' id='word_1_474' title='bbox 1686 4748 1900 4818; x_wconf 78' lang='lat' dir='ltr'><strong><em>quibus.</em></strong></span> <span class='ocrx_word' id='word_1_475' title='bbox 1928 4758 1985 4803; x_wconf 87' lang='lat' dir='ltr'><strong><em>nt</em></strong></span> 
     </span>
    </p>
   </div>
   <div class='ocr_carea' id='block_1_66' title="bbox 396 4816 1985 4889">
    <p class='ocr_par' dir='ltr' id='par_1_66' title="bbox 396 4816 1985 4889">
     <span class='ocr_line' id='line_1_66' title="bbox 396 4816 1985 4889; baseline 0.004 -21"><span class='ocrx_word' id='word_1_476' title='bbox 396 4816 469 4889; x_wconf 75' lang='lat' dir='ltr'><strong><em>ait</em></strong></span> <span class='ocrx_word' id='word_1_477' title='bbox 510 4820 815 4889; x_wconf 78' lang='lat' dir='ltr'><strong><em>Apostolus,</em></strong></span> <span class='ocrx_word' id='word_1_478' title='bbox 848 4820 1057 4889; x_wconf 87' lang='lat' dir='ltr'><strong><em>eloquia</em></strong></span> <span class='ocrx_word' id='word_1_479' title='bbox 1105 4816 1194 4875; x_wconf 82' lang='lat' dir='ltr'><strong><em>Dei</em></strong></span> <span class='ocrx_word' id='word_1_480' title='bbox 1237 4816 1439 4875; x_wconf 82' lang='lat' dir='ltr'><strong><em>credita</em></strong></span> <span class='ocrx_word' id='word_1_481' title='bbox 1489 4828 1631 4884; x_wconf 91' lang='lat' dir='ltr'><strong><em>sunt,</em></strong></span> <span class='ocrx_word' id='word_1_482' title='bbox 1677 4816 1985 4875; x_wconf 75' lang='lat' dir='ltr'><strong><em>carnalibus</em></strong></span> 
     </span>
    </p>
   </div>
   <div class='ocr_carea' id='block_1_67' title="bbox 393 4887 1981 4959">
    <p class='ocr_par' dir='ltr' id='par_1_67' title="bbox 393 4887 1981 4959">
     <span class='ocr_line' id='line_1_67' title="bbox 393 4887 1981 4959; baseline 0.002 -21"><span class='ocrx_word' id='word_1_483' title='bbox 393 4887 677 4942; x_wconf 86' lang='lat' dir='ltr'><strong><em>desideriis</em></strong></span> <span class='ocrx_word' id='word_1_484' title='bbox 727 4887 1011 4959; x_wconf 57' lang='lat' dir='ltr'><strong><em>contigciit</em></strong></span> <span class='ocrx_word' id='word_1_485' title='bbox 1059 4891 1333 4947; x_wconf 73' lang='lat' dir='ltr'><strong><em>ancillari:</em></strong></span> <span class='ocrx_word' id='word_1_486' title='bbox 1383 4890 1583 4945; x_wconf 88' lang='lat' dir='ltr'><strong><em>relictis</em></strong></span> <span class='ocrx_word' id='word_1_487' title='bbox 1632 4891 1981 4957; x_wconf 77' lang='lat' dir='ltr'><strong><em>rtelestibus,</em></strong></span> 
     </span>
    </p>
   </div>
   <div class='ocr_carea' id='block_1_68' title="bbox 396 4960 1983 5037">
    <p class='ocr_par' dir='ltr' id='par_1_68' title="bbox 396 4960 1983 5037">
     <span class='ocr_line' id='line_1_68' title="bbox 396 4960 1983 5037; baseline 0.005 -29"><span class='ocrx_word' id='word_1_488' title='bbox 396 4960 623 5037; x_wconf 78' lang='lat' dir='ltr'><strong><em>terrenis</em></strong></span> <span class='ocrx_word' id='word_1_489' title='bbox 670 4960 906 5027; x_wconf 85' lang='lat' dir='ltr'><strong><em>inhiare;</em></strong></span> <span class='ocrx_word' id='word_1_490' title='bbox 950 4972 1259 5033; x_wconf 87' lang='lat' dir='ltr'><strong><em>contempto</em></strong></span> <span class='ocrx_word' id='word_1_491' title='bbox 1307 4962 1449 5029; x_wconf 92' lang='lat' dir='ltr'><strong><em>Deo,</em></strong></span> <span class='ocrx_word' id='word_1_492' title='bbox 1497 4975 1818 5016; x_wconf 74' lang='lat' dir='ltr'><strong><em>mammona:</em></strong></span> <span class='ocrx_word' id='word_1_493' title='bbox 1864 4975 1983 5017; x_wconf 89' lang='lat' dir='ltr'><strong><em>ser-</em></strong></span> 
     </span>
    </p>
   </div>
   <div class='ocr_carea' id='block_1_69' title="bbox 395 5041 585 5082">
    <p class='ocr_par' dir='ltr' id='par_1_69' title="bbox 395 5041 585 5082">
     <span class='ocr_line' id='line_1_69' title="bbox 395 5041 585 5082; baseline 0.005 -2"><span class='ocrx_word' id='word_1_494' title='bbox 395 5041 530 5082; x_wconf 74' lang='grc' dir='ltr'><strong><em>νιτρ.</em></strong></span> <span class='ocrx_word' id='word_1_495' title='bbox 567 5050 585 5081; x_wconf 76' lang='grc' dir='ltr'><strong><em>ι</em></strong></span> 
     </span>
    </p>
   </div>
   <div class='ocr_carea' id='block_1_70' title="bbox 462 5100 1985 5175">
    <p class='ocr_par' dir='ltr' id='par_1_70' title="bbox 462 5100 1985 5175">
     <span class='ocr_line' id='line_1_70' title="bbox 462 5100 1985 5175; baseline 0.004 -22"><span class='ocrx_word' id='word_1_496' title='bbox 462 5100 707 5175; x_wconf 64' lang='lat' dir='ltr'><strong><em>lissimet</em></strong></span> <span class='ocrx_word' id='word_1_497' title='bbox 730 5119 783 5175; x_wconf 71' lang='lat' dir='ltr'><strong><em>se</em></strong></span> <span class='ocrx_word' id='word_1_498' title='bbox 802 5104 955 5175; x_wconf 82' lang='lat' dir='ltr'><strong><em>homo</em></strong></span> <span class='ocrx_word' id='word_1_499' title='bbox 977 5106 1038 5158; x_wconf 88' lang='lat' dir='ltr'><strong><em>de</em></strong></span> <span class='ocrx_word' id='word_1_500' title='bbox 1059 5104 1197 5159; x_wconf 72' lang='lat' dir='ltr'><strong><em>caelis</em></strong></span> <span class='ocrx_word' id='word_1_501' title='bbox 1222 5120 1419 5175; x_wconf 87' lang='lat' dir='ltr'><strong><em>semper</em></strong></span> <span class='ocrx_word' id='word_1_502' title='bbox 1445 5121 1478 5158; x_wconf 88' lang='lat' dir='ltr'><strong><em>a</em></strong></span> <span class='ocrx_word' id='word_1_503' title='bbox 1507 5105 1616 5160; x_wconf 87' lang='lat' dir='ltr'><strong><em>Deo</em></strong></span> <span class='ocrx_word' id='word_1_504' title='bbox 1640 5105 1825 5173; x_wconf 79' lang='lat' dir='ltr'><strong><em>respici</em></strong></span> <span class='ocrx_word' id='word_1_505' title='bbox 1845 5107 1985 5159; x_wconf 88' lang='lat' dir='ltr'><strong><em>omni</em></strong></span> 
     </span>
    </p>
   </div>
   <div class='ocr_carea' id='block_1_71' title="bbox 395 5170 1982 5244">
    <p class='ocr_par' dir='ltr' id='par_1_71' title="bbox 395 5170 1982 5244">
     <span class='ocr_line' id='line_1_71' title="bbox 395 5170 1982 5244; baseline 0.006 -23"><span class='ocrx_word' id='word_1_506' title='bbox 395 5170 537 5225; x_wconf 81' lang='lat' dir='ltr'><strong><em>liora.</em></strong></span> <span class='ocrx_word' id='word_1_507' title='bbox 574 5182 677 5226; x_wconf 87' lang='lat' dir='ltr'><strong><em>etc.</em></strong></span> <span class='ocrx_word' id='word_1_508' title='bbox 690 5174 706 5244; x_wconf 78' lang='lat' dir='ltr'><strong>j</strong></span> <span class='ocrx_word' id='word_1_509' title='bbox 740 5172 805 5244; x_wconf 86' lang='lat' dir='ltr'><strong><em>Ut</em></strong></span> <span class='ocrx_word' id='word_1_510' title='bbox 833 5174 1069 5231; x_wconf 84' lang='lat' dir='ltr'><strong><em>divinum</em></strong></span> <span class='ocrx_word' id='word_1_511' title='bbox 1115 5175 1267 5229; x_wconf 90' lang='lat' dir='ltr'><strong><em>nobis</em></strong></span> <span class='ocrx_word' id='word_1_512' title='bbox 1297 5170 1519 5231; x_wconf 82' lang='lat' dir='ltr'><strong><em>incutiat</em></strong></span> <span class='ocrx_word' id='word_1_513' title='bbox 1548 5170 1815 5239; x_wconf 86' lang='lat' dir='ltr'><strong><em>timorem,</em></strong></span> <span class='ocrx_word' id='word_1_514' title='bbox 1842 5176 1982 5230; x_wconf 82' lang='lat' dir='ltr'><strong><em>diri-</em></strong></span> 
     </span>
    </p>
   </div>
   <div class='ocr_carea' id='block_1_72' title="bbox 394 5243 1984 5309">
    <p class='ocr_par' dir='ltr' id='par_1_72' title="bbox 394 5243 1984 5309">
     <span class='ocr_line' id='line_1_72' title="bbox 394 5243 1984 5309; baseline 0.004 -14"><span class='ocrx_word' id='word_1_515' title='bbox 394 5257 515 5296; x_wconf 91' lang='lat' dir='ltr'><strong><em>nam</em></strong></span> <span class='ocrx_word' id='word_1_516' title='bbox 550 5243 704 5298; x_wconf 68' lang='lat' dir='ltr'><strong><em>nobi;</em></strong></span> <span class='ocrx_word' id='word_1_517' title='bbox 734 5243 926 5299; x_wconf 90' lang='lat' dir='ltr'><strong><em>incutit</em></strong></span> <span class='ocrx_word' id='word_1_518' title='bbox 950 5259 1004 5301; x_wconf 89' lang='lat' dir='ltr'><strong><em>et</em></strong></span> <span class='ocrx_word' id='word_1_519' title='bbox 1031 5246 1178 5299; x_wconf 87' lang='lat' dir='ltr'><strong><em>omni</em></strong></span> <span class='ocrx_word' id='word_1_520' title='bbox 1212 5246 1337 5299; x_wconf 80' lang='lat' dir='ltr'><strong><em>liora</em></strong></span> <span class='ocrx_word' id='word_1_521' title='bbox 1362 5257 1416 5301; x_wconf 87' lang='lat' dir='ltr'><strong><em>et</em></strong></span> <span class='ocrx_word' id='word_1_522' title='bbox 1443 5248 1495 5300; x_wconf 92' lang='lat' dir='ltr'><strong><em>in</em></strong></span> <span class='ocrx_word' id='word_1_523' title='bbox 1524 5247 1668 5300; x_wconf 90' lang='lat' dir='ltr'><strong><em>omni</em></strong></span> <span class='ocrx_word' id='word_1_524' title='bbox 1701 5246 1822 5299; x_wconf 90' lang='lat' dir='ltr'><strong><em>loco</em></strong></span> <span class='ocrx_word' id='word_1_525' title='bbox 1849 5263 1984 5309; x_wconf 72' lang='lat' dir='ltr'><strong><em>prat-</em></strong></span> 
     </span>
    </p>
   </div>
   <div class='ocr_carea' id='block_1_73' title="bbox 391 5314 1981 5388">
    <p class='ocr_par' dir='ltr' id='par_1_73' title="bbox 391 5314 1981 5388">
     <span class='ocr_line' id='line_1_73' title="bbox 391 5314 1981 5388; baseline 0.004 -24"><span class='ocrx_word' id='word_1_526' title='bbox 391 5314 659 5382; x_wconf 74' lang='lat' dir='ltr'><strong><em>seatiam;</em></strong></span> <span class='ocrx_word' id='word_1_527' title='bbox 690 5316 812 5384; x_wconf 86' lang='lat' dir='ltr'><strong><em>quia</em></strong></span> <span class='ocrx_word' id='word_1_528' title='bbox 841 5318 1001 5371; x_wconf 75' lang='lat' dir='ltr'><strong><em>rideri</em></strong></span> <span class='ocrx_word' id='word_1_529' title='bbox 1019 5318 1112 5379; x_wconf 86' lang='lat' dir='ltr'><strong><em>sic.</em></strong></span> <span class='ocrx_word' id='word_1_530' title='bbox 1138 5324 1184 5370; x_wconf 87' lang='lat' dir='ltr'><strong><em>et</em></strong></span> <span class='ocrx_word' id='word_1_531' title='bbox 1206 5334 1237 5370; x_wconf 90' lang='lat' dir='ltr'><strong><em>a</em></strong></span> <span class='ocrx_word' id='word_1_532' title='bbox 1264 5316 1377 5380; x_wconf 87' lang='lat' dir='ltr'><strong><em>tali,</em></strong></span> <span class='ocrx_word' id='word_1_533' title='bbox 1402 5330 1447 5370; x_wconf 88' lang='lat' dir='ltr'><strong><em>et</em></strong></span> <span class='ocrx_word' id='word_1_534' title='bbox 1469 5334 1685 5388; x_wconf 79' lang='lat' dir='ltr'><strong><em>semper,</em></strong></span> <span class='ocrx_word' id='word_1_535' title='bbox 1709 5324 1754 5371; x_wconf 85' lang='lat' dir='ltr'><strong><em>et</em></strong></span> <span class='ocrx_word' id='word_1_536' title='bbox 1768 5316 1981 5388; x_wconf 82' lang='lat' dir='ltr'><strong><em>ubique,</em></strong></span> 
     </span>
    </p>
   </div>
   <div class='ocr_carea' id='block_1_74' title="bbox 393 5387 1984 5455">
    <p class='ocr_par' dir='ltr' id='par_1_74' title="bbox 393 5387 1984 5455">
     <span class='ocr_line' id='line_1_74' title="bbox 393 5387 1984 5455; baseline 0.004 -19"><span class='ocrx_word' id='word_1_537' title='bbox 393 5400 609 5455; x_wconf 80' lang='lat' dir='ltr'><strong><em>magnus</em></strong></span> <span class='ocrx_word' id='word_1_538' title='bbox 634 5399 801 5440; x_wconf 81' lang='lat' dir='ltr'><strong><em>terror</em></strong></span> <span class='ocrx_word' id='word_1_539' title='bbox 830 5398 921 5449; x_wconf 80' lang='lat' dir='ltr'><strong><em>est,</em></strong></span> <span class='ocrx_word' id='word_1_540' title='bbox 948 5389 1118 5454; x_wconf 78' lang='lat' dir='ltr'><strong><em>inquit</em></strong></span> <span class='ocrx_word' id='word_1_541' title='bbox 1145 5391 1443 5442; x_wconf 79' lang='lat' dir='ltr'><strong><em>llernardus</em></strong></span> <span class='ocrx_word' id='word_1_542' title='bbox 1470 5387 1830 5443; x_wconf 69' lang='lat' dir='ltr'><strong><em>(Iassinensis.</em></strong></span> <span class='ocrx_word' id='word_1_543' title='bbox 1859 5388 1984 5442; x_wconf 83' lang='lat' dir='ltr'><strong><em>Pro-</em></strong></span> 
     </span>
    </p>
   </div>
   <div class='ocr_carea' id='block_1_75' title="bbox 391 5453 1979 5529">
    <p class='ocr_par' dir='ltr' id='par_1_75' title="bbox 391 5453 1979 5529">
     <span class='ocr_line' id='line_1_75' title="bbox 391 5453 1979 5529; baseline 0.004 -22"><span class='ocrx_word' id='word_1_544' title='bbox 391 5453 806 5529; x_wconf 83' lang='lat' dir='ltr'><strong><em>batque_verbis</em></strong></span> <span class='ocrx_word' id='word_1_545' title='bbox 839 5453 1122 5529; x_wconf 64' lang='lat' dir='ltr'><strong><em>Propheta:</em></strong></span> <span class='ocrx_word' id='word_1_546' title='bbox 1164 5459 1412 5523; x_wconf 86' lang='lat' dir='ltr'><strong><em>dicentis,</em></strong></span> <span class='ocrx_word' id='word_1_547' title='bbox 1460 5471 1697 5513; x_wconf 80' lang='lat' dir='ltr'><strong><em>scrutatis</em></strong></span> <span class='ocrx_word' id='word_1_548' title='bbox 1741 5460 1898 5513; x_wconf 87' lang='lat' dir='ltr'><strong><em>corda</em></strong></span> <span class='ocrx_word' id='word_1_549' title='bbox 1931 5470 1979 5513; x_wconf 91' lang='lat' dir='ltr'><strong><em>et</em></strong></span> 
     </span>
    </p>
   </div>
   <div class='ocr_carea' id='block_1_76' title="bbox 390 5527 1978 5599">
    <p class='ocr_par' dir='ltr' id='par_1_76' title="bbox 390 5527 1978 5599">
     <span class='ocr_line' id='line_1_76' title="bbox 390 5527 1978 5599; baseline 0.007 -23"><span class='ocrx_word' id='word_1_550' title='bbox 390 5541 539 5579; x_wconf 87' lang='lat' dir='ltr'><strong><em>renes</em></strong></span> <span class='ocrx_word' id='word_1_551' title='bbox 587 5527 742 5584; x_wconf 86' lang='lat' dir='ltr'><strong><em>Deus.</em></strong></span> <span class='ocrx_word' id='word_1_552' title='bbox 797 5529 895 5585; x_wconf 82' lang='lat' dir='ltr'><strong><em>Ubi</em></strong></span> <span class='ocrx_word' id='word_1_553' title='bbox 951 5527 1045 5599; x_wconf 81' lang='lat' dir='ltr'><strong><em>per</em></strong></span> <span class='ocrx_word' id='word_1_554' title='bbox 1089 5531 1249 5583; x_wconf 90' lang='lat' dir='ltr'><strong><em>corda</em></strong></span> <span class='ocrx_word' id='word_1_555' title='bbox 1282 5530 1655 5599; x_wconf 76' lang='lat' dir='ltr'><strong><em>cogitationes,</em></strong></span> <span class='ocrx_word' id='word_1_556' title='bbox 1685 5545 1783 5599; x_wconf 88' lang='lat' dir='ltr'><strong><em>per</em></strong></span> <span class='ocrx_word' id='word_1_557' title='bbox 1818 5545 1978 5586; x_wconf 86' lang='lat' dir='ltr'><strong><em>renes</em></strong></span> 
     </span>
    </p>
   </div>
   <div class='ocr_carea' id='block_1_77' title="bbox 391 5599 1981 5664">
    <p class='ocr_par' dir='ltr' id='par_1_77' title="bbox 391 5599 1981 5664">
     <span class='ocr_line' id='line_1_77' title="bbox 391 5599 1981 5664; baseline 0.006 -18"><span class='ocrx_word' id='word_1_558' title='bbox 391 5600 773 5664; x_wconf 83' lang='lat' dir='ltr'><strong><em>cogitationum</em></strong></span> <span class='ocrx_word' id='word_1_559' title='bbox 800 5603 981 5664; x_wconf 57' lang='lat' dir='ltr'><strong><em>rimas,</em></strong></span> <span class='ocrx_word' id='word_1_560' title='bbox 1013 5599 1123 5653; x_wconf 78' lang='lat' dir='ltr'><strong><em>sive</em></strong></span> <span class='ocrx_word' id='word_1_561' title='bbox 1152 5601 1355 5654; x_wconf 89' lang='lat' dir='ltr'><strong><em>initium</em></strong></span> <span class='ocrx_word' id='word_1_562' title='bbox 1383 5612 1435 5655; x_wconf 89' lang='lat' dir='ltr'><strong><em>et</em></strong></span> <span class='ocrx_word' id='word_1_563' title='bbox 1463 5602 1812 5655; x_wconf 91' lang='lat' dir='ltr'><strong><em>intentionem</em></strong></span> <span class='ocrx_word' id='word_1_564' title='bbox 1837 5602 1981 5656; x_wconf 91' lang='lat' dir='ltr'><strong><em>unde</em></strong></span> 
     </span>
    </p>
   </div>
   <div class='ocr_carea' id='block_1_78' title="bbox 393 5665 1981 5739">
    <p class='ocr_par' dir='ltr' id='par_1_78' title="bbox 393 5665 1981 5739">
     <span class='ocr_line' id='line_1_78' title="bbox 393 5665 1981 5739; baseline 0.006 -21"><span class='ocrx_word' id='word_1_565' title='bbox 393 5665 522 5739; x_wconf 74' lang='lat' dir='ltr'><strong><em>ipsa:</em></strong></span> <span class='ocrx_word' id='word_1_566' title='bbox 550 5673 904 5735; x_wconf 74' lang='lat' dir='ltr'><strong><em>cogitationes</em></strong></span> <span class='ocrx_word' id='word_1_567' title='bbox 946 5673 1190 5724; x_wconf 90' lang='lat' dir='ltr'><strong><em>oriuntur</em></strong></span> <span class='ocrx_word' id='word_1_568' title='bbox 1216 5673 1434 5739; x_wconf 71' lang='lat' dir='ltr'><strong><em>intelligi</em></strong></span> <span class='ocrx_word' id='word_1_569' title='bbox 1463 5673 1571 5724; x_wconf 89' lang='lat' dir='ltr'><strong><em>vult</em></strong></span> <span class='ocrx_word' id='word_1_570' title='bbox 1604 5672 1981 5739; x_wconf 80' lang='lat' dir='ltr'><strong><em>Hildemarus;</em></strong></span> 
     </span>
    </p>
   </div>
   <div class='ocr_carea' id='block_1_79' title="bbox 392 5736 1983 5812">
    <p class='ocr_par' dir='ltr' id='par_1_79' title="bbox 392 5736 1983 5812">
     <span class='ocr_line' id='line_1_79' title="bbox 392 5736 1983 5812; baseline 0.006 -25"><span class='ocrx_word' id='word_1_571' title='bbox 392 5736 489 5811; x_wconf 83' lang='lat' dir='ltr'><strong><em>sed</em></strong></span> <span class='ocrx_word' id='word_1_572' title='bbox 526 5741 735 5812; x_wconf 56' lang='lat' dir='ltr'><strong><em>rectius</em></strong></span> <span class='ocrx_word' id='word_1_573' title='bbox 752 5757 871 5795; x_wconf 89' lang='lat' dir='ltr'><strong><em>cum</em></strong></span> <span class='ocrx_word' id='word_1_574' title='bbox 902 5742 1218 5812; x_wconf 82' lang='lat' dir='ltr'><strong><em>Stnaragdo,</em></strong></span> <span class='ocrx_word' id='word_1_575' title='bbox 1250 5736 1523 5795; x_wconf 41' lang='lat' dir='ltr'><strong><em>Bern-ardo</em></strong></span> <span class='ocrx_word' id='word_1_576' title='bbox 1549 5741 1784 5807; x_wconf 86' lang='lat' dir='ltr'><strong><em>Cassin.,</em></strong></span> <span class='ocrx_word' id='word_1_577' title='bbox 1816 5736 1983 5797; x_wconf 72' lang='lat' dir='ltr'><strong><em>Balte-</em></strong></span> 
     </span>
    </p>
   </div>
   <div class='ocr_carea' id='block_1_80' title="bbox 393 5808 1980 5887">
    <p class='ocr_par' dir='ltr' id='par_1_80' title="bbox 393 5808 1980 5887">
     <span class='ocr_line' id='line_1_80' title="bbox 393 5808 1980 5887; baseline 0.008 -26"><span class='ocrx_word' id='word_1_578' title='bbox 393 5810 475 5861; x_wconf 83' lang='lat' dir='ltr'><strong><em>rio</em></strong></span> <span class='ocrx_word' id='word_1_579' title='bbox 518 5815 573 5865; x_wconf 90' lang='lat' dir='ltr'><strong><em>et</em></strong></span> <span class='ocrx_word' id='word_1_580' title='bbox 608 5808 904 5871; x_wconf 82' lang='lat' dir='ltr'><strong><em>Tritlteutio</em></strong></span> <span class='ocrx_word' id='word_1_581' title='bbox 941 5827 1037 5883; x_wconf 84' lang='lat' dir='ltr'><strong><em>per</em></strong></span> <span class='ocrx_word' id='word_1_582' title='bbox 1074 5808 1237 5872; x_wconf 70' lang='lat' dir='ltr'><strong><em>corda</em></strong></span> <span class='ocrx_word' id='word_1_583' title='bbox 1278 5815 1651 5884; x_wconf 64' lang='lat' dir='ltr'><strong><em>cog&#39;tationes,</em></strong></span> <span class='ocrx_word' id='word_1_584' title='bbox 1684 5830 1780 5887; x_wconf 82' lang='lat' dir='ltr'><strong><em>per</em></strong></span> <span class='ocrx_word' id='word_1_585' title='bbox 1820 5830 1980 5873; x_wconf 85' lang='lat' dir='ltr'><strong><em>rencs</em></strong></span> 
     </span>
    </p>
   </div>
   <div class='ocr_carea' id='block_1_81' title="bbox 2010 3201 2057 3263">
    <p class='ocr_par' dir='ltr' id='par_1_81' title="bbox 2010 3201 2057 3263">
     <span class='ocr_line' id='line_1_81' title="bbox 2010 3201 2057 3263; baseline 0 0"><span class='ocrx_word' id='word_1_586' title='bbox 2010 3201 2057 3263; x_wconf 90' lang='lat' dir='ltr'><strong>C</strong></span> 
     </span>
    </p>
   </div>
   <div class='ocr_carea' id='block_1_82' title="bbox 2010 4574 2063 4635">
    <p class='ocr_par' dir='ltr' id='par_1_82' title="bbox 2010 4574 2063 4635">
     <span class='ocr_line' id='line_1_82' title="bbox 2010 4574 2063 4635; baseline 0 0"><span class='ocrx_word' id='word_1_587' title='bbox 2010 4574 2063 4635; x_wconf 90' lang='lat' dir='ltr'><strong><em>D</em></strong></span> 
     </span>
    </p>
   </div>
   <div class='ocr_carea' id='block_1_83' title="bbox 2083 496 3662 557">
    <p class='ocr_par' dir='ltr' id='par_1_83' title="bbox 2083 496 3662 557">
     <span class='ocr_line' id='line_1_83' title="bbox 2083 496 3662 557; baseline 0.001 -8"><span class='ocrx_word' id='word_1_588' title='bbox 2083 498 2136 549; x_wconf 90' lang='lat' dir='ltr'><strong><em>in</em></strong></span> <span class='ocrx_word' id='word_1_589' title='bbox 2169 496 2388 551; x_wconf 87' lang='lat' dir='ltr'><strong><em>renibus</em></strong></span> <span class='ocrx_word' id='word_1_590' title='bbox 2412 497 2793 555; x_wconf 70' lang='lat' dir='ltr'><strong><em>delectationes</em></strong></span> <span class='ocrx_word' id='word_1_591' title='bbox 2834 516 3094 555; x_wconf 65' lang='lat' dir='ltr'><strong><em>venereae.</em></strong></span> <span class='ocrx_word' id='word_1_592' title='bbox 3135 496 3503 557; x_wconf 45' lang='lat' dir='ltr'><strong><em>Aliter&#39;etiatn</em></strong></span> <span class='ocrx_word' id='word_1_593' title='bbox 3555 496 3662 556; x_wconf 77' lang='lat' dir='ltr'><strong><em>Do.</em></strong></span> 
     </span>
    </p>
   </div>
   <div class='ocr_carea' id='block_1_84' title="bbox 2084 567 3663 637">
    <p class='ocr_par' dir='ltr' id='par_1_84' title="bbox 2084 567 3663 637">
     <span class='ocr_line' id='line_1_84' title="bbox 2084 567 3663 637; baseline 0.005 -18"><span class='ocrx_word' id='word_1_594' title='bbox 2084 567 2264 622; x_wconf 86' lang='lat' dir='ltr'><strong><em>herius</em></strong></span> <span class='ocrx_word' id='word_1_595' title='bbox 2297 586 2310 620; x_wconf 85' lang='lat'><strong>:</strong></span> <span class='ocrx_word' id='word_1_596' title='bbox 2343 586 2362 619; x_wconf 74' lang='grc' dir='ltr'>ι</span> <span class='ocrx_word' id='word_1_597' title='bbox 2394 568 2649 623; x_wconf 89' lang='lat' dir='ltr'><strong><em>Scrutans</em></strong></span> <span class='ocrx_word' id='word_1_598' title='bbox 2674 571 2836 625; x_wconf 88' lang='lat' dir='ltr'><strong><em>corda</em></strong></span> <span class='ocrx_word' id='word_1_599' title='bbox 2881 581 2935 626; x_wconf 91' lang='lat' dir='ltr'><strong><em>et</em></strong></span> <span class='ocrx_word' id='word_1_600' title='bbox 2982 586 3157 637; x_wconf 84' lang='lat' dir='ltr'><strong><em>renes,</em></strong></span> <span class='ocrx_word' id='word_1_601' title='bbox 3194 573 3246 626; x_wconf 91' lang='lat' dir='ltr'><strong><em>id</em></strong></span> <span class='ocrx_word' id='word_1_602' title='bbox 3278 583 3359 627; x_wconf 87' lang='lat' dir='ltr'><strong><em>est</em></strong></span> <span class='ocrx_word' id='word_1_603' title='bbox 3388 575 3574 628; x_wconf 69' lang='lat' dir='ltr'><strong><em>ﬁdeles</em></strong></span> <span class='ocrx_word' id='word_1_604' title='bbox 3602 586 3663 627; x_wconf 83' lang='lat' dir='ltr'><strong><em>et</em></strong></span> 
     </span>
    </p>
   </div>
   <div class='ocr_carea' id='block_1_85' title="bbox 2081 638 3661 711">
    <p class='ocr_par' dir='ltr' id='par_1_85' title="bbox 2081 638 3661 711">
     <span class='ocr_line' id='line_1_85' title="bbox 2081 638 3661 711; baseline 0.008 -24"><span class='ocrx_word' id='word_1_605' title='bbox 2081 638 2351 711; x_wconf 63' lang='lat' dir='ltr'><strong><em>iudicas;</em></strong></span> <span class='ocrx_word' id='word_1_606' title='bbox 2386 638 2567 711; x_wconf 10' lang='lat' dir='ltr'><strong><em>Juda&#39;ir</em></strong></span> <span class='ocrx_word' id='word_1_607' title='bbox 2601 640 2855 696; x_wconf 75' lang='lat' dir='ltr'><strong><em>diC&#39;mtur</em></strong></span> <span class='ocrx_word' id='word_1_608' title='bbox 2896 656 3071 705; x_wconf 89' lang='lat' dir='ltr'><strong><em>renes,</em></strong></span> <span class='ocrx_word' id='word_1_609' title='bbox 3113 659 3142 695; x_wconf 87' lang='lat' dir='ltr'><strong><em>a</em></strong></span> <span class='ocrx_word' id='word_1_610' title='bbox 3181 645 3375 711; x_wconf 77' lang='lat' dir='ltr'><strong><em>quibus</em></strong></span> <span class='ocrx_word' id='word_1_611' title='bbox 3411 646 3661 699; x_wconf 80' lang='lat' dir='ltr'><strong><em>Christus</em></strong></span> 
     </span>
    </p>
   </div>
   <div class='ocr_carea' id='block_1_86' title="bbox 2080 708 3665 786">
    <p class='ocr_par' dir='ltr' id='par_1_86' title="bbox 2080 708 3665 786">
     <span class='ocr_line' id='line_1_86' title="bbox 2080 708 3665 786; baseline 0.005 -23"><span class='ocrx_word' id='word_1_612' title='bbox 2080 708 2355 786; x_wconf 81' lang='lat' dir='ltr'><strong><em>descendit</em></strong></span> <span class='ocrx_word' id='word_1_613' title='bbox 2378 710 2667 786; x_wconf 82' lang='lat' dir='ltr'><strong><em>secundum</em></strong></span> <span class='ocrx_word' id='word_1_614' title='bbox 2696 726 2943 775; x_wconf 89' lang='lat' dir='ltr'><strong><em>carnem;</em></strong></span> <span class='ocrx_word' id='word_1_615' title='bbox 2972 714 3111 767; x_wconf 85' lang='lat' dir='ltr'><strong><em>unde</em></strong></span> <span class='ocrx_word' id='word_1_616' title='bbox 3146 708 3212 767; x_wconf 35' lang='lat' dir='ltr'><strong><em>in’</em></strong></span> <span class='ocrx_word' id='word_1_617' title='bbox 3233 715 3454 779; x_wconf 85' lang='lat' dir='ltr'><strong><em>psalmo,</em></strong></span> <span class='ocrx_word' id='word_1_618' title='bbox 3487 716 3665 786; x_wconf 84' lang='lat' dir='ltr'><strong><em>Usque</em></strong></span> 
     </span>
    </p>
   </div>
   <div class='ocr_carea' id='block_1_87' title="bbox 2082 780 3659 851">
    <p class='ocr_par' dir='ltr' id='par_1_87' title="bbox 2082 780 3659 851">
     <span class='ocr_line' id='line_1_87' title="bbox 2082 780 3659 851; baseline 0.003 -17"><span class='ocrx_word' id='word_1_619' title='bbox 2082 780 2149 834; x_wconf 90' lang='lat' dir='ltr'><strong><em>ad</em></strong></span> <span class='ocrx_word' id='word_1_620' title='bbox 2181 790 2374 833; x_wconf 77' lang='lat' dir='ltr'><strong><em>noctem</em></strong></span> <span class='ocrx_word' id='word_1_621' title='bbox 2399 781 2758 848; x_wconf 86' lang='lat' dir='ltr'><strong><em>increpuerunt</em></strong></span> <span class='ocrx_word' id='word_1_622' title='bbox 2787 799 2865 837; x_wconf 87' lang='lat' dir='ltr'><strong><em>me</em></strong></span> <span class='ocrx_word' id='word_1_623' title='bbox 2892 800 3035 838; x_wconf 86' lang='lat' dir='ltr'><strong><em>renes</em></strong></span> <span class='ocrx_word' id='word_1_624' title='bbox 3072 787 3189 847; x_wconf 90' lang='lat' dir='ltr'><strong><em>mei,</em></strong></span> <span class='ocrx_word' id='word_1_625' title='bbox 3218 785 3269 839; x_wconf 87' lang='lat' dir='ltr'><strong><em>id</em></strong></span> <span class='ocrx_word' id='word_1_626' title='bbox 3296 795 3380 840; x_wconf 88' lang='lat' dir='ltr'><strong><em>est</em></strong></span> <span class='ocrx_word' id='word_1_627' title='bbox 3406 780 3597 851; x_wconf 43' lang='lat' dir='ltr'><strong><em>Judaei,</em></strong></span> <span class='ocrx_word' id='word_1_628' title='bbox 3626 802 3659 839; x_wconf 86' lang='lat' dir='ltr'><strong><em>a</em></strong></span> 
     </span>
    </p>
   </div>
   <div class='ocr_carea' id='block_1_88' title="bbox 2082 851 3663 924">
    <p class='ocr_par' dir='ltr' id='par_1_88' title="bbox 2082 851 3663 924">
     <span class='ocr_line' id='line_1_88' title="bbox 2082 851 3663 924; baseline 0.005 -21"><span class='ocrx_word' id='word_1_629' title='bbox 2082 851 2274 920; x_wconf 90' lang='lat' dir='ltr'><strong><em>quibus</em></strong></span> <span class='ocrx_word' id='word_1_630' title='bbox 2314 851 2564 924; x_wconf 77' lang='lat' dir='ltr'><strong><em>descendi</em></strong></span> <span class='ocrx_word' id='word_1_631' title='bbox 2614 854 2921 907; x_wconf 87' lang='lat' dir='ltr'><strong><em>secundum</em></strong></span> <span class='ocrx_word' id='word_1_632' title='bbox 2954 870 3192 918; x_wconf 89' lang='lat' dir='ltr'><strong><em>carnem,</em></strong></span> <span class='ocrx_word' id='word_1_633' title='bbox 3234 857 3498 924; x_wconf 87' lang='lat' dir='ltr'><strong><em>persecuti</em></strong></span> <span class='ocrx_word' id='word_1_634' title='bbox 3531 866 3663 912; x_wconf 91' lang='lat' dir='ltr'><strong><em>sunt</em></strong></span> 
     </span>
    </p>
   </div>
   <div class='ocr_carea' id='block_1_89' title="bbox 2083 922 2788 989">
    <p class='ocr_par' dir='ltr' id='par_1_89' title="bbox 2083 922 2788 989">
     <span class='ocr_line' id='line_1_89' title="bbox 2083 922 2788 989; baseline -0.001 -14"><span class='ocrx_word' id='word_1_635' title='bbox 2083 938 2170 975; x_wconf 90' lang='lat' dir='ltr'><strong><em>me</em></strong></span> <span class='ocrx_word' id='word_1_636' title='bbox 2197 936 2365 989; x_wconf 90' lang='lat' dir='ltr'><strong><em>usque</em></strong></span> <span class='ocrx_word' id='word_1_637' title='bbox 2392 922 2455 974; x_wconf 89' lang='lat' dir='ltr'><strong><em>ad</em></strong></span> <span class='ocrx_word' id='word_1_638' title='bbox 2490 934 2736 976; x_wconf 87' lang='lat' dir='ltr'><strong><em>mortem.</em></strong></span> <span class='ocrx_word' id='word_1_639' title='bbox 2772 943 2788 974; x_wconf 77' lang='grc' dir='ltr'>ι</span> 
     </span>
    </p>
   </div>
   <div class='ocr_carea' id='block_1_90' title="bbox 2154 990 3660 1065">
    <p class='ocr_par' dir='ltr' id='par_1_90' title="bbox 2154 990 3660 1065">
     <span class='ocr_line' id='line_1_90' title="bbox 2154 990 3660 1065; baseline 0.006 -21"><span class='ocrx_word' id='word_1_640' title='bbox 2154 990 2220 1044; x_wconf 88' lang='lat' dir='ltr'><strong><em>Et</em></strong></span> <span class='ocrx_word' id='word_1_641' title='bbox 2248 996 2427 1046; x_wconf 84' lang='lat' dir='ltr'><strong><em>iterum</em></strong></span> <span class='ocrx_word' id='word_1_642' title='bbox 2456 992 2701 1065; x_wconf 79' lang='lat' dir='ltr'><strong><em>Dominus</em></strong></span> <span class='ocrx_word' id='word_1_643' title='bbox 2719 994 2856 1048; x_wconf 81' lang='lat' dir='ltr'><strong><em>nouit</em></strong></span> <span class='ocrx_word' id='word_1_644' title='bbox 2882 997 3211 1065; x_wconf 86' lang='lat' dir='ltr'><strong><em>cogitationes</em></strong></span> <span class='ocrx_word' id='word_1_645' title='bbox 3236 1000 3498 1052; x_wconf 77' lang='lat' dir='ltr'><strong><em>hominum</em></strong></span> <span class='ocrx_word' id='word_1_646' title='bbox 3526 1017 3660 1064; x_wconf 80' lang='lat' dir='ltr'><strong><em>quo-</em></strong></span> 
     </span>
    </p>
   </div>
   <div class='ocr_carea' id='block_1_91' title="bbox 2083 1063 3664 1135">
    <p class='ocr_par' dir='ltr' id='par_1_91' title="bbox 2083 1063 3664 1135">
     <span class='ocr_line' id='line_1_91' title="bbox 2083 1063 3664 1135; baseline 0.006 -19"><span class='ocrx_word' id='word_1_647' title='bbox 2083 1065 2219 1135; x_wconf 83' lang='lat' dir='ltr'><strong><em>niam</em></strong></span> <span class='ocrx_word' id='word_1_648' title='bbox 2246 1079 2389 1117; x_wconf 60' lang='lat' dir='ltr'><strong><em>trante</em></strong></span> <span class='ocrx_word' id='word_1_649' title='bbox 2414 1063 2576 1135; x_wconf 80' lang='lat' dir='ltr'><strong><em>sunt.]</em></strong></span> <span class='ocrx_word' id='word_1_650' title='bbox 2603 1064 2769 1129; x_wconf 89' lang='lat' dir='ltr'><strong><em>Quem</em></strong></span> <span class='ocrx_word' id='word_1_651' title='bbox 2798 1067 2849 1118; x_wconf 92' lang='lat' dir='ltr'><strong><em>in</em></strong></span> <span class='ocrx_word' id='word_1_652' title='bbox 2878 1063 3050 1120; x_wconf 81' lang='lat' dir='ltr'><strong><em>locum</em></strong></span> <span class='ocrx_word' id='word_1_653' title='bbox 3083 1068 3417 1125; x_wconf 89' lang='lat' dir='ltr'><strong><em>Hildemarus</em></strong></span> <span class='ocrx_word' id='word_1_654' title='bbox 3440 1088 3490 1125; x_wconf 83' lang='lat' dir='ltr'><strong><em>:t</em></strong></span> <span class='ocrx_word' id='word_1_655' title='bbox 3512 1063 3664 1125; x_wconf 82' lang='lat' dir='ltr'><strong><em>Nun-</em></strong></span> 
     </span>
    </p>
   </div>
   <div class='ocr_carea' id='block_1_92' title="bbox 2085 1134 3661 1203">
    <p class='ocr_par' dir='ltr' id='par_1_92' title="bbox 2085 1134 3661 1203">
     <span class='ocr_line' id='line_1_92' title="bbox 2085 1134 3661 1203; baseline 0.008 -18"><span class='ocrx_word' id='word_1_656' title='bbox 2085 1134 2207 1201; x_wconf 87' lang='lat' dir='ltr'><strong><em>quid</em></strong></span> <span class='ocrx_word' id='word_1_657' title='bbox 2236 1134 2571 1189; x_wconf 80' lang='lat' dir='ltr'><strong><em>solummodo</em></strong></span> <span class='ocrx_word' id='word_1_658' title='bbox 2614 1135 2774 1188; x_wconf 90' lang='lat' dir='ltr'><strong><em>homo</em></strong></span> <span class='ocrx_word' id='word_1_659' title='bbox 2817 1139 3168 1203; x_wconf 60' lang='lat' dir='ltr'><strong><em>cogitationes</em></strong></span> <span class='ocrx_word' id='word_1_660' title='bbox 3209 1141 3368 1194; x_wconf 83' lang='lat' dir='ltr'><strong><em>habet</em></strong></span> <span class='ocrx_word' id='word_1_661' title='bbox 3405 1140 3572 1194; x_wconf 85' lang='lat' dir='ltr'><strong><em>malas</em></strong></span> <span class='ocrx_word' id='word_1_662' title='bbox 3600 1151 3661 1197; x_wconf 85' lang='lat' dir='ltr'><strong><em>et</em></strong></span> 
     </span>
    </p>
   </div>
   <div class='ocr_carea' id='block_1_93' title="bbox 2088 1203 3661 1272">
    <p class='ocr_par' dir='ltr' id='par_1_93' title="bbox 2088 1203 3661 1272">
     <span class='ocr_line' id='line_1_93' title="bbox 2088 1203 3661 1272; baseline 0.008 -17"><span class='ocrx_word' id='word_1_663' title='bbox 2088 1220 2191 1258; x_wconf 84' lang='lat' dir='ltr'><strong><em>non</em></strong></span> <span class='ocrx_word' id='word_1_664' title='bbox 2224 1205 2421 1258; x_wconf 85' lang='lat' dir='ltr'><strong><em>bonas?</em></strong></span> <span class='ocrx_word' id='word_1_665' title='bbox 2454 1203 2589 1271; x_wconf 84' lang='lat' dir='ltr'><strong><em>Quid</em></strong></span> <span class='ocrx_word' id='word_1_666' title='bbox 2617 1214 2699 1259; x_wconf 90' lang='lat' dir='ltr'><strong><em>est</em></strong></span> <span class='ocrx_word' id='word_1_667' title='bbox 2723 1220 2843 1259; x_wconf 92' lang='lat' dir='ltr'><strong><em>cum</em></strong></span> <span class='ocrx_word' id='word_1_668' title='bbox 2885 1208 3020 1260; x_wconf 90' lang='lat' dir='ltr'><strong><em>bona</em></strong></span> <span class='ocrx_word' id='word_1_669' title='bbox 3057 1210 3360 1272; x_wconf 84' lang='lat' dir='ltr'><strong><em>meditatur,</em></strong></span> <span class='ocrx_word' id='word_1_670' title='bbox 3392 1226 3511 1265; x_wconf 91' lang='lat' dir='ltr'><strong><em>cum</em></strong></span> <span class='ocrx_word' id='word_1_671' title='bbox 3548 1212 3661 1267; x_wconf 88' lang='lat' dir='ltr'><strong><em>Deo</em></strong></span> 
     </span>
    </p>
   </div>
   <div class='ocr_carea' id='block_1_94' title="bbox 2087 1277 3661 1346">
    <p class='ocr_par' dir='ltr' id='par_1_94' title="bbox 2087 1277 3661 1346">
     <span class='ocr_line' id='line_1_94' title="bbox 2087 1277 3661 1346; baseline 0.009 -22"><span class='ocrx_word' id='word_1_672' title='bbox 2087 1282 2293 1342; x_wconf 83' lang='lat' dir='ltr'><strong><em>p&#39;acere</em></strong></span> <span class='ocrx_word' id='word_1_673' title='bbox 2316 1277 2532 1345; x_wconf 83' lang='lat' dir='ltr'><strong><em>cogitat.</em></strong></span> <span class='ocrx_word' id='word_1_674' title='bbox 2561 1279 2795 1341; x_wconf 83' lang='lat' dir='ltr'><strong><em>nunquid</em></strong></span> <span class='ocrx_word' id='word_1_675' title='bbox 2818 1293 2922 1332; x_wconf 91' lang='lat' dir='ltr'><strong><em>non</em></strong></span> <span class='ocrx_word' id='word_1_676' title='bbox 2942 1293 3024 1333; x_wconf 73' lang='lat' dir='ltr'><strong><em>esr</em></strong></span> <span class='ocrx_word' id='word_1_677' title='bbox 3050 1280 3185 1333; x_wconf 87' lang='lat' dir='ltr'><strong><em>bona</em></strong></span> <span class='ocrx_word' id='word_1_678' title='bbox 3209 1283 3497 1346; x_wconf 71' lang='lat' dir='ltr'><strong><em>cogitatio?</em></strong></span> <span class='ocrx_word' id='word_1_679' title='bbox 3522 1282 3661 1338; x_wconf 84' lang='lat' dir='ltr'><strong><em>Vere</em></strong></span> 
     </span>
    </p>
   </div>
   <div class='ocr_carea' id='block_1_95' title="bbox 2086 1347 3661 1416">
    <p class='ocr_par' dir='ltr' id='par_1_95' title="bbox 2086 1347 3661 1416">
     <span class='ocr_line' id='line_1_95' title="bbox 2086 1347 3661 1416; baseline 0.004 -18"><span class='ocrx_word' id='word_1_680' title='bbox 2086 1347 2223 1399; x_wconf 89' lang='lat' dir='ltr'><strong><em>bona</em></strong></span> <span class='ocrx_word' id='word_1_681' title='bbox 2251 1355 2333 1400; x_wconf 90' lang='lat' dir='ltr'><strong><em>est</em></strong></span> <span class='ocrx_word' id='word_1_682' title='bbox 2356 1347 2469 1401; x_wconf 52' lang='lat' dir='ltr'><strong><em>hate</em></strong></span> <span class='ocrx_word' id='word_1_683' title='bbox 2491 1348 2763 1415; x_wconf 84' lang='lat' dir='ltr'><strong><em>cogitatio,</em></strong></span> <span class='ocrx_word' id='word_1_684' title='bbox 2788 1351 2879 1401; x_wconf 87' lang='lat' dir='ltr'><strong><em>sed</em></strong></span> <span class='ocrx_word' id='word_1_685' title='bbox 2910 1349 3169 1416; x_wconf 88' lang='lat' dir='ltr'><strong><em>Propheta</em></strong></span> <span class='ocrx_word' id='word_1_686' title='bbox 3190 1351 3344 1411; x_wconf 76' lang='lat' dir='ltr'><strong><em>dixit.</em></strong></span> <span class='ocrx_word' id='word_1_687' title='bbox 3371 1352 3661 1405; x_wconf 84' lang='lat' dir='ltr'><strong><em>Hominum</em></strong></span> 
     </span>
    </p>
   </div>
   <div class='ocr_carea' id='block_1_96' title="bbox 2085 1418 3663 1486">
    <p class='ocr_par' dir='ltr' id='par_1_96' title="bbox 2085 1418 3663 1486">
     <span class='ocr_line' id='line_1_96' title="bbox 2085 1418 3663 1486; baseline 0.006 -20"><span class='ocrx_word' id='word_1_688' title='bbox 2085 1418 2321 1483; x_wconf 87' lang='lat' dir='ltr'><strong><em>quoniam</em></strong></span> <span class='ocrx_word' id='word_1_689' title='bbox 2348 1433 2489 1471; x_wconf 75' lang='lat' dir='ltr'><strong><em>rana:</em></strong></span> <span class='ocrx_word' id='word_1_690' title='bbox 2516 1428 2654 1481; x_wconf 87' lang='lat' dir='ltr'><strong><em>sunt,</em></strong></span> <span class='ocrx_word' id='word_1_691' title='bbox 2677 1433 2740 1472; x_wconf 88' lang='lat' dir='ltr'><strong><em>ac</em></strong></span> <span class='ocrx_word' id='word_1_692' title='bbox 2766 1420 2810 1474; x_wconf 92' lang='lat' dir='ltr'><strong><em>si</em></strong></span> <span class='ocrx_word' id='word_1_693' title='bbox 2841 1420 3062 1481; x_wconf 84' lang='lat' dir='ltr'><strong><em>diceret,</em></strong></span> <span class='ocrx_word' id='word_1_694' title='bbox 3094 1423 3358 1486; x_wconf 85' lang='lat' dir='ltr'><strong><em>Quantum</em></strong></span> <span class='ocrx_word' id='word_1_695' title='bbox 3385 1424 3451 1475; x_wconf 89' lang='lat' dir='ltr'><strong><em>ad</em></strong></span> <span class='ocrx_word' id='word_1_696' title='bbox 3486 1426 3663 1477; x_wconf 84' lang='lat' dir='ltr'><strong><em>homi-</em></strong></span> 
     </span>
    </p>
   </div>
   <div class='ocr_carea' id='block_1_97' title="bbox 2087 1489 3656 1558">
    <p class='ocr_par' dir='ltr' id='par_1_97' title="bbox 2087 1489 3656 1558">
     <span class='ocr_line' id='line_1_97' title="bbox 2087 1489 3656 1558; baseline 0.003 -17"><span class='ocrx_word' id='word_1_697' title='bbox 2087 1504 2181 1541; x_wconf 81' lang='lat' dir='ltr'><strong><em>nes</em></strong></span> <span class='ocrx_word' id='word_1_698' title='bbox 2229 1489 2437 1551; x_wconf 86' lang='lat' dir='ltr'><strong><em>attinet,</em></strong></span> <span class='ocrx_word' id='word_1_699' title='bbox 2489 1504 2638 1541; x_wconf 64' lang='lat' dir='ltr'><strong><em>vana:</em></strong></span> <span class='ocrx_word' id='word_1_700' title='bbox 2685 1502 2828 1554; x_wconf 87' lang='lat' dir='ltr'><strong><em>sunt,</em></strong></span> <span class='ocrx_word' id='word_1_701' title='bbox 2870 1492 2991 1557; x_wconf 87' lang='lat' dir='ltr'><strong><em>quia</em></strong></span> <span class='ocrx_word' id='word_1_702' title='bbox 3030 1491 3303 1547; x_wconf 83' lang='lat' dir='ltr'><strong><em>hominum</em></strong></span> <span class='ocrx_word' id='word_1_703' title='bbox 3347 1504 3498 1558; x_wconf 88' lang='lat' dir='ltr'><strong><em>sunt;</em></strong></span> <span class='ocrx_word' id='word_1_704' title='bbox 3532 1510 3656 1546; x_wconf 71' lang='lat' dir='ltr'><strong><em>non</em></strong></span> 
     </span>
    </p>
   </div>
   <div class='ocr_carea' id='block_1_98' title="bbox 2084 1559 3660 1632">
    <p class='ocr_par' dir='ltr' id='par_1_98' title="bbox 2084 1559 3660 1632">
     <span class='ocr_line' id='line_1_98' title="bbox 2084 1559 3660 1632; baseline 0.006 -24"><span class='ocrx_word' id='word_1_705' title='bbox 2084 1568 2336 1625; x_wconf 81' lang='lat' dir='ltr'><strong><em>quantum</em></strong></span> <span class='ocrx_word' id='word_1_706' title='bbox 2367 1559 2435 1632; x_wconf 84' lang='lat' dir='ltr'><strong><em>ad</em></strong></span> <span class='ocrx_word' id='word_1_707' title='bbox 2460 1559 2627 1632; x_wconf 84' lang='lat' dir='ltr'><strong><em>Deum</em></strong></span> <span class='ocrx_word' id='word_1_708' title='bbox 2668 1560 2875 1624; x_wconf 84' lang='lat' dir='ltr'><strong><em>attinet,</em></strong></span> <span class='ocrx_word' id='word_1_709' title='bbox 2921 1562 3073 1615; x_wconf 73' lang='lat' dir='ltr'><strong><em>bena:</em></strong></span> <span class='ocrx_word' id='word_1_710' title='bbox 3112 1574 3253 1625; x_wconf 88' lang='lat' dir='ltr'><strong><em>sunt,</em></strong></span> <span class='ocrx_word' id='word_1_711' title='bbox 3288 1567 3407 1632; x_wconf 85' lang='lat' dir='ltr'><strong><em>quia</em></strong></span> <span class='ocrx_word' id='word_1_712' title='bbox 3443 1580 3506 1617; x_wconf 80' lang='lat' dir='ltr'><strong><em>ex</em></strong></span> <span class='ocrx_word' id='word_1_713' title='bbox 3550 1566 3660 1617; x_wconf 86' lang='lat' dir='ltr'><strong><em>Deo</em></strong></span> 
     </span>
    </p>
   </div>
   <div class='ocr_carea' id='block_1_99' title="bbox 2046 1629 3660 1700">
    <p class='ocr_par' dir='ltr' id='par_1_99' title="bbox 2046 1629 3660 1700">
     <span class='ocr_line' id='line_1_99' title="bbox 2046 1629 3660 1700; baseline 0.006 -19"><span class='ocrx_word' id='word_1_714' title='bbox 2046 1634 2047 1637; x_wconf 69' lang='lat'>‘</span> <span class='ocrx_word' id='word_1_715' title='bbox 2085 1640 2209 1682; x_wconf 86' lang='lat' dir='ltr'><strong><em>sunt</em></strong></span> <span class='ocrx_word' id='word_1_716' title='bbox 2238 1645 2252 1682; x_wconf 89' lang='lat'><strong>:</strong></span> <span class='ocrx_word' id='word_1_717' title='bbox 2278 1629 2527 1698; x_wconf 90' lang='lat' dir='ltr'><strong><em>quoniam</em></strong></span> <span class='ocrx_word' id='word_1_718' title='bbox 2576 1630 2736 1685; x_wconf 88' lang='lat' dir='ltr'><strong><em>homo</em></strong></span> <span class='ocrx_word' id='word_1_719' title='bbox 2782 1632 2908 1683; x_wconf 89' lang='lat' dir='ltr'><strong><em>nihil</em></strong></span> <span class='ocrx_word' id='word_1_720' title='bbox 2952 1633 3075 1686; x_wconf 87' lang='lat' dir='ltr'><strong><em>boni</em></strong></span> <span class='ocrx_word' id='word_1_721' title='bbox 3113 1633 3273 1689; x_wconf 85' lang='lat' dir='ltr'><strong><em>habet</em></strong></span> <span class='ocrx_word' id='word_1_722' title='bbox 3304 1629 3334 1687; x_wconf 62' lang='grc' dir='ltr'><strong>ᾗ</strong></span> <span class='ocrx_word' id='word_1_723' title='bbox 3367 1650 3445 1700; x_wconf 92' lang='lat' dir='ltr'><strong><em>se,</em></strong></span> <span class='ocrx_word' id='word_1_724' title='bbox 3477 1636 3571 1689; x_wconf 89' lang='lat' dir='ltr'><strong><em>sed</em></strong></span> <span class='ocrx_word' id='word_1_725' title='bbox 3607 1636 3660 1690; x_wconf 89' lang='lat' dir='ltr'><strong><em>si</em></strong></span> 
     </span>
    </p>
   </div>
   <div class='ocr_carea' id='block_1_100' title="bbox 2086 1700 3093 1763">
    <p class='ocr_par' dir='ltr' id='par_1_100' title="bbox 2086 1700 3093 1763">
     <span class='ocr_line' id='line_1_100' title="bbox 2086 1700 3093 1763; baseline 0.006 -13"><span class='ocrx_word' id='word_1_726' title='bbox 2086 1700 2282 1761; x_wconf 83' lang='lat' dir='ltr'><strong><em>aliquid</em></strong></span> <span class='ocrx_word' id='word_1_727' title='bbox 2314 1701 2437 1753; x_wconf 85' lang='lat' dir='ltr'><strong><em>boni</em></strong></span> <span class='ocrx_word' id='word_1_728' title='bbox 2463 1700 2640 1763; x_wconf 88' lang='lat' dir='ltr'><strong><em>liabet,</em></strong></span> <span class='ocrx_word' id='word_1_729' title='bbox 2665 1718 2692 1753; x_wconf 88' lang='lat' dir='ltr'><strong><em>a</em></strong></span> <span class='ocrx_word' id='word_1_730' title='bbox 2724 1702 2830 1756; x_wconf 92' lang='lat' dir='ltr'><strong><em>Deo</em></strong></span> <span class='ocrx_word' id='word_1_731' title='bbox 2859 1704 3037 1756; x_wconf 84' lang='lat' dir='ltr'><strong><em>habet.</em></strong></span> <span class='ocrx_word' id='word_1_732' title='bbox 3075 1723 3093 1755; x_wconf 75' lang='grc' dir='ltr'><strong><em>ι</em></strong></span> 
     </span>
    </p>
   </div>
   <div class='ocr_carea' id='block_1_101' title="bbox 2161 1770 3659 1846">
    <p class='ocr_par' dir='ltr' id='par_1_101' title="bbox 2161 1770 3659 1846">
     <span class='ocr_line' id='line_1_101' title="bbox 2161 1770 3659 1846; baseline 0.005 -25"><span class='ocrx_word' id='word_1_733' title='bbox 2161 1770 2224 1822; x_wconf 87' lang='lat' dir='ltr'><strong><em>Et</em></strong></span> <span class='ocrx_word' id='word_1_734' title='bbox 2248 1771 2364 1823; x_wconf 78' lang='lat' dir='ltr'><strong><em>item</em></strong></span> <span class='ocrx_word' id='word_1_735' title='bbox 2386 1772 2545 1825; x_wconf 86' lang='lat' dir='ltr'><strong><em>dicit:</em></strong></span> <span class='ocrx_word' id='word_1_736' title='bbox 2569 1772 2871 1846; x_wconf 74' lang='lat' dir='ltr'><strong><em>Intellexisti</em></strong></span> <span class='ocrx_word' id='word_1_737' title='bbox 2901 1775 3225 1843; x_wconf 86' lang='lat' dir='ltr'><strong><em>cogitationes</em></strong></span> <span class='ocrx_word' id='word_1_738' title='bbox 3246 1792 3382 1829; x_wconf 80' lang='lat' dir='ltr'><strong><em>meas</em></strong></span> <span class='ocrx_word' id='word_1_739' title='bbox 3407 1792 3438 1828; x_wconf 91' lang='lat' dir='ltr'><strong><em>a</em></strong></span> <span class='ocrx_word' id='word_1_740' title='bbox 3464 1773 3659 1846; x_wconf 59' lang='lat' dir='ltr'><strong><em>lance]</em></strong></span> 
     </span>
    </p>
   </div>
   <div class='ocr_carea' id='block_1_102' title="bbox 2017 1817 3662 1913">
    <p class='ocr_par' dir='ltr' id='par_1_102' title="bbox 2017 1817 3662 1913">
     <span class='ocr_line' id='line_1_102' title="bbox 2017 1817 3662 1913; baseline 0.005 -20"><span class='ocrx_word' id='word_1_741' title='bbox 2017 1817 2058 1876; x_wconf 76' lang='grc' dir='ltr'><strong>Β</strong></span> <span class='ocrx_word' id='word_1_742' title='bbox 2087 1840 2140 1894; x_wconf 84' lang='lat' dir='ltr'><strong><em>id</em></strong></span> <span class='ocrx_word' id='word_1_743' title='bbox 2161 1817 2584 1911; x_wconf 39' lang='lat' dir='ltr'><strong><em>esiﬂantequa&#39;m</em></strong></span> <span class='ocrx_word' id='word_1_744' title='bbox 2603 1817 2788 1907; x_wconf 47' lang='lat' dir='ltr'><strong><em>&quot;ﬁant:</em></strong></span> <span class='ocrx_word' id='word_1_745' title='bbox 2807 1817 3010 1913; x_wconf 41' lang='lat' dir='ltr'><strong><em>vneq‘ii&#39;e</em></strong></span> <span class='ocrx_word' id='word_1_746' title='bbox 3034 1817 3225 1900; x_wconf 43' lang='lat' dir='ltr'><strong><em>enini-</em></strong></span> <span class='ocrx_word' id='word_1_747' title='bbox 3243 1817 3662 1902; x_wconf 38' lang='lat' dir='ltr'><strong><em>muniti-tenditur.</em></strong></span> 
     </span>
    </p>
   </div>
   <div class='ocr_carea' id='block_1_103' title="bbox 2087 1912 3009 1981">
    <p class='ocr_par' dir='ltr' id='par_1_103' title="bbox 2087 1912 3009 1981">
     <span class='ocr_line' id='line_1_103' title="bbox 2087 1912 3009 1981; baseline 0.003 -15"><span class='ocrx_word' id='word_1_748' title='bbox 2087 1913 2187 1966; x_wconf 85' lang='lat' dir='ltr'><strong><em>loci</em></strong></span> <span class='ocrx_word' id='word_1_749' title='bbox 2218 1912 2489 1973; x_wconf 75' lang='lat' dir='ltr'><strong><em>di~tantia,</em></strong></span> <span class='ocrx_word' id='word_1_750' title='bbox 2524 1914 2616 1967; x_wconf 84' lang='lat' dir='ltr'><strong><em>sed</em></strong></span> <span class='ocrx_word' id='word_1_751' title='bbox 2650 1912 2931 1981; x_wconf 72' lang='lat' dir='ltr'><strong><em>temporis.</em></strong></span> <span class='ocrx_word' id='word_1_752' title='bbox 3002 1950 3009 1956; x_wconf 84' lang='lat'><strong>-</strong></span> 
     </span>
    </p>
   </div>
   <div class='ocr_carea' id='block_1_104' title="bbox 2158 1983 3662 2061">
    <p class='ocr_par' dir='ltr' id='par_1_104' title="bbox 2158 1983 3662 2061">
     <span class='ocr_line' id='line_1_104' title="bbox 2158 1983 3662 2061; baseline 0.007 -26"><span class='ocrx_word' id='word_1_753' title='bbox 2158 1983 2225 2035; x_wconf 75' lang='lat' dir='ltr'><strong><em>Et</em></strong></span> <span class='ocrx_word' id='word_1_754' title='bbox 2262 1984 2380 2050; x_wconf 85' lang='lat' dir='ltr'><strong><em>quia</em></strong></span> <span class='ocrx_word' id='word_1_755' title='bbox 2418 1986 2666 2061; x_wconf 65' lang='lat' dir='ltr'><strong><em>cogitatio</em></strong></span> <span class='ocrx_word' id='word_1_756' title='bbox 2703 1984 2924 2061; x_wconf 80' lang='lat' dir='ltr'><strong><em>hominis</em></strong></span> <span class='ocrx_word' id='word_1_757' title='bbox 2964 1987 3286 2061; x_wconf 68' lang='lat' dir='ltr'><strong><em>conﬁtebitur</em></strong></span> <span class='ocrx_word' id='word_1_758' title='bbox 3324 1988 3458 2061; x_wconf 83' lang='lat' dir='ltr'><strong><em>tibi.]</em></strong></span> <span class='ocrx_word' id='word_1_759' title='bbox 3493 1990 3545 2043; x_wconf 89' lang='lat' dir='ltr'><strong><em>Id</em></strong></span> <span class='ocrx_word' id='word_1_760' title='bbox 3573 1999 3662 2046; x_wconf 83' lang='lat' dir='ltr'><strong><em>est</em></strong></span> 
     </span>
    </p>
   </div>
   <div class='ocr_carea' id='block_1_105' title="bbox 2085 2055 3658 2129">
    <p class='ocr_par' dir='ltr' id='par_1_105' title="bbox 2085 2055 3658 2129">
     <span class='ocr_line' id='line_1_105' title="bbox 2085 2055 3658 2129; baseline 0.006 -23"><span class='ocrx_word' id='word_1_761' title='bbox 2085 2065 2436 2129; x_wconf 78' lang='lat' dir='ltr'><strong><em>cognoscetur</em></strong></span> <span class='ocrx_word' id='word_1_762' title='bbox 2465 2072 2494 2107; x_wconf 86' lang='lat' dir='ltr'><strong><em>a</em></strong></span> <span class='ocrx_word' id='word_1_763' title='bbox 2525 2066 2595 2108; x_wconf 90' lang='lat' dir='ltr'><strong><em>te.</em></strong></span> <span class='ocrx_word' id='word_1_764' title='bbox 2629 2055 2757 2129; x_wconf 71' lang='lat' dir='ltr'><strong><em>Nam</em></strong></span> <span class='ocrx_word' id='word_1_765' title='bbox 2786 2074 2804 2106; x_wconf 79' lang='grc' dir='ltr'>ι</span> <span class='ocrx_word' id='word_1_766' title='bbox 2839 2060 2959 2129; x_wconf 87' lang='lat' dir='ltr'><strong><em>quia</em></strong></span> <span class='ocrx_word' id='word_1_767' title='bbox 2981 2058 3232 2127; x_wconf 77' lang='lat' dir='ltr'><strong><em>cogitatio</em></strong></span> <span class='ocrx_word' id='word_1_768' title='bbox 3264 2072 3385 2115; x_wconf 89' lang='lat' dir='ltr'><strong><em>nota</em></strong></span> <span class='ocrx_word' id='word_1_769' title='bbox 3413 2055 3496 2115; x_wconf 70' lang='lat' dir='ltr'><strong><em>est</em></strong></span> <span class='ocrx_word' id='word_1_770' title='bbox 3525 2062 3658 2129; x_wconf 89' lang='lat' dir='ltr'><strong><em>Deo,</em></strong></span> 
     </span>
    </p>
   </div>
   <div class='ocr_carea' id='block_1_106' title="bbox 2088 2124 3653 2194">
    <p class='ocr_par' dir='ltr' id='par_1_106' title="bbox 2088 2124 3653 2194">
     <span class='ocr_line' id='line_1_106' title="bbox 2088 2124 3653 2194; baseline 0.006 -18"><span class='ocrx_word' id='word_1_771' title='bbox 2088 2124 2259 2192; x_wconf 89' lang='lat' dir='ltr'><strong><em>inquit</em></strong></span> <span class='ocrx_word' id='word_1_772' title='bbox 2288 2124 2639 2190; x_wconf 80' lang='lat' dir='ltr'><strong><em>Hildemarus,</em></strong></span> <span class='ocrx_word' id='word_1_773' title='bbox 2665 2125 2773 2194; x_wconf 90' lang='lat' dir='ltr'><strong><em>ipsa</em></strong></span> <span class='ocrx_word' id='word_1_774' title='bbox 2804 2124 2991 2182; x_wconf 86' lang='lat' dir='ltr'><strong><em>notitia</em></strong></span> <span class='ocrx_word' id='word_1_775' title='bbox 3014 2124 3207 2184; x_wconf 82' lang='lat' dir='ltr'><strong><em>dicitur</em></strong></span> <span class='ocrx_word' id='word_1_776' title='bbox 3230 2130 3338 2184; x_wconf 91' lang='lat' dir='ltr'><strong><em>Deo</em></strong></span> <span class='ocrx_word' id='word_1_777' title='bbox 3354 2124 3653 2189; x_wconf 55' lang='lat' dir='ltr'><strong><em>confiteriJ</em></strong></span> 
     </span>
    </p>
   </div>
   <div class='ocr_carea' id='block_1_107' title="bbox 2084 2196 3663 2266">
    <p class='ocr_par' dir='ltr' id='par_1_107' title="bbox 2084 2196 3663 2266">
     <span class='ocr_line' id='line_1_107' title="bbox 2084 2196 3663 2266; baseline 0.009 -21"><span class='ocrx_word' id='word_1_778' title='bbox 2084 2196 2255 2261; x_wconf 87' lang='lat' dir='ltr'><strong><em>Quam</em></strong></span> <span class='ocrx_word' id='word_1_779' title='bbox 2293 2197 2679 2262; x_wconf 79' lang='lat' dir='ltr'><strong><em>expositionem</em></strong></span> <span class='ocrx_word' id='word_1_780' title='bbox 2719 2199 2959 2266; x_wconf 83' lang='lat' dir='ltr'><strong><em>sequitur</em></strong></span> <span class='ocrx_word' id='word_1_781' title='bbox 3005 2200 3161 2255; x_wconf 87' lang='lat' dir='ltr'><strong><em>Bern.</em></strong></span> <span class='ocrx_word' id='word_1_782' title='bbox 3202 2203 3559 2266; x_wconf 78' lang='lat' dir='ltr'><strong><em>Cassinensts,</em></strong></span> <span class='ocrx_word' id='word_1_783' title='bbox 3597 2214 3663 2260; x_wconf 82' lang='lat' dir='ltr'><strong><em>et</em></strong></span> 
     </span>
    </p>
   </div>
   <div class='ocr_carea' id='block_1_108' title="bbox 2085 2267 3659 2342">
    <p class='ocr_par' dir='ltr' id='par_1_108' title="bbox 2085 2267 3659 2342">
     <span class='ocr_line' id='line_1_108' title="bbox 2085 2267 3659 2342; baseline 0.01 -28"><span class='ocrx_word' id='word_1_784' title='bbox 2085 2267 2366 2342; x_wconf 63' lang='lat' dir='ltr'><strong><em>conﬁrmat</em></strong></span> <span class='ocrx_word' id='word_1_785' title='bbox 2391 2268 2571 2342; x_wconf 27' lang='grc' dir='ltr'><strong>Α(ξυίἀο</strong></span> <span class='ocrx_word' id='word_1_786' title='bbox 2609 2267 2901 2342; x_wconf 50' lang='lat' dir='ltr'><strong><em>iuvenalis,</em></strong></span> <span class='ocrx_word' id='word_1_787' title='bbox 2933 2272 3071 2342; x_wconf 56' lang='lat' dir='ltr'><strong><em>ltut&#39;c</em></strong></span> <span class='ocrx_word' id='word_1_788' title='bbox 3108 2272 3302 2342; x_wconf 69' lang='lat' dir='ltr'><strong><em>regula:</em></strong></span> <span class='ocrx_word' id='word_1_789' title='bbox 3343 2285 3543 2327; x_wconf 76' lang='lat' dir='ltr'><strong><em>textum</em></strong></span> <span class='ocrx_word' id='word_1_790' title='bbox 3582 2276 3659 2329; x_wconf 76' lang='lat' dir='ltr'><strong><em>ita</em></strong></span> 
     </span>
    </p>
   </div>
   <div class='ocr_carea' id='block_1_109' title="bbox 2085 2335 3663 2409">
    <p class='ocr_par' dir='ltr' id='par_1_109' title="bbox 2085 2335 3663 2409">
     <span class='ocr_line' id='line_1_109' title="bbox 2085 2335 3663 2409; baseline 0.005 -18"><span class='ocrx_word' id='word_1_791' title='bbox 2085 2335 2286 2409; x_wconf 74' lang='lat' dir='ltr'><strong><em>Galiice</em></strong></span> <span class='ocrx_word' id='word_1_792' title='bbox 2313 2337 2540 2409; x_wconf 84' lang='lat' dir='ltr'><strong><em>reddens</em></strong></span> <span class='ocrx_word' id='word_1_793' title='bbox 2570 2356 2581 2392; x_wconf 94' lang='lat'>:</span> <span class='ocrx_word' id='word_1_794' title='bbox 2614 2336 2686 2389; x_wconf 90' lang='lat' dir='ltr'><strong><em>La</em></strong></span> <span class='ocrx_word' id='word_1_795' title='bbox 2707 2342 2885 2409; x_wconf 81' lang='lat' dir='ltr'><strong><em>pensée</em></strong></span> <span class='ocrx_word' id='word_1_796' title='bbox 2912 2340 2974 2394; x_wconf 82' lang='lat' dir='ltr'><strong><em>de</em></strong></span> <span class='ocrx_word' id='word_1_797' title='bbox 3002 2335 3237 2395; x_wconf 70' lang='lat' dir='ltr'><strong><em>l‘homme</em></strong></span> <span class='ocrx_word' id='word_1_798' title='bbox 3261 2358 3314 2395; x_wconf 88' lang='lat' dir='ltr'><strong><em>se</em></strong></span> <span class='ocrx_word' id='word_1_799' title='bbox 3343 2355 3597 2397; x_wconf 87' lang='lat' dir='ltr'><strong><em>montrera</em></strong></span> <span class='ocrx_word' id='word_1_800' title='bbox 3622 2346 3663 2399; x_wconf 76' lang='grc' dir='ltr'><em>ὰ</em></span> 
     </span>
    </p>
   </div>
   <div class='ocr_carea' id='block_1_110' title="bbox 2087 2406 3662 2480">
    <p class='ocr_par' dir='ltr' id='par_1_110' title="bbox 2087 2406 3662 2480">
     <span class='ocr_line' id='line_1_110' title="bbox 2087 2406 3662 2480; baseline 0.005 -20"><span class='ocrx_word' id='word_1_801' title='bbox 2087 2407 2237 2480; x_wconf 88' lang='lat' dir='ltr'><strong><em>toiet</em></strong></span> <span class='ocrx_word' id='word_1_802' title='bbox 2271 2418 2318 2462; x_wconf 85' lang='lat' dir='ltr'><strong><em>te</em></strong></span> <span class='ocrx_word' id='word_1_803' title='bbox 2346 2411 2460 2480; x_wconf 76' lang='lat' dir='ltr'><strong><em>[era</em></strong></span> <span class='ocrx_word' id='word_1_804' title='bbox 2490 2406 2775 2480; x_wconf 69' lang='lat' dir='ltr'><strong><em>hommage,</em></strong></span> <span class='ocrx_word' id='word_1_805' title='bbox 2812 2425 2902 2463; x_wconf 90' lang='lat' dir='ltr'><strong><em>car</em></strong></span> <span class='ocrx_word' id='word_1_806' title='bbox 2935 2412 3032 2465; x_wconf 83' lang='lat' dir='ltr'><strong><em>elle</em></strong></span> <span class='ocrx_word' id='word_1_807' title='bbox 3060 2428 3121 2464; x_wconf 90' lang='lat' dir='ltr'><strong><em>ne</em></strong></span> <span class='ocrx_word' id='word_1_808' title='bbox 3160 2423 3275 2477; x_wconf 85' lang='lat' dir='ltr'><strong><em>peut</em></strong></span> <span class='ocrx_word' id='word_1_809' title='bbox 3315 2416 3419 2478; x_wconf 74' lang='lat' dir='ltr'><strong><em>{uir</em></strong></span> <span class='ocrx_word' id='word_1_810' title='bbox 3452 2426 3501 2467; x_wconf 90' lang='lat' dir='ltr'><strong><em>ta</em></strong></span> <span class='ocrx_word' id='word_1_811' title='bbox 3532 2432 3662 2469; x_wconf 83' lang='lat' dir='ltr'><strong><em>con-</em></strong></span> 
     </span>
    </p>
   </div>
   <div class='ocr_carea' id='block_1_111' title="bbox 2086 2479 3664 2551">
    <p class='ocr_par' dir='ltr' id='par_1_111' title="bbox 2086 2479 3664 2551">
     <span class='ocr_line' id='line_1_111' title="bbox 2086 2479 3664 2551; baseline 0.003 -21"><span class='ocrx_word' id='word_1_812' title='bbox 2086 2479 2372 2551; x_wconf 80' lang='lat' dir='ltr'><strong><em>naissance.</em></strong></span> <span class='ocrx_word' id='word_1_813' title='bbox 2404 2479 2572 2534; x_wconf 78' lang='lat' dir='ltr'><strong><em>Aliter</em></strong></span> <span class='ocrx_word' id='word_1_814' title='bbox 2606 2490 2784 2534; x_wconf 85' lang='lat' dir='ltr'><strong><em>tamen</em></strong></span> <span class='ocrx_word' id='word_1_815' title='bbox 2814 2481 3138 2551; x_wconf 83' lang='lat' dir='ltr'><strong><em>Smaragdus</em></strong></span> <span class='ocrx_word' id='word_1_816' title='bbox 3164 2502 3177 2531; x_wconf 90' lang='lat'><strong><em>:</em></strong></span> <span class='ocrx_word' id='word_1_817' title='bbox 3208 2502 3226 2534; x_wconf 78' lang='lat' dir='ltr'><strong><em>s</em></strong></span> <span class='ocrx_word' id='word_1_818' title='bbox 3261 2484 3525 2551; x_wconf 74' lang='lat' dir='ltr'><strong><em>Cogitatio</em></strong></span> <span class='ocrx_word' id='word_1_819' title='bbox 3554 2486 3664 2539; x_wconf 80' lang='grc' dir='ltr'><strong><em>Ιιο-</em></strong></span> 
     </span>
    </p>
   </div>
   <div class='ocr_carea' id='block_1_112' title="bbox 2088 2548 3665 2622">
    <p class='ocr_par' dir='ltr' id='par_1_112' title="bbox 2088 2548 3665 2622">
     <span class='ocr_line' id='line_1_112' title="bbox 2088 2548 3665 2622; baseline 0.004 -21"><span class='ocrx_word' id='word_1_820' title='bbox 2088 2548 2266 2615; x_wconf 89' lang='lat' dir='ltr'><strong><em>minis,</em></strong></span> <span class='ocrx_word' id='word_1_821' title='bbox 2286 2548 2384 2622; x_wconf 79' lang='lat' dir='ltr'><strong><em>ait,</em></strong></span> <span class='ocrx_word' id='word_1_822' title='bbox 2417 2562 2541 2622; x_wconf 79' lang='lat' dir='ltr'><strong><em>tunc</em></strong></span> <span class='ocrx_word' id='word_1_823' title='bbox 2572 2551 2682 2605; x_wconf 86' lang='lat' dir='ltr'><strong><em>Deo</em></strong></span> <span class='ocrx_word' id='word_1_824' title='bbox 2709 2548 3253 2619; x_wconf 56' lang='lat' dir='ltr'><strong><em>conlitetnr,&#39;quando</em></strong></span> <span class='ocrx_word' id='word_1_825' title='bbox 3284 2548 3497 2622; x_wconf 78' lang='lat' dir='ltr'><strong><em>peccata</em></strong></span> <span class='ocrx_word' id='word_1_826' title='bbox 3522 2572 3665 2622; x_wconf 69' lang='lat' dir='ltr'><strong><em>prie-</em></strong></span> 
     </span>
    </p>
   </div>
   <div class='ocr_carea' id='block_1_113' title="bbox 2088 2620 3663 2694">
    <p class='ocr_par' dir='ltr' id='par_1_113' title="bbox 2088 2620 3663 2694">
     <span class='ocr_line' id='line_1_113' title="bbox 2088 2620 3663 2694; baseline 0.006 -23"><span class='ocrx_word' id='word_1_827' title='bbox 2088 2622 2239 2694; x_wconf 64' lang='lat' dir='ltr'><strong><em>trrita</em></strong></span> <span class='ocrx_word' id='word_1_828' title='bbox 2285 2620 2467 2674; x_wconf 85' lang='lat' dir='ltr'><strong><em>humili</em></strong></span> <span class='ocrx_word' id='word_1_829' title='bbox 2508 2622 2976 2694; x_wconf 7' lang='lat' dir='ltr'><strong><em>satisfactionegab</em></strong></span> <span class='ocrx_word' id='word_1_830' title='bbox 3017 2624 3111 2678; x_wconf 91' lang='lat' dir='ltr'><strong><em>illo</em></strong></span> <span class='ocrx_word' id='word_1_831' title='bbox 3147 2620 3489 2687; x_wconf 71' lang='lat' dir='ltr'><strong><em>damnantur;</em></strong></span> <span class='ocrx_word' id='word_1_832' title='bbox 3525 2620 3663 2694; x_wconf 78' lang='lat' dir='ltr'><strong><em>quia</em></strong></span> 
     </span>
    </p>
   </div>
   <div class='ocr_carea' id='block_1_114' title="bbox 2086 2690 3660 2764">
    <p class='ocr_par' dir='ltr' id='par_1_114' title="bbox 2086 2690 3660 2764">
     <span class='ocr_line' id='line_1_114' title="bbox 2086 2690 3660 2764; baseline 0.004 -23"><span class='ocrx_word' id='word_1_833' title='bbox 2086 2690 2213 2764; x_wconf 86' lang='lat' dir='ltr'><strong><em>dum</em></strong></span> <span class='ocrx_word' id='word_1_834' title='bbox 2255 2697 2620 2764; x_wconf 78' lang='lat' dir='ltr'><strong><em>unusquisque</em></strong></span> <span class='ocrx_word' id='word_1_835' title='bbox 2663 2694 2838 2746; x_wconf 83' lang='lat' dir='ltr'><strong><em>divina</em></strong></span> <span class='ocrx_word' id='word_1_836' title='bbox 2877 2692 3267 2749; x_wconf 86' lang='lat' dir='ltr'><strong><em>illuminatione</em></strong></span> <span class='ocrx_word' id='word_1_837' title='bbox 3310 2690 3660 2764; x_wconf 74' lang='lat' dir='ltr'><strong><em>pnevenittir,</em></strong></span> 
     </span>
    </p>
   </div>
   <div class='ocr_carea' id='block_1_115' title="bbox 2086 2761 3664 2836">
    <p class='ocr_par' dir='ltr' id='par_1_115' title="bbox 2086 2761 3664 2836">
     <span class='ocr_line' id='line_1_115' title="bbox 2086 2761 3664 2836; baseline 0.007 -23"><span class='ocrx_word' id='word_1_838' title='bbox 2086 2762 2265 2836; x_wconf 71' lang='lat' dir='ltr'><strong><em>Statim</em></strong></span> <span class='ocrx_word' id='word_1_839' title='bbox 2299 2761 2819 2836; x_wconf 34' lang='lat' dir='ltr'><strong><em>molestiis‘turpium</em></strong></span> <span class='ocrx_word' id='word_1_840' title='bbox 2849 2766 3227 2836; x_wconf 85' lang='lat' dir='ltr'><strong><em>cogitationum</em></strong></span> <span class='ocrx_word' id='word_1_841' title='bbox 3269 2761 3525 2836; x_wconf 82' lang='lat' dir='ltr'><strong><em>pulsatur,</em></strong></span> <span class='ocrx_word' id='word_1_842' title='bbox 3559 2769 3664 2823; x_wconf 81' lang='lat' dir='ltr'><strong><em>sed</em></strong></span> 
     </span>
    </p>
   </div>
   <div class='ocr_carea' id='block_1_116' title="bbox 2085 2831 3447 2891">
    <p class='ocr_par' dir='ltr' id='par_1_116' title="bbox 2085 2831 3447 2891">
     <span class='ocr_line' id='line_1_116' title="bbox 2085 2831 3447 2891; baseline 0.004 -8"><span class='ocrx_word' id='word_1_843' title='bbox 2085 2845 2178 2883; x_wconf 63' lang='lat' dir='ltr'><strong><em>eis</em></strong></span> <span class='ocrx_word' id='word_1_844' title='bbox 2209 2831 2433 2885; x_wconf 92' lang='lat' dir='ltr'><strong><em>Domino</em></strong></span> <span class='ocrx_word' id='word_1_845' title='bbox 2457 2833 2697 2886; x_wconf 84' lang='lat' dir='ltr'><strong><em>conﬁteri</em></strong></span> <span class='ocrx_word' id='word_1_846' title='bbox 2733 2831 3001 2889; x_wconf 82' lang='lat' dir='ltr'><strong><em>humiliter</em></strong></span> <span class='ocrx_word' id='word_1_847' title='bbox 3030 2851 3133 2889; x_wconf 91' lang='lat' dir='ltr'><strong><em>non</em></strong></span> <span class='ocrx_word' id='word_1_848' title='bbox 3162 2831 3393 2891; x_wconf 53' lang='lat' dir='ltr'><strong><em>vertitur.</em></strong></span> <span class='ocrx_word' id='word_1_849' title='bbox 3428 2857 3447 2889; x_wconf 71' lang='grc' dir='ltr'>ι</span> 
     </span>
    </p>
   </div>
   <div class='ocr_carea' id='block_1_117' title="bbox 2158 2903 3664 2980">
    <p class='ocr_par' dir='ltr' id='par_1_117' title="bbox 2158 2903 3664 2980">
     <span class='ocr_line' id='line_1_117' title="bbox 2158 2903 3664 2980; baseline 0.006 -26"><span class='ocrx_word' id='word_1_850' title='bbox 2158 2905 2311 2980; x_wconf 76' lang='lat'><strong><em>207</em></strong></span> <span class='ocrx_word' id='word_1_851' title='bbox 2333 2903 2485 2980; x_wconf 84' lang='lat' dir='ltr'><strong><em>_l_Vam</em></strong></span> <span class='ocrx_word' id='word_1_852' title='bbox 2508 2914 2561 2955; x_wconf 89' lang='lat' dir='ltr'><strong><em>ut</em></strong></span> <span class='ocrx_word' id='word_1_853' title='bbox 2587 2905 2835 2958; x_wconf 88' lang='lat' dir='ltr'><strong><em>sollicitus</em></strong></span> <span class='ocrx_word' id='word_1_854' title='bbox 2863 2907 2997 2980; x_wconf 82' lang='lat' dir='ltr'><strong><em>circa</em></strong></span> <span class='ocrx_word' id='word_1_855' title='bbox 3032 2910 3141 2980; x_wconf 71' lang='lat' dir='ltr'><strong><em>cogi</em></strong></span> <span class='ocrx_word' id='word_1_856' title='bbox 3165 2909 3359 2980; x_wconf 84' lang='lat' dir='ltr'><strong><em>otiones</em></strong></span> <span class='ocrx_word' id='word_1_857' title='bbox 3387 2926 3507 2962; x_wconf 83' lang='lat' dir='ltr'><strong><em>suos</em></strong></span> <span class='ocrx_word' id='word_1_858' title='bbox 3531 2925 3664 2980; x_wconf 85' lang='lat' dir='ltr'><strong><em>per-</em></strong></span> 
     </span>
    </p>
   </div>
   <div class='ocr_carea' id='block_1_118' title="bbox 2086 2976 3667 3044">
    <p class='ocr_par' dir='ltr' id='par_1_118' title="bbox 2086 2976 3667 3044">
     <span class='ocr_line' id='line_1_118' title="bbox 2086 2976 3667 3044; baseline 0.006 -18"><span class='ocrx_word' id='word_1_859' title='bbox 2086 2976 2296 3044; x_wconf 73' lang='lat' dir='ltr'><strong><em>versos.]</em></strong></span> <span class='ocrx_word' id='word_1_860' title='bbox 2331 2976 2396 3029; x_wconf 91' lang='lat' dir='ltr'><strong><em>Ut</em></strong></span> <span class='ocrx_word' id='word_1_861' title='bbox 2426 2990 2615 3040; x_wconf 88' lang='lat' dir='ltr'><strong><em>nempe</em></strong></span> <span class='ocrx_word' id='word_1_862' title='bbox 2641 2992 2744 3030; x_wconf 91' lang='lat' dir='ltr'><strong><em>non</em></strong></span> <span class='ocrx_word' id='word_1_863' title='bbox 2772 2990 2964 3031; x_wconf 60' lang='lat' dir='ltr'><strong><em>exeant</em></strong></span> <span class='ocrx_word' id='word_1_864' title='bbox 2988 2977 3040 3031; x_wconf 91' lang='lat' dir='ltr'><strong><em>in</em></strong></span> <span class='ocrx_word' id='word_1_865' title='bbox 3066 2976 3667 3044; x_wconf 50' lang='lat' dir='ltr'><strong><em>deliberationem,&#39;sicc</em></strong></span> 
     </span>
    </p>
   </div>
   <div class='ocr_carea' id='block_1_119' title="bbox 2086 3045 2645 3099">
    <p class='ocr_par' dir='ltr' id='par_1_119' title="bbox 2086 3045 2645 3099">
     <span class='ocr_line' id='line_1_119' title="bbox 2086 3045 2645 3099; baseline -0.004 -1"><span class='ocrx_word' id='word_1_866' title='bbox 2086 3047 2158 3098; x_wconf 90' lang='lat' dir='ltr'><strong><em>uti</em></strong></span> <span class='ocrx_word' id='word_1_867' title='bbox 2188 3046 2260 3097; x_wconf 89' lang='lat' dir='ltr'><strong><em>ait</em></strong></span> <span class='ocrx_word' id='word_1_868' title='bbox 2294 3045 2645 3099; x_wconf 74' lang='lat' dir='ltr'><strong><em>Hildemarus.</em></strong></span> 
     </span>
    </p>
   </div>
   <div class='ocr_carea' id='block_1_120' title="bbox 2157 3114 3667 3192">
    <p class='ocr_par' dir='ltr' id='par_1_120' title="bbox 2157 3114 3667 3192">
     <span class='ocr_line' id='line_1_120' title="bbox 2157 3114 3667 3192; baseline 0.007 -26"><span class='ocrx_word' id='word_1_869' title='bbox 2157 3114 2305 3192; x_wconf 67' lang='lat' dir='ltr'><strong><em>Dirat</em></strong></span> <span class='ocrx_word' id='word_1_870' title='bbox 2333 3132 2528 3192; x_wconf 70' lang='lat' dir='ltr'><strong><em>semper</em></strong></span> <span class='ocrx_word' id='word_1_871' title='bbox 2553 3117 2690 3170; x_wconf 83' lang='lat' dir='ltr'><strong><em>utilis</em></strong></span> <span class='ocrx_word' id='word_1_872' title='bbox 2709 3118 2867 3187; x_wconf 73' lang='lat' dir='ltr'><strong><em>frater</em></strong></span> <span class='ocrx_word' id='word_1_873' title='bbox 2887 3119 2940 3171; x_wconf 90' lang='lat' dir='ltr'><strong><em>in</em></strong></span> <span class='ocrx_word' id='word_1_874' title='bbox 2966 3119 3119 3192; x_wconf 79' lang='lat' dir='ltr'><strong><em>corde</em></strong></span> <span class='ocrx_word' id='word_1_875' title='bbox 3146 3118 3284 3192; x_wconf 85' lang='lat' dir='ltr'><strong><em>suo.]</em></strong></span> <span class='ocrx_word' id='word_1_876' title='bbox 3314 3120 3465 3176; x_wconf 89' lang='lat' dir='ltr'><strong><em>Utilis</em></strong></span> <span class='ocrx_word' id='word_1_877' title='bbox 3488 3122 3667 3177; x_wconf 84' lang='lat' dir='ltr'><strong><em>frater</em></strong></span> 
     </span>
    </p>
   </div>
   <div class='ocr_carea' id='block_1_121' title="bbox 2088 3186 3665 3258">
    <p class='ocr_par' dir='ltr' id='par_1_121' title="bbox 2088 3186 3665 3258">
     <span class='ocr_line' id='line_1_121' title="bbox 2088 3186 3665 3258; baseline 0.008 -22"><span class='ocrx_word' id='word_1_878' title='bbox 2088 3186 2382 3258; x_wconf 80' lang='lat' dir='ltr'><strong><em>Tritltetttio</em></strong></span> <span class='ocrx_word' id='word_1_879' title='bbox 2414 3204 2432 3236; x_wconf 75' lang='grc' dir='ltr'>ι</span> <span class='ocrx_word' id='word_1_880' title='bbox 2462 3186 2553 3239; x_wconf 87' lang='lat' dir='ltr'><strong><em>ille</em></strong></span> <span class='ocrx_word' id='word_1_881' title='bbox 2577 3196 2683 3251; x_wconf 86' lang='lat' dir='ltr'><strong><em>est,</em></strong></span> <span class='ocrx_word' id='word_1_882' title='bbox 2712 3186 2800 3258; x_wconf 85' lang='lat' dir='ltr'><strong><em>qui</em></strong></span> <span class='ocrx_word' id='word_1_883' title='bbox 2847 3189 3094 3245; x_wconf 81' lang='lat' dir='ltr'><strong><em>omnibus</em></strong></span> <span class='ocrx_word' id='word_1_884' title='bbox 3125 3186 3396 3258; x_wconf 72' lang='lat' dir='ltr'><strong><em>prodesse,</em></strong></span> <span class='ocrx_word' id='word_1_885' title='bbox 3429 3203 3481 3244; x_wconf 85' lang='lat' dir='ltr'><strong><em>et</em></strong></span> <span class='ocrx_word' id='word_1_886' title='bbox 3524 3194 3665 3249; x_wconf 75' lang='lat' dir='ltr'><strong><em>nulli</em></strong></span> 
     </span>
    </p>
   </div>
   <div class='ocr_carea' id='block_1_122' title="bbox 2087 3257 3661 3330">
    <p class='ocr_par' dir='ltr' id='par_1_122' title="bbox 2087 3257 3661 3330">
     <span class='ocr_line' id='line_1_122' title="bbox 2087 3257 3661 3330; baseline 0.006 -21"><span class='ocrx_word' id='word_1_887' title='bbox 2087 3257 2355 3309; x_wconf 71' lang='lat' dir='ltr'><strong><em>desiderat</em></strong></span> <span class='ocrx_word' id='word_1_888' title='bbox 2384 3258 2597 3330; x_wconf 86' lang='lat' dir='ltr'><strong><em>obesse,</em></strong></span> <span class='ocrx_word' id='word_1_889' title='bbox 2627 3259 2717 3327; x_wconf 92' lang='lat' dir='ltr'><strong><em>qui</em></strong></span> <span class='ocrx_word' id='word_1_890' title='bbox 2749 3259 2878 3313; x_wconf 89' lang='lat' dir='ltr'><strong><em>nihil</em></strong></span> <span class='ocrx_word' id='word_1_891' title='bbox 2906 3261 3067 3327; x_wconf 87' lang='lat' dir='ltr'><strong><em>sapit,</em></strong></span> <span class='ocrx_word' id='word_1_892' title='bbox 3101 3257 3200 3315; x_wconf 89' lang='lat' dir='ltr'><strong><em>nisi</em></strong></span> <span class='ocrx_word' id='word_1_893' title='bbox 3230 3263 3370 3330; x_wconf 91' lang='lat' dir='ltr'><strong><em>quod</em></strong></span> <span class='ocrx_word' id='word_1_894' title='bbox 3402 3264 3507 3317; x_wconf 76' lang='lat' dir='ltr'><strong><em>Ileo</em></strong></span> <span class='ocrx_word' id='word_1_895' title='bbox 3537 3267 3661 3330; x_wconf 76' lang='lat' dir='ltr'><strong><em>pla-</em></strong></span> 
     </span>
    </p>
   </div>
   <div class='ocr_carea' id='block_1_123' title="bbox 2086 3329 3665 3399">
    <p class='ocr_par' dir='ltr' id='par_1_123' title="bbox 2086 3329 3665 3399">
     <span class='ocr_line' id='line_1_123' title="bbox 2086 3329 3665 3399; baseline 0.003 -18"><span class='ocrx_word' id='word_1_896' title='bbox 2086 3342 2214 3399; x_wconf 58' lang='lat' dir='ltr'><strong><em>core</em></strong></span> <span class='ocrx_word' id='word_1_897' title='bbox 2262 3329 2556 3399; x_wconf 63' lang='lat' dir='ltr'><strong><em>cognoscit,</em></strong></span> <span class='ocrx_word' id='word_1_898' title='bbox 2587 3333 2676 3397; x_wconf 85' lang='lat' dir='ltr'><strong><em>qui</em></strong></span> <span class='ocrx_word' id='word_1_899' title='bbox 2715 3340 2878 3384; x_wconf 86' lang='lat' dir='ltr'><strong><em>totam</em></strong></span> <span class='ocrx_word' id='word_1_900' title='bbox 2929 3345 3078 3397; x_wconf 90' lang='lat' dir='ltr'><strong><em>spem</em></strong></span> <span class='ocrx_word' id='word_1_901' title='bbox 3109 3329 3259 3385; x_wconf 86' lang='lat' dir='ltr'><strong><em>suam</em></strong></span> <span class='ocrx_word' id='word_1_902' title='bbox 3295 3333 3439 3399; x_wconf 89' lang='lat' dir='ltr'><strong><em>ponit</em></strong></span> <span class='ocrx_word' id='word_1_903' title='bbox 3470 3335 3519 3387; x_wconf 92' lang='lat' dir='ltr'><strong><em>in</em></strong></span> <span class='ocrx_word' id='word_1_904' title='bbox 3542 3329 3665 3385; x_wconf 82' lang='lat' dir='ltr'><strong><em>Do-</em></strong></span> 
     </span>
    </p>
   </div>
   <div class='ocr_carea' id='block_1_124' title="bbox 2088 3397 3669 3470">
    <p class='ocr_par' dir='ltr' id='par_1_124' title="bbox 2088 3397 3669 3470">
     <span class='ocr_line' id='line_1_124' title="bbox 2088 3397 3669 3470; baseline 0.005 -20"><span class='ocrx_word' id='word_1_905' title='bbox 2088 3397 2254 3470; x_wconf 91' lang='lat' dir='ltr'><strong><em>mino,</em></strong></span> <span class='ocrx_word' id='word_1_906' title='bbox 2281 3400 2398 3470; x_wconf 88' lang='lat' dir='ltr'><strong><em>sine</em></strong></span> <span class='ocrx_word' id='word_1_907' title='bbox 2424 3397 2572 3466; x_wconf 80' lang='lat' dir='ltr'><strong><em>cuius</em></strong></span> <span class='ocrx_word' id='word_1_908' title='bbox 2598 3399 2797 3454; x_wconf 81' lang='lat' dir='ltr'><strong><em>auxilio</em></strong></span> <span class='ocrx_word' id='word_1_909' title='bbox 2819 3416 2878 3454; x_wconf 85' lang='lat' dir='ltr'><strong><em>se</em></strong></span> <span class='ocrx_word' id='word_1_910' title='bbox 2908 3402 3039 3454; x_wconf 87' lang='lat' dir='ltr'><strong><em>nihil</em></strong></span> <span class='ocrx_word' id='word_1_911' title='bbox 3071 3418 3228 3470; x_wconf 82' lang='lat' dir='ltr'><strong><em>posse</em></strong></span> <span class='ocrx_word' id='word_1_912' title='bbox 3258 3397 3434 3457; x_wconf 79' lang='lat' dir='ltr'><strong><em>facere</em></strong></span> <span class='ocrx_word' id='word_1_913' title='bbox 3459 3406 3669 3458; x_wconf 83' lang='lat' dir='ltr'><strong><em>certis-</em></strong></span> 
     </span>
    </p>
   </div>
   <div class='ocr_carea' id='block_1_125' title="bbox 2084 3469 3666 3544">
    <p class='ocr_par' dir='ltr' id='par_1_125' title="bbox 2084 3469 3666 3544">
     <span class='ocr_line' id='line_1_125' title="bbox 2084 3469 3666 3544; baseline 0.004 -22"><span class='ocrx_word' id='word_1_914' title='bbox 2084 3469 2220 3544; x_wconf 81' lang='lat' dir='ltr'><strong><em>sime</em></strong></span> <span class='ocrx_word' id='word_1_915' title='bbox 2250 3469 2505 3544; x_wconf 55' lang='lat' dir='ltr'><strong><em>credit,»</em></strong></span> <span class='ocrx_word' id='word_1_916' title='bbox 2548 3481 2603 3544; x_wconf 81' lang='lat' dir='ltr'><strong><em>et</em></strong></span> <span class='ocrx_word' id='word_1_917' title='bbox 2646 3470 2875 3544; x_wconf 51' lang='lat' dir='ltr'><strong><em>Sico&#39;ao</em></strong></span> <span class='ocrx_word' id='word_1_918' title='bbox 2904 3472 2972 3525; x_wconf 91' lang='lat' dir='ltr'><strong><em>de</em></strong></span> <span class='ocrx_word' id='word_1_919' title='bbox 3005 3469 3257 3544; x_wconf 84' lang='lat' dir='ltr'><strong><em>Fractura</em></strong></span> <span class='ocrx_word' id='word_1_920' title='bbox 3290 3492 3308 3524; x_wconf 72' lang='grc' dir='ltr'>ι</span> <span class='ocrx_word' id='word_1_921' title='bbox 3342 3491 3495 3540; x_wconf 89' lang='lat' dir='ltr'><strong><em>quem</em></strong></span> <span class='ocrx_word' id='word_1_922' title='bbox 3540 3492 3666 3544; x_wconf 74' lang='lat' dir='ltr'><strong><em>pce-</em></strong></span> 
     </span>
    </p>
   </div>
   <div class='ocr_carea' id='block_1_126' title="bbox 2085 3541 3666 3663">
    <p class='ocr_par' dir='ltr' id='par_1_126' title="bbox 2085 3541 3666 3663">
     <span class='ocr_line' id='line_1_126' title="bbox 2085 3541 3666 3663; baseline 0.008 -72"><span class='ocrx_word' id='word_1_923' title='bbox 2085 3541 2219 3663; x_wconf 72' lang='lat' dir='ltr'><strong><em>1nitet</em></strong></span> <span class='ocrx_word' id='word_1_924' title='bbox 2253 3541 2319 3593; x_wconf 91' lang='lat' dir='ltr'><strong><em>de</em></strong></span> <span class='ocrx_word' id='word_1_925' title='bbox 2359 3541 2771 3609; x_wconf 86' lang='lat' dir='ltr'><strong><em>cogitationibus</em></strong></span> <span class='ocrx_word' id='word_1_926' title='bbox 2798 3543 2910 3596; x_wconf 90' lang='lat' dir='ltr'><strong><em>suis</em></strong></span> <span class='ocrx_word' id='word_1_927' title='bbox 2941 3543 3213 3611; x_wconf 85' lang='lat' dir='ltr'><strong><em>perversis</em></strong></span> <span class='ocrx_word' id='word_1_928' title='bbox 3258 3544 3452 3599; x_wconf 88' lang='lat' dir='ltr'><strong><em>dicitur</em></strong></span> <span class='ocrx_word' id='word_1_929' title='bbox 3506 3541 3666 3603; x_wconf 78' lang='lat' dir='ltr'><strong><em>utilis</em></strong></span> 
     </span>
     <span class='ocr_line' id='line_1_127' title="bbox 2109 3619 2329 3663; baseline -0.009 0"><span class='ocrx_word' id='word_1_930' title='bbox 2109 3619 2271 3663; x_wconf 81' lang='lat' dir='ltr'><strong><em>rater.</em></strong></span> <span class='ocrx_word' id='word_1_931' title='bbox 2310 3632 2329 3661; x_wconf 70' lang='grc' dir='ltr'><strong><em>ι</em></strong></span> 
     </span>
    </p>
   </div>
   <div class='ocr_carea' id='block_1_127' title="bbox 2109 3619 2329 3663">
    <p class='ocr_par' dir='ltr' id='par_1_127' title="bbox 2109 3619 2329 3663">
     <span class='ocr_line' id='line_1_128' title="bbox 2109 3619 2329 3663; baseline -0.009 0"><span class='ocrx_word' id='word_1_932' title='bbox 2109 3619 2271 3663; x_wconf 81' lang='lat' dir='ltr'><strong><em>rater.</em></strong></span> <span class='ocrx_word' id='word_1_933' title='bbox 2310 3632 2329 3661; x_wconf 70' lang='grc' dir='ltr'><strong><em>ι</em></strong></span> 
     </span>
    </p>
   </div>
   <div class='ocr_carea' id='block_1_128' title="bbox 2158 3680 3665 3742">
    <p class='ocr_par' dir='ltr' id='par_1_128' title="bbox 2158 3680 3665 3742">
     <span class='ocr_line' id='line_1_129' title="bbox 2158 3680 3665 3742; baseline 0.005 -9"><span class='ocrx_word' id='word_1_934' title='bbox 2158 3680 2302 3733; x_wconf 83' lang='lat' dir='ltr'><strong><em>Tunc</em></strong></span> <span class='ocrx_word' id='word_1_935' title='bbox 2335 3698 2422 3736; x_wconf 90' lang='lat' dir='ltr'><strong><em>ero</em></strong></span> <span class='ocrx_word' id='word_1_936' title='bbox 2464 3682 2817 3737; x_wconf 85' lang='lat' dir='ltr'><strong><em>immaculalus</em></strong></span> <span class='ocrx_word' id='word_1_937' title='bbox 2843 3700 3017 3738; x_wconf 85' lang='lat' dir='ltr'><strong><em>coram</em></strong></span> <span class='ocrx_word' id='word_1_938' title='bbox 3045 3703 3102 3741; x_wconf 90' lang='lat' dir='ltr'><strong><em>eo</em></strong></span> <span class='ocrx_word' id='word_1_939' title='bbox 3139 3688 3184 3740; x_wconf 86' lang='lat' dir='ltr'><strong><em>si</em></strong></span> <span class='ocrx_word' id='word_1_940' title='bbox 3213 3686 3531 3742; x_wconf 74' lang='lat' dir='ltr'><strong><em>observarem</em></strong></span> <span class='ocrx_word' id='word_1_941' title='bbox 3576 3704 3665 3741; x_wconf 75' lang='lat' dir='ltr'><strong><em>me</em></strong></span> 
     </span>
    </p>
   </div>
   <div class='ocr_carea' id='block_1_129' title="bbox 2085 3752 3668 3825">
    <p class='ocr_par' dir='ltr' id='par_1_129' title="bbox 2085 3752 3668 3825">
     <span class='ocr_line' id='line_1_130' title="bbox 2085 3752 3668 3825; baseline 0.004 -22"><span class='ocrx_word' id='word_1_942' title='bbox 2085 3752 2149 3803; x_wconf 89' lang='lat' dir='ltr'><strong><em>ab</em></strong></span> <span class='ocrx_word' id='word_1_943' title='bbox 2177 3754 2450 3825; x_wconf 82' lang='lat' dir='ltr'><strong><em>iniquitate</em></strong></span> <span class='ocrx_word' id='word_1_944' title='bbox 2475 3753 2632 3825; x_wconf 67' lang='lat' dir='ltr'><strong><em>mem]</em></strong></span> <span class='ocrx_word' id='word_1_945' title='bbox 2662 3753 2807 3809; x_wconf 90' lang='lat' dir='ltr'><strong><em>Licet</em></strong></span> <span class='ocrx_word' id='word_1_946' title='bbox 2834 3756 3087 3823; x_wconf 68' lang='lat' dir='ltr'><strong><em>iniquitas</em></strong></span> <span class='ocrx_word' id='word_1_947' title='bbox 3132 3758 3287 3823; x_wconf 84' lang='lat' dir='ltr'><strong><em>vulgo</em></strong></span> <span class='ocrx_word' id='word_1_948' title='bbox 3317 3774 3411 3823; x_wconf 90' lang='lat' dir='ltr'><strong><em>pro</em></strong></span> <span class='ocrx_word' id='word_1_949' title='bbox 3444 3773 3668 3825; x_wconf 82' lang='lat' dir='ltr'><strong><em>peccato</em></strong></span> 
     </span>
    </p>
   </div>
   <div class='ocr_carea' id='block_1_130' title="bbox 2088 3823 3665 3897">
    <p class='ocr_par' dir='ltr' id='par_1_130' title="bbox 2088 3823 3665 3897">
     <span class='ocr_line' id='line_1_131' title="bbox 2088 3823 3665 3897; baseline 0.007 -23"><span class='ocrx_word' id='word_1_950' title='bbox 2088 3833 2358 3897; x_wconf 74' lang='lat' dir='ltr'><strong><em>sumatur,</em></strong></span> <span class='ocrx_word' id='word_1_951' title='bbox 2387 3823 2474 3878; x_wconf 82' lang='lat' dir='ltr'><strong><em>hic</em></strong></span> <span class='ocrx_word' id='word_1_952' title='bbox 2503 3823 2679 3879; x_wconf 84' lang='lat' dir='ltr'><strong><em>tamen</em></strong></span> <span class='ocrx_word' id='word_1_953' title='bbox 2728 3840 2824 3895; x_wconf 91' lang='lat' dir='ltr'><strong><em>pro</em></strong></span> <span class='ocrx_word' id='word_1_954' title='bbox 2872 3829 2985 3880; x_wconf 78' lang='lat' dir='ltr'><strong><em>Sola</em></strong></span> <span class='ocrx_word' id='word_1_955' title='bbox 3012 3830 3337 3897; x_wconf 83' lang='lat' dir='ltr'><strong><em>cogitatione</em></strong></span> <span class='ocrx_word' id='word_1_956' title='bbox 3368 3823 3526 3896; x_wconf 84' lang='lat' dir='ltr'><strong><em>prava</em></strong></span> <span class='ocrx_word' id='word_1_957' title='bbox 3553 3831 3665 3884; x_wconf 79' lang='lat' dir='ltr'><strong><em>de-</em></strong></span> 
     </span>
    </p>
   </div>
   <div class='ocr_carea' id='block_1_131' title="bbox 2088 3891 3664 3966">
    <p class='ocr_par' dir='ltr' id='par_1_131' title="bbox 2088 3891 3664 3966">
     <span class='ocr_line' id='line_1_132' title="bbox 2088 3891 3664 3966; baseline 0.007 -23"><span class='ocrx_word' id='word_1_958' title='bbox 2088 3891 2219 3966; x_wconf 74' lang='lat' dir='ltr'><strong><em>bi-re</em></strong></span> <span class='ocrx_word' id='word_1_959' title='bbox 2249 3896 2416 3960; x_wconf 89' lang='lat' dir='ltr'><strong><em>accipi</em></strong></span> <span class='ocrx_word' id='word_1_960' title='bbox 2445 3904 2683 3966; x_wconf 84' lang='lat' dir='ltr'><strong><em>censent</em></strong></span> <span class='ocrx_word' id='word_1_961' title='bbox 2712 3891 3034 3966; x_wconf 84' lang='lat' dir='ltr'><strong><em>Smaragdus</em></strong></span> <span class='ocrx_word' id='word_1_962' title='bbox 3062 3891 3119 3953; x_wconf 54' lang='lat' dir='ltr'><strong><em>et</em></strong></span> <span class='ocrx_word' id='word_1_963' title='bbox 3149 3891 3449 3954; x_wconf 76' lang='lat' dir='ltr'><strong><em>Bernartius</em></strong></span> <span class='ocrx_word' id='word_1_964' title='bbox 3478 3899 3664 3965; x_wconf 88' lang='lat' dir='ltr'><strong><em>Cass.,</em></strong></span> 
     </span>
    </p>
   </div>
   <div class='ocr_carea' id='block_1_132' title="bbox 2088 3963 3665 4033">
    <p class='ocr_par' dir='ltr' id='par_1_132' title="bbox 2088 3963 3665 4033">
     <span class='ocr_line' id='line_1_133' title="bbox 2088 3963 3665 4033; baseline 0.003 -16"><span class='ocrx_word' id='word_1_965' title='bbox 2088 3963 2250 4031; x_wconf 91' lang='lat' dir='ltr'><strong><em>idque</em></strong></span> <span class='ocrx_word' id='word_1_966' title='bbox 2281 3965 2555 4033; x_wconf 89' lang='lat' dir='ltr'><strong><em>postulare</em></strong></span> <span class='ocrx_word' id='word_1_967' title='bbox 2581 3966 2795 4020; x_wconf 81' lang='lat' dir='ltr'><strong><em>videtur</em></strong></span> <span class='ocrx_word' id='word_1_968' title='bbox 2840 3963 3032 4022; x_wconf 85' lang='lat' dir='ltr'><strong><em>sensus</em></strong></span> <span class='ocrx_word' id='word_1_969' title='bbox 3061 3968 3345 4024; x_wconf 85' lang='lat' dir='ltr'><strong><em>verborum</em></strong></span> <span class='ocrx_word' id='word_1_970' title='bbox 3374 3970 3431 4022; x_wconf 85' lang='lat' dir='ltr'><strong><em>S.</em></strong></span> <span class='ocrx_word' id='word_1_971' title='bbox 3466 3971 3523 4024; x_wconf 87' lang='lat' dir='ltr'><strong><em>P.</em></strong></span> <span class='ocrx_word' id='word_1_972' title='bbox 3559 3963 3665 4022; x_wconf 57' lang='lat' dir='ltr'><strong><em>tte;</em></strong></span> 
     </span>
    </p>
   </div>
   <div class='ocr_carea' id='block_1_133' title="bbox 2089 4035 3668 4107">
    <p class='ocr_par' dir='ltr' id='par_1_133' title="bbox 2089 4035 3668 4107">
     <span class='ocr_line' id='line_1_134' title="bbox 2089 4035 3668 4107; baseline 0.004 -20"><span class='ocrx_word' id='word_1_973' title='bbox 2089 4035 2321 4101; x_wconf 88' lang='lat' dir='ltr'><strong><em>ncdicti;</em></strong></span> <span class='ocrx_word' id='word_1_974' title='bbox 2355 4050 2477 4090; x_wconf 91' lang='lat' dir='ltr'><strong><em>nam</em></strong></span> <span class='ocrx_word' id='word_1_975' title='bbox 2508 4045 2566 4090; x_wconf 91' lang='lat' dir='ltr'><strong><em>ut</em></strong></span> <span class='ocrx_word' id='word_1_976' title='bbox 2594 4037 2851 4092; x_wconf 88' lang='lat' dir='ltr'><strong><em>sollicitus</em></strong></span> <span class='ocrx_word' id='word_1_977' title='bbox 2878 4039 2948 4093; x_wconf 86' lang='lat' dir='ltr'><strong><em>sit</em></strong></span> <span class='ocrx_word' id='word_1_978' title='bbox 2982 4039 3125 4093; x_wconf 87' lang='lat' dir='ltr'><strong><em>utilis</em></strong></span> <span class='ocrx_word' id='word_1_979' title='bbox 3153 4041 3316 4093; x_wconf 84' lang='lat' dir='ltr'><strong><em>frater</em></strong></span> <span class='ocrx_word' id='word_1_980' title='bbox 3342 4040 3480 4092; x_wconf 76' lang='lat' dir='ltr'><strong><em>circa</em></strong></span> <span class='ocrx_word' id='word_1_981' title='bbox 3512 4044 3668 4107; x_wconf 78' lang='lat' dir='ltr'><strong><em>cogi-</em></strong></span> 
     </span>
    </p>
   </div>
   <div class='ocr_carea' id='block_1_134' title="bbox 2091 4109 3665 4177">
    <p class='ocr_par' dir='ltr' id='par_1_134' title="bbox 2091 4109 3665 4177">
     <span class='ocr_line' id='line_1_135' title="bbox 2091 4109 3665 4177; baseline 0.008 -23"><span class='ocrx_word' id='word_1_982' title='bbox 2091 4115 2166 4177; x_wconf 81' lang='lat' dir='ltr'><strong><em>tat</em></strong></span> <span class='ocrx_word' id='word_1_983' title='bbox 2188 4121 2318 4159; x_wconf 86' lang='lat' dir='ltr'><strong><em>ones</em></strong></span> <span class='ocrx_word' id='word_1_984' title='bbox 2349 4121 2560 4177; x_wconf 87' lang='lat' dir='ltr'><strong><em>pravas,</em></strong></span> <span class='ocrx_word' id='word_1_985' title='bbox 2606 4109 2717 4163; x_wconf 92' lang='lat' dir='ltr'><strong><em>vult</em></strong></span> <span class='ocrx_word' id='word_1_986' title='bbox 2745 4124 2866 4162; x_wconf 90' lang='lat' dir='ltr'><strong><em>eum</em></strong></span> <span class='ocrx_word' id='word_1_987' title='bbox 2899 4124 3112 4175; x_wconf 88' lang='lat' dir='ltr'><strong><em>semper</em></strong></span> <span class='ocrx_word' id='word_1_988' title='bbox 3139 4110 3319 4165; x_wconf 86' lang='lat' dir='ltr'><strong><em>dicere</em></strong></span> <span class='ocrx_word' id='word_1_989' title='bbox 3352 4128 3365 4162; x_wconf 90' lang='lat'>:</span> <span class='ocrx_word' id='word_1_990' title='bbox 3403 4111 3543 4164; x_wconf 85' lang='lat' dir='ltr'><strong><em>&#39;l‘unc</em></strong></span> <span class='ocrx_word' id='word_1_991' title='bbox 3570 4129 3665 4166; x_wconf 87' lang='lat' dir='ltr'><strong><em>ero</em></strong></span> 
     </span>
    </p>
   </div>
   <div class='ocr_carea' id='block_1_135' title="bbox 2086 4176 3669 4251">
    <p class='ocr_par' dir='ltr' id='par_1_135' title="bbox 2086 4176 3669 4251">
     <span class='ocr_line' id='line_1_136' title="bbox 2086 4176 3669 4251; baseline 0.006 -22"><span class='ocrx_word' id='word_1_992' title='bbox 2086 4176 2649 4251; x_wconf 69' lang='lat' dir='ltr'><strong><em>immaculatuscoram</em></strong></span> <span class='ocrx_word' id='word_1_993' title='bbox 2675 4179 2827 4251; x_wconf 85' lang='lat' dir='ltr'><strong><em>eo._si</em></strong></span> <span class='ocrx_word' id='word_1_994' title='bbox 2844 4179 3174 4251; x_wconf 80' lang='lat' dir='ltr'><strong><em>observavero</em></strong></span> <span class='ocrx_word' id='word_1_995' title='bbox 3204 4197 3283 4235; x_wconf 91' lang='lat' dir='ltr'><strong><em>nte</em></strong></span> <span class='ocrx_word' id='word_1_996' title='bbox 3311 4185 3374 4233; x_wconf 87' lang='lat' dir='ltr'><strong><em>ab</em></strong></span> <span class='ocrx_word' id='word_1_997' title='bbox 3397 4183 3669 4251; x_wconf 65' lang='lat' dir='ltr'><strong><em>iniquitatc</em></strong></span> 
     </span>
    </p>
   </div>
   <div class='ocr_carea' id='block_1_136' title="bbox 2087 4248 3670 4320">
    <p class='ocr_par' dir='ltr' id='par_1_136' title="bbox 2087 4248 3670 4320">
     <span class='ocr_line' id='line_1_137' title="bbox 2087 4248 3670 4320; baseline 0.004 -22"><span class='ocrx_word' id='word_1_998' title='bbox 2087 4262 2223 4312; x_wconf 90' lang='lat' dir='ltr'><strong><em>mea,</em></strong></span> <span class='ocrx_word' id='word_1_999' title='bbox 2256 4249 2405 4316; x_wconf 89' lang='lat' dir='ltr'><strong><em>quasi</em></strong></span> <span class='ocrx_word' id='word_1_1000' title='bbox 2433 4248 2659 4317; x_wconf 89' lang='lat' dir='ltr'><strong><em>diceret,</em></strong></span> <span class='ocrx_word' id='word_1_1001' title='bbox 2692 4249 2807 4304; x_wconf 87' lang='lat' dir='ltr'><strong><em>inﬁt</em></strong></span> <span class='ocrx_word' id='word_1_1002' title='bbox 2835 4249 3198 4320; x_wconf 81' lang='lat' dir='ltr'><strong><em>Stnaragdus:</em></strong></span> <span class='ocrx_word' id='word_1_1003' title='bbox 3236 4270 3257 4304; x_wconf 70' lang='grc' dir='ltr'>ι</span> <span class='ocrx_word' id='word_1_1004' title='bbox 3291 4254 3440 4306; x_wconf 87' lang='lat' dir='ltr'><strong><em>Tunc</em></strong></span> <span class='ocrx_word' id='word_1_1005' title='bbox 3473 4248 3670 4306; x_wconf 69' lang='lat' dir='ltr'><strong><em>inimu-</em></strong></span> 
     </span>
    </p>
   </div>
   <div class='ocr_carea' id='block_1_137' title="bbox 2088 4320 3668 4388">
    <p class='ocr_par' dir='ltr' id='par_1_137' title="bbox 2088 4320 3668 4388">
     <span class='ocr_line' id='line_1_138' title="bbox 2088 4320 3668 4388; baseline 0.005 -17"><span class='ocrx_word' id='word_1_1006' title='bbox 2088 4321 2316 4372; x_wconf 84' lang='lat' dir='ltr'><strong><em>culatam</em></strong></span> <span class='ocrx_word' id='word_1_1007' title='bbox 2345 4328 2532 4388; x_wconf 92' lang='lat' dir='ltr'><strong><em>potero</em></strong></span> <span class='ocrx_word' id='word_1_1008' title='bbox 2558 4320 2754 4375; x_wconf 89' lang='lat' dir='ltr'><strong><em>ducere</em></strong></span> <span class='ocrx_word' id='word_1_1009' title='bbox 2775 4322 2957 4386; x_wconf 89' lang='lat' dir='ltr'><strong><em>vitam,</em></strong></span> <span class='ocrx_word' id='word_1_1010' title='bbox 2988 4324 3032 4375; x_wconf 86' lang='lat' dir='ltr'><strong><em>si</em></strong></span> <span class='ocrx_word' id='word_1_1011' title='bbox 3063 4337 3149 4377; x_wconf 92' lang='lat' dir='ltr'><strong><em>me</em></strong></span> <span class='ocrx_word' id='word_1_1012' title='bbox 3178 4339 3282 4377; x_wconf 90' lang='lat' dir='ltr'><strong><em>non</em></strong></span> <span class='ocrx_word' id='word_1_1013' title='bbox 3314 4324 3668 4379; x_wconf 79' lang='lat' dir='ltr'><strong><em>maculaverit</em></strong></span> 
     </span>
    </p>
   </div>
   <div class='ocr_carea' id='block_1_138' title="bbox 2088 4389 3667 4462">
    <p class='ocr_par' dir='ltr' id='par_1_138' title="bbox 2088 4389 3667 4462">
     <span class='ocr_line' id='line_1_139' title="bbox 2088 4389 3667 4462; baseline 0.004 -21"><span class='ocrx_word' id='word_1_1014' title='bbox 2088 4389 2345 4462; x_wconf 80' lang='lat' dir='ltr'><strong><em>cogitatio</em></strong></span> <span class='ocrx_word' id='word_1_1015' title='bbox 2365 4406 2561 4458; x_wconf 84' lang='lat' dir='ltr'><strong><em>prava;</em></strong></span> <span class='ocrx_word' id='word_1_1016' title='bbox 2594 4405 2767 4462; x_wconf 86' lang='lat' dir='ltr'><strong><em>neque</em></strong></span> <span class='ocrx_word' id='word_1_1017' title='bbox 2793 4395 2934 4447; x_wconf 89' lang='lat' dir='ltr'><strong><em>enim</em></strong></span> <span class='ocrx_word' id='word_1_1018' title='bbox 2969 4403 3148 4462; x_wconf 89' lang='lat' dir='ltr'><strong><em>potest</em></strong></span> <span class='ocrx_word' id='word_1_1019' title='bbox 3174 4394 3289 4447; x_wconf 87' lang='lat' dir='ltr'><strong><em>sine</em></strong></span> <span class='ocrx_word' id='word_1_1020' title='bbox 3330 4395 3539 4449; x_wconf 77' lang='lat' dir='ltr'><strong><em>macula</em></strong></span> <span class='ocrx_word' id='word_1_1021' title='bbox 3583 4396 3667 4447; x_wconf 86' lang='lat' dir='ltr'><strong><em>vi-</em></strong></span> 
     </span>
    </p>
   </div>
   <div class='ocr_carea' id='block_1_139' title="bbox 2090 4460 3665 4531">
    <p class='ocr_par' dir='ltr' id='par_1_139' title="bbox 2090 4460 3665 4531">
     <span class='ocr_line' id='line_1_140' title="bbox 2090 4460 3665 4531; baseline 0.008 -22"><span class='ocrx_word' id='word_1_1022' title='bbox 2090 4475 2233 4527; x_wconf 82' lang='lat' dir='ltr'><strong><em>vere,</em></strong></span> <span class='ocrx_word' id='word_1_1023' title='bbox 2259 4460 2413 4529; x_wconf 79' lang='lat' dir='ltr'><strong><em>cujus</em></strong></span> <span class='ocrx_word' id='word_1_1024' title='bbox 2442 4462 2617 4530; x_wconf 89' lang='lat' dir='ltr'><strong><em>iniqua</em></strong></span> <span class='ocrx_word' id='word_1_1025' title='bbox 2646 4460 2895 4530; x_wconf 65' lang='lat' dir='ltr'><strong><em>cogitatio</em></strong></span> <span class='ocrx_word' id='word_1_1026' title='bbox 2922 4460 3115 4531; x_wconf 83' lang='lat' dir='ltr'><strong><em>polluit</em></strong></span> <span class='ocrx_word' id='word_1_1027' title='bbox 3151 4477 3407 4527; x_wconf 87' lang='lat' dir='ltr'><strong><em>mentem,</em></strong></span> <span class='ocrx_word' id='word_1_1028' title='bbox 3439 4465 3533 4520; x_wconf 88' lang='lat' dir='ltr'><strong><em>sed</em></strong></span> <span class='ocrx_word' id='word_1_1029' title='bbox 3566 4466 3665 4521; x_wconf 80' lang='lat' dir='ltr'><strong><em>ille</em></strong></span> 
     </span>
    </p>
   </div>
   <div class='ocr_carea' id='block_1_140' title="bbox 2091 4532 3669 4606">
    <p class='ocr_par' dir='ltr' id='par_1_140' title="bbox 2091 4532 3669 4606">
     <span class='ocr_line' id='line_1_141' title="bbox 2091 4532 3669 4606; baseline 0.004 -22"><span class='ocrx_word' id='word_1_1030' title='bbox 2091 4540 2293 4585; x_wconf 81' lang='lat' dir='ltr'><strong><em>tantum</em></strong></span> <span class='ocrx_word' id='word_1_1031' title='bbox 2323 4532 2461 4606; x_wconf 86' lang='lat' dir='ltr'><strong><em>bene</em></strong></span> <span class='ocrx_word' id='word_1_1032' title='bbox 2488 4532 2864 4606; x_wconf 85' lang='lat' dir='ltr'><strong><em>itnmaculatus</em></strong></span> <span class='ocrx_word' id='word_1_1033' title='bbox 2885 4533 3034 4601; x_wconf 84' lang='lat' dir='ltr'><strong><em>vivit,</em></strong></span> <span class='ocrx_word' id='word_1_1034' title='bbox 3067 4536 3160 4606; x_wconf 90' lang='lat' dir='ltr'><strong><em>qui</em></strong></span> <span class='ocrx_word' id='word_1_1035' title='bbox 3189 4549 3248 4590; x_wconf 79' lang='lat' dir='ltr'><strong><em>se</em></strong></span> <span class='ocrx_word' id='word_1_1036' title='bbox 3273 4536 3342 4591; x_wconf 88' lang='lat' dir='ltr'><strong><em>ab</em></strong></span> <span class='ocrx_word' id='word_1_1037' title='bbox 3383 4536 3669 4606; x_wconf 87' lang='lat' dir='ltr'><strong><em>iniquitate</em></strong></span> 
     </span>
    </p>
   </div>
   <div class='ocr_carea' id='block_1_141' title="bbox 2087 4603 2942 4673">
    <p class='ocr_par' dir='ltr' id='par_1_141' title="bbox 2087 4603 2942 4673">
     <span class='ocr_line' id='line_1_142' title="bbox 2087 4603 2942 4673; baseline 0.004 -18"><span class='ocrx_word' id='word_1_1038' title='bbox 2087 4616 2263 4673; x_wconf 81' lang='lat' dir='ltr'><strong><em>prava:</em></strong></span> <span class='ocrx_word' id='word_1_1039' title='bbox 2288 4603 2620 4672; x_wconf 81' lang='lat' dir='ltr'><strong><em>cogitationis</em></strong></span> <span class='ocrx_word' id='word_1_1040' title='bbox 2640 4606 2890 4659; x_wconf 82' lang='lat' dir='ltr'><strong><em>custodit.</em></strong></span> <span class='ocrx_word' id='word_1_1041' title='bbox 2922 4623 2942 4658; x_wconf 77' lang='grc' dir='ltr'><strong><em>ι</em></strong></span> 
     </span>
    </p>
   </div>
   <div class='ocr_carea' id='block_1_142' title="bbox 2166 4672 3663 4747">
    <p class='ocr_par' dir='ltr' id='par_1_142' title="bbox 2166 4672 3663 4747">
     <span class='ocr_line' id='line_1_143' title="bbox 2166 4672 3663 4747; baseline 0.005 -22"><span class='ocrx_word' id='word_1_1042' title='bbox 2166 4672 2492 4747; x_wconf 68' lang='lat' dir='ltr'><strong><em>Voluntatem</em></strong></span> <span class='ocrx_word' id='word_1_1043' title='bbox 2528 4690 2647 4729; x_wconf 80' lang='lat' dir='ltr'><strong><em>vero</em></strong></span> <span class='ocrx_word' id='word_1_1044' title='bbox 2696 4677 2959 4747; x_wconf 82' lang='lat' dir='ltr'><strong><em>propriam</em></strong></span> <span class='ocrx_word' id='word_1_1045' title='bbox 2990 4677 3068 4731; x_wconf 89' lang='lat' dir='ltr'><strong><em>ita</em></strong></span> <span class='ocrx_word' id='word_1_1046' title='bbox 3093 4677 3262 4746; x_wconf 74' lang='lat' dir='ltr'><strong><em>facere</em></strong></span> <span class='ocrx_word' id='word_1_1047' title='bbox 3308 4678 3663 4747; x_wconf 67' lang='lat' dir='ltr'><strong><em>prohibemur,</em></strong></span> 
     </span>
    </p>
   </div>
   <div class='ocr_carea' id='block_1_143' title="bbox 2087 4745 3666 4817">
    <p class='ocr_par' dir='ltr' id='par_1_143' title="bbox 2087 4745 3666 4817">
     <span class='ocr_line' id='line_1_144' title="bbox 2087 4745 3666 4817; baseline 0.004 -20"><span class='ocrx_word' id='word_1_1048' title='bbox 2087 4760 2202 4797; x_wconf 88' lang='lat' dir='ltr'><strong><em>cum</em></strong></span> <span class='ocrx_word' id='word_1_1049' title='bbox 2232 4745 2357 4817; x_wconf 81' lang='lat' dir='ltr'><strong><em>dicit</em></strong></span> <span class='ocrx_word' id='word_1_1050' title='bbox 2387 4745 2663 4817; x_wconf 87' lang='lat' dir='ltr'><strong><em>Scriptura</em></strong></span> <span class='ocrx_word' id='word_1_1051' title='bbox 2693 4745 2835 4802; x_wconf 80' lang='lat' dir='ltr'><strong><em>nobis</em></strong></span> <span class='ocrx_word' id='word_1_1052' title='bbox 2863 4763 2881 4801; x_wconf 90' lang='lat'><strong><em>:</em></strong></span> <span class='ocrx_word' id='word_1_1053' title='bbox 2914 4766 2934 4799; x_wconf 69' lang='grc' dir='ltr'>ι</span> <span class='ocrx_word' id='word_1_1054' title='bbox 2976 4747 3039 4802; x_wconf 72' lang='lat' dir='ltr'><strong><em>Et</em></strong></span> <span class='ocrx_word' id='word_1_1055' title='bbox 3085 4745 3118 4801; x_wconf 73' lang='grc' dir='ltr'><em>ὰ</em></span> <span class='ocrx_word' id='word_1_1056' title='bbox 3142 4745 3479 4804; x_wconf 79' lang='lat' dir='ltr'><strong><em>voluntatibus</em></strong></span> <span class='ocrx_word' id='word_1_1057' title='bbox 3516 4745 3666 4803; x_wconf 65' lang='lat' dir='ltr'><strong><em>aver-</em></strong></span> 
     </span>
    </p>
   </div>
   <div class='ocr_carea' id='block_1_144' title="bbox 2084 4815 3666 4889">
    <p class='ocr_par' dir='ltr' id='par_1_144' title="bbox 2084 4815 3666 4889">
     <span class='ocr_line' id='line_1_145' title="bbox 2084 4815 3666 4889; baseline 0.004 -20"><span class='ocrx_word' id='word_1_1058' title='bbox 2084 4826 2209 4889; x_wconf 84' lang='lat' dir='ltr'><strong><em>tere.</em></strong></span> <span class='ocrx_word' id='word_1_1059' title='bbox 2250 4815 2297 4887; x_wconf 76' lang='grc' dir='ltr'><strong>ι]</strong></span> <span class='ocrx_word' id='word_1_1060' title='bbox 2324 4817 2476 4883; x_wconf 84' lang='lat' dir='ltr'><strong><em>Quod</em></strong></span> <span class='ocrx_word' id='word_1_1061' title='bbox 2504 4815 2609 4871; x_wconf 80' lang='lat' dir='ltr'><strong><em>tam</em></strong></span> <span class='ocrx_word' id='word_1_1062' title='bbox 2639 4818 2706 4873; x_wconf 88' lang='lat' dir='ltr'><strong><em>de</em></strong></span> <span class='ocrx_word' id='word_1_1063' title='bbox 2733 4819 2869 4873; x_wconf 87' lang='lat' dir='ltr'><strong><em>bona</em></strong></span> <span class='ocrx_word' id='word_1_1064' title='bbox 2899 4834 3057 4887; x_wconf 89' lang='lat' dir='ltr'><strong><em>quam</em></strong></span> <span class='ocrx_word' id='word_1_1065' title='bbox 3082 4820 3150 4874; x_wconf 89' lang='lat' dir='ltr'><strong><em>de</em></strong></span> <span class='ocrx_word' id='word_1_1066' title='bbox 3180 4820 3317 4874; x_wconf 86' lang='lat' dir='ltr'><strong><em>mala</em></strong></span> <span class='ocrx_word' id='word_1_1067' title='bbox 3361 4821 3666 4889; x_wconf 84' lang='lat' dir='ltr'><strong><em>intelligunt</em></strong></span> 
     </span>
    </p>
   </div>
   <div class='ocr_carea' id='block_1_145' title="bbox 2086 4887 3666 4946">
    <p class='ocr_par' dir='ltr' id='par_1_145' title="bbox 2086 4887 3666 4946">
     <span class='ocr_line' id='line_1_146' title="bbox 2086 4887 3666 4946; baseline 0.004 -7"><span class='ocrx_word' id='word_1_1068' title='bbox 2086 4887 2360 4941; x_wconf 83' lang='lat' dir='ltr'><strong><em>voluntate</em></strong></span> <span class='ocrx_word' id='word_1_1069' title='bbox 2392 4889 2730 4944; x_wconf 81' lang='lat' dir='ltr'><strong><em>Hildemarus</em></strong></span> <span class='ocrx_word' id='word_1_1070' title='bbox 2757 4900 2811 4944; x_wconf 91' lang='lat' dir='ltr'><strong><em>et</em></strong></span> <span class='ocrx_word' id='word_1_1071' title='bbox 2842 4890 3143 4945; x_wconf 83' lang='lat' dir='ltr'><strong><em>Bernartius</em></strong></span> <span class='ocrx_word' id='word_1_1072' title='bbox 3179 4890 3390 4946; x_wconf 86' lang='lat' dir='ltr'><strong><em>Cassin.</em></strong></span> <span class='ocrx_word' id='word_1_1073' title='bbox 3425 4890 3491 4944; x_wconf 87' lang='lat' dir='ltr'><strong><em>Et</em></strong></span> <span class='ocrx_word' id='word_1_1074' title='bbox 3512 4887 3666 4946; x_wconf 69' lang='lat' dir='ltr'><strong><em>certe</em></strong></span> 
     </span>
    </p>
   </div>
   <div class='ocr_carea' id='block_1_146' title="bbox 2087 4958 3665 5027">
    <p class='ocr_par' dir='ltr' id='par_1_146' title="bbox 2087 4958 3665 5027">
     <span class='ocr_line' id='line_1_147' title="bbox 2087 4958 3665 5027; baseline 0.003 -15"><span class='ocrx_word' id='word_1_1075' title='bbox 2087 4959 2205 5027; x_wconf 84' lang='lat' dir='ltr'><strong><em>ipsa</em></strong></span> <span class='ocrx_word' id='word_1_1076' title='bbox 2257 4958 2398 5014; x_wconf 87' lang='lat' dir='ltr'><strong><em>bona</em></strong></span> <span class='ocrx_word' id='word_1_1077' title='bbox 2432 4962 2681 5013; x_wconf 87' lang='lat' dir='ltr'><strong><em>voluntas</em></strong></span> <span class='ocrx_word' id='word_1_1078' title='bbox 2721 4973 2897 5015; x_wconf 81' lang='lat' dir='ltr'><strong><em>cessat</em></strong></span> <span class='ocrx_word' id='word_1_1079' title='bbox 2924 4976 3047 5017; x_wconf 84' lang='lat' dir='ltr'><strong><em>esse</em></strong></span> <span class='ocrx_word' id='word_1_1080' title='bbox 3077 4963 3238 5027; x_wconf 88' lang='lat' dir='ltr'><strong><em>bona,</em></strong></span> <span class='ocrx_word' id='word_1_1081' title='bbox 3266 4977 3389 5016; x_wconf 83' lang='lat' dir='ltr'><strong><em>cum</em></strong></span> <span class='ocrx_word' id='word_1_1082' title='bbox 3429 4960 3665 5016; x_wconf 86' lang='lat' dir='ltr'><strong><em>efﬁcitur</em></strong></span> 
     </span>
    </p>
   </div>
   <div class='ocr_carea' id='block_1_147' title="bbox 2089 5030 3667 5100">
    <p class='ocr_par' dir='ltr' id='par_1_147' title="bbox 2089 5030 3667 5100">
     <span class='ocr_line' id='line_1_148' title="bbox 2089 5030 3667 5100; baseline 0.003 -18"><span class='ocrx_word' id='word_1_1083' title='bbox 2089 5030 2322 5097; x_wconf 90' lang='lat' dir='ltr'><strong><em>propria,</em></strong></span> <span class='ocrx_word' id='word_1_1084' title='bbox 2369 5030 2577 5085; x_wconf 89' lang='lat' dir='ltr'><strong><em>etiamsi</em></strong></span> <span class='ocrx_word' id='word_1_1085' title='bbox 2624 5030 2760 5086; x_wconf 91' lang='lat' dir='ltr'><strong><em>bona</em></strong></span> <span class='ocrx_word' id='word_1_1086' title='bbox 2802 5040 3056 5100; x_wconf 84' lang='lat' dir='ltr'><strong><em>appetere</em></strong></span> <span class='ocrx_word' id='word_1_1087' title='bbox 3104 5033 3377 5098; x_wconf 87' lang='lat' dir='ltr'><strong><em>videatur;</em></strong></span> <span class='ocrx_word' id='word_1_1088' title='bbox 3427 5032 3567 5086; x_wconf 91' lang='lat' dir='ltr'><strong><em>unde</em></strong></span> <span class='ocrx_word' id='word_1_1089' title='bbox 3604 5043 3667 5086; x_wconf 77' lang='lat' dir='ltr'><strong><em>es</em></strong></span> 
     </span>
    </p>
   </div>
   <div class='ocr_carea' id='block_1_148' title="bbox 2091 5100 3669 5174">
    <p class='ocr_par' dir='ltr' id='par_1_148' title="bbox 2091 5100 3669 5174">
     <span class='ocr_line' id='line_1_149' title="bbox 2091 5100 3669 5174; baseline 0.004 -21"><span class='ocrx_word' id='word_1_1090' title='bbox 2091 5100 2348 5174; x_wconf 87' lang='lat' dir='ltr'><strong><em>Dominus</em></strong></span> <span class='ocrx_word' id='word_1_1091' title='bbox 2390 5101 2482 5155; x_wconf 90' lang='lat' dir='ltr'><strong><em>illa</em></strong></span> <span class='ocrx_word' id='word_1_1092' title='bbox 2528 5104 2777 5169; x_wconf 89' lang='lat' dir='ltr'><strong><em>reprobat</em></strong></span> <span class='ocrx_word' id='word_1_1093' title='bbox 2800 5103 3027 5173; x_wconf 87' lang='lat' dir='ltr'><strong><em>jejunia,</em></strong></span> <span class='ocrx_word' id='word_1_1094' title='bbox 3076 5104 3130 5159; x_wconf 91' lang='lat' dir='ltr'><strong><em>in</em></strong></span> <span class='ocrx_word' id='word_1_1095' title='bbox 3175 5103 3370 5174; x_wconf 82' lang='lat' dir='ltr'><strong><em>quibus</em></strong></span> <span class='ocrx_word' id='word_1_1096' title='bbox 3398 5103 3669 5173; x_wconf 85' lang='lat' dir='ltr'><strong><em>reperitur</em></strong></span> 
     </span>
    </p>
   </div>
   <div class='ocr_carea' id='block_1_149' title="bbox 2085 5173 2565 5228">
    <p class='ocr_par' dir='ltr' id='par_1_149' title="bbox 2085 5173 2565 5228">
     <span class='ocr_line' id='line_1_150' title="bbox 2085 5173 2565 5228; baseline 0.01 -5"><span class='ocrx_word' id='word_1_1097' title='bbox 2085 5173 2333 5226; x_wconf 71' lang='lat' dir='ltr'><strong><em>Voluntas</em></strong></span> <span class='ocrx_word' id='word_1_1098' title='bbox 2363 5182 2565 5228; x_wconf 85' lang='lat' dir='ltr'><strong><em>nostra.</em></strong></span> 
     </span>
    </p>
   </div>
   <div class='ocr_carea' id='block_1_150' title="bbox 2162 5240 3666 5317">
    <p class='ocr_par' dir='ltr' id='par_1_150' title="bbox 2162 5240 3666 5317">
     <span class='ocr_line' id='line_1_151' title="bbox 2162 5240 3666 5317; baseline 0.003 -22"><span class='ocrx_word' id='word_1_1099' title='bbox 2162 5240 2227 5317; x_wconf 77' lang='lat' dir='ltr'><strong><em>Et</em></strong></span> <span class='ocrx_word' id='word_1_1100' title='bbox 2252 5246 2437 5317; x_wconf 87' lang='lat' dir='ltr'><strong><em>iterum</em></strong></span> <span class='ocrx_word' id='word_1_1101' title='bbox 2464 5261 2704 5317; x_wconf 75' lang='lat' dir='ltr'><strong><em>rogamus</em></strong></span> <span class='ocrx_word' id='word_1_1102' title='bbox 2735 5244 2897 5300; x_wconf 84' lang='lat' dir='ltr'><strong><em>Deum</em></strong></span> <span class='ocrx_word' id='word_1_1103' title='bbox 2946 5246 3002 5300; x_wconf 85' lang='lat' dir='ltr'><strong><em>in</em></strong></span> <span class='ocrx_word' id='word_1_1104' title='bbox 3029 5247 3280 5314; x_wconf 84' lang='lat' dir='ltr'><strong><em>oratione,</em></strong></span> <span class='ocrx_word' id='word_1_1105' title='bbox 3326 5257 3382 5300; x_wconf 88' lang='lat' dir='ltr'><strong><em>ut</em></strong></span> <span class='ocrx_word' id='word_1_1106' title='bbox 3430 5246 3520 5315; x_wconf 83' lang='lat' dir='ltr'><strong><em>ﬁat</em></strong></span> <span class='ocrx_word' id='word_1_1107' title='bbox 3548 5247 3666 5317; x_wconf 76' lang='lat' dir='ltr'><strong><em>ejus</em></strong></span> 
     </span>
    </p>
   </div>
   <div class='ocr_carea' id='block_1_151' title="bbox 2085 5314 3662 5388">
    <p class='ocr_par' dir='ltr' id='par_1_151' title="bbox 2085 5314 3662 5388">
     <span class='ocr_line' id='line_1_152' title="bbox 2085 5314 3662 5388; baseline 0.001 -21"><span class='ocrx_word' id='word_1_1108' title='bbox 2085 5314 2321 5388; x_wconf 59' lang='lat' dir='ltr'><strong><em>uoluntas</em></strong></span> <span class='ocrx_word' id='word_1_1109' title='bbox 2343 5316 2393 5368; x_wconf 87' lang='lat' dir='ltr'><strong><em>in</em></strong></span> <span class='ocrx_word' id='word_1_1110' title='bbox 2416 5316 2604 5388; x_wconf 83' lang='lat' dir='ltr'><strong><em>nobis.]</em></strong></span> <span class='ocrx_word' id='word_1_1111' title='bbox 2629 5317 2681 5371; x_wconf 93' lang='lat' dir='ltr'><strong><em>ld</em></strong></span> <span class='ocrx_word' id='word_1_1112' title='bbox 2700 5326 2783 5372; x_wconf 90' lang='lat' dir='ltr'><strong><em>est</em></strong></span> <span class='ocrx_word' id='word_1_1113' title='bbox 2803 5317 2855 5371; x_wconf 91' lang='lat' dir='ltr'><strong><em>in</em></strong></span> <span class='ocrx_word' id='word_1_1114' title='bbox 2874 5330 3078 5387; x_wconf 88' lang='lat' dir='ltr'><strong><em>nostra,</em></strong></span> <span class='ocrx_word' id='word_1_1115' title='bbox 3108 5319 3277 5387; x_wconf 88' lang='lat' dir='ltr'><strong><em>inquit</em></strong></span> <span class='ocrx_word' id='word_1_1116' title='bbox 3298 5314 3662 5373; x_wconf 76' lang='lat' dir='ltr'><strong><em>Hildemarus.</em></strong></span> 
     </span>
    </p>
   </div>
   <div class='ocr_carea' id='block_1_152' title="bbox 2088 5384 3666 5456">
    <p class='ocr_par' dir='ltr' id='par_1_152' title="bbox 2088 5384 3666 5456">
     <span class='ocr_line' id='line_1_153' title="bbox 2088 5384 3666 5456; baseline 0.002 -18"><span class='ocrx_word' id='word_1_1117' title='bbox 2088 5384 2253 5441; x_wconf 84' lang='lat' dir='ltr'><strong><em>Recte</em></strong></span> <span class='ocrx_word' id='word_1_1118' title='bbox 2281 5388 2502 5441; x_wconf 87' lang='lat' dir='ltr'><strong><em>omnino</em></strong></span> <span class='ocrx_word' id='word_1_1119' title='bbox 2524 5384 2675 5441; x_wconf 54' lang='lat' dir='ltr'><strong><em>ad&#39;B.</em></strong></span> <span class='ocrx_word' id='word_1_1120' title='bbox 2701 5389 2971 5443; x_wconf 81' lang='lat' dir='ltr'><strong><em>Benedicti</em></strong></span> <span class='ocrx_word' id='word_1_1121' title='bbox 2996 5384 3228 5443; x_wconf 80' lang='lat' dir='ltr'><strong><em>mentem</em></strong></span> <span class='ocrx_word' id='word_1_1122' title='bbox 3252 5388 3311 5444; x_wconf 93' lang='lat' dir='ltr'><strong><em>S.</em></strong></span> <span class='ocrx_word' id='word_1_1123' title='bbox 3333 5388 3666 5456; x_wconf 69' lang='lat' dir='ltr'><strong><em>Augustinum</em></strong></span> 
     </span>
    </p>
   </div>
   <div class='ocr_carea' id='block_1_153' title="bbox 2084 5457 3666 5529">
    <p class='ocr_par' dir='ltr' id='par_1_153' title="bbox 2084 5457 3666 5529">
     <span class='ocr_line' id='line_1_154' title="bbox 2084 5457 3666 5529; baseline 0.001 -18"><span class='ocrx_word' id='word_1_1124' title='bbox 2084 5472 2179 5511; x_wconf 87' lang='lat' dir='ltr'><strong><em>seu</em></strong></span> <span class='ocrx_word' id='word_1_1125' title='bbox 2205 5457 2378 5526; x_wconf 84' lang='lat' dir='ltr'><strong><em>quivis</em></strong></span> <span class='ocrx_word' id='word_1_1126' title='bbox 2399 5457 2531 5511; x_wconf 86' lang='lat' dir='ltr'><strong><em>alius</em></strong></span> <span class='ocrx_word' id='word_1_1127' title='bbox 2553 5459 2747 5529; x_wconf 83' lang='lat' dir='ltr'><strong><em>(Serm.</em></strong></span> <span class='ocrx_word' id='word_1_1128' title='bbox 2773 5461 2843 5514; x_wconf 81' lang='lat'><strong><em>65</em></strong></span> <span class='ocrx_word' id='word_1_1129' title='bbox 2866 5461 2918 5513; x_wconf 89' lang='lat' dir='ltr'><strong><em>in</em></strong></span> <span class='ocrx_word' id='word_1_1130' title='bbox 2946 5461 3185 5529; x_wconf 78' lang='lat' dir='ltr'><strong><em>Append.</em></strong></span> <span class='ocrx_word' id='word_1_1131' title='bbox 3206 5459 3386 5527; x_wconf 89' lang='lat' dir='ltr'><strong><em>serm.)</em></strong></span> <span class='ocrx_word' id='word_1_1132' title='bbox 3412 5476 3426 5512; x_wconf 89' lang='lat'><strong>:</strong></span> <span class='ocrx_word' id='word_1_1133' title='bbox 3455 5477 3473 5510; x_wconf 69' lang='grc' dir='ltr'>ι</span> <span class='ocrx_word' id='word_1_1134' title='bbox 3500 5458 3666 5529; x_wconf 79' lang='lat' dir='ltr'><strong><em>Certe</em></strong></span> 
     </span>
    </p>
   </div>
   <div class='ocr_carea' id='block_1_154' title="bbox 2084 5528 3665 5597">
    <p class='ocr_par' dir='ltr' id='par_1_154' title="bbox 2084 5528 3665 5597">
     <span class='ocr_line' id='line_1_155' title="bbox 2084 5528 3665 5597; baseline 0 -15"><span class='ocrx_word' id='word_1_1135' title='bbox 2084 5543 2206 5582; x_wconf 90' lang='lat' dir='ltr'><strong><em>cum</em></strong></span> <span class='ocrx_word' id='word_1_1136' title='bbox 2237 5528 2486 5587; x_wconf 87' lang='lat' dir='ltr'><strong><em>dicimus,</em></strong></span> <span class='ocrx_word' id='word_1_1137' title='bbox 2518 5528 2638 5583; x_wconf 74' lang='lat' dir='ltr'><strong><em>Fiat</em></strong></span> <span class='ocrx_word' id='word_1_1138' title='bbox 2663 5531 2898 5585; x_wconf 82' lang='lat' dir='ltr'><strong><em>uoluntas</em></strong></span> <span class='ocrx_word' id='word_1_1139' title='bbox 2939 5528 3049 5597; x_wconf 80' lang='lat' dir='ltr'><strong><em>tua,</em></strong></span> <span class='ocrx_word' id='word_1_1140' title='bbox 3072 5531 3329 5585; x_wconf 86' lang='lat' dir='ltr'><strong><em>docemur</em></strong></span> <span class='ocrx_word' id='word_1_1141' title='bbox 3355 5544 3569 5597; x_wconf 85' lang='lat' dir='ltr'><strong><em>semper</em></strong></span> <span class='ocrx_word' id='word_1_1142' title='bbox 3592 5528 3665 5582; x_wconf 86' lang='lat' dir='ltr'><strong><em>ad</em></strong></span> 
     </span>
    </p>
   </div>
   <div class='ocr_carea' id='block_1_155' title="bbox 2086 5598 3664 5670">
    <p class='ocr_par' dir='ltr' id='par_1_155' title="bbox 2086 5598 3664 5670">
     <span class='ocr_line' id='line_1_156' title="bbox 2086 5598 3664 5670; baseline 0 -17"><span class='ocrx_word' id='word_1_1143' title='bbox 2086 5598 2181 5653; x_wconf 90' lang='lat' dir='ltr'><strong><em>Dei</em></strong></span> <span class='ocrx_word' id='word_1_1144' title='bbox 2206 5642 2219 5660; x_wconf 84' lang='lat'><strong><em>,</em></strong></span> <span class='ocrx_word' id='word_1_1145' title='bbox 2254 5615 2359 5655; x_wconf 93' lang='lat' dir='ltr'><strong><em>non</em></strong></span> <span class='ocrx_word' id='word_1_1146' title='bbox 2389 5600 2451 5653; x_wconf 74' lang='lat' dir='ltr'><strong><em>ad</em></strong></span> <span class='ocrx_word' id='word_1_1147' title='bbox 2499 5612 2733 5655; x_wconf 87' lang='lat' dir='ltr'><strong><em>nostram</em></strong></span> <span class='ocrx_word' id='word_1_1148' title='bbox 2765 5604 3035 5670; x_wconf 88' lang='lat' dir='ltr'><strong><em>respicere</em></strong></span> <span class='ocrx_word' id='word_1_1149' title='bbox 3062 5602 3422 5666; x_wconf 90' lang='lat' dir='ltr'><strong><em>voluntatem;</em></strong></span> <span class='ocrx_word' id='word_1_1150' title='bbox 3453 5601 3574 5667; x_wconf 88' lang='lat' dir='ltr'><strong><em>quia</em></strong></span> <span class='ocrx_word' id='word_1_1151' title='bbox 3606 5600 3664 5653; x_wconf 90' lang='lat' dir='ltr'><strong><em>in</em></strong></span> 
     </span>
    </p>
   </div>
   <div class='ocr_carea' id='block_1_156' title="bbox 2088 5670 3663 5739">
    <p class='ocr_par' dir='ltr' id='par_1_156' title="bbox 2088 5670 3663 5739">
     <span class='ocr_line' id='line_1_157' title="bbox 2088 5670 3663 5739; baseline 0 -16"><span class='ocrx_word' id='word_1_1152' title='bbox 2088 5678 2266 5723; x_wconf 87' lang='lat' dir='ltr'><strong><em>nostra</em></strong></span> <span class='ocrx_word' id='word_1_1153' title='bbox 2291 5672 2564 5726; x_wconf 85' lang='lat' dir='ltr'><strong><em>voluntate</em></strong></span> <span class='ocrx_word' id='word_1_1154' title='bbox 2587 5672 2873 5734; x_wconf 78' lang='lat' dir='ltr'><strong><em>aliquoties</em></strong></span> <span class='ocrx_word' id='word_1_1155' title='bbox 2892 5674 3161 5727; x_wconf 88' lang='lat' dir='ltr'><strong><em>contraria</em></strong></span> <span class='ocrx_word' id='word_1_1156' title='bbox 3184 5684 3311 5728; x_wconf 88' lang='lat' dir='ltr'><strong><em>sunt</em></strong></span> <span class='ocrx_word' id='word_1_1157' title='bbox 3332 5690 3345 5739; x_wconf 89' lang='lat'><strong>;</strong></span> <span class='ocrx_word' id='word_1_1158' title='bbox 3370 5673 3425 5727; x_wconf 89' lang='lat' dir='ltr'><strong><em>in</em></strong></span> <span class='ocrx_word' id='word_1_1159' title='bbox 3453 5670 3663 5726; x_wconf 90' lang='lat' dir='ltr'><strong><em>Domini</em></strong></span> 
     </span>
    </p>
   </div>
   <div class='ocr_carea' id='block_1_157' title="bbox 2088 5742 3248 5812">
    <p class='ocr_par' dir='ltr' id='par_1_157' title="bbox 2088 5742 3248 5812">
     <span class='ocr_line' id='line_1_158' title="bbox 2088 5742 3248 5812; baseline 0.001 -17"><span class='ocrx_word' id='word_1_1160' title='bbox 2088 5742 2362 5796; x_wconf 86' lang='lat' dir='ltr'><strong><em>voluntate</em></strong></span> <span class='ocrx_word' id='word_1_1161' title='bbox 2391 5744 2495 5795; x_wconf 87' lang='lat' dir='ltr'><strong><em>vita</em></strong></span> <span class='ocrx_word' id='word_1_1162' title='bbox 2527 5753 2611 5798; x_wconf 88' lang='lat' dir='ltr'><strong><em>est</em></strong></span> <span class='ocrx_word' id='word_1_1163' title='bbox 2634 5758 2846 5812; x_wconf 56' lang='lat' dir='ltr'><strong><em>semper</em></strong></span> <span class='ocrx_word' id='word_1_1164' title='bbox 2875 5752 2926 5796; x_wconf 72' lang='lat' dir='ltr'><strong><em>et</em></strong></span> <span class='ocrx_word' id='word_1_1165' title='bbox 2959 5746 3188 5797; x_wconf 84' lang='lat' dir='ltr'><strong><em>honitas.</em></strong></span> <span class='ocrx_word' id='word_1_1166' title='bbox 3229 5763 3248 5796; x_wconf 71' lang='grc' dir='ltr'><strong><em>ι</em></strong></span> 
     </span>
    </p>
   </div>
   <div class='ocr_carea' id='block_1_158' title="bbox 2162 5812 3665 5887">
    <p class='ocr_par' dir='ltr' id='par_1_158' title="bbox 2162 5812 3665 5887">
     <span class='ocr_line' id='line_1_159' title="bbox 2162 5812 3665 5887; baseline 0.001 -19"><span class='ocrx_word' id='word_1_1167' title='bbox 2162 5814 2296 5869; x_wconf 76' lang='lat' dir='ltr'><strong><em>Sunt</em></strong></span> <span class='ocrx_word' id='word_1_1168' title='bbox 2317 5817 2409 5869; x_wconf 69' lang='grc' dir='ltr'><strong><em>νέαν</em></strong></span> <span class='ocrx_word' id='word_1_1169' title='bbox 2435 5830 2547 5884; x_wconf 82' lang='lat' dir='ltr'><strong><em>qutt&#39;</em></strong></span> <span class='ocrx_word' id='word_1_1170' title='bbox 2571 5815 2802 5871; x_wconf 79' lang='lat' dir='ltr'><strong><em>ridentur</em></strong></span> <span class='ocrx_word' id='word_1_1171' title='bbox 2830 5815 3119 5871; x_wconf 82' lang='lat' dir='ltr'><strong><em>hominibus</em></strong></span> <span class='ocrx_word' id='word_1_1172' title='bbox 3149 5828 3319 5881; x_wconf 70' lang='lat' dir='ltr'><strong><em>recite,</em></strong></span> <span class='ocrx_word' id='word_1_1173' title='bbox 3349 5812 3480 5887; x_wconf 63' lang='lat' dir='ltr'><strong><em>em]</em></strong></span> <span class='ocrx_word' id='word_1_1174' title='bbox 3510 5812 3665 5870; x_wconf 82' lang='lat' dir='ltr'><strong><em>iluttc</em></strong></span> 
     </span>
    </p>
   </div>
  </div>
