3952 6182
328 326 423 383 531

1371 324 1648 385 REGULA
1688 326 2174 386 COMMENTATA.
2215 324 2368 383 CAP.
2411 327 2521 382 Vill.

3467 326 3571 382 582

327 443 618 515 SClipllll‘J?
647 430 820 498 locum
846 441 914 497 ita
945 438 1176 515 explicat
1196 437 1394 515 citatus
1416 459 1445 497 a
1475 438 1705 500 Bolicrio
1730 440 1896 500 abbas
1922 449 1968 507 Α
2000 437 2124 497 tatis
2143 436 2429 515 iustorum.
2468 440 2664 515 lterum
2692 450 2944 511 tanquam
2976 442 3231 497 deﬂentcs
3263 441 3568 515 impii-tates

328 513 539 588 Moyses
567 534 582 569 :
621 534 641 568 ι
676 514 1293 588 Scripttir:i(.lud:eorum
1317 513 1400 567 vel
1429 516 1705 588 gentilium
1739 515 1897 570 indu-

230 636 233 639 .
325 585 457 641 cunt
501 587 763 641 monacho
793 586 1077 654 quamdam
1117 585 1564 654 coniplacentiam
1610 585 1895 655 plusquam

325 656 539 713 cudiccs
569 659 688 712 ﬁdei
721 656 1059 716 Christianas,
1101 656 1465 723 expositiones
1511 655 1672 710 etiam
1730 671 1899 711 sacrae

325 729 623 799 Scriptura:
644 742 839 781 novum
869 725 1058 799 dantes
1087 725 1418 799 intellectum
1461 728 1705 780 videnlur
1734 728 1781 780 ei
1813 741 1895 782 re-

322 796 826 867 ct:r,_tnultiplicata
872 796 1095 865 jejuttia,
1142 806 1199 867 et
1225 798 1496 867 orationes
1550 800 1688 851 tiltra
1737 812 1892 851 usum

321 866 665 925 communem
696 868 925 923 ταξιιοίῡί
959 876 1104 922 recte
1133 866 1421 936 dijiidicat;
1469 868 1712 939 persequi
1766 882 1894 923 vero

321 954 476 997 extra
522 939 823 996 coenobium
856 938 969 1007 pias
1020 952 1229 1002 causas,
1270 949 1392 1005 puta
1425 938 1892 999 monaswriorum.

323 1012 737 1076 nioiachorum,
789 1009 1171 1070 desolatorum,
1210 1008 1545 1073 mouialiuin,
1589 1021 1790 1063 rectum
1844 1010 1892 1064 ei

323 1084 540 1137 videtur
564 1093 619 1136 et
643 1089 917 1144 sanctum;
958 1081 1097 1148 quod
1130 1088 1306 1132 tamen
1335 1078 1585 1133 illusioue
1612 1094 1757 1149 stupe
1780 1079 1896 1134 dia-

322 1155 500 1207 bolica
552 1160 898 1219 procuratur;
929 1162 978 1203 et
1029 1149 1148 1203 ideo
1190 1150 1308 1203 ista:
1339 1154 1438 1202 via:
1481 1165 1599 1216 quae
1645 1151 1894 1204 vdeatur

324 1238 488 1277 rectae
510 1238 676 1292 usque
704 1221 765 1275 :id
800 1224 1061 1275 infernum
1085 1220 1422 1287 demergunt.
1459 1238 1478 1271 ι
1512 1220 1614 1275 Sed
1639 1220 1751 1292 Sui.
1775 1235 1893 1291 rag-

322 1295 427 1347 dus
449 1291 646 1350 textum
671 1295 817 1346 illum
842 1292 1061 1361 intelligi
1087 1305 1241 1358 posse
1259 1292 1530 1345 existimat
1548 1291 1615 1345 de
1636 1291 1743 1345 illis
1765 1310 1783 1343 ι
1802 1294 1890 1361 qui

323 1380 469 1419 nunc
498 1365 655 1419 eICCli
686 1378 806 1417 esse
854 1360 1115 1424 Videntur,
1148 1360 1242 1416 sed
1272 1362 1393 1431 quia
1425 1377 1528 1415 nou
1557 1373 1677 1415 sunt
1709 1377 1737 1414 a
1790 1360 1890 1414 llo-

323 1437 495 1497 niino,
527 1435 905 1501 ieprobautur;
941 1451 960 1485 ι
987 1434 1239 1499 additque
1269 1449 1282 1504 ς
1319 1450 1337 1483 ι
1370 1432 1710 1504 Potestetde
1731 1434 1891 1504 208

322 1506 435 1559 illis
466 1523 566 1559 noii
598 1504 1035 1559 ittconvetiienter
1064 1502 1313 1572 intelligi,
1359 1518 1492 1572 quos
1521 1503 1645 1556 vitia
1690 1516 1791 1556 sub
1818 1502 1890 1557 si-

322 1579 621 1631 mulatione
673 1577 925 1628 virtutum
967 1574 1331 1643 decipiunt....
1373 1574 1689 1642 liitelligittir
1736 1585 1788 1627 et
1826 1576 1890 1629 de

322 1648 613 1711 haereticis,
641 1660 865 1714 quorum
891 1645 1077 1711 dogma
1105 1643 1205 1697 iliis
1236 1645 1443 1696 videtur
1469 1656 1696 1709 rectum,
1731 1647 1824 1699 sed
1861 1661 1891 1698 a

321 1719 601 1772 catholicis
622 1719 750 1771 viris
777 1717 1003 1770 discerni
1033 1731 1112 1778 ur,
1143 1715 1478 1780 etjudicazur
1504 1730 1623 1768 esse
1646 1731 1885 1778 pravum.

322 1790 447 1856 quia
474 1803 727 1856 sequaces
750 1801 873 1839 suos
907 1788 1052 1839 ducit
1080 1787 1144 1838 ad
1186 1795 1465 1838 tartarum.
1500 1804 1519 1838 ι
1556 1787 1889 1841 Hildemarus

322 1855 453 1913 vero
485 1855 654 1912 locum
706 1858 1084 1925 interpretatur
1113 1857 1178 1909 ile
1225 1855 1354 1908 vitio
1403 1856 1500 1909 sub
1554 1858 1729 1927 specie
1771 1858 1889 1910 latae

322 1931 566 1994 virtutis;
617 1928 699 1982 vel
744 1929 952 1999 quando
981 1930 1176 1999 bonum
1209 1941 1305 1995 pro
1341 1927 1580 1999 meliori,
1621 1936 1675 1981 et
1701 1928 1891 1982 melius

319 2001 585 2067 accipitur
609 2016 703 2069 pro
731 1997 964 2065 optimo;
995 2007 1050 2051 et
1089 1998 1280 2069 iterum
1321 1997 1386 2049 de
1418 1998 1569 2069 bouis
1619 1999 1725 2051 illis
1773 2014 1891 2067 quin

320 2072 460 2124 ﬁunt
504 2067 704 2139 absque
755 2070 1120 2122 benedictione
1150 2068 1313 2139 patris
1364 2067 1636 2139 spiritalis,
1685 2078 1742 2122 ut
1769 2081 1892 2124 sunt

318 2143 583 2209 ieiunare,
618 2138 859 2209 vigilare,
885 2149 1014 2206 etc.,
1047 2153 1165 2208 quae
1196 2142 1253 2194 S.
1288 2138 1603 2193 Benedictus
1637 2155 1887 2206 praesum-

320 2214 490 2283 ptinni
520 2218 755 2283 deputat,
781 2220 834 2264 et
862 2225 1012 2263 vana:
1041 2210 1244 2283 gloriae,
1268 2224 1373 2262 non
1398 2211 1650 2283 mercedi.

400 2283 462 2336 In
509 2278 775 2336 desideriis
815 2295 931 2334 vero
960 2278 1126 2333 carnis
1161 2282 1233 2332 ita
1258 2286 1397 2332 nobis
1433 2278 1593 2332 Deum
1620 2282 1889 2334 credamus

318 2370 429 2408 esse
466 2362 789 2423 promentem,
814 2367 931 2406 cum
952 2351 1074 2404 dicit
1118 2349 1385 2423 Rroyheta
1412 2348 1632 2423 pomino
1654 2367 1673 2403 :
1710 2370 1728 2402 ι
1763 2354 1896 2404 Aule

317 2436 371 2478 te
400 2420 545 2478 omne
572 2422 881 2477 desiderium
909 2437 1096 2475 meum.
1127 2420 1173 2492 ι]
1213 2423 1380 2492 Quem
1413 2420 1693 2488 PrOphetie
1719 2423 1892 2476 versi-

318 2497 503 2551 culum
523 2495 582 2550 S.
615 2494 936 2559 Augustinus
959 2493 1028 2551 de
1059 2491 1198 2545 bono
1222 2491 1509 2556 desiderio,
1534 2494 1673 2545 hunc
1701 2492 1755 2547 S.
1792 2493 1893 2547 Be-

317 2571 568 2622 nedictus
589 2567 656 2619 de
676 2567 817 2618 nian
838 2564 1101 2633 intelligit,
1129 2563 1377 2633 nimirum
1400 2560 1468 2616 de
1486 2562 1752 2617 desiderio
1778 2578 1895 2617 car-

316 2640 428 2704 nis,
454 2636 596 2706 quod
619 2651 739 2689 cum
761 2634 969 2704 spiritui
990 2647 1252 2702 rectaque
1274 2632 1465 2706 rationi
1480 2645 1767 2706 repugnet,
1788 2652 1891 2688 nnu

319 2703 501 2777 potest
522 2722 643 2761 esse
669 2710 885 2767 bonum,
914 2706 1016 2777 nisi
1040 2705 1175 2759 forte
1195 2703 1587 2777 occasionalitei
1605 2744 1621 2767 ,
1647 2720 1698 2756 iii
1717 2720 1897 2777 quan-

319 2774 435 2833 inin
468 2780 608 2832 illius
644 2785 892 2843 procurat
925 2775 1142 2836 bonum.
1197 2774 1287 2843 qui
1316 2774 1417 2827 sibi
1464 2776 1680 2829 resistit.
1715 2776 1893 2831 llilde-

318 2865 506 2904 marus
533 2860 590 2903 et
617 2848 916 2901 Bernartius
964 2846 1301 2900 Cassincnsis
1332 2853 1437 2897 tam
1466 2845 1535 2900 de
1564 2846 1703 2899 bono
1731 2861 1892 2913 quam

318 2922 392 2973 de
412 2922 554 2973 mulo
579 2919 1033 2985 interpretantur;
1062 2917 1255 2985 quibus
1285 2918 1425 2969 favet
1448 2931 1548 2969 vox
1572 2917 1889 2970 universalis

325 2994 492 3044 Omne
509 3006 527 3045 .·
545 2992 674 3043 Ante
695 3000 740 3042 te
756 3004 900 3041 omne
922 2988 1229 3041 desiderium
1250 3002 1432 3049 meum,
1460 2988 1557 3040 lioc
1580 2996 1679 3045 est,
1710 2998 1892 3042 notum

320 3066 418 3115 tibi
458 3072 562 3115 est.
600 3061 690 3114 Vel
726 3062 884 3112 etiam
917 3070 1041 3112 ante
1068 3070 1120 3111 te
1143 3072 1302 3111 omne
1341 3058 1661 3112 desiderium
1691 3074 1888 3125 meum,

319 3135 378 3189 id
402 3141 483 3187 est
506 3131 773 3185 subditum
800 3139 882 3183 est
911 3130 1165 3183 voluntati
1199 3136 1322 3193 tuae,
1355 3142 1454 3182 nec
1471 3128 1612 3181 aliud
1642 3129 1889 3184 deSidero

318 3220 482 3274 quam
514 3207 652 3273 quod
681 3217 766 3255 me
793 3202 1104 3274 desiderare
1121 3198 1294 3274 jubes.

398 3268 546 3343 Ergo.
590 3274 635 3326 si
683 3273 819 3325 oeuli
854 3269 1106 3340 Domini.J
1146 3271 1295 3323 Uculi
1346 3268 1554 3343 Domini
1598 3270 1888 3343 Smaragdo

323 3364 353 3399 ο
382 3340 645 3414 respectio
674 3353 756 3397 est
774 3343 973 3405 divina,
998 3357 1098 3414 qua
1122 3355 1335 3414 semper
1364 3340 1582 3414 respicit
1603 3355 1762 3408 super
1790 3340 1889 3396 bo-

320 3432 449 3479 nos,
473 3410 534 3470 iit
564 3430 657 3469 eos
697 3414 764 3468 ab
794 3410 1231 3467 insidiisininiici
1259 3412 1527 3476 defendat,
1577 3427 1606 3463 a
1659 3416 1887 3478 peccatis

317 3486 609 3550 cuStodiat,
630 3496 683 3538 et
703 3484 855 3538 bonis
865 3483 1064 3552 jtigiter
1080 3498 1196 3551 opei
1211 3480 1330 3535 ibus
1347 3493 1632 3549 persistere
1652 3484 1837 3548 lactat;
1864 3501 1883 3535 i

316 3560 407 3612 vel
437 3557 584 3625 justa
614 3557 925 3610 Cassianum
956 3552 1093 3621 (Lib.
1125 3568 1236 3616 viii,
1261 3568 1377 3622 cap.
1403 3553 1459 3617 4)
1490 3556 1540 3605 ιιι
1589 3554 1760 3606 oculis
1790 3553 1885 3607 Dei

324 3648 349 3682 ι
387 3629 794 3683 imiiiensitatem
819 3625 1177 3693 perspicai-iai,
1208 3640 1309 3692 qua
1335 3625 1575 3676 universa
1605 3626 1890 3692 perlustrat

319 3710 381 3756 et
424 3699 696 3766 perspicit,
730 3710 782 3751 et
810 3699 952 3765 quod
983 3696 1110 3748 nitiil
1133 3710 1253 3750 eum
1284 3708 1349 3747 ex
1380 3694 1461 3746 his
1488 3709 1608 3763 qua:
1637 3710 1702 3747 ex
1736 3696 1887 3750 nobis

318 3783 604 3840 geruntur,
663 3768 963 3840 gereiidave
997 3777 1162 3840 sunt,
1217 3780 1312 3819 seu
1357 3766 1884 3840 cogitaiitur,latreat,

317 3837 462 3895 scire
493 3854 794 3910 possumus.
835 3856 853 3887 ι
882 3838 1034 3890 Absit
1074 3839 1219 3910 enim
1247 3846 1303 3888 ut
1329 3850 1645 3903 corporeum
1687 3837 1886 3910 aliquid

322 3914 378 3968 iti
409 3906 517 3966 Deo
542 3910 929 3972 existimemus,
965 3918 1021 3960 ut
1044 3906 1311 3976 quondam
1345 3912 1626 3960 volueiunt
1666 3908 1890 3961 ειιιιιιοο

324 3982 702 4052 νυιιιοτριιὶιω,
740 3993 964 4052 quorum
1008 3992 1245 4052 e_rroretn
1282 3976 1480 4052 refutat
1516 3977 1886 4052 'l‘lieodoretus

320 4048 616 4123 20
648 4048 698 4123 in
726 4048 1000 4123 Genesiui.
1023 4049 1099 4103 De
1123 4049 1207 4102 liis
1231 4060 1394 4123 agunt
1414 4050 1764 4123 palmaeque,
1792 4048 1882 4102 lib.

320 4116 451 4190 viii,
500 4139 622 4191 cap.
655 4122 752 4186 ll;
805 4120 1112 4191 Lassianus,
1140 4116 1461 4191 _collat.7710,
1493 4133 1610 4187 cap.
1657 4116 1693 4171 2
1719 4130 1774 4172 et
1801 4134 1887 4173 se-

317 4189 644 4265 quentibus;
682 4192 1018 4265 Getinadius,
1042 4189 1111 4244 de
1140 4189 1278 4245 Viris
1327 4189 1606 4259 Illustrib.,
1637 4203 1756 4259 cap.
1781 4191 1882 4256 55;

315 4261 567 4335 Nicepb.,
599 4266 692 4318 lib.
723 4278 783 4328 ιι,
805 4278 922 4333 cap.
966 4261 1048 4315 l4.
1084 4331 1094 4335 _
1178 4326 1184 4333 .

390 4329 741 4408 speculantur
758 4329 913 4387 bonos
930 4342 978 4408 et
993 4329 1198 4408 malos.)
1224 4330 1577 4408 Speculantur
1599 4347 1726 4408 ergo
1745 4333 1884 4387 oculi

318 4404 533 4462 Domini
564 4410 730 4460 b0iios
755 4415 811 4460 et
839 4407 1031 4465 malos,
1074 4420 1131 4456 ut
1154 4404 1307 4456 bonis
1337 4404 1472 4456 bona
1510 4414 1571 4459 et
1597 4404 1752 4457 malis
1798 4419 1885 4459 re-

321 4478 520 4532 tribuat
567 4480 725 4539 mala,
780 4487 837 4529 ut
889 4477 993 4528 illis
1048 4489 1143 4543 pro
1174 4475 1328 4527 bonis
1368 4474 1617 4540 operibus
1644 4478 1880 4541 praemia,

320 4552 440 4604 istis
466 4564 565 4632 pro
594 4548 770 4617 pravis
795 4546 1096 4635 actiqnibus
1126 4558 1337 4635 poenam
1369 4543 1581 4635 .tribu’a‘t
1600 4546 1882 4635 sein‘piter:
1911 4575 1961 4635 υ

318 4613 486 4685 nam;
535 4613 665 4675 istos
695 4628 751 4672 ut
776 4619 1023 4672 exaudiat
1050 4630 1101 4671 et
1128 4613 1337 4685 ’salivet,
1367 4613 1487 4668 illos
1513 4623 1571 4668 ut
1600 4619 1786 4683 perdat
1828 4626 1885 4670 et

317 4683 555 4756 damnet,
585 4693 722 4743 sicut
742 4693 999 4757 scriptum
1036 4697 1111 4741 est
1143 4702 1158 4739 :
1195 4683 1347 4738 Oculi
1377 4686 1583 4738 Domini
1611 4702 1765 4755 super
1784 4690 1882 4757 ju-

316 4773 444 4825 stos,
476 4771 522 4815 et
552 4777 698 4814 aures
726 4762 837 4831 ejus
858 4759 925 4811 ad
967 4774 1136 4827 preces
1166 4771 1337 4831 eorum
1354 4772 1377 4831 ;_
1400 4759 1563 4808 vultus
1585 4766 1756 4809 autem
1777 4759 1885 4831 Do-

319 4835 445 4887 mini
460 4848 614 4902 super
630 4827 866 4901 {aciem
884 4832 1040 4893 mula,
1066 4841 1117 4880 ui
1140 4827 1320 4897 perdat
1343 4827 1407 4880 de
1432 4837 1568 4879 terra
1592 4829 1884 4882 memoriam

318 4920 519 4968 eorum,
553 4904 723 4971 inquit
749 4902 1090 4967 Sinaragdus.

391 4973 457 5028 Et
490 4966 742 5027 Dominus
768 4976 828 5024 de
858 4973 982 5024 calo
1010 4986 1203 5039 semper
1221 4968 1424 5037 respicit
1452 4984 1602 5037 super
1630 4966 1767 5043 [ilics
1785 4969 1883 5043 Ito;

322 5049 536 5109 minam,
559 5044 790 5097 utvideat
812 5045 855 5096 si
875 5054 947 5095 est
968 5038 1254 5111 intelligens
1278 5051 1368 5093 aut
1388 5045 1648 5110 requirens
1672 5038 1885 5111 Deum.]

324 5118 587 5171 Particula
631 5129 716 5167 aut
744 5130 806 5169 ex
839 5115 1140 5166 llildeiiiaro
1188 5115 1273 5164 llic
1320 5115 1549 5165 sumitur
1586 5115 1885 5181 coliulativc

323 5203 417 5257 pro
446 5198 492 5243 et
512 5231 526 5256 ,
551 5196 610 5240 ut
630 5189 674 5239 is
694 5200 720 5239 s
744 5196 761 5238 t
784 5184 1079 5257 intelligens
1104 5181 1289 5248 Deum,
1321 5185 1496 5257 quiet
1516 5196 1817 5257 requirens.

393 5259 459 5313 Et
486 5253 527 5311 si
545 5257 608 5309 ab
630 5258 824 5327 angelis
849 5256 990 5308 nobis
1017 5254 1272 5321 deputatis
1294 5253 1522 5327 quotidie
1536 5255 1621 5306 die
1642 5265 1890 5327 noctuque

326 5328 546 5383 Domino
575 5322 762 5397 {actori
784 5334 959 5381 nostro
982 5342 1138 5397 opera
1166 5336 1342 5377 nostra
1371 5322 1716 5397 nuntiantem]
1744 5325 1894 5397 Nun-

326 5410 452 5455 tiant
468 5394 598 5469 ergo
611 5400 858 5454 ctelestes
879 5399 948 5450 illi
967 5396 1184 5465 spiritus
1197 5410 1355 5469 opera
1380 5404 1557 5449 nostra
1577 5394 1715 5463 Deo,
1728 5396 1889 5466 209

328 5478 465 5527 unde
493 5466 553 5526 ei
568 5470 765 5540 angeli,
795 5470 848 5523 id
874 5477 966 5540 est
988 5478 1154 5520 nuntii
1186 5466 1471 5540 dicuntur,
1491 5480 1596 5520 non
1618 5483 1768 5534 quasi
1795 5487 1891 5540 ne-

324 5547 455 5597 sciat
483 5545 595 5607 ille,
622 5538 717 5596 sed
749 5558 769 5593 ι
807 5551 863 5595 ιιι
882 5539 1115 5593 otliciuiii
1143 5553 1295 5592 suum
1318 5546 1374 5590 et
1402 5538 1760 5591 ministerium
1792 5539 1894 5590 im-

328 5618 518 5682 pleant,
550 5627 679 5682 quia
719 5610 892 5667 nuntii
914 5619 1061 5675 sunt,
1096 5626 1117 5661 ι
1144 5609 1334 5682 inquit_
1356 5608 1546 5663 Haimo
1576 5608 1889 5682 Halbersta-g

329 5678 512 5741 iensis.
543 5678 659 5748 Vel,
686 5694 743 5739 ut
768 5685 842 5738 ait
869 5681 1126 5751 Origenes
1151 5698 1165 5733 :
1196 5698 1213 5730 ι
1245 5678 1486 5734 Oderunt
1516 5679 1684 5733 sancti
1710 5681 1889 5747 angeli

331 5755 440 5823 Dei,
466 5772 570 5813 non
600 5755 753 5828 quasi
798 5753 1076 5828 nesciatis
1103 5751 1191 5821 qui
1223 5751 1401 5805 omnia
1417 5751 1577 5828 novit
1603 5762 1888 5828 antequam

332 5830 492 5896 ltuit,
522 5822 700 5885 sed’ut
730 5834 893 5886 testes
933 5822 1232 5882 efﬁciantur
1260 5824 1560 5881 sanctitatis
1586 5832 1745 5895 atque
1774 5826 1889 5896 pie-

1998 524 2052 567 et
2082 514 2375 584 injustltias
2407 514 2746 581 iiijnstomm,
2773 525 2931 576 atque
2954 516 3112 569 etiam
3146 515 3311 575 ipsius
3334 513 3570 576 liiiilﬂii;

2000 583 2117 637 haec
2140 583 2376 653 namque
2398 586 2776 639 demOnstrans
2798 594 2957 653 atque
2987 584 3290 651 significatis
3321 586 3575 640 Dominus

1995 654 2122 708 dii-it
2156 656 2224 709 de
2247 655 2351 709 illis
2378 656 2531 708 bonis
2556 656 2747 717 servis.
2783 656 2881 709 hoc
2905 666 2989 709 est
3015 656 3216 724 angelis
3243 671 3255 707 :
3287 654 3573 710 Venientes

1995 735 2176 779 autem
2217 727 2602 780 nuntiaverunt
2647 725 2870 779 Domino
2916 742 3015 779 suo
3065 725 3243 779 omnia
3283 742 3401 793 quae
3437 730 3573 780 facta

1998 798 2227 849 fuerant.
2259 814 2279 847 ι
2318 796 2406 850 Vel
2462 797 2644 851 etiam.
2699 804 2758 849 ut
2807 796 2955 850 addit
3001 797 3283 850 Mennrdus
3341 806 3572 851 uoster:

2004 885 2022 917 ι
2059 866 2310 921 Nuntiant
2343 882 2505 934 onera
2564 878 2745 920 nostra
2792 868 2951 932 mala,
2984 878 3093 921 uta
3141 867 3249 921 Di-o
3302 868 3573 930 accipiunt

1996 938 2266 1005 quomodo
2303 948 2357 991 et
2400 937 2613 1007 quando
2644 947 2768 991 sunt
2793 937 3099 1004 castiganda
3150 938 3212 989 ad
3242 940 3575 991 emendatiu-

1996 1023 2150 1073 iiem;
2202 1018 2257 1061 et
2288 1009 2407 1063 ideo
2458 1008 2780 1062 renuntiatio
2812 1008 2899 1061 illa
2952 1008 3261 1076 angelorum
3311 1008 3569 1073 timenda,

1995 1089 2049 1131 ct
2091 1093 2323 1148 congrua
2372 1079 2748 1135 emendatione
2798 1092 2984 1132 eorum
3040 1081 3310 1146 correptio
3363 1095 3565 1147 prtere-

1994 1149 2207 1202 liit‘ndtl.
2233 1168 2252 1201 ι
3572 1168 3575 1181 ’

2067 1219 2275 1291 Modum
2294 1220 2641 1275 annuntiandi
2659 1219 2876 1289 exponit
2897 1217 3229 1274 llildemarus
3250 1219 3333 1273 his
3354 1220 3531 1272 verbis
3557 1237 3569 1273 :

2000 1307 2017 1338 ε
2049 1292 2180 1361 (Sum
2233 1294 2600 1359 unusquisque
2648 1292 2869 1361 angelus
2898 1291 3013 1345 sive
3044 1295 3214 1345 lIOIIIIS
3238 1296 3350 1342 sive.
3397 1295 3569 1343 malus

1992 1359 2189 1429 gaudet
2219 1362 2286 1414 de
2317 1364 2515 1415 nostris
2538 1359 2829 1423 bouisfvel
2873 1365 3112 1415 ιιιίδιηιιιι·
3137 1363 3201 1413 de
3233 1360 3430 1413 nostri.
3459 1376 3574 1414 tua-

1997 1434 2082 1489 lis.
2134 1433 2302 1494 ipsum
2349 1433 2622 1501 gaudium,
2648 1435 2771 1501 quia
2818 1432 2928 1486 Deo
2969 1447 3151 1485 notum
3195 1441 3299 1487 est.
3332 1432 3412 1482 vel
3454 1434 3570 1498 ipsa

1994 1502 2231 1564 tristitia,
2263 1518 2383 1570 quia
2416 1504 2624 1571 cognita
2657 1513 2739 1557 est
2783 1503 2910 1567 Deo,
2960 1504 3122 1570 ipsius
3152 1501 3329 1570 gaudii
3365 1502 3445 1567 vel
3481 1506 3574 1553 tri-

1992 1572 2150 1644 stitiie
2179 1574 2364 1627 ni-ititia
2389 1574 2498 1628 Deo
2522 1574 2715 1627 dicitur
2740 1576 2805 1627 ab
2832 1575 3036 1644 angelis
3062 1586 3243 1627 nostra
3274 1572 3411 1625 iacta
3437 1588 3571 1625 iiun-

1994 1643 2143 1698 tiare.
2184 1662 2203 1695 ι

2066 1713 2232 1767 Porro
2257 1730 2378 1769 cum
2402 1715 2468 1769 de
2490 1716 2695 1783 angelis
2722 1717 2875 1771 nobis
2895 1716 3163 1783 deputatis
3191 1713 3273 1766 hic
3300 1713 3350 1767 in
3377 1710 3568 1780 plurali

1997 1785 2244 1851 loquatur
2284 1786 2342 1841 S.
2379 1786 2438 1840 P.
2472 1788 2811 1850 Benedictus,
2845 1789 3059 1838 videtur
3088 1787 3136 1838 iii
3162 1800 3221 1838 ea
3255 1785 3417 1839 luisse
3449 1800 3573 1839 sen-

1921 1830 1967 1889 B
1998 1830 2182 1920 letitia,
2210 1872 2327 1925 qua:
2359 1858 2494 1911 duos
2525 1833 2811 1927 unicuique
2842 1858 3115 1910 hominum
3147 1857 3365 1927 angelus
3396 1857 3569 1924 depu-

1995 1934 2132 1979 tatos
2157 1928 2321 1981 l'uis~e
2343 1938 2509 1993 tenet,
2545 1926 2773 1995 quorum
2807 1942 2943 1981 unus
2975 1929 3143 1979 bonus
3173 1926 3239 1979 ad
3270 1929 3569 1979 custodiam

1991 1999 2169 2058 datus,
2194 1999 2329 2051 alter
2354 1999 2524 2053 malus
2554 2000 2619 2053 ad
2650 1999 2985 2054 exercitium.
3017 1999 3176 2051 l’lane
3203 1999 3268 2049 de
3299 1997 3439 2050 hono
3474 2012 3569 2049 an.

1992 2070 2114 2137 gelo
2144 2070 2288 2121 nulla
2314 2080 2395 2124 est
2425 2069 2566 2137 apud
2593 2071 2891 2125 catholicos
2921 2068 3329 2132 controversia;
3359 2078 3569 2121 constat

1992 2139 2135 2191 enim
2192 2140 2371 2193 multis
2400 2140 2692 2208 Scriptura:
2741 2140 3063 2195 testimoniis
3120 2153 3273 2192 suum
3306 2154 3572 2207 quemque

1991 2210 2267 2262 hominum
2292 2210 2488 2265 habere
2509 2214 2815 2278 custodem;
2841 2212 2907 2265 de
2930 2211 3070 2263 malo
3097 2224 3225 2264 vero
3250 2226 3353 2262 non
3379 2210 3450 2262 ita
3479 2223 3575 2276 pro

1992 2290 2140 2334 certo
2155 2280 2398 2343 habetur,
2417 2293 2525 2335 tum
2549 2285 2671 2349 quia
2699 2297 2885 2351 parum
2913 2280 3145 2335 solidum
3167 2280 3279 2333 lucc
3306 2290 3571 2351 sententia

1995 2351 2402 2405 fundamentum
2434 2354 2485 2406 in
2516 2351 2792 2419 Scriptura
2826 2352 3023 2406 habere
3048 2353 3283 2411 videtur,
3315 2360 3423 2404 tuin
3450 2350 3571 2418 quia

1991 2420 2128 2475 liber
2155 2420 2413 2485 Pastoris,
2454 2424 2608 2488 cujus
2635 2424 2954 2478 auctoritate
2979 2424 3115 2475 lianc
3139 2420 3446 2489 opinionem
3477 2436 3571 2473 ac-

1990 2502 2249 2558 ceperunt
2266 2504 2473 2547 veteres
2487 2492 2798 2559 scriptores,
2825 2496 2961 2547 inter
2982 2494 3285 2562 apocrypha
3308 2509 3334 2545 a
3354 2490 3569 2545 Gelasio

1995 2572 2324 2627 recensetur,
2344 2574 2453 2617 tum
2484 2564 2645 2617 i-tiam
2672 2565 2795 2631 quia
2826 2566 2869 2618 si
2904 2563 3044 2617 Deus
3069 2568 3235 2616 malos
3257 2563 3568 2629 deputasset

1995 2631 2296 2687 hominibus
2321 2635 2561 2704 angelos,
2590 2645 2775 2690 auctor
2799 2634 3001 2705 peccati
3031 2635 3211 2701 aliquo
3239 2636 3397 2688 modo
3437 2648 3565 2687 ceti-

1993 2712 2225 2758 seretur.

2061 2772 2177 2827 Non
2208 2772 2426 2830 defuere
2446 2784 2623 2831 tamen
2646 2786 2709 2831 ex
2734 2772 2967 2845 antiquis
2991 2774 3238 2829 Patribus
3261 2774 3349 2843 qui
3376 2767 3447 2827 ita
3467 2770 3568 2827 do-

1990 2854 2197 2912 cerent.
2222 2844 2299 2899 lia
2321 2846 2580 2911 Origenes
2607 2849 2822 2899 humilia
2858 2844 2922 2900 io
2952 2845 3005 2899 in
3032 2846 3251 2901 Lucam.
3276 2845 3566 2912 Gregorius

1990 2911 2262 2979 Nysseuus
2292 2920 2342 2969 iii
2378 2917 2494 2970 Vita
2518 2917 2711 2982 Musis,
2735 2917 3021 2971 Cassianus
3047 2918 3333 2970 enllatione
3363 2911 3417 2976 8’,
3444 2930 3565 2981 cap.

1991 2986 2085 3049 17,
2115 2994 2171 3039 et
2194 2988 2375 3040 collat.
2411 2988 2497 3052 15,
2531 3003 2649 3058 cap.
2682 2990 2783 3052 ης
2819 2988 2955 3041 Beda
3004 2987 3057 3041 in
3084 3003 3201 3056 cap.
3235 3001 3305 3040 xit
3340 2988 3567 3058 Actuuin

1991 3065 2204 3125 apost.;
2261 3055 2612 3113 Hildemarus‘
2644 3068 2699 3113 et
2743 3059 3046 3113 Bernartius
3077 3055 3285 3113 Cassia.
3343 3056 3393 3110 in
3427 3055 3574 3110 hunc

1994 3127 2193 3200 incutit.
2227 3129 2321 3183 Sed
2369 3138 2424 3200 et
2453 3130 2604 3183 multi
2638 3130 2774 3184 haud
2828 3130 3089 3200 ignobiles
3137 3129 3394 3200 theologi,
3431 3142 3572 3200 quos

1918 3200 1962 3263 C
1996 3199 2132 3252 inter
2162 3198 2351 3253 Petrus
2382 3199 2716 3254 Lombardus
2766 3198 2923 3254 Ιὶὺξιι
2975 3201 3153 3265 Seut.,
3203 3198 3330 3252 dist.
3385 3199 3471 3253 ll.
3511 3200 3575 3251 Iit

1992 3282 2124 3323 sane
2160 3269 2443 3337 Apostolus
2482 3271 2665 3341 datum
2692 3272 2791 3325 sibi
2825 3272 3068 3341 angelum
3117 3273 3353 3337 Sataine,
3387 3267 3479 3338 qui
3512 3284 3572 3323 se

1987 3341 2312 3463 E’olapliiaet,
2348 3350 2590 3396 testatur.
2632 3339 2758 3396 Vide
2799 3339 3157 3396 Maldouatuni
3204 3343 3254 3393 iii
3287 3355 3410 3410 cap.
3442 3355 3569 3393 xvm

2041 3421 2114 3463 att
2138 3427 2242 3463 iaci.

2041 3415 2242 3463 attliaei.

2058 3483 2406 3547 Quandonam
2430 3497 2558 3537 vero
2580 3480 2656 3537 illi
2681 3481 2833 3538 nobis
2856 3484 3179 3553 deputentur
3202 3484 3379 3537 varias
3404 3480 3570 3537 fuisse

1987 3554 2269 3619 opiniones
2318 3554 2502 3608 scribit
2534 3554 2922 3608 llildeniarus:
2964 3574 2981 3605 ι
3021 3554 3424 3623 Unusqui~quc,
3482 3555 3570 3606 in-

1987 3624 2124 3695 quit,
2158 3622 2319 3678 honio
2369 3625 2525 3678 habet
2579 3628 2826 3695 angelum
2856 3626 3052 3679 bonum
3103 3636 3158 3678 et
3198 3622 3408 3677 malum
3466 3624 3570 3677 sibi

1987 3693 2333 3759 deputatum;
2366 3697 2561 3749 malum
2592 3693 2788 3764 quippe
2815 3713 2842 3747 a
2874 3697 2962 3749 die
2992 3696 3313 3757 tiativuatis,
3368 3695 3568 3748 bonum

1989 3774 2163 3819 autem
2184 3766 2456 3834 angelum,
2480 3767 2775 3820 secundum
2837 3769 3150 3819 uorutndam
3176 3765 3510 3831 opinionem,
3538 3779 3568 3818 a

1989 3836 2076 3888 die
2105 3836 2431 3891 nativitatis:
2479 3838 2568 3889 alii
2594 3849 2768 3891 autem
2798 3783 2985 3891 iiscum
3014 3852 3042 3888 a
3070 3837 3156 3889 die
3186 3838 3527 3891 bantisniatis
3553 3853 3568 3891 :

1987 3836 2076 3888 die
2105 3836 2431 3901 nativitatis;
2479 3838 2568 3889 alii
2594 3849 2768 3891 autem
2800 3836 2985 3891 dicunt
3014 3852 3042 3888 a
3070 3837 3156 3889 die
3186 3838 3527 3905 baptismatis
3553 3853 3568 3899 ;

1989 3907 2232 3960 nonnulli
2288 3922 2417 3961 vero
2473 3907 2659 3961 dicunt
2704 3924 2733 3962 a
2772 3907 3110 3962 discretionis
3160 3907 3280 3960 boni
3340 3920 3394 3961 et
3443 3906 3571 3960 ntali

1987 3991 2424 4047 unumquemque
2450 3978 2721 4031 hominem
2770 3980 2965 4031 bonum
2998 3980 3247 4047 angelum
3288 3977 3507 4033 habere.
3546 3995 3566 4028 ι

1990 4046 2133 4102 ldem
2164 4046 2362 4102 habent
2392 4048 2696 4103 Bernartius
2724 4050 2936 4103 Cassin.
2973 4059 3029 4102 ct
3067 4046 3349 4104 Bolierius.
3383 4049 3457 4102 Ex
3488 4049 3572 4102 bis

1988 4117 2159 4189 tribus
2188 4119 2529 4189 opinionibus
2561 4124 2727 4187 prima
2760 4120 3089 4189 probabilior
3143 4120 3375 4184 videtur,
3405 4135 3568 4187 quam

1988 4187 2312 4259 Sinaragdus
2342 4189 2425 4244 his
2450 4193 2651 4258 verbis,
2683 4187 2807 4258 qua:
2848 4192 3147 4259 desumpsit
3195 4206 3260 4245 ex
3292 4192 3353 4245 ὃ.
3383 4190 3572 4246 litern-

1987 4275 2150 4329 nymo
2193 4259 2285 4331 (In
2331 4277 2448 4329 cap.
2481 4276 2611 4315 xviii
2654 4261 2893 4332 Matth.),
2927 4272 3105 4315 tuetur
3136 4279 3151 4315 :
3189 4279 3208 4312 ι
3250 4260 3454 4332 Magna
3484 4263 3568 4315 di-

1986 4336 2158 4404 guttas
2179 4332 2500 4397 animarum,
2535 4344 2590 4385 ut
2617 4331 2947 4401 unaquieque
2977 4333 3140 4404 210
3169 4333 3348 4404 anima
3376 4331 3571 4404 liabeat

1990 4402 2058 4455 ab
2087 4413 2209 4455 ortu
2239 4404 2532 4457 nativitatis
2561 4405 2612 4457 in
2640 4404 2938 4458 custodiam
2967 4402 3117 4457 suain
3145 4403 3391 4473 angelum
3419 4402 3568 4457 dele-

2025 4481 2192 4525 atum.

2025 4488 2051 4524 a
2121 4492 2133 4524 i
2178 4510 2192 4525 .

1988 4488 2022 4543 g
2058 4488 2347 4597 agendum
2394 4553 2472 4598 est
2507 4559 2627 4615 ergo
2656 4544 2793 4599 omni
2842 4544 2991 4607 liora,
3024 4548 3242 4615 fiatres,
3274 4541 3404 4613 etc.]
3440 4535 3565 4599 llmc

1986 4617 2160 4668 omnia
2186 4614 2339 4683 plana
2369 4624 2511 4681 sunt,
2547 4614 2647 4671 nec
2669 4614 3304 4686 espositioueiiidigent,
3335 4616 3429 4670 sed
3448 4630 3569 4670 nie-

1986 4686 2262 4740 dilatione.

2344 4799 2421 4855 De
2441 4801 2665 4855 secundo
2689 4799 2991 4854 humilitatis
3015 4800 3202 4870 gradu.

2059 4901 2330 4956 Secundus
2373 4901 2672 4971 humilitatis
2700 4901 2893 4971 gradus
2921 4910 3016 4965 est,
3063 4901 3108 4953 si
3160 4904 3419 4969 propriam
3452 4897 3570 4969 q'ut's

1988 4989 2091 5025 non
2119 4988 2296 5024 amans
2320 4970 2675 5044 voluntatemj
2696 4970 2977 5026 Secundus
3008 4973 3325 5025 humilitatis
3351 4977 3564 5042 gradu-,

1998 5057 2082 5098 cui
2114 5044 2417 5097 libertatein
2445 5045 2701 5111 peccandi
2724 5045 2945 5110 opponit
3054 5044 3380 5101 Bernardus.
3412 5053 3487 5095 est
3514 5051 3570 5093 ut

1995 5115 2115 5181 quis
2146 5116 2414 5183 piopriam
2468 5128 2575 5166 n0n
2626 5126 2769 5167 amet
2801 5116 3159 5180 toluntateiii;
3196 5116 3377 5183 utquid
3423 5117 3567 5166 enim

1996 5198 2222 5250 amaret,
2253 5187 2338 5238 cui
2366 5185 2747 5238 abrenuntiatis
2777 5185 3005 5241 Domino
3031 5185 3249 5240 Christo
3288 5201 3413 5238 vero
3436 5183 3571 5248 Regi

1996 5256 2318 5309 militaturus
2373 5256 2692 5309 obedientia:
2756 5257 3044 5310 fortissima
3105 5269 3263 5325 atque
3314 5257 3569 5324 praeclara

1995 5340 2142 5380 arma
2165 5327 2660 5398 assuiiipsit,_quani
2704 5328 2755 5379 iii
2793 5326 3116 5381 monasterio
3143 5329 3289 5398 sequi
3322 5326 3570 5394 prohibe-

1999 5408 2103 5468 tur,
2134 5410 2291 5466 quam
2332 5398 2457 5450 odio
2486 5396 2686 5451 habere
2709 5399 3037 5467 praecipiiur,
3064 5396 3231 5468 cujus
3250 5408 3566 5466 potestatem

1993 5482 2055 5521 se
2094 5467 2501 5536 haudquaquam
2553 5468 2750 5522 habere
2797 5467 3339 5538 cligiioscit?’i\lerito
3389 5479 3566 5521 autem

1993 5539 2135 5593 inter
2156 5540 2472 5592 humilitatis
2497 5539 2691 5607 gradus
2713 5540 2892 5593 odium
2926 5544 3151 5609 propria:
3175 5539 3460 5594 voluntatis
3484 5555 3567 5592 re-

1993 5610 2239 5680 ponitur;
2289 5612 2437 5678 quia,
2470 5621 2526 5662 ut
2552 5609 2682 5664 dicit
2714 5610 2769 5665 S.
2820 5612 3052 5666 Joannes
3077 5611 3343 5667 Cliiiiacus
3374 5609 3566 5681 (Grad.

1994 5682 2110 5749 :5),
2150 5699 2169 5732 ι
2200 5680 2416 5753 humilis
2457 5682 2616 5735 corde
2648 5697 2798 5737 suam
2832 5687 3156 5737 voluntatem
3201 5680 3415 5753 semper
3445 5694 3567 5738 tatu-

1992 5767 2152 5821 quatn
2182 5752 2540 5821 deceptricetn
2571 5765 2900 5826 exsecratur.
2940 5773 2959 5806 ι
2983 5756 3062 5826 Et
3093 5769 3277 5826 postea
3311 5752 3331 5809 :7
3361 5774 3381 5808 ι
3426 5756 3587 5812 Crux.

1994 5831 2183 5892 est,et
2210 5839 2370 5894 grave
2393 5837 2532 5879 onus
2576 5823 2786 5895 liutiiili,
2814 5825 3026 5896 quando
3049 5823 3147 5885 sibi
3174 5830 3396 5887 credere
3418 5832 3589 5903 cogi-»
