3952 6182
311 328 414 381 ὖίῖὖ

1649 318 1706 373 S.
1750 315 1808 370 Γ.
1853 307 2208 369 ΒΓΝΕΒΙΟΤΙ

1978 422 2283 491 justamque
2313 418 2405 474 Dei
2435 419 2604 488 legem
2635 417 2917 488 pertinuit,
2950 425 3008 470 ut
3035 414 3124 483 qui
3155 429 3183 466 a
3226 412 3336 468 Deo
3378 414 3549 491 ut_-luit

312 457 417 507 tur,
452 443 524 498 uti
554 440 786 512 superbo
828 430 1588 512 qtiaitJojalteriussententiae
1619 440 1767 512 stare
1790 426 1877 499 ju-
1903 431 1953 489 Α

316 502 487 570 ltetitr.
530 535 548 567 ι
584 502 720 568 Hinc
751 502 1002 580 praeclara
1049 509 1135 561 illa
1166 506 1413 580 senioris
1445 502 1718 580 cujusdam
1750 515 1877 580 sen-

315 588 479 640 tentia
532 600 560 638 a
612 570 841 637 Boltei'io
886 581 936 632 in
986 577 1218 632 secundo
1259 590 1455 630 comm.
1512 570 1718 625 relata:
1764 570 1881 624 Mea

314 673 533 725 namque
560 654 769 725 tristitia
798 659 893 713 est,
921 649 1447 725 sipropriantfccero
1476 645 1807 725 voluntatem.

387 710 649 780 DEsideria
678 737 772 777 sua
802 710 905 774 non
953 710 1228 773 delectetur
1259 710 1514 786 iinplere.]
1544 713 1709 786 Recte
1759 710 1881 786 inde

317 796 684 864 consequitur,
705 802 761 845 ut
776 791 863 859 qui
890 790 1282 864 propriainnon
1304 782 1446 864 amat
1474 782 1815 864 voluntatem.
1833 782 1881 836 is

317 856 577 921 desideria
603 880 696 918 sua
719 856 823 917 non
846 862 1137 915 delectetur
1160 859 1397 928 implere.
1422 856 1730 928 Implentem
1754 866 1881 928 vero

324 936 585 991 desideria
619 945 766 989 recte
795 946 994 1001 onagro
1024 922 1299 997 comparat
1330 929 1387 982 S.
1406 922 1533 1001 _O_ilo
1564 924 1726 1001 abbas
1755 922 1879 979 Clit-

321 1009 487 1069 tiiac.,
513 1006 786 1073 explicans
842 992 968 1055 illud
1023 992 1309 1073 serti-torte
1367 997 1504 1065 (Lib.
1537 1011 1551 1049 t
1582 992 1791 1073 Collat.,
1824 1012 1878 1047 η.

316 1077 409 1147 55)
434 1095 447 1131 :
475 1068 632 1142 Quasi
653 1075 851 1145 pullum
873 1074 1047 1141 onagri
1070 1071 1284 1147 liberum
1305 1085 1357 1122 se
1381 1076 1523 1147 putat
1547 1082 1567 1120 :
1604 1085 1626 1147 ι
1651 1068 1877 1146 Onager,

316 1137 513 1216 inquit,
555 1137 750 1199 dicitur
778 1137 1243 1216 asiiius'agrcstis;
1291 1137 1515 1216 agrestia
1544 1144 1718 1189 autem
1763 1137 1879 1216 ani-

322 1208 821 1272 malia-libertatem
862 1208 1065 1273 amani,
1096 1221 1149 1265 et
1173 1212 1252 1264 ire
1281 1226 1385 1277 quo
1411 1209 1615 1271 volunt,
1645 1216 1699 1261 et
1729 1208 1881 1276 quie-

319 1303 474 1343 scere
496 1287 707 1355 quando
734 1286 952 1339 volunt:
973 1283 1060 1355 qui
1087 1297 1212 1350 ergo
1236 1280 1458 1348 implere
1489 1280 1621 1355 inata
1648 1294 1764 1355 quin
1788 1278 1882 1329 de-

320 1348 525 1413 siderat
548 1374 640 1423 per
669 1348 1305 1411 ell'renatani'lihcrt'atem
1339 1350 1548 1423 qua-rit,
1576 1348 1718 1414 pullo
1743 1364 1881 1423 _ona-_

319 1431 399 1494 ςειὶ
424 1419 613 1483 similis
658 1442 779 1481 esse
804 1423 1159 1489 concupiscit;
1206 1423 1327 1474 talis
1350 1420 1636 1494 videlicet,
1665 1421 1785 1487 quia
1818 1419 1881 1494 ad

326 1490 472 1553 aliud
507 1516 608 1552 non
641 1506 972 1559 reservatur,
1013 1494 1114 1548 sub
1152 1493 1429 1558 disciplina
1477 1495 1625 1557 quasi
1656 1490 1885 1559 agrestis

322 1568 492 1623 bestia
526 1586 628 1622 non
660 1567 1017 1635 restringitur.
1054 1582 1074 1635 ι
1110 1563 1276 1635 Porro
1326 1562 1390 1614 ail
1444 1561 1624 1635 odium
1655 1562 1884 1635 propria:

323 1640 612 1693 voluntatis
649 1638 835 1703 triplici
859 1631 967 1689 itus
998 1634 1211 1687 stimulo
1254 1636 1451 1685 excitat
1475 1631 1532 1686 S.
1567 1631 1623 1684 ι).
1658 1632 1884 1684 Bent-di-

324 1720 441 1764 ctus
472 1728 487 1764 :
517 1711 763 1775 exemplo
811 1706 1042 1770 Christi,
1089 1703 1505 1756 coiitiniiiatione
1551 1715 1720 1769 preme
1763 1718 1883 1775 pro-

326 1784 493 1849 piiam
530 1771 848 1832 voluntatem
881 1775 1208 1849 sequi-niis,
1235 1784 1287 1827 et
1313 1787 1508 1827 corona
1539 1788 1694 1840 quam
1743 1771 1886 1825 illius

328 1846 467 1906 alme
488 1852 657 1904 ‘azidze
683 1851 805 1901 felix
836 1848 968 1915 parit
1010 1846 1316 1899 necessitas.

400 1924 503 1976 Sed
524 1937 687 1975 vocent
709 1910 857 1971 illam
878 1917 1080 1968 Domitii
1100 1918 1246 1982 factis
1263 1915 1485 1967 imitetur
1501 1914 1710 1967 dicentis
1730 1928 1748 1965 :
1768 1910 1887 1966 Non

321 1996 437 2045 veni
470 1993 634 2062 facere
677 1992 990 2042 voluntatem
1020 2003 1203 2062 meum,
1231 1986 1317 2062 sed
1349 1986 1575 2062 ejuanu‘i
1604 1985 1737 2062 misit
1769 1984 1891 2062 nt_e._]

334 2083 351 2112 i
380 2053 578 2117 Idcirco
600 2063 764 2120 enim,
781 2072 835 2112 ut
852 2061 923 2111 ait
943 2058 1080 2120 apud
1099 2053 1409 2108 CaSsianum
1426 2064 1437 2113 ι
1452 2053 1584 2108 οσιι.
1604 2053 1757 2118 Ἡμε.
1777 2053 1892 2108 ulti?

332 2141 437 2199 nio)
468 2135 629 2187 ablias
662 2131 955 2191 Abi-alium,
982 2127 1237 2181 Dominus
1265 2137 1443 2180 noster
1464 2141 1525 2178 ac
1545 2126 1810 2199 Salvator,
1836 2135 1893 2180 ut

331 2220 361 2256 ii
390 2198 484 2257 .his
513 2202 953 2268 aniputaudarutii
980 2200 1307 2251 voluntatum
1342 2208 1641 2250 nostrarum
1668 2198 1891 2249 lormam

331 2275 584 2331 tiadeiet.
624 2274 740 2326 Non
764 2272 897 2335 veni,
925 2270 1124 2338 inquit,
1158 2271 1321 2335 facere
1365 2268 1672 2320 voluntatem
1710 2282 1891 2338 meum,

329 2347 419 2398 sed
449 2350 756 2398 votuutaem
802 2358 913 2411 eius
959 2336 1044 2407 qui
1090 2340 1224 2391 misit
1270 2354 1388 2399 me;
1422 2348 1485 2411 _et
1518 2339 1746 2411 iterum;
1774 2336 1897 2390 Non

332 2420 461 2468 sicut
490 2432 580 2485 ego
607 2416 740 2478 volo,
791 2407 878 2466 sed
908 2413 1035 2485 sicut
1065 2421 1118 2461 tu
1148 2424 1166 2461 :
1197 2423 1354 2485 quam
1387 2407 1633 2461 virtutem
1667 2410 1737 2460 illi
1777 2422 1898 2476 spe-

332 2480 535 2540 cialiter
566 2492 841 2546 exercent,
873 2484 960 2550 qui
1004 2489 1054 2533 lii
1086 2480 1347 2533 C(Blloblls
1389 2489 1896 2550 citttitnorantesse-

339 2558 503 2609 itioris
548 2566 806 2624 reguntur
834 2548 1071 2617 imperio,
1127 2550 1212 2616 qui
1246 2551 1376 2602 nihil
1431 2550 1650 2624 otiiniito
1680 2548 1900 2624 arbitrio

337 2644 434 2679 suo
478 2620 658 2694 signiii,
683 2628 776 2679 sed
806 2626 1046 2675 voluntas
1076 2636 1354 2694 cornuto:
1403 2620 1902 2694 voluntatepetidet

336 2690 561 2750 abbatis.
594 2715 612 2746 ι
649 2700 1001 2762 Quapropter,
1037 2704 1094 2746 ut
1125 2692 1206 2746 hic
1236 2691 1524 2762 llildeiiiari
1554 2690 1730 2745 verbis
1760 2703 1898 2757 utar,

340 2787 359 2817 ι
393 2768 555 2821 debet
598 2761 910 2828 monti-hos,
951 2778 1069 2816 cum
1119 2763 1314 2830 aliquid
1344 2761 1533 2815 durum
1564 2772 1656 2813 aut
1686 2772 1901 2814 contra-

338 2840 473 2890 tinm
501 2837 601 2891 sibi
629 2839 942 2903 imperatum
975 2835 1163 2895 fuerit,
1196 2835 1374 2886 dicere
1408 2849 1419 2884 :
1453 2830 1567 2884 Non
1592 2832 1712 2884 veni
1742 2834 1898 2901 211

338 2912 513 2962 facere
535 2908 860 2960 voluntatem
888 2919 1085 2966 meant,
1134 2903 1226 2957 sed
1259 2903 1373 2970 ejus
1401 2904 1491 2970 qui
1525 2904 1665 2954 misit
1696 2920 1800 2964 me,
1852 2907 1901 2956 id

342 2988 426 3032 est
459 2996 474 3033 :
504 2978 618 3032 Non
643 2978 761 3032 veni
791 2977 1082 3043 adimplere
1106 2976 1430 3026 voluntatem
1458 2973 1651 3034 carnis,
1676 2974 1767 3026 sed
1789 2974 1900 3036 Dei,

338 3050 487 3117 cujus
522 3049 777 3103 instincm
831 3047 935 3099 huc
986 3045 1179 3098 missus
1227 3058 1363 3117 sunt.
1397 3043 1519 3096 Sive
1548 3043 1752 3117 etiam:
1787 3045 1902 3098 Non

342 3113 461 3174 veni
495 3122 669 3173 facere
698 3120 1022 3171 voluntatem
1048 3130 1243 3178 meam,
1273 3113 1319 3166 id
1347 3125 1428 3167 eSt
1456 3114 1667 3177 carnis,
1703 3114 1802 3168 hoc
1822 3126 1905 3169 est

1920 1800 1966 1860 B

3445 298 3551 357 285

1983 485 2219 545 Suaviter
2252 491 2360 554 regi
2380 534 2395 558 ,
2442 485 2722 558 ptiaiialiier
2751 505 2778 541 a
2810 491 2985 556 seipse
3016 498 3322 558 regeretur;
3352 485 3551 558 quique

1982 575 2173 631 sponte
2200 555 2391 628 jucuni
2416 555 2576 615 suave
2614 570 2667 614 et
2702 575 2835 631 otius
2874 555 2989 613 leve
3014 557 3290 631 cltariiatis
3318 555 3547 631 abjecit,

1985 626 2214 701 p'ropriai
2259 631 2546 684 voluntatis
2590 645 2725 684 onus
2756 630 3089 699 importahile
3121 634 3384 701 pateretur
3409 626 3550 701 invi-

1986 695 2101 756 iusf
2141 722 2158 754 ι
2212 702 2461 755 Secundo
2489 716 2517 752 a
2564 701 2805 768 pra-lato,
2836 695 2937 769 'qni
2973 699 3236 769 propriam
3266 697 3316 748 iit
3342 695 3555 769 subdito

1985 774 2168 840 plecrit
2197 772 2522 825 voluntatem
2568 766 2587 821 ξ
2635 786 2740 839 quo
2764 766 2923 825 sensu
2952 770 3123 821 locum
3156 768 3312 840 istum
3345 766 3556 840 licgnla:

1982 834 2194 898 videtur
2221 842 2551 896 intellexisse
2580 834 2874 894 liichardus
2902 842 2969 894 de
2999 840 3056 895 S.
3088 838 3311 907 Aitgelo,
3346 834 3397 889 in
3430 852 3555 888 eum

1984 914 2051 967 ita
2085 915 2329 968 scrihens
2374 929 2387 963 :
2440 930 2459 963 ι
2499 914 2551 965 lu
2586 914 2682 965 hoc
2714 911 2871 965 habet
2902 925 3110 977 poenam
3137 951 3152 969 ,
3182 909 3302 975 quia
3341 920 3437 959 nos
3467 921 3556 960 re-

1984 990 2289 1038 nuntiamus
2315 997 2541 1053 propria:
2565 982 2821 1035 voluntati
2842 982 2891 1035 iii
2912 984 3024 1053 ipsa
3056 979 3389 1053 susceptione
3410 979 3556 1030 ordi-

1984 1055 2099 1119 nis;
2149 1049 2486 1123 posmi'odiim
2534 1054 2891 1119 promittimus
2928 1049 3316 1111 obedientiam,
3365 1058 3420 1099 et
3474 1061 3536 1101 re

1988 1124 2374 1179 nitntiaiionem
2431 1125 2544 1178 sive
2593 1124 2997 1191 promissionem
3051 1132 3286 1173 nostram
3343 1132 3561 1191 servare

1986 1196 2241 1250 debemus
2262 1212 2277 1258 ;
2302 1194 2346 1247 si
2370 1210 2494 1246 vero
2519 1190 2843 1246 contrarium
2872 1192 3115 1252 latinius.
3142 1204 3351 1257 pinnam
3379 1190 3560 1253 habet,

1990 1276 2040 1320 et
2074 1266 2174 1319 erit
2205 1264 2521 1326 arbitraria,
2553 1279 2672 1316 cum
2706 1265 2789 1316 hic
2819 1280 2921 1316 non
2955 1273 3238 1313 statuatur.
3290 1280 3307 1311 ι

2061 1336 2123 1389 Et
2172 1337 2439 1387 necessitas
2484 1347 2618 1403 parit
2671 1328 2960 1402 ctronain.]
3009 1331 3307 1403 Necessitas
3358 1328 3566 1403 scilicet

1989 1408 2219 1474 propria:
2267 1401 2554 1458 voluntatis
2602 1401 2954 1470 aiiipittandaj
2975 1415 3078 1455 tam
3113 1402 3163 1454 in
3194 1401 3352 1474 rebus
3380 1402 3563 1474 mnis,

1990 1470 2047 1531 iit
2071 1470 2103 1530 ti
2129 1495 2173 1528 ui
2206 1490 2486 1543 llCCl'ClllllS
2508 1516 2522 1538 ,
2553 1492 2709 1545 quant
2744 1492 2790 1526 iii
2823 1474 2971 1527 bouis
2999 1486 3172 1545 ,quas
3197 1472 3311 1525 sine
3341 1470 3565 1545 benedi-

1988 1548 2170 1600 ctione
2214 1549 2381 1599 Patris
2410 1543 2666 1613 spiritalis
2711 1552 2882 1598 tacere
2914 1544 3276 1613 prohibemur,
3313 1543 3569 1613 pot-ileo-

1989 1634 2196 1682 ronam,
2226 1632 2381 1684 quam
2414 1611 2596 1670 reddet
2651 1617 2805 1669 nobis
2852 1611 3137 1682 aliquando
3174 1612 3352 1681 justus
3381 1611 3569 1679 jiidex.

2063 1691 2221 1758 212
2263 1687 2426 1740 Porro
2477 1692 2614 1741 hunc
2662 1687 2879 1754 gradum
2929 1684 3238 1758 humilitatis
3275 1700 3382 1758 tum
3413 1698 3569 1758 scari-

1993 1752 2282 1826 (Ιιιπιῖῖιιιι
2312 1770 2397 1809 aut
2433 1752 2865 1824 importunitate,
2913 1766 3003 1807 aut
3043 1753 3478 1826 pusilla-iiiiiiitate
3504 1752 3572 1803 li-

1992 1823 2226 1883 centiam
2275 1846 2301 1879 a
2350 1823 2629 1895 superiore
2674 1836 2991 1893 extorquent
3035 1840 3096 1878 ea
3146 1823 3375 1895 faciendi
3412 1823 3572 1895 etiam

1994 1899 2131 1951 bona
2158 1915 2273 1961 qute
2297 1893 2630 1959 desiderant;
2659 1912 2778 1950 nam
2803 1908 3002 1950 extorta
3027 1912 3112 1948 seu
3140 1903 3315 1947 coacta
3343 1893 3572 1954 licentia,

1994 1971 2195 2023 licentia
2247 1986 2347 2022 non
2395 1980 2488 2031 est,
2520 1972 2607 2021 sed
2639 1967 2910 2031 violentia,
2949 1968 3117 2031 inquit
3163 1969 3216 2018 δ.
3270 1964 3575 2017 Bernardtts

1994 2039 2185 2108 (Epist.
2216 2043 2337 2103 87),
2387 2049 2686 2105 tritstraque
2731 2038 2827 2091 sibi
2857 2038 2922 2091 de
2970 2035 3178 2090 abbatis
3222 2038 3572 2101 peritiissioue

1995 2111 2360 2175 blandiuntur,
2413 2110 2502 2177 qui
2554 2125 2656 2163 non
2691 2122 2795 2160 tam
2831 2125 3009 2161 vocem
3042 2122 3199 2174 quatit
3246 2109 3574 2177 voluntatem

1996 2180 2269 2234 attendere
2298 2171 2613 2233 debuerant.
2656 2177 2781 2231 Vide
2805 2178 2948 2233 Petri
2975 2171 3166 2231 Vener.
3199 2177 3479 2245 epistolam
3510 2171 3578 2227 ad

1998 2249 2354 2306 Gislebertitm
2386 2251 2663 2304 eremitam
2686 2290 2701 2313 ,
2736 2248 2827 2303 lib.
2859 2262 2908 2315 t,
2942 2248 3098 2317 epist.
3128 2250 3216 2301 2t).

2394 2369 2472 2425 De
2500 2373 2643 2425 tertio
2672 2370 2971 2425 humilitatis
2998 2370 3187 2443 gradu.

2077 2487 2273 2541 Tertius
2296 2485 2598 2538 humilitatis
2618 2485 2807 2554 gradus
2828 2494 2899 2538 est
2915 2525 2929 2549 ,
2952 2492 3012 2555 ut
3032 2484 3144 2552 quis
3163 2499 3257 2555 pro
3278 2482 3372 2537 Dei
3385 2498 3582 2550 amore,

2005 2559 2143 2612 oittni
2159 2558 2439 2609 obedientia
2453 2572 2506 2609 se
2523 2555 2702 2607 subdat
2730 2554 2959 2626 majori.]
2986 2554 3144 2609 Recte
3166 2554 3307 2608 enim
3324 2554 3581 2621 sequitur,

2005 2639 2064 2683 ut
2089 2630 2175 2697 qui
2209 2629 2472 2694 pt'opt‘iattt
2503 2640 2604 2679 non
2632 2641 2819 2679 amans
2845 2628 3166 2678 voluntatem
3199 2626 3469 2697 desideria
3487 2641 3582 2697 sua

2007 2695 2146 2753 baud
2177 2699 2471 2751 delectatur
2502 2700 2741 2765 implere,
2790 2699 2933 2749 omni
2962 2696 3262 2751 obedientia
3295 2710 3353 2750 se
3394 2695 3587 2749 subdat

2008 2768 2199 2838 majori
2247 2786 2258 2819 :
2308 2770 2445 2835 quod
2488 2770 2694 2821 duobus
2735 2768 2905 2821 modis
2933 2783 2996 2820 ex
3029 2766 3330 2820 lliltlrmaro
3360 2766 3585 2836 intelligi

2008 2852 2203 2909 puteal.
2230 2841 2287 2893 ιο
2315 2838 2821 2909 Ιιιιιειεηιιοννυρθιιι
2850 2838 3201 2909 uitivei'salem
3228 2838 3366 2889 omni
3385 2840 3449 2887 ad
3478 2838 3592 2888 obi-

2007 2908 2239 2973 dtentia,
2275 2920 2330 2962 ut
2359 2925 2546 2962 sensus
2588 2908 2696 2971 sit,
2745 2923 3077 2976 quaecunque
3120 2908 3341 2976 jusserit
3386 2909 3586 2972 abbas,

2007 2983 2121 3035 sive
2168 2983 2536 3033 contineantur
2589 2986 2638 3031 ιιι
2672 2980 2901 3046 Regula,
2934 2978 3046 3031 sive
3088 2995 3227 3039 non,
3271 2994 3331 3032 ea
3366 2980 3593 3045 impigre

2014 3051 2305 3105 monachus
2334 3059 2674 3116 exsequatur.
2708 3055 2879 3117 Atque
2927 3051 2997 3101 ita
3043 3048 3182 3103 hunc
3211 3051 3264 3103 S.
3317 3048 3591 3102 Benedicti

2014 3123 2184 3175 lm'um
2243 3122 2502 3175 intellexit
2548 3122 2605 3174 ὃ.
2638 3121 2936 3173 llernai-dus
2966 3120 3067 3187 (Ue
3109 3120 3275 3171 l’ra'c.
3322 3130 3367 3171 et
3417 3117 3592 3183 θήρη

340 3191 480 3258 quod
507 3190 633 3244 iitilti
664 3190 779 3243 leve
809 3199 863 3260 et
884 3202 1045 3260 suave
1075 3196 1179 3249 est,
1203 3183 1297 3239 sed
1319 3185 1526 3239 abbatis
1553 3184 1679 3249 mei,
1709 3187 1799 3254 qui
1823 3201 1910 3242 me
1939 3181 1985 3244 C
2014 3210 2127 3259 cap.
2162 3192 2219 3260 6)
2254 3210 2267 3245 :
2305 3210 2321 3241 i
2370 3193 2424 3245 lii
2456 3192 2641 3246 eadem
2676 3190 2873 3259 Regula
2893 3231 2908 3250 ,
2943 3181 3142 3259 inquit,
3178 3190 3367 3244 tertius
3395 3181 3595 3258 gradus

347 3257 492 3315 misit
522 3263 574 3314 in
606 3263 740 3314 hanc
772 3257 1153 3313 obedientiam.
1187 3274 1206 3308 ι

413 3332 480 3387 Et
513 3333 630 3384 item
662 3331 931 3397 Scriptura
951 3330 1074 3380 dlCil
1098 3342 1154 3397 ξι
1196 3324 1445 3379 Voluntas
1470 3324 1615 3379 habet
1645 3342 1845 3395 poenam
1871 3340 1918 3383 et

344 3406 613 3457 necessitas
642 3395 1118 3468 porit'cm'onainJ]
1152 3400 1243 3450 llic
1275 3398 1420 3450 locus
1450 3398 1711 3468 iiullibi‘itt
1743 3400 1928 3454 Veteri'

345 3486 435 3528 :iut
467 3473 614 3527 Novo
633 3466 979 3526 Testamento
1000 3466 1294 3536 reperitur;
1324 3470 1414 3522 sed
1440 3466 1728 3534 Scriptura:
1758 3484 1917 3523 voca-

346 3548 525 3598 hnlum
555 3546 619 3597 ad
645 3544 773 3596 alias
801 3556 960 3595 etiam
987 3554 1144 3608 quam
1184 3552 1362 3592 sacras
1393 3540 1691 3607 Scripturas
1719 3541 1921 3597 simili-

344 3618 542 3668 candas
570 3628 946 3680 nonnunquam
978 3619 1230 3678 usurpant
1250 3613 1557 3677 scriptores.
1585 3610 1657 3662 lla
1680 3610 1738 3665 S.
1765 3610 1921 3667 Vale-

348 3691 459 3740 riizs
506 3704 518 3738 :
572 3704 593 3737 ι
640 3685 899 3752 Quoniam
953 3682 1225 3749 Scriptura
1279 3690 1520 3752 testator,
1570 3683 1711 3749 quod
1761 3697 1921 3738 omne

351 3769 621 3825 peccatum
648 3750 788 3825 quod
818 3754 1071 3807 remissus
1094 3750 1620 3818 itidiscipliitatusque
1645 3752 1924 3808 admiscnt

349 3824 531 3894 ltater,
581 3824 1049 3894 adnegligetitem
1083 3824 1340 3894 prettnus
1396 3834 1693 3876 revertatur
1744 3826 1923 3878 senio-

351 3917 481 3953 iem.
520 3893 557 3950 ⁷»
595 3893 789 3951 Petrus
814 3893 1145 3950 Venerabilis
1197 3910 1210 3945 :
1250 3912 1267 3943 ι
1315 3895 1545 3946 Accedat
1573 3903 1629 3947 et
1678 3907 1924 3959 peccator

351 3970 710 4038 Ἰ”Ιιεο[)ιιὶιιιε,
738 3966 864 4034 qui,
898 3974 955 4018 ιιι
984 3967 1256 4038 Scriptura
1296 3964 1434 4038 apud
1468 3966 1642 4031 plures
1676 3964 1785 4033 jatn
1817 3966 1920 4019 usi-

354 4050 459 4093 tata
506 4035 718 4101 narrat,
752 4047 871 4106 post
908 4035 1253 4104 quadraginta
1298 4035 1503 4088 dierum
1558 4038 1922 4100 paenitentiam

350 4111 547 4165 Christi
577 4124 800 4177 corpore
828 4119 1078 4177 suscepto
1109 4107 1240 4177 facie
1283 4106 1490 4159 refulsit
1518 4114 1573 4158 iit
1601 4108 1700 4160 sol.
1752 4126 1769 4157 ι
1804 4106 1926 4161 Milo

355 4183 637 4248 episc0pus
676 4174 970 4231 'Mitidensis
1001 4175 1065 4229 ad
1096 4174 1413 4248 Gorzienses
1456 4179 1743 4230 monachos
1789 4178 1925 4231 seri-

359 4255 485 4306 Iiens
533 4247 550 4304 ἑ
585 4270 602 4301 ι
650 4250 779 4303 Nam
822 4249 944 4302 licet
987 4247 1253 4318 itttlivitta
1296 4248 1482 4318 pagina
1525 4249 1730 4315 legatur
1786 4250 1925 4318 quod

355 4323 612 4376 exhibitio
641 4321 820 4388 operis
852 4316 1091 4388 probatio
1116 4318 1185 4370 sit
1212 4332 1351 4371 verae
1379 4317 1698 4371 dilectionis.
1748 4338 1766 4370 ι
1801 4316 1929 4385 Quae

358 4395 517 4447 vet-ba
548 4387 762 4447 suntex
791 4390 850 4444 S.
887 4387 1167 4457 Gregoiio,
1202 4403 1305 4441 non
1331 4402 1395 4441 ex
1427 4388 1700 4457 Scriptura
1728 4404 1881 4444 sacra
1911 4409 1925 4445 :

358 4464 545 4517 eodem
578 4477 705 4532 ergo
731 4474 890 4515 sensu
922 4460 1211 4525 Scriptura:
1239 4472 1422 4512 vocem
1453 4473 1669 4532 usurpat
1701 4463 1783 4516 hic
1810 4477 1931 4515 san-

356 4547 473 4588 ctus
520 4531 865 4593 Benedictus;
894 4532 1135 4595 quamvis
1181 4544 1242 4583 ea
1288 4546 1407 4598 qua:
1438 4531 1634 4597 profert
1680 4532 1930 4600 implicite

360 4608 519 4658 \ariis
550 4607 601 4658 iii
633 4619 799 4658 sacrae
843 4601 1130 4667 Scriptura:
1174 4600 1304 4654 locis
1334 4603 1688 4667 reperiantur.
1719 4603 1821 4658 Sed
1851 4619 1933 4658 re-

361 4678 595 4745 periatur
626 4688 821 4739 necne,
869 4686 998 4745 sane
1030 4673 1315 4745 priet-lata
1351 4681 1404 4725 et
1453 4674 1694 4745 omnium
1746 4690 1931 4728 mona-

360 4743 582 4799 i-tiorum
635 4746 901 4800 mentibus
948 4744 1106 4795 altius
1153 4743 1496 4807 insculpenda
1530 4748 1790 4798 sententia
1820 4754 1929 4810 est,

368 4820 618 4871 Voluntas
676 4817 834 4872 habet
894 4828 1136 4885 pwnain,
1195 4825 1250 4867 et
1307 4824 1597 4869 “806:8th
1654 4817 1788 4883 parit
1844 4830 1932 4870 co—

363 4903 569 4942 ΐυιιειιη.

448 4958 692 5011 Voluntas
738 4957 887 5011 habet
934 4952 1178 5025 poenam]
1225 4956 1375 5021 Quod
1420 4956 1626 5011 duobus
1668 4958 1838 5011 modis
1867 4972 1932 5011 ex

367 5028 673 5082 llildemaro
702 5040 874 5096 potest
900 5028 1143 5096 intelligi.
1177 5026 1227 5078 ιο
1271 5027 1525 5081 Voluntas
1549 5029 1806 5096 ahnegata
1838 5029 1934 5080 lia-

2022 3264 2332 3316 liumilitatis
2378 3262 2758 3329 praescribitur.
2786 3271 2842 3313 ut
2880 3265 3024 3315 omni
3066 3261 3368 3315 obedientia
3409 3274 3595 3313 innua-

2021 3335 2153 3389 clins
2180 3349 2238 3388 se
2268 3333 2459 3386 subdat
2482 3333 2688 3399 majori.
2720 3332 2910 3385 Diceus
2938 3332 3132 3401 quippe
3158 3332 3295 3384 omni
3313 3373 3327 3397 ,
3356 3344 3457 3382 non
3483 3338 3600 3384 volt

2022 3420 2120 3459 nos
2157 3407 2208 3457 iit
2242 3402 2540 3458 obediendo
2573 3417 2821 3456 mensura
2850 3417 2967 3457 esse
2997 3411 3274 3457 contentos
3307 3401 3593 3470 professio-

2023 3478 2138 3536 nis.
2169 3492 2272 3528 non
2313 3475 2590 3528 attendeie
2632 3477 2877 3541 promissi
2909 3472 3141 3527 debitum
3161 3512 3177 3537 ,
3210 3487 3312 3525 non
3344 3474 3410 3525 de
3439 3480 3596 3539 pacto

2022 3560 2233 3601 Sumere
2262 3545 2509 3607 modum;
2540 3546 2632 3597 sed
2666 3545 2892 3598 transire
2915 3546 3164 3597 alacriter
3188 3544 3347 3597 etiam
3381 3556 3594 3606 votum,

2024 3629 2075 3671 et
2106 3616 2326 3670 obedire
2373 3619 2423 3669 in
2469 3617 2734 3669 omnibus.
2780 3634 2802 3666 ι
2840 3615 3095 3669 Sitnilitcr
3120 3615 3307 3668 Petrus
3341 3614 3598 3668 Bolterius

2025 3688 2078 3741 in
2108 3687 2343 3741 secundo
2384 3701 2614 3740 c0ittiit.:
2652 3702 2669 3734 ι
2717 3686 2869 3739 Omni
2898 3684 3222 3747 obedientia,
3255 3686 3305 3737 id
3347 3695 3428 3737 est
3464 3684 3599 3738 nihil

2026 3773 2136 3811 suae
2158 3758 2464 3811 discretioni
2488 3796 2504 3821 ,
2530 3760 2620 3811 sed
2639 3755 2838 3822 judicio
2859 3756 2974 3823 ejus
3001 3756 3244 3809 universa
3271 3764 3594 3818 committat,

2025 3844 2089 3883 ac
2130 3831 2329 3881 monita
2374 3828 2490 3896 ejus
2518 3828 2705 3880 sitiens
2748 3827 2973 3880 libenter
3002 3828 3281 3879 auscultet.
3331 3845 3349 3876 ι
3398 3826 3598 3879 Eodem

2029 3900 2188 3953 modo
2214 3900 2374 3952 etiant
2413 3897 2716 3953 Metiardiis.
2746 3898 2801 3949 ‘2"
2830 3896 3126 3951 lielereudo
3152 3897 3431 3950 terminum
3459 3897 3600 3949 omni

2027 3971 2092 4023 ad
2122 3970 2343 4039 majori,
2373 3970 2522 4037 quasi
2556 3968 2793 4031 diceret,
2821 3967 2976 4021 Omni
3005 3967 3190 4035 majori
3221 3983 3279 4021 se
3324 3967 3517 4020 subdat
3543 3975 3601 4020 et

2028 4040 2264 4094 oliediat.
2313 4039 2528 4107 Majoris
2571 4048 2749 4092 autem
2794 4040 3007 4093 nomine
3047 4052 3151 4091 non
3194 4039 3363 4093 solum
3395 4040 3596 4104 abbas,

2027 4111 2117 4179 qui
2149 4110 2323 4181 Major
2366 4110 2748 4181 monasterii‘iii
2796 4123 2949 4161 conc.
2997 4109 3180 4181 Carth.
3228 4123 3299 4177 tv,
3345 4123 3464 4181 cati.
3500 4108 3600 4172 15,

2029 4178 2350 4249 appellatur,
2384 4178 2755 4249 intelligendus
2782 4189 2955 4246 esset,
2989 4180 3084 4233 sed
3110 4180 3270 4233 etiam
3298 4178 3603 4247 quicunque

2031 4254 2167 4305 alios
2195 4266 2351 4320 supra
2386 4267 2444 4305 se
2473 4254 2707 4318 positus,
2742 4260 2799 4303 ιιι
2826 4252 3135 4318 prmpositus
3154 4291 3169 4310 .
3195 4250 3430 4304 decanos
3449 4292 3463 4315 ,
3498 4251 3602 4303 ali-

2030 4324 2183 4389 cujus
2203 4322 2519 4377 obedientia:
2531 4336 2622 4375 seu
2636 4321 2913 4375 ministerii
2934 4322 3230 4387 praefectus,
3251 4324 3394 4375 verbi
3407 4324 3600 4389 gratia,

2032 4395 2254 4465 sacrista
2276 4431 2291 4457 ,
2322 4392 2635 4465 cellerariits
2654 4431 2670 4456 ,
2698 4402 2788 4444 aut
2816 4392 3038 4465 alicujus
3062 4394 3193 4465 artis
3222 4393 3490 4465 magister,
3521 4391 3603 4465 vel

2035 4466 2135 4518 ctia
2164 4461 2195 4517 ti
2226 4463 2492 4533 antiquior
2520 4464 2710 4516 ordine
2741 4463 3119 4530 professionis;
3152 4464 3257 4516 imo
3285 4462 3446 4516 etiam
3477 4461 3603 4514 inle-

1962 4558 2014 4617 D
2039 4536 2165 4617 rior,
2202 4548 2357 4617 quem
2389 4533 2491 4589 sibi
2520 4548 2583 4617 es
2602 4536 2913 4617 “humilitate
2940 4548 3266 4601 superiorem
3297 4535 3602 4617 arbitratur.

368 5102 456 5154 liet
484 5097 694 5168 pmna’m
722 5109 827 5152 tim
856 5114 923 5152 ex
959 5108 1107 5165 parte
1136 5107 1358 5162 naturai,
1383 5098 1469 5151 cui
1497 5100 1559 5150 ad
1588 5102 1939 5168 amputandas

368 5173 668 5226 voluntates
698 5183 918 5237 magnus
969 5168 1298 5233 superandus
1343 5177 1427 5221 est
1472 5169 1639 5234 latior,
1687 5185 1843 5237 quam
1872 5184 1938 5224 ex

371 5254 520 5307 parte
571 5242 820 5296 falsorum
852 5239 1113 5307 fratrum,
1140 5241 1229 5307 qui
1258 5239 1591 5293 obedientem
1625 5240 1938 5294 monachum

372 5314 623 5367 infestare
655 5327 760 5366 non
791 5321 1020 5367 cessant.
1065 5306 1122 5361 2'
1160 5306 1417 5364 Voluntas
1444 5316 1651 5378 propria
1681 5312 1938 5379 superiori

374 5385 508 5438 haud
536 5383 770 5455 subjecta
803 5382 963 5435 habet
989 5396 1195 5446 pinnam
1216 5420 1230 5442 ,
1258 5391 1311 5455 et
1336 5381 1549 5455 quidem
1584 5394 1887 5455 perpetuam
1923 5400 1936 5435 :

372 5468 451 5508 θυι
492 5451 649 5509 θιιὶιιῖ
668 5471 843 5508 murus
886 5456 1075 5518 ferreus
1096 5491 1110 5514 ,
1135 5468 1222 5520 qttt
1253 5451 1503 5523 hominem
1541 5471 1571 5504 a
1605 5452 1709 5506 Deo
1738 5464 1941 5523 separat

375 5538 526 5595 atque
564 5526 790 5590 divellit,
840 5537 894 5577 ut
936 5523 1142 5595 dicebat
1170 5522 1306 5595 apud
1338 5521 1393 5576 S.
1430 5524 1749 5578 llorotheuttt
1779 5521 1942 5579 abitas

376 5593 561 5649 Pastor
609 5597 811 5665 (Doctr.
862 5595 924 5662 5,
978 5611 1029 5646 η.
1081 5593 1159 5661 4).
1210 5594 1300 5645 Vel
1350 5594 1509 5646 etiam
1560 5598 1940 5662 letitpoi'aletn,

380 5669 548 5737 primo
578 5667 645 5721 ab
670 5682 734 5722 eo
759 5669 847 5737 qui
879 5680 995 5720 eam
1027 5665 1248 5732 implere
1275 5664 1589 5737 delectatur,
1620 5680 1775 5732 quem
1799 5666 1943 5733 justo

382 5733 695 5803 lteijudicio
727 5733 940 5805 propria
974 5737 1095 5805 inde
1139 5734 1461 5789 cooscientia
1510 5740 1731 5790 emetat.
1774 5737 1904 5790 Nam
1929 5778 1942 5797 ,

382 5818 437 5857 ut
468 5806 539 5859 ait
570 5806 625 5861 S.
674 5803 968 5863 Bernartius.
1002 5803 1194 5877 (Epist.
1234 5807 1343 5875 ll),
1382 5824 1398 5856 ι
1449 5807 1557 5860 lloc
1595 5808 1657 5862 ad
1692 5819 1940 5863 ωιιτιιίιιιι

2039 4611 2208 4673 Atque
2233 4607 2371 4657 hunc
2392 4619 2513 4659 esse
2537 4603 2826 4657 llildemart
2848 4619 3059 4658 sensum
3077 4645 3091 4668 ,
3121 4618 3277 4673 quem
3308 4604 3605 4659 Bernartius

2036 4673 2371 4730 Caseineiisis
2398 4686 2453 4730 et
2487 4676 2743 4728 llolierius
2772 4677 2821 4727 in
2846 4679 3021 4744 primo
3047 4676 3254 4728 Cuium.
3283 4685 3599 4739 sequuntur,

2036 4754 2168 4801 Satis
2199 4746 2397 4800 iudicat
2425 4748 2505 4799 his
2537 4748 2712 4799 verbis
2747 4763 2760 4797 :
2799 4764 2816 4794 ι
2867 4747 3047 4800 Altero
3086 4745 3244 4798 tiiodo
3276 4747 3602 4811 intelligitur,

2037 4818 2088 4871 id
2113 4828 2191 4870 est
2220 4826 2276 4869 ut
2303 4819 2352 4869 in
2380 4819 2522 4870 onmi
2545 4817 2841 4870 obedientia
2867 4817 3040 4885 cupiat
3066 4860 3081 4884 ,
3106 4816 3191 4870 vel
3220 4817 3408 4869 habeat
3434 4817 3603 4885 ntajo-

2039 4903 2151 4941 ιυιιι
2175 4932 2187 4953 ,
2218 4887 2266 4940 id
2297 4899 2377 4941 est
2408 4896 2736 4953 magistrum.
2785 4905 2801 4937 t

2112 4957 2325 5010 latitans
2358 4959 2659 5018 Dominum,
2691 4966 2752 5009 de
2781 4975 2877 5023 quo
2909 4957 3032 5010 dicit
3072 4958 3336 5027 Apostolus
3364 4974 3381 5010 :
3415 4956 3606 5011 Factus

2045 5041 2118 5082 est
2147 5030 2384 5083 obedietis
2414 5045 2568 5095 usque
2593 5030 2662 5081 ad
2701 5029 2956 5099 mortem.|
2997 5030 3250 5083 Eatitdem
3289 5030 3609 5099 obedientia:

2046 5100 2269 5153 formam
2299 5099 2898 5170 praescribitimouacliis
2926 5097 2983 5153 S.
3012 5100 3231 5153 Basilius
3265 5099 3417 5170 (Reg.
3453 5097 3603 5153 Brev.

2043 5172 2221 5223 interr.
2270 5172 2414 5238 illi),
2445 5184 2567 5224 cum
2596 5169 2732 5223 facta
2760 5170 3175 5239 interrogatione
3218 5187 3229 5221 :
3269 5189 3286 5221 ι
3337 5169 3511 5236 Usque
3539 5172 3609 5224 ad

2044 5256 2201 5309 quem
2230 5241 2441 5295 modum
2467 5240 2685 5294 obedire
2708 5250 2979 5311 oporteat,
3007 5243 3092 5309 qui
3123 5241 3360 5309 placendi
3394 5241 3501 5295 Deo
3523 5257 3609 5295 re—

2044 5314 2219 5381 gulam
2251 5313 2470 5381 implere
2497 5313 2673 5379 cupit?
2718 5330 2737 5363 ι
2774 5312 3059 5377 respondet
3091 5329 3103 5362 :
3141 5330 3161 5362 ι
3196 5314 3481 5379 Apostolus
3508 5313 3612 5366 hoc

2047 5384 2307 5445 ostendit,
2349 5383 2435 5436 tibi
2469 5382 2619 5437 nobis
2647 5382 3001 5436 obedientiam
3036 5382 3272 5446 Domini,
3302 5383 3392 5451 qui
3439 5387 3609 5437 lactus

2045 5465 2127 5508 est
2146 5455 2402 5508 obedicns
2428 5468 2593 5521 usque
2617 5453 2680 5505 ad
2705 5463 2948 5516 mortem,
2969 5465 3189 5507 mortem
3212 5464 3386 5507 autem
3409 5468 3608 5516 crucis,

2048 5525 2116 5577 ita
2150 5524 2449 5592 proposuit,
2494 5536 2551 5576 ut
2598 5526 2914 5592 pi'aatiitserit
2952 5524 3077 5578 illud
3110 5541 3124 5577 :
3155 5523 3268 5577 Hoc
3291 5537 3459 5577 atttem
3495 5542 3611 5577 sett-

2046 5597 2133 5647 tite
2147 5598 2197 5646 in
2230 5596 2363 5648 vobis
2383 5595 2520 5661 quod
2535 5597 2647 5646 etin
2670 5594 2871 5649 Christo
2894 5596 3039 5647 Josu.
3064 5613 3082 5645 ι
3105 5597 3242 5648 ldctn
3269 5610 3396 5664 ergo
3413 5597 3611 5651 sentire

2048 5667 2206 5720 debet
2234 5667 2447 5718 humilis
2494 5665 2815 5726 monachus,
2861 5667 2997 5733 quod
3028 5678 3079 5719 et
3118 5666 3169 5718 in
3200 5664 3414 5720 Christo
3451 5666 3607 5732 Jesu,

2049 5746 2205 5802 atque
2231 5751 2348 5803 ejus
2374 5737 2617 5802 exemplo
2663 5735 2879 5791 obedire
2922 5739 3079 5806 213
3124 5738 3284 5790 etiam
3330 5753 3495 5802 usque
3542 5742 3607 5790 ad

2052 5818 2274 5863 mortem
2309 5824 2319 5859 :
2353 5809 2402 5861 id
2430 5808 2565 5875 quod
2594 5807 2802 5864 ιιιιοὶιιιε
2826 5809 2951 5864 item
2974 5808 3143 5865 modis
3164 5823 3281 5863 cuiu
3309 5807 3613 5864 llildcmaro
