  <div class='ocr_page' id='page_1' title='image "/cluster/home/n/w/nwhite01/storage/ocr_20150623/66/hvd.32044054758701/198.png"; bbox 0 0 3952 6182; ppageno 0'>
   <div class='ocr_carea' id='block_1_1' title="bbox 318 330 418 382">
    <p class='ocr_par' dir='ltr' id='par_1_1' title="bbox 318 330 418 382">
     <span class='ocr_line' id='line_1_1' title="bbox 318 330 418 382; baseline 0 0"><span class='ocrx_word' id='word_1_1' title='bbox 318 330 418 382; x_wconf 76' lang='grc'><strong>535</strong></span> 
     </span>
    </p>
   </div>
   <div class='ocr_carea' id='block_1_2' title="bbox 1353 323 2497 381">
    <p class='ocr_par' dir='ltr' id='par_1_2' title="bbox 1353 323 2497 381">
     <span class='ocr_line' id='line_1_2' title="bbox 1353 323 2497 381; baseline -0.003 -1"><span class='ocrx_word' id='word_1_2' title='bbox 1353 327 1625 381; x_wconf 62' lang='lat' dir='ltr'><strong>IiEGleA</strong></span> <span class='ocrx_word' id='word_1_3' title='bbox 1658 324 2144 379; x_wconf 66' lang='lat' dir='ltr'><strong>C(mME-NTATA.</strong></span> <span class='ocrx_word' id='word_1_4' title='bbox 2186 324 2337 379; x_wconf 68' lang='lat' dir='ltr'><strong>CAP.</strong></span> <span class='ocrx_word' id='word_1_5' title='bbox 2381 323 2497 376; x_wconf 78' lang='grc' dir='ltr'><strong>νιι.</strong></span> 
     </span>
    </p>
   </div>
   <div class='ocr_carea' id='block_1_3' title="bbox 3444 322 3545 374">
    <p class='ocr_par' dir='ltr' id='par_1_3' title="bbox 3444 322 3545 374">
     <span class='ocr_line' id='line_1_3' title="bbox 3444 322 3545 374; baseline -0.03 -1"><span class='ocrx_word' id='word_1_6' title='bbox 3444 322 3545 374; x_wconf 69' lang='lat' dir='ltr'><strong>58b</strong></span> 
     </span>
    </p>
   </div>
   <div class='ocr_carea' id='block_1_4' title="bbox 315 434 3548 513">
    <p class='ocr_par' dir='ltr' id='par_1_4' title="bbox 315 434 3548 513">
     <span class='ocr_line' id='line_1_4' title="bbox 315 434 3548 513; baseline -0.004 -14"><span class='ocrx_word' id='word_1_7' title='bbox 315 444 557 508; x_wconf 80' lang='lat' dir='ltr'><strong>accipere</strong></span> <span class='ocrx_word' id='word_1_8' title='bbox 584 456 884 513; x_wconf 91' lang='lat' dir='ltr'><strong>possumus.</strong></span> <span class='ocrx_word' id='word_1_9' title='bbox 916 440 970 497; x_wconf 81' lang='grc'><strong>1⁸</strong></span> <span class='ocrx_word' id='word_1_10' title='bbox 1003 440 1267 513; x_wconf 81' lang='lat' dir='ltr'><strong>Usqueail</strong></span> <span class='ocrx_word' id='word_1_11' title='bbox 1298 451 1553 502; x_wconf 85' lang='lat' dir='ltr'><strong>mortem,</strong></span> <span class='ocrx_word' id='word_1_12' title='bbox 1580 439 1628 492; x_wconf 88' lang='lat' dir='ltr'><strong>id</strong></span> <span class='ocrx_word' id='word_1_13' title='bbox 1644 446 1878 513; x_wconf 21' lang='lat' dir='ltr'><strong>AeSI__tnto</strong></span> <span class='ocrx_word' id='word_1_14' title='bbox 1909 442 1957 502; x_wconf 76' lang='grc' dir='ltr'><strong>Α</strong></span> <span class='ocrx_word' id='word_1_15' title='bbox 1980 451 2123 513; x_wconf 80' lang='lat' dir='ltr'><strong>saepe</strong></span> <span class='ocrx_word' id='word_1_16' title='bbox 2171 436 2497 513; x_wconf 76' lang='lat' dir='ltr'><strong>distrahendi</strong></span> <span class='ocrx_word' id='word_1_17' title='bbox 2551 437 2631 513; x_wconf 84' lang='lat' dir='ltr'><strong>vel</strong></span> <span class='ocrx_word' id='word_1_18' title='bbox 2658 434 3103 513; x_wconf 67' lang='lat' dir='ltr'><strong>cmendigratia</strong></span> <span class='ocrx_word' id='word_1_19' title='bbox 3162 435 3237 513; x_wconf 89' lang='lat' dir='ltr'><strong>ad_</strong></span> <span class='ocrx_word' id='word_1_20' title='bbox 3285 435 3548 513; x_wconf 74' lang='lat' dir='ltr'><strong>nundinas</strong></span> 
     </span>
    </p>
   </div>
   <div class='ocr_carea' id='block_1_5' title="bbox 313 508 1879 581">
    <p class='ocr_par' dir='ltr' id='par_1_5' title="bbox 313 508 1879 581">
     <span class='ocr_line' id='line_1_5' title="bbox 313 508 1879 581; baseline -0.005 -13"><span class='ocrx_word' id='word_1_21' title='bbox 313 517 437 569; x_wconf 69' lang='lat' dir='ltr'><strong>vitae</strong></span> <span class='ocrx_word' id='word_1_22' title='bbox 464 508 701 577; x_wconf 78' lang='lat' dir='ltr'><strong>tempore</strong></span> <span class='ocrx_word' id='word_1_23' title='bbox 722 555 737 577; x_wconf 89' lang='lat'><strong>,</strong></span> <span class='ocrx_word' id='word_1_24' title='bbox 778 529 883 581; x_wconf 89' lang='lat' dir='ltr'><strong>quo</strong></span> <span class='ocrx_word' id='word_1_25' title='bbox 909 528 1066 567; x_wconf 72' lang='lat' dir='ltr'><strong>sensu</strong></span> <span class='ocrx_word' id='word_1_26' title='bbox 1095 508 1149 566; x_wconf 57' lang='grc' dir='ltr'><strong>ὃ.</strong></span> <span class='ocrx_word' id='word_1_27' title='bbox 1182 512 1482 566; x_wconf 81' lang='lat' dir='ltr'><strong>Bertiardus</strong></span> <span class='ocrx_word' id='word_1_28' title='bbox 1506 515 1577 565; x_wconf 83' lang='lat' dir='ltr'><strong>ait</strong></span> <span class='ocrx_word' id='word_1_29' title='bbox 1606 511 1704 579; x_wconf 78' lang='lat' dir='ltr'><strong>(De</strong></span> <span class='ocrx_word' id='word_1_30' title='bbox 1738 508 1879 561; x_wconf 77' lang='lat' dir='ltr'><strong>Prte-</strong></span> 
     </span>
    </p>
   </div>
   <div class='ocr_carea' id='block_1_6' title="bbox 312 581 1880 655">
    <p class='ocr_par' dir='ltr' id='par_1_6' title="bbox 312 581 1880 655">
     <span class='ocr_line' id='line_1_6' title="bbox 312 581 1880 655; baseline -0.005 -16"><span class='ocrx_word' id='word_1_31' title='bbox 312 596 461 653; x_wconf 80' lang='lat' dir='ltr'><strong>cepto</strong></span> <span class='ocrx_word' id='word_1_32' title='bbox 491 594 536 637; x_wconf 81' lang='lat' dir='ltr'><strong>et</strong></span> <span class='ocrx_word' id='word_1_33' title='bbox 572 584 739 655; x_wconf 87' lang='lat' dir='ltr'><strong>Disp.,</strong></span> <span class='ocrx_word' id='word_1_34' title='bbox 771 602 887 651; x_wconf 83' lang='lat' dir='ltr'><strong>cap.</strong></span> <span class='ocrx_word' id='word_1_35' title='bbox 918 586 971 651; x_wconf 84' lang='grc'><strong>6)</strong></span> <span class='ocrx_word' id='word_1_36' title='bbox 1005 601 1017 635; x_wconf 90' lang='lat'><strong>:</strong></span> <span class='ocrx_word' id='word_1_37' title='bbox 1058 602 1075 633; x_wconf 83' lang='lat' dir='ltr'><strong>t</strong></span> <span class='ocrx_word' id='word_1_38' title='bbox 1116 584 1205 637; x_wconf 87' lang='lat' dir='ltr'><strong>Est</strong></span> <span class='ocrx_word' id='word_1_39' title='bbox 1235 598 1362 637; x_wconf 89' lang='lat' dir='ltr'><strong>sane</strong></span> <span class='ocrx_word' id='word_1_40' title='bbox 1388 584 1596 655; x_wconf 89' lang='lat' dir='ltr'><strong>quidam</strong></span> <span class='ocrx_word' id='word_1_41' title='bbox 1626 581 1880 655; x_wconf 57' lang='lat' dir='ltr'><strong>oncdien-</strong></span> 
     </span>
    </p>
   </div>
   <div class='ocr_carea' id='block_1_7' title="bbox 314 653 1883 723">
    <p class='ocr_par' dir='ltr' id='par_1_7' title="bbox 314 653 1883 723">
     <span class='ocr_line' id='line_1_7' title="bbox 314 653 1883 723; baseline -0.005 -15"><span class='ocrx_word' id='word_1_42' title='bbox 314 660 403 708; x_wconf 58' lang='lat' dir='ltr'><strong>tia!</strong></span> <span class='ocrx_word' id='word_1_43' title='bbox 441 657 596 710; x_wconf 82' lang='lat' dir='ltr'><strong>limes</strong></span> <span class='ocrx_word' id='word_1_44' title='bbox 622 656 910 708; x_wconf 80' lang='lat' dir='ltr'><strong>secundum</strong></span> <span class='ocrx_word' id='word_1_45' title='bbox 942 665 1024 707; x_wconf 86' lang='lat' dir='ltr'><strong>te.i</strong></span> <span class='ocrx_word' id='word_1_46' title='bbox 1049 670 1172 723; x_wconf 85' lang='lat' dir='ltr'><strong>pus,</strong></span> <span class='ocrx_word' id='word_1_47' title='bbox 1208 655 1316 721; x_wconf 89' lang='lat' dir='ltr'><strong>ipsa</strong></span> <span class='ocrx_word' id='word_1_48' title='bbox 1346 654 1601 717; x_wconf 88' lang='lat' dir='ltr'><strong>temporis</strong></span> <span class='ocrx_word' id='word_1_49' title='bbox 1637 653 1883 706; x_wconf 82' lang='lat' dir='ltr'><strong>extremi-</strong></span> 
     </span>
    </p>
   </div>
   <div class='ocr_carea' id='block_1_8' title="bbox 315 724 1881 791">
    <p class='ocr_par' dir='ltr' id='par_1_8' title="bbox 315 724 1881 791">
     <span class='ocr_line' id='line_1_8' title="bbox 315 724 1881 791; baseline -0.003 -12"><span class='ocrx_word' id='word_1_50' title='bbox 315 736 429 789; x_wconf 83' lang='lat' dir='ltr'><strong>tas,</strong></span> <span class='ocrx_word' id='word_1_51' title='bbox 462 740 517 780; x_wconf 91' lang='lat' dir='ltr'><strong>ut</strong></span> <span class='ocrx_word' id='word_1_52' title='bbox 547 727 592 779; x_wconf 89' lang='lat' dir='ltr'><strong>is</strong></span> <span class='ocrx_word' id='word_1_53' title='bbox 620 728 690 779; x_wconf 89' lang='lat' dir='ltr'><strong>sit</strong></span> <span class='ocrx_word' id='word_1_54' title='bbox 718 727 976 778; x_wconf 90' lang='lat' dir='ltr'><strong>terminus</strong></span> <span class='ocrx_word' id='word_1_55' title='bbox 1002 726 1315 778; x_wconf 69' lang='lat' dir='ltr'><strong>obedietttite</strong></span> <span class='ocrx_word' id='word_1_56' title='bbox 1347 730 1433 791; x_wconf 80' lang='lat' dir='ltr'><strong>qut</strong></span> <span class='ocrx_word' id='word_1_57' title='bbox 1461 736 1509 779; x_wconf 90' lang='lat' dir='ltr'><strong>et</strong></span> <span class='ocrx_word' id='word_1_58' title='bbox 1542 725 1660 777; x_wconf 69' lang='lat' dir='ltr'><strong>vita:</strong></span> <span class='ocrx_word' id='word_1_59' title='bbox 1694 739 1709 775; x_wconf 86' lang='lat'><strong>:</strong></span> <span class='ocrx_word' id='word_1_60' title='bbox 1743 724 1881 775; x_wconf 88' lang='lat' dir='ltr'><strong>hunc</strong></span> 
     </span>
    </p>
   </div>
   <div class='ocr_carea' id='block_1_9' title="bbox 312 792 1878 864">
    <p class='ocr_par' dir='ltr' id='par_1_9' title="bbox 312 792 1878 864">
     <span class='ocr_line' id='line_1_9' title="bbox 312 792 1878 864; baseline -0.004 -14"><span class='ocrx_word' id='word_1_61' title='bbox 312 798 471 851; x_wconf 67' lang='lat' dir='ltr'><strong>nobis</strong></span> <span class='ocrx_word' id='word_1_62' title='bbox 500 799 726 850; x_wconf 77' lang='lat' dir='ltr'><strong>maxime</strong></span> <span class='ocrx_word' id='word_1_63' title='bbox 768 797 1020 864; x_wconf 85' lang='lat' dir='ltr'><strong>unigeniti</strong></span> <span class='ocrx_word' id='word_1_64' title='bbox 1057 796 1144 848; x_wconf 96' lang='lat' dir='ltr'><strong>Dei</strong></span> <span class='ocrx_word' id='word_1_65' title='bbox 1174 798 1511 850; x_wconf 71' lang='lat' dir='ltr'><strong>Commendat</strong></span> <span class='ocrx_word' id='word_1_66' title='bbox 1540 792 1837 861; x_wconf 73' lang='lat' dir='ltr'><strong>exemplum</strong></span> <span class='ocrx_word' id='word_1_67' title='bbox 1862 831 1878 855; x_wconf 81' lang='lat'><strong>,</strong></span> 
     </span>
    </p>
   </div>
   <div class='ocr_carea' id='block_1_10' title="bbox 312 866 1877 937">
    <p class='ocr_par' dir='ltr' id='par_1_10' title="bbox 312 866 1877 937">
     <span class='ocr_line' id='line_1_10' title="bbox 312 866 1877 937; baseline -0.005 -16"><span class='ocrx_word' id='word_1_68' title='bbox 312 869 404 937; x_wconf 86' lang='lat' dir='ltr'><strong>qui</strong></span> <span class='ocrx_word' id='word_1_69' title='bbox 453 868 622 922; x_wconf 84' lang='lat' dir='ltr'><strong>factus</strong></span> <span class='ocrx_word' id='word_1_70' title='bbox 665 875 746 921; x_wconf 88' lang='lat' dir='ltr'><strong>est</strong></span> <span class='ocrx_word' id='word_1_71' title='bbox 792 866 929 920; x_wconf 82' lang='lat' dir='ltr'><strong>Patri</strong></span> <span class='ocrx_word' id='word_1_72' title='bbox 976 866 1232 921; x_wconf 86' lang='lat' dir='ltr'><strong>obedietts</strong></span> <span class='ocrx_word' id='word_1_73' title='bbox 1260 882 1427 933; x_wconf 85' lang='lat' dir='ltr'><strong>usque</strong></span> <span class='ocrx_word' id='word_1_74' title='bbox 1471 866 1534 918; x_wconf 83' lang='lat' dir='ltr'><strong>ad</strong></span> <span class='ocrx_word' id='word_1_75' title='bbox 1569 875 1829 937; x_wconf 84' lang='lat' dir='ltr'><strong>ttiortetu._</strong></span> <span class='ocrx_word' id='word_1_76' title='bbox 1858 880 1877 913; x_wconf 74' lang='grc' dir='ltr'><strong><em>ι</em></strong></span> 
     </span>
    </p>
   </div>
   <div class='ocr_carea' id='block_1_11' title="bbox 314 934 1883 1004">
    <p class='ocr_par' dir='ltr' id='par_1_11' title="bbox 314 934 1883 1004">
     <span class='ocr_line' id='line_1_11' title="bbox 314 934 1883 1004; baseline -0.003 -14"><span class='ocrx_word' id='word_1_77' title='bbox 314 934 375 990; x_wconf 69' lang='grc' dir='ltr'><strong>Ξ⁹</strong></span> <span class='ocrx_word' id='word_1_78' title='bbox 419 940 597 1004; x_wconf 84' lang='lat' dir='ltr'><strong>Usque</strong></span> <span class='ocrx_word' id='word_1_79' title='bbox 622 938 687 990; x_wconf 89' lang='lat' dir='ltr'><strong>ad</strong></span> <span class='ocrx_word' id='word_1_80' title='bbox 733 947 978 1001; x_wconf 88' lang='lat' dir='ltr'><strong>mortem,</strong></span> <span class='ocrx_word' id='word_1_81' title='bbox 1023 946 1079 990; x_wconf 90' lang='lat' dir='ltr'><strong>ut</strong></span> <span class='ocrx_word' id='word_1_82' title='bbox 1122 938 1166 990; x_wconf 90' lang='lat' dir='ltr'><strong>si</strong></span> <span class='ocrx_word' id='word_1_83' title='bbox 1212 951 1429 990; x_wconf 77' lang='lat' dir='ltr'><strong>necesse</strong></span> <span class='ocrx_word' id='word_1_84' title='bbox 1453 938 1519 988; x_wconf 86' lang='lat' dir='ltr'><strong>sit</strong></span> <span class='ocrx_word' id='word_1_85' title='bbox 1568 934 1883 988; x_wconf 74' lang='lat' dir='ltr'><strong>obedientite</strong></span> 
     </span>
    </p>
   </div>
   <div class='ocr_carea' id='block_1_12' title="bbox 311 1005 1885 1077">
    <p class='ocr_par' dir='ltr' id='par_1_12' title="bbox 311 1005 1885 1077">
     <span class='ocr_line' id='line_1_12' title="bbox 311 1005 1885 1077; baseline -0.002 -16"><span class='ocrx_word' id='word_1_86' title='bbox 311 1023 475 1061; x_wconf 77' lang='lat' dir='ltr'><strong>causa</strong></span> <span class='ocrx_word' id='word_1_87' title='bbox 508 1010 676 1077; x_wconf 80' lang='lat' dir='ltr'><strong>ipsam</strong></span> <span class='ocrx_word' id='word_1_88' title='bbox 709 1018 932 1061; x_wconf 84' lang='lat' dir='ltr'><strong>mat-tein</strong></span> <span class='ocrx_word' id='word_1_89' title='bbox 963 1007 1173 1071; x_wconf 82' lang='lat' dir='ltr'><strong>subire,</strong></span> <span class='ocrx_word' id='word_1_90' title='bbox 1224 1024 1325 1060; x_wconf 89' lang='lat' dir='ltr'><strong>ton</strong></span> <span class='ocrx_word' id='word_1_91' title='bbox 1370 1008 1612 1076; x_wconf 75' lang='lat' dir='ltr'><strong>refugiat.</strong></span> <span class='ocrx_word' id='word_1_92' title='bbox 1656 1005 1885 1077; x_wconf 79' lang='lat' dir='ltr'><strong>Uterque</strong></span> 
     </span>
    </p>
   </div>
   <div class='ocr_carea' id='block_1_13' title="bbox 312 1076 1883 1147">
    <p class='ocr_par' dir='ltr' id='par_1_13' title="bbox 312 1076 1883 1147">
     <span class='ocr_line' id='line_1_13' title="bbox 312 1076 1883 1147; baseline -0.004 -14"><span class='ocrx_word' id='word_1_93' title='bbox 312 1092 506 1133; x_wconf 82' lang='lat' dir='ltr'><strong>sensus</strong></span> <span class='ocrx_word' id='word_1_94' title='bbox 545 1079 774 1147; x_wconf 88' lang='lat' dir='ltr'><strong>optimus</strong></span> <span class='ocrx_word' id='word_1_95' title='bbox 816 1089 930 1142; x_wconf 90' lang='lat' dir='ltr'><strong>est,</strong></span> <span class='ocrx_word' id='word_1_96' title='bbox 960 1088 1017 1132; x_wconf 92' lang='lat' dir='ltr'><strong>et</strong></span> <span class='ocrx_word' id='word_1_97' title='bbox 1048 1078 1365 1132; x_wconf 88' lang='lat' dir='ltr'><strong>monachum</strong></span> <span class='ocrx_word' id='word_1_98' title='bbox 1400 1077 1659 1146; x_wconf 84' lang='lat' dir='ltr'><strong>imprimis</strong></span> <span class='ocrx_word' id='word_1_99' title='bbox 1692 1076 1883 1147; x_wconf 79' lang='lat' dir='ltr'><strong>decet;</strong></span> 
     </span>
    </p>
   </div>
   <div class='ocr_carea' id='block_1_14' title="bbox 314 1146 1886 1217">
    <p class='ocr_par' dir='ltr' id='par_1_14' title="bbox 314 1146 1886 1217">
     <span class='ocr_line' id='line_1_14' title="bbox 314 1146 1886 1217; baseline -0.003 -15"><span class='ocrx_word' id='word_1_100' title='bbox 314 1152 410 1202; x_wconf 87' lang='lat' dir='ltr'><strong>sed</strong></span> <span class='ocrx_word' id='word_1_101' title='bbox 462 1152 544 1201; x_wconf 89' lang='lat' dir='ltr'><strong>hic</strong></span> <span class='ocrx_word' id='word_1_102' title='bbox 588 1146 718 1203; x_wconf 79' lang='lat' dir='ltr'><strong>stilis</strong></span> <span class='ocrx_word' id='word_1_103' title='bbox 764 1148 845 1200; x_wconf 88' lang='lat' dir='ltr'><strong>liis</strong></span> <span class='ocrx_word' id='word_1_104' title='bbox 884 1148 1142 1215; x_wconf 81' lang='lat' dir='ltr'><strong>competit</strong></span> <span class='ocrx_word' id='word_1_105' title='bbox 1181 1150 1270 1217; x_wconf 88' lang='lat' dir='ltr'><strong>qui</strong></span> <span class='ocrx_word' id='word_1_106' title='bbox 1319 1148 1445 1200; x_wconf 81' lang='lat' dir='ltr'><strong>nihil</strong></span> <span class='ocrx_word' id='word_1_107' title='bbox 1487 1148 1586 1202; x_wconf 88' lang='lat' dir='ltr'><strong>sibi</strong></span> <span class='ocrx_word' id='word_1_108' title='bbox 1617 1163 1645 1200; x_wconf 90' lang='lat' dir='ltr'><strong>a</strong></span> <span class='ocrx_word' id='word_1_109' title='bbox 1674 1146 1886 1217; x_wconf 60' lang='lat' dir='ltr'><strong>Christo</strong></span> 
     </span>
    </p>
   </div>
   <div class='ocr_carea' id='block_1_15' title="bbox 313 1215 1885 1287">
    <p class='ocr_par' dir='ltr' id='par_1_15' title="bbox 313 1215 1885 1287">
     <span class='ocr_line' id='line_1_15' title="bbox 313 1215 1885 1287; baseline -0.001 -18"><span class='ocrx_word' id='word_1_110' title='bbox 313 1224 533 1273; x_wconf 60' lang='lat' dir='ltr'><strong>charius</strong></span> <span class='ocrx_word' id='word_1_111' title='bbox 571 1220 764 1286; x_wconf 75' lang='lat' dir='ltr'><strong>aliquid</strong></span> <span class='ocrx_word' id='word_1_112' title='bbox 797 1219 1130 1279; x_wconf 80' lang='lat' dir='ltr'><strong>existimant.</strong></span> <span class='ocrx_word' id='word_1_113' title='bbox 1162 1215 1216 1273; x_wconf 81' lang='lat' dir='ltr'><strong>et</strong></span> <span class='ocrx_word' id='word_1_114' title='bbox 1259 1235 1355 1287; x_wconf 88' lang='lat' dir='ltr'><strong>pro</strong></span> <span class='ocrx_word' id='word_1_115' title='bbox 1382 1217 1497 1287; x_wconf 81' lang='lat' dir='ltr'><strong>ejus</strong></span> <span class='ocrx_word' id='word_1_116' title='bbox 1528 1215 1885 1287; x_wconf 29' lang='lat' dir='ltr'><strong>amore‘omni</strong></span> 
     </span>
    </p>
   </div>
   <div class='ocr_carea' id='block_1_16' title="bbox 313 1285 1888 1357">
    <p class='ocr_par' dir='ltr' id='par_1_16' title="bbox 313 1285 1888 1357">
     <span class='ocr_line' id='line_1_16' title="bbox 313 1285 1888 1357; baseline -0.004 -14"><span class='ocrx_word' id='word_1_117' title='bbox 313 1291 624 1344; x_wconf 80' lang='lat' dir='ltr'><strong>obedientia</strong></span> <span class='ocrx_word' id='word_1_118' title='bbox 663 1285 723 1343; x_wconf 87' lang='lat' dir='ltr'><strong>se</strong></span> <span class='ocrx_word' id='word_1_119' title='bbox 750 1290 985 1343; x_wconf 88' lang='lat' dir='ltr'><strong>subdunt</strong></span> <span class='ocrx_word' id='word_1_120' title='bbox 1011 1290 1230 1357; x_wconf 88' lang='lat' dir='ltr'><strong>majori;</strong></span> <span class='ocrx_word' id='word_1_121' title='bbox 1262 1285 1313 1342; x_wconf 83' lang='lat' dir='ltr'><strong>in</strong></span> <span class='ocrx_word' id='word_1_122' title='bbox 1345 1285 1513 1342; x_wconf 78' lang='lat' dir='ltr'><strong>arnore</strong></span> <span class='ocrx_word' id='word_1_123' title='bbox 1542 1290 1672 1342; x_wconf 80' lang='lat' dir='ltr'><strong>enim</strong></span> <span class='ocrx_word' id='word_1_124' title='bbox 1703 1285 1888 1357; x_wconf 84' lang='lat' dir='ltr'><strong>Christi</strong></span> 
     </span>
    </p>
   </div>
   <div class='ocr_carea' id='block_1_17' title="bbox 314 1356 1890 1429">
    <p class='ocr_par' dir='ltr' id='par_1_17' title="bbox 314 1356 1890 1429">
     <span class='ocr_line' id='line_1_17' title="bbox 314 1356 1890 1429; baseline -0.002 -17"><span class='ocrx_word' id='word_1_125' title='bbox 314 1376 409 1414; x_wconf 80' lang='lat' dir='ltr'><strong>nec</strong></span> <span class='ocrx_word' id='word_1_126' title='bbox 440 1364 617 1414; x_wconf 82' lang='lat' dir='ltr'><strong>modus</strong></span> <span class='ocrx_word' id='word_1_127' title='bbox 649 1361 854 1429; x_wconf 75' lang='lat' dir='ltr'><strong>ponitur</strong></span> <span class='ocrx_word' id='word_1_128' title='bbox 881 1376 972 1413; x_wconf 84' lang='lat' dir='ltr'><strong>nec</strong></span> <span class='ocrx_word' id='word_1_129' title='bbox 993 1377 1254 1425; x_wconf 86' lang='lat' dir='ltr'><strong>mensura,</strong></span> <span class='ocrx_word' id='word_1_130' title='bbox 1289 1370 1344 1413; x_wconf 91' lang='lat' dir='ltr'><strong>ut</strong></span> <span class='ocrx_word' id='word_1_131' title='bbox 1374 1361 1603 1427; x_wconf 90' lang='lat' dir='ltr'><strong>loquitur</strong></span> <span class='ocrx_word' id='word_1_132' title='bbox 1632 1356 1890 1429; x_wconf 78' lang='lat' dir='ltr'><strong>Bolterius</strong></span> 
     </span>
    </p>
   </div>
   <div class='ocr_carea' id='block_1_18' title="bbox 316 1427 1891 1497">
    <p class='ocr_par' dir='ltr' id='par_1_18' title="bbox 316 1427 1891 1497">
     <span class='ocr_line' id='line_1_18' title="bbox 316 1427 1891 1497; baseline -0.004 -12"><span class='ocrx_word' id='word_1_133' title='bbox 316 1433 372 1485; x_wconf 88' lang='lat' dir='ltr'><strong>iti</strong></span> <span class='ocrx_word' id='word_1_134' title='bbox 432 1433 604 1496; x_wconf 91' lang='lat' dir='ltr'><strong>primo</strong></span> <span class='ocrx_word' id='word_1_135' title='bbox 650 1427 847 1485; x_wconf 84' lang='lat' dir='ltr'><strong>comm.</strong></span> <span class='ocrx_word' id='word_1_136' title='bbox 899 1430 1067 1483; x_wconf 85' lang='lat' dir='ltr'><strong>Porro</strong></span> <span class='ocrx_word' id='word_1_137' title='bbox 1120 1432 1241 1484; x_wconf 85' lang='lat' dir='ltr'><strong>huic</strong></span> <span class='ocrx_word' id='word_1_138' title='bbox 1309 1431 1624 1485; x_wconf 82' lang='lat' dir='ltr'><strong>humilitatis</strong></span> <span class='ocrx_word' id='word_1_139' title='bbox 1670 1427 1891 1497; x_wconf 79' lang='lat' dir='ltr'><strong>gradui,</strong></span> 
     </span>
    </p>
   </div>
   <div class='ocr_carea' id='block_1_19' title="bbox 314 1497 1892 1627">
    <p class='ocr_par' dir='ltr' id='par_1_19' title="bbox 314 1497 1892 1627">
     <span class='ocr_line' id='line_1_19' title="bbox 314 1497 1892 1627; baseline -0.004 -71"><span class='ocrx_word' id='word_1_140' title='bbox 314 1502 583 1627; x_wconf 55' lang='lat' dir='ltr'><strong>decilmotn</strong></span> <span class='ocrx_word' id='word_1_141' title='bbox 633 1502 928 1573; x_wconf 65' lang='lat' dir='ltr'><strong>superbiae,</strong></span> <span class='ocrx_word' id='word_1_142' title='bbox 983 1501 1333 1558; x_wconf 75' lang='lat' dir='ltr'><strong>rebellionem</strong></span> <span class='ocrx_word' id='word_1_143' title='bbox 1383 1502 1609 1572; x_wconf 84' lang='lat' dir='ltr'><strong>opponit</strong></span> <span class='ocrx_word' id='word_1_144' title='bbox 1654 1500 1714 1557; x_wconf 88' lang='lat' dir='ltr'><strong>S.</strong></span> <span class='ocrx_word' id='word_1_145' title='bbox 1765 1497 1892 1551; x_wconf 86' lang='lat' dir='ltr'><strong>Ber—</strong></span> 
     </span>
     <span class='ocr_line' id='line_1_20' title="bbox 315 1588 549 1627; baseline 0 0"><span class='ocrx_word' id='word_1_146' title='bbox 315 1588 419 1627; x_wconf 86' lang='lat' dir='ltr'><strong>nar</strong></span> <span class='ocrx_word' id='word_1_147' title='bbox 463 1588 549 1627; x_wconf 89' lang='lat' dir='ltr'><strong>us.</strong></span> 
     </span>
    </p>
   </div>
   <div class='ocr_carea' id='block_1_20' title="bbox 315 1588 549 1628">
    <p class='ocr_par' dir='ltr' id='par_1_20' title="bbox 315 1588 549 1628">
     <span class='ocr_line' id='line_1_21' title="bbox 315 1588 549 1628; baseline -0.004 0"><span class='ocrx_word' id='word_1_148' title='bbox 315 1588 549 1628; x_wconf 85' lang='lat' dir='ltr'><strong>narous.</strong></span> 
     </span>
    </p>
   </div>
   <div class='ocr_carea' id='block_1_21' title="bbox 701 1684 1516 1757">
    <p class='ocr_par' dir='ltr' id='par_1_21' title="bbox 701 1684 1516 1757">
     <span class='ocr_line' id='line_1_22' title="bbox 701 1684 1516 1757; baseline 0 -18"><span class='ocrx_word' id='word_1_149' title='bbox 701 1684 777 1741; x_wconf 88' lang='lat' dir='ltr'><strong>De</strong></span> <span class='ocrx_word' id='word_1_150' title='bbox 803 1696 981 1753; x_wconf 86' lang='lat' dir='ltr'><strong>quarto</strong></span> <span class='ocrx_word' id='word_1_151' title='bbox 1011 1687 1311 1741; x_wconf 69' lang='lat' dir='ltr'><strong>humilitatis</strong></span> <span class='ocrx_word' id='word_1_152' title='bbox 1336 1689 1516 1757; x_wconf 84' lang='lat' dir='ltr'><strong>gradu.</strong></span> 
     </span>
    </p>
   </div>
   <div class='ocr_carea' id='block_1_22' title="bbox 397 1776 1891 1850">
    <p class='ocr_par' dir='ltr' id='par_1_22' title="bbox 397 1776 1891 1850">
     <span class='ocr_line' id='line_1_23' title="bbox 397 1776 1891 1850; baseline 0.003 -21"><span class='ocrx_word' id='word_1_153' title='bbox 397 1776 619 1843; x_wconf 83' lang='lat' dir='ltr'><strong>Quartus</strong></span> <span class='ocrx_word' id='word_1_154' title='bbox 657 1778 958 1833; x_wconf 78' lang='lat' dir='ltr'><strong>humilitatis</strong></span> <span class='ocrx_word' id='word_1_155' title='bbox 993 1780 1183 1850; x_wconf 83' lang='lat' dir='ltr'><strong>gradus</strong></span> <span class='ocrx_word' id='word_1_156' title='bbox 1214 1791 1317 1843; x_wconf 84' lang='lat' dir='ltr'><strong>est,</strong></span> <span class='ocrx_word' id='word_1_157' title='bbox 1359 1780 1403 1833; x_wconf 88' lang='lat' dir='ltr'><strong>si</strong></span> <span class='ocrx_word' id='word_1_158' title='bbox 1433 1780 1483 1832; x_wconf 85' lang='lat' dir='ltr'><strong>in</strong></span> <span class='ocrx_word' id='word_1_159' title='bbox 1525 1779 1638 1849; x_wconf 86' lang='lat' dir='ltr'><strong>ipsa</strong></span> <span class='ocrx_word' id='word_1_160' title='bbox 1665 1779 1891 1833; x_wconf 79' lang='lat' dir='ltr'><strong>obedien-</strong></span> 
     </span>
    </p>
   </div>
   <div class='ocr_carea' id='block_1_23' title="bbox 318 1849 1890 1916">
    <p class='ocr_par' dir='ltr' id='par_1_23' title="bbox 318 1849 1890 1916">
     <span class='ocr_line' id='line_1_24' title="bbox 318 1849 1890 1916; baseline 0.002 -15"><span class='ocrx_word' id='word_1_161' title='bbox 318 1849 397 1901; x_wconf 78' lang='lat' dir='ltr'><strong>tia</strong></span> <span class='ocrx_word' id='word_1_162' title='bbox 424 1850 568 1901; x_wconf 83' lang='lat' dir='ltr'><strong>duris</strong></span> <span class='ocrx_word' id='word_1_163' title='bbox 593 1859 640 1901; x_wconf 86' lang='lat' dir='ltr'><strong>et</strong></span> <span class='ocrx_word' id='word_1_164' title='bbox 669 1851 934 1901; x_wconf 80' lang='lat' dir='ltr'><strong>contrariis</strong></span> <span class='ocrx_word' id='word_1_165' title='bbox 958 1849 1106 1903; x_wconf 80' lang='lat' dir='ltr'><strong>rebus</strong></span> <span class='ocrx_word' id='word_1_166' title='bbox 1126 1890 1141 1913; x_wconf 94' lang='lat'><strong>,</strong></span> <span class='ocrx_word' id='word_1_167' title='bbox 1165 1852 1240 1903; x_wconf 83' lang='lat' dir='ltr'><strong>vel</strong></span> <span class='ocrx_word' id='word_1_168' title='bbox 1264 1851 1414 1903; x_wconf 80' lang='lat' dir='ltr'><strong>etiam</strong></span> <span class='ocrx_word' id='word_1_169' title='bbox 1443 1851 1741 1916; x_wconf 76' lang='lat' dir='ltr'><strong>quibuslibet</strong></span> <span class='ocrx_word' id='word_1_170' title='bbox 1768 1852 1890 1904; x_wconf 73' lang='lat' dir='ltr'><strong>irroo</strong></span> 
     </span>
    </p>
   </div>
   <div class='ocr_carea' id='block_1_24' title="bbox 354 1919 1887 1992">
    <p class='ocr_par' dir='ltr' id='par_1_24' title="bbox 354 1919 1887 1992">
     <span class='ocr_line' id='line_1_25' title="bbox 354 1919 1887 1992; baseline 0.003 -21"><span class='ocrx_word' id='word_1_171' title='bbox 354 1920 451 1973; x_wconf 87' lang='lat' dir='ltr'><strong>atis</strong></span> <span class='ocrx_word' id='word_1_172' title='bbox 474 1919 675 1990; x_wconf 78' lang='lat' dir='ltr'><strong>injuriis</strong></span> <span class='ocrx_word' id='word_1_173' title='bbox 691 1921 844 1992; x_wconf 77' lang='lat' dir='ltr'><strong>tacita</strong></span> <span class='ocrx_word' id='word_1_174' title='bbox 860 1921 1166 1992; x_wconf 80' lang='lat' dir='ltr'><strong>conscientia</strong></span> <span class='ocrx_word' id='word_1_175' title='bbox 1188 1924 1480 1990; x_wconf 79' lang='lat' dir='ltr'><strong>patientiam</strong></span> <span class='ocrx_word' id='word_1_176' title='bbox 1502 1920 1887 1992; x_wconf 83' lang='lat' dir='ltr'><strong>amplectatur.]</strong></span> 
     </span>
    </p>
   </div>
   <div class='ocr_carea' id='block_1_25' title="bbox 368 1990 1890 2063">
    <p class='ocr_par' dir='ltr' id='par_1_25' title="bbox 368 1990 1890 2063">
     <span class='ocr_line' id='line_1_26' title="bbox 368 1990 1890 2063; baseline 0.003 -22"><span class='ocrx_word' id='word_1_177' title='bbox 368 2005 639 2063; x_wconf 14' lang='lat' dir='ltr'><strong>upregttiam</strong></span> <span class='ocrx_word' id='word_1_178' title='bbox 688 1990 1002 2063; x_wconf 77' lang='lat' dir='ltr'><strong>obedientize</strong></span> <span class='ocrx_word' id='word_1_179' title='bbox 1047 1993 1422 2063; x_wconf 79' lang='lat' dir='ltr'><strong>perfectionem</strong></span> <span class='ocrx_word' id='word_1_180' title='bbox 1476 1992 1668 2063; x_wconf 82' lang='lat' dir='ltr'><strong>hocin</strong></span> <span class='ocrx_word' id='word_1_181' title='bbox 1699 1990 1890 2059; x_wconf 87' lang='lat' dir='ltr'><strong>quarto</strong></span> 
     </span>
    </p>
   </div>
   <div class='ocr_carea' id='block_1_26' title="bbox 315 2060 1894 2128">
    <p class='ocr_par' dir='ltr' id='par_1_26' title="bbox 315 2060 1894 2128">
     <span class='ocr_line' id='line_1_27' title="bbox 315 2060 1894 2128; baseline 0.003 -15"><span class='ocrx_word' id='word_1_182' title='bbox 315 2060 636 2114; x_wconf 82' lang='lat' dir='ltr'><strong>humilitatis</strong></span> <span class='ocrx_word' id='word_1_183' title='bbox 657 2061 821 2128; x_wconf 86' lang='lat' dir='ltr'><strong>gradu</strong></span> <span class='ocrx_word' id='word_1_184' title='bbox 842 2060 900 2116; x_wconf 89' lang='lat' dir='ltr'><strong>S.</strong></span> <span class='ocrx_word' id='word_1_185' title='bbox 930 2060 1239 2116; x_wconf 83' lang='lat' dir='ltr'><strong>Benedictus</strong></span> <span class='ocrx_word' id='word_1_186' title='bbox 1257 2064 1549 2116; x_wconf 88' lang='lat' dir='ltr'><strong>constituit.</strong></span> <span class='ocrx_word' id='word_1_187' title='bbox 1578 2062 1631 2115; x_wconf 92' lang='lat' dir='ltr'><strong>In</strong></span> <span class='ocrx_word' id='word_1_188' title='bbox 1653 2064 1894 2117; x_wconf 88' lang='lat' dir='ltr'><strong>secundo</strong></span> 
     </span>
    </p>
   </div>
   <div class='ocr_carea' id='block_1_27' title="bbox 315 2130 1890 2254">
    <p class='ocr_par' dir='ltr' id='par_1_27' title="bbox 315 2130 1890 2254">
     <span class='ocr_line' id='line_1_28' title="bbox 315 2130 1890 2254; baseline 0.005 -74"><span class='ocrx_word' id='word_1_189' title='bbox 315 2130 537 2254; x_wconf 63' lang='lat' dir='ltr'><strong>quidem</strong></span> <span class='ocrx_word' id='word_1_190' title='bbox 588 2132 812 2201; x_wconf 67' lang='lat' dir='ltr'><strong>propriae</strong></span> <span class='ocrx_word' id='word_1_191' title='bbox 860 2132 1145 2186; x_wconf 72' lang='lat' dir='ltr'><strong>voluntatis</strong></span> <span class='ocrx_word' id='word_1_192' title='bbox 1192 2134 1370 2186; x_wconf 88' lang='lat' dir='ltr'><strong>odiuttt</strong></span> <span class='ocrx_word' id='word_1_193' title='bbox 1398 2135 1623 2198; x_wconf 89' lang='lat' dir='ltr'><strong>jubeus,</strong></span> <span class='ocrx_word' id='word_1_194' title='bbox 1666 2132 1730 2186; x_wconf 86' lang='lat' dir='ltr'><strong>ad</strong></span> <span class='ocrx_word' id='word_1_195' title='bbox 1760 2134 1890 2188; x_wconf 84' lang='lat' dir='ltr'><strong>obe-</strong></span> 
     </span>
     <span class='ocr_line' id='line_1_29' title="bbox 361 2202 1890 2254; baseline 0 0"><span class='ocrx_word' id='word_1_196' title='bbox 361 2202 578 2254; x_wconf 87' lang='lat' dir='ltr'><strong>ientiatn</strong></span> <span class='ocrx_word' id='word_1_197' title='bbox 625 2202 943 2254; x_wconf 88' lang='lat' dir='ltr'><strong>monachum</strong></span> <span class='ocrx_word' id='word_1_198' title='bbox 987 2203 1347 2254; x_wconf 84' lang='lat' dir='ltr'><strong>disoosuerat;</strong></span> <span class='ocrx_word' id='word_1_199' title='bbox 1387 2204 1441 2254; x_wconf 93' lang='lat' dir='ltr'><strong>in</strong></span> <span class='ocrx_word' id='word_1_200' title='bbox 1472 2205 1628 2254; x_wconf 89' lang='lat' dir='ltr'><strong>tertio</strong></span> <span class='ocrx_word' id='word_1_201' title='bbox 1658 2205 1799 2254; x_wconf 90' lang='lat' dir='ltr'><strong>omni</strong></span> <span class='ocrx_word' id='word_1_202' title='bbox 1832 2218 1890 2254; x_wconf 88' lang='lat' dir='ltr'><strong>se</strong></span> 
     </span>
    </p>
   </div>
   <div class='ocr_carea' id='block_1_28' title="bbox 361 2202 1892 2270">
    <p class='ocr_par' dir='ltr' id='par_1_28' title="bbox 361 2202 1892 2270">
     <span class='ocr_line' id='line_1_30' title="bbox 361 2202 1892 2270; baseline 0.003 -16"><span class='ocrx_word' id='word_1_203' title='bbox 361 2202 578 2255; x_wconf 86' lang='lat' dir='ltr'><strong>ientiatn</strong></span> <span class='ocrx_word' id='word_1_204' title='bbox 625 2202 943 2255; x_wconf 89' lang='lat' dir='ltr'><strong>monachum</strong></span> <span class='ocrx_word' id='word_1_205' title='bbox 987 2203 1348 2270; x_wconf 80' lang='lat' dir='ltr'><strong>disposuerat;</strong></span> <span class='ocrx_word' id='word_1_206' title='bbox 1387 2204 1441 2257; x_wconf 92' lang='lat' dir='ltr'><strong>in</strong></span> <span class='ocrx_word' id='word_1_207' title='bbox 1472 2205 1628 2257; x_wconf 88' lang='lat' dir='ltr'><strong>tertio</strong></span> <span class='ocrx_word' id='word_1_208' title='bbox 1658 2205 1799 2257; x_wconf 91' lang='lat' dir='ltr'><strong>omni</strong></span> <span class='ocrx_word' id='word_1_209' title='bbox 1832 2218 1892 2259; x_wconf 92' lang='lat' dir='ltr'><strong>se</strong></span> 
     </span>
    </p>
   </div>
   <div class='ocr_carea' id='block_1_29' title="bbox 315 2272 1891 2340">
    <p class='ocr_par' dir='ltr' id='par_1_29' title="bbox 315 2272 1891 2340">
     <span class='ocr_line' id='line_1_31' title="bbox 315 2272 1891 2340; baseline 0.003 -15"><span class='ocrx_word' id='word_1_210' title='bbox 315 2272 513 2340; x_wconf 83' lang='lat' dir='ltr'><strong>majori</strong></span> <span class='ocrx_word' id='word_1_211' title='bbox 559 2273 786 2327; x_wconf 86' lang='lat' dir='ltr'><strong>subdere</strong></span> <span class='ocrx_word' id='word_1_212' title='bbox 808 2272 1037 2339; x_wconf 86' lang='lat' dir='ltr'><strong>docens,</strong></span> <span class='ocrx_word' id='word_1_213' title='bbox 1067 2274 1401 2329; x_wconf 77' lang='lat' dir='ltr'><strong>obedientem</strong></span> <span class='ocrx_word' id='word_1_214' title='bbox 1444 2274 1773 2338; x_wconf 82' lang='lat' dir='ltr'><strong>reddiderat;</strong></span> <span class='ocrx_word' id='word_1_215' title='bbox 1807 2275 1891 2329; x_wconf 90' lang='lat' dir='ltr'><strong>hic</strong></span> 
     </span>
    </p>
   </div>
   <div class='ocr_carea' id='block_1_30' title="bbox 316 2343 1893 2414">
    <p class='ocr_par' dir='ltr' id='par_1_30' title="bbox 316 2343 1893 2414">
     <span class='ocr_line' id='line_1_32' title="bbox 316 2343 1893 2414; baseline 0.004 -21"><span class='ocrx_word' id='word_1_216' title='bbox 316 2356 454 2414; x_wconf 73' lang='lat' dir='ltr'><strong>vero</strong></span> <span class='ocrx_word' id='word_1_217' title='bbox 484 2343 629 2414; x_wconf 1' lang='lat' dir='ltr'><strong>(dura</strong></span> <span class='ocrx_word' id='word_1_218' title='bbox 649 2383 665 2406; x_wconf 94' lang='lat'><strong>,</strong></span> <span class='ocrx_word' id='word_1_219' title='bbox 697 2344 992 2407; x_wconf 88' lang='lat' dir='ltr'><strong>contraria,</strong></span> <span class='ocrx_word' id='word_1_220' title='bbox 1038 2345 1400 2414; x_wconf 82' lang='lat' dir='ltr'><strong>irrogatasque</strong></span> <span class='ocrx_word' id='word_1_221' title='bbox 1428 2344 1647 2413; x_wconf 83' lang='lat' dir='ltr'><strong>injurias</strong></span> <span class='ocrx_word' id='word_1_222' title='bbox 1688 2347 1739 2397; x_wconf 89' lang='lat' dir='ltr'><strong>in</strong></span> <span class='ocrx_word' id='word_1_223' title='bbox 1764 2346 1893 2400; x_wconf 83' lang='lat' dir='ltr'><strong>obe-</strong></span> 
     </span>
    </p>
   </div>
   <div class='ocr_carea' id='block_1_31' title="bbox 318 2412 1889 2482">
    <p class='ocr_par' dir='ltr' id='par_1_31' title="bbox 318 2412 1889 2482">
     <span class='ocr_line' id='line_1_33' title="bbox 318 2412 1889 2482; baseline 0.003 -16"><span class='ocrx_word' id='word_1_224' title='bbox 318 2412 525 2467; x_wconf 88' lang='lat' dir='ltr'><strong>dientia</strong></span> <span class='ocrx_word' id='word_1_225' title='bbox 550 2429 703 2482; x_wconf 66' lang='lat' dir='ltr'><strong>aequo</strong></span> <span class='ocrx_word' id='word_1_226' title='bbox 724 2414 903 2467; x_wconf 85' lang='lat' dir='ltr'><strong>animo</strong></span> <span class='ocrx_word' id='word_1_227' title='bbox 930 2416 1172 2480; x_wconf 86' lang='lat' dir='ltr'><strong>amplecti</strong></span> <span class='ocrx_word' id='word_1_228' title='bbox 1199 2412 1529 2481; x_wconf 71' lang='lat' dir='ltr'><strong>prtecipiens,</strong></span> <span class='ocrx_word' id='word_1_229' title='bbox 1554 2415 1889 2470; x_wconf 84' lang='lat' dir='ltr'><strong>obedientem</strong></span> 
     </span>
    </p>
   </div>
   <div class='ocr_carea' id='block_1_32' title="bbox 320 2483 1891 2555">
    <p class='ocr_par' dir='ltr' id='par_1_32' title="bbox 320 2483 1891 2555">
     <span class='ocr_line' id='line_1_34' title="bbox 320 2483 1891 2555; baseline 0.001 -18"><span class='ocrx_word' id='word_1_230' title='bbox 320 2483 472 2555; x_wconf 76' lang='lat' dir='ltr'><strong>otiiui</strong></span> <span class='ocrx_word' id='word_1_231' title='bbox 498 2498 560 2538; x_wconf 80' lang='lat' dir='ltr'><strong>ex</strong></span> <span class='ocrx_word' id='word_1_232' title='bbox 596 2498 742 2547; x_wconf 74' lang='lat' dir='ltr'><strong>parte</strong></span> <span class='ocrx_word' id='word_1_233' title='bbox 774 2486 994 2551; x_wconf 88' lang='lat' dir='ltr'><strong>perficit.</strong></span> <span class='ocrx_word' id='word_1_234' title='bbox 1024 2487 1187 2539; x_wconf 83' lang='lat' dir='ltr'><strong>Porro</strong></span> <span class='ocrx_word' id='word_1_235' title='bbox 1212 2486 1448 2554; x_wconf 82' lang='lat' dir='ltr'><strong>quamvis</strong></span> <span class='ocrx_word' id='word_1_236' title='bbox 1478 2486 1608 2539; x_wconf 87' lang='lat' dir='ltr'><strong>dura</strong></span> <span class='ocrx_word' id='word_1_237' title='bbox 1629 2529 1644 2555; x_wconf 91' lang='lat'><strong>,</strong></span> <span class='ocrx_word' id='word_1_238' title='bbox 1675 2498 1891 2540; x_wconf 82' lang='lat' dir='ltr'><strong>contra-</strong></span> 
     </span>
    </p>
   </div>
   <div class='ocr_carea' id='block_1_33' title="bbox 321 2553 1889 2625">
    <p class='ocr_par' dir='ltr' id='par_1_33' title="bbox 321 2553 1889 2625">
     <span class='ocr_line' id='line_1_35' title="bbox 321 2553 1889 2625; baseline -0.001 -16"><span class='ocrx_word' id='word_1_239' title='bbox 321 2553 405 2609; x_wconf 88' lang='lat' dir='ltr'><strong>ria</strong></span> <span class='ocrx_word' id='word_1_240' title='bbox 426 2594 444 2619; x_wconf 93' lang='lat'><strong>,</strong></span> <span class='ocrx_word' id='word_1_241' title='bbox 480 2557 721 2625; x_wconf 76' lang='lat' dir='ltr'><strong>irrogata:</strong></span> <span class='ocrx_word' id='word_1_242' title='bbox 752 2556 989 2622; x_wconf 59' lang='lat' dir='ltr'><strong>injurias.</strong></span> <span class='ocrx_word' id='word_1_243' title='bbox 1020 2556 1084 2609; x_wconf 88' lang='lat' dir='ltr'><strong>ad</strong></span> <span class='ocrx_word' id='word_1_244' title='bbox 1130 2553 1267 2610; x_wconf 88' lang='lat' dir='ltr'><strong>idem</strong></span> <span class='ocrx_word' id='word_1_245' title='bbox 1313 2553 1711 2623; x_wconf 83' lang='lat' dir='ltr'><strong>significandum</strong></span> <span class='ocrx_word' id='word_1_246' title='bbox 1765 2573 1889 2623; x_wconf 85' lang='lat' dir='ltr'><strong>pro-</strong></span> 
     </span>
    </p>
   </div>
   <div class='ocr_carea' id='block_1_34' title="bbox 320 2628 1890 2696">
    <p class='ocr_par' dir='ltr' id='par_1_34' title="bbox 320 2628 1890 2696">
     <span class='ocr_line' id='line_1_36' title="bbox 320 2628 1890 2696; baseline 0.001 -17"><span class='ocrx_word' id='word_1_247' title='bbox 320 2629 533 2679; x_wconf 64' lang='lat' dir='ltr'><strong>rniscue</strong></span> <span class='ocrx_word' id='word_1_248' title='bbox 564 2641 938 2693; x_wconf 80' lang='lat' dir='ltr'><strong>nonnunquam</strong></span> <span class='ocrx_word' id='word_1_249' title='bbox 970 2637 1306 2691; x_wconf 83' lang='lat' dir='ltr'><strong>usurpentur,</strong></span> <span class='ocrx_word' id='word_1_250' title='bbox 1338 2629 1423 2681; x_wconf 92' lang='lat' dir='ltr'><strong>ltie</strong></span> <span class='ocrx_word' id='word_1_251' title='bbox 1468 2636 1644 2680; x_wconf 87' lang='lat' dir='ltr'><strong>tamen</strong></span> <span class='ocrx_word' id='word_1_252' title='bbox 1694 2628 1890 2696; x_wconf 89' lang='lat' dir='ltr'><strong>aliquid</strong></span> 
     </span>
    </p>
   </div>
   <div class='ocr_carea' id='block_1_35' title="bbox 320 2696 1895 2767">
    <p class='ocr_par' dir='ltr' id='par_1_35' title="bbox 320 2696 1895 2767">
     <span class='ocr_line' id='line_1_37' title="bbox 320 2696 1895 2767; baseline 0.001 -18"><span class='ocrx_word' id='word_1_253' title='bbox 320 2697 471 2750; x_wconf 83' lang='lat' dir='ltr'><strong>inter</strong></span> <span class='ocrx_word' id='word_1_254' title='bbox 497 2706 776 2762; x_wconf 90' lang='lat' dir='ltr'><strong>utrumque</strong></span> <span class='ocrx_word' id='word_1_255' title='bbox 805 2697 1125 2750; x_wconf 87' lang='lat' dir='ltr'><strong>discriminis</strong></span> <span class='ocrx_word' id='word_1_256' title='bbox 1155 2696 1427 2767; x_wconf 84' lang='lat' dir='ltr'><strong>proferunt</strong></span> <span class='ocrx_word' id='word_1_257' title='bbox 1450 2698 1648 2764; x_wconf 84' lang='lat' dir='ltr'><strong>antiqui</strong></span> <span class='ocrx_word' id='word_1_258' title='bbox 1678 2697 1895 2767; x_wconf 78' lang='lat' dir='ltr'><strong>Regula:</strong></span> 
     </span>
    </p>
   </div>
   <div class='ocr_carea' id='block_1_36' title="bbox 319 2767 1895 2836">
    <p class='ocr_par' dir='ltr' id='par_1_36' title="bbox 319 2767 1895 2836">
     <span class='ocr_line' id='line_1_38' title="bbox 319 2767 1895 2836; baseline 0.001 -15"><span class='ocrx_word' id='word_1_259' title='bbox 319 2774 795 2821; x_wconf 82' lang='lat' dir='ltr'><strong>commentatores.</strong></span> <span class='ocrx_word' id='word_1_260' title='bbox 832 2767 1160 2829; x_wconf 82' lang='lat' dir='ltr'><strong>llildetnaro,</strong></span> <span class='ocrx_word' id='word_1_261' title='bbox 1200 2785 1217 2817; x_wconf 84' lang='lat' dir='ltr'><strong>t</strong></span> <span class='ocrx_word' id='word_1_262' title='bbox 1263 2770 1394 2822; x_wconf 88' lang='lat' dir='ltr'><strong>dura</strong></span> <span class='ocrx_word' id='word_1_263' title='bbox 1420 2777 1544 2822; x_wconf 90' lang='lat' dir='ltr'><strong>sunt</strong></span> <span class='ocrx_word' id='word_1_264' title='bbox 1570 2769 1657 2821; x_wconf 90' lang='lat' dir='ltr'><strong>illa</strong></span> <span class='ocrx_word' id='word_1_265' title='bbox 1684 2785 1801 2836; x_wconf 68' lang='lat' dir='ltr'><strong>quae</strong></span> <span class='ocrx_word' id='word_1_266' title='bbox 1826 2769 1895 2822; x_wconf 87' lang='lat' dir='ltr'><strong>ad</strong></span> 
     </span>
    </p>
   </div>
   <div class='ocr_carea' id='block_1_37' title="bbox 324 2836 1892 2908">
    <p class='ocr_par' dir='ltr' id='par_1_37' title="bbox 324 2836 1892 2908">
     <span class='ocr_line' id='line_1_39' title="bbox 324 2836 1892 2908; baseline 0.002 -19"><span class='ocrx_word' id='word_1_267' title='bbox 324 2836 605 2908; x_wconf 81' lang='lat' dir='ltr'><strong>materiam</strong></span> <span class='ocrx_word' id='word_1_268' title='bbox 633 2839 704 2890; x_wconf 85' lang='lat' dir='ltr'><strong>rei</strong></span> <span class='ocrx_word' id='word_1_269' title='bbox 729 2839 953 2891; x_wconf 85' lang='lat' dir='ltr'><strong>attinent</strong></span> <span class='ocrx_word' id='word_1_270' title='bbox 973 2879 987 2897; x_wconf 82' lang='lat'><strong>.</strong></span> <span class='ocrx_word' id='word_1_271' title='bbox 1009 2836 1153 2891; x_wconf 84' lang='lat' dir='ltr'><strong>verbi</strong></span> <span class='ocrx_word' id='word_1_272' title='bbox 1177 2838 1344 2906; x_wconf 85' lang='lat' dir='ltr'><strong>gratia</strong></span> <span class='ocrx_word' id='word_1_273' title='bbox 1366 2880 1381 2904; x_wconf 93' lang='lat'><strong>,</strong></span> <span class='ocrx_word' id='word_1_274' title='bbox 1408 2838 1561 2893; x_wconf 88' lang='lat' dir='ltr'><strong>sicuti</strong></span> <span class='ocrx_word' id='word_1_275' title='bbox 1584 2850 1664 2893; x_wconf 84' lang='lat' dir='ltr'><strong>est</strong></span> <span class='ocrx_word' id='word_1_276' title='bbox 1693 2848 1892 2908; x_wconf 85' lang='lat' dir='ltr'><strong>petram</strong></span> 
     </span>
    </p>
   </div>
   <div class='ocr_carea' id='block_1_38' title="bbox 327 2907 1891 2979">
    <p class='ocr_par' dir='ltr' id='par_1_38' title="bbox 327 2907 1891 2979">
     <span class='ocr_line' id='line_1_40' title="bbox 327 2907 1891 2979; baseline 0.002 -18"><span class='ocrx_word' id='word_1_277' title='bbox 327 2907 538 2979; x_wconf 85' lang='lat' dir='ltr'><strong>levare,</strong></span> <span class='ocrx_word' id='word_1_278' title='bbox 584 2918 673 2959; x_wconf 88' lang='lat' dir='ltr'><strong>aut</strong></span> <span class='ocrx_word' id='word_1_279' title='bbox 720 2908 911 2979; x_wconf 81' lang='lat' dir='ltr'><strong>aliquid</strong></span> <span class='ocrx_word' id='word_1_280' title='bbox 949 2909 1219 2979; x_wconf 66' lang='lat' dir='ltr'><strong>immensae</strong></span> <span class='ocrx_word' id='word_1_281' title='bbox 1259 2909 1632 2977; x_wconf 79' lang='lat' dir='ltr'><strong>magnitudinis</strong></span> <span class='ocrx_word' id='word_1_282' title='bbox 1679 2907 1891 2979; x_wconf 84' lang='lat' dir='ltr'><strong>portare</strong></span> 
     </span>
    </p>
   </div>
   <div class='ocr_carea' id='block_1_39' title="bbox 321 2977 1895 3046">
    <p class='ocr_par' dir='ltr' id='par_1_39' title="bbox 321 2977 1895 3046">
     <span class='ocr_line' id='line_1_41' title="bbox 321 2977 1895 3046; baseline 0.001 -16"><span class='ocrx_word' id='word_1_283' title='bbox 321 2978 415 3031; x_wconf 82' lang='lat' dir='ltr'><strong>vel</strong></span> <span class='ocrx_word' id='word_1_284' title='bbox 442 2993 620 3046; x_wconf 86' lang='lat' dir='ltr'><strong>agere.</strong></span> <span class='ocrx_word' id='word_1_285' title='bbox 673 2997 690 3027; x_wconf 74' lang='grc' dir='ltr'><strong><em>ι</em></strong></span> <span class='ocrx_word' id='word_1_286' title='bbox 735 2977 875 3032; x_wconf 87' lang='lat' dir='ltr'><strong>Idem</strong></span> <span class='ocrx_word' id='word_1_287' title='bbox 922 2980 1114 3033; x_wconf 88' lang='lat' dir='ltr'><strong>docent</strong></span> <span class='ocrx_word' id='word_1_288' title='bbox 1158 2978 1455 3033; x_wconf 89' lang='lat' dir='ltr'><strong>Bernardtis</strong></span> <span class='ocrx_word' id='word_1_289' title='bbox 1484 2977 1814 3033; x_wconf 83' lang='lat' dir='ltr'><strong>Cassinensis</strong></span> <span class='ocrx_word' id='word_1_290' title='bbox 1842 2991 1895 3034; x_wconf 92' lang='lat' dir='ltr'><strong>et</strong></span> 
     </span>
    </p>
   </div>
   <div class='ocr_carea' id='block_1_40' title="bbox 326 3046 1898 3119">
    <p class='ocr_par' dir='ltr' id='par_1_40' title="bbox 326 3046 1898 3119">
     <span class='ocr_line' id='line_1_42' title="bbox 326 3046 1898 3119; baseline 0.001 -17"><span class='ocrx_word' id='word_1_291' title='bbox 326 3046 1051 3119; x_wconf 37' lang='lat' dir='ltr'><strong>Boberiusa&#39;l‘itrrecremata</strong></span> <span class='ocrx_word' id='word_1_292' title='bbox 1081 3065 1207 3103; x_wconf 88' lang='lat' dir='ltr'><strong>vero</strong></span> <span class='ocrx_word' id='word_1_293' title='bbox 1233 3052 1360 3103; x_wconf 89' lang='lat' dir='ltr'><strong>dura</strong></span> <span class='ocrx_word' id='word_1_294' title='bbox 1393 3051 1632 3119; x_wconf 75' lang='lat' dir='ltr'><strong>intelligit</strong></span> <span class='ocrx_word' id='word_1_295' title='bbox 1661 3066 1749 3105; x_wconf 92' lang='lat' dir='ltr'><strong>res</strong></span> <span class='ocrx_word' id='word_1_296' title='bbox 1777 3065 1898 3119; x_wconf 59' lang='lat' dir='ltr'><strong>gra-</strong></span> 
     </span>
    </p>
   </div>
   <div class='ocr_carea' id='block_1_41' title="bbox 325 3118 1899 3190">
    <p class='ocr_par' dir='ltr' id='par_1_41' title="bbox 325 3118 1899 3190">
     <span class='ocr_line' id='line_1_43' title="bbox 325 3118 1899 3190; baseline 0.003 -20"><span class='ocrx_word' id='word_1_297' title='bbox 325 3133 427 3173; x_wconf 82' lang='lat' dir='ltr'><strong>ves</strong></span> <span class='ocrx_word' id='word_1_298' title='bbox 457 3130 507 3171; x_wconf 89' lang='lat' dir='ltr'><strong>et</strong></span> <span class='ocrx_word' id='word_1_299' title='bbox 534 3118 782 3190; x_wconf 84' lang='lat' dir='ltr'><strong>difficiles</strong></span> <span class='ocrx_word' id='word_1_300' title='bbox 808 3120 872 3172; x_wconf 84' lang='lat' dir='ltr'><strong>ad</strong></span> <span class='ocrx_word' id='word_1_301' title='bbox 900 3120 1288 3188; x_wconf 79' lang='lat' dir='ltr'><strong>exsequendum</strong></span> <span class='ocrx_word' id='word_1_302' title='bbox 1327 3139 1338 3172; x_wconf 87' lang='lat'>:</span> <span class='ocrx_word' id='word_1_303' title='bbox 1371 3121 1448 3175; x_wconf 91' lang='lat' dir='ltr'><strong>sic</strong></span> <span class='ocrx_word' id='word_1_304' title='bbox 1478 3118 1724 3174; x_wconf 86' lang='lat' dir='ltr'><strong>nimirum</strong></span> <span class='ocrx_word' id='word_1_305' title='bbox 1755 3118 1899 3190; x_wconf 78' lang='lat' dir='ltr'><strong>leges</strong></span> 
     </span>
    </p>
   </div>
   <div class='ocr_carea' id='block_1_42' title="bbox 1983 505 3550 576">
    <p class='ocr_par' dir='ltr' id='par_1_42' title="bbox 1983 505 3550 576">
     <span class='ocr_line' id='line_1_44' title="bbox 1983 505 3550 576; baseline -0.001 -15"><span class='ocrx_word' id='word_1_306' title='bbox 1983 505 2299 565; x_wconf 74' lang='lat' dir='ltr'><strong>destinatur.</strong></span> <span class='ocrx_word' id='word_1_307' title='bbox 2338 527 2357 559; x_wconf 75' lang='grc' dir='ltr'><strong><em>ι</em></strong></span> <span class='ocrx_word' id='word_1_308' title='bbox 2405 508 2540 562; x_wconf 87' lang='lat' dir='ltr'><strong>Hinc</strong></span> <span class='ocrx_word' id='word_1_309' title='bbox 2586 510 2749 562; x_wconf 88' lang='lat' dir='ltr'><strong>abbas</strong></span> <span class='ocrx_word' id='word_1_310' title='bbox 2795 505 3079 562; x_wconf 73' lang='lat' dir='ltr'><strong>Zacharias</strong></span> <span class='ocrx_word' id='word_1_311' title='bbox 3126 505 3412 576; x_wconf 75' lang='lat' dir='ltr'><strong>projectum</strong></span> <span class='ocrx_word' id='word_1_312' title='bbox 3451 507 3550 560; x_wconf 84' lang='lat' dir='ltr'><strong>sub</strong></span> 
     </span>
    </p>
   </div>
   <div class='ocr_carea' id='block_1_43' title="bbox 1984 578 3551 646">
    <p class='ocr_par' dir='ltr' id='par_1_43' title="bbox 1984 578 3551 646">
     <span class='ocr_line' id='line_1_45' title="bbox 1984 578 3551 646; baseline -0.002 -14"><span class='ocrx_word' id='word_1_313' title='bbox 1984 578 2204 646; x_wconf 81' lang='lat' dir='ltr'><strong>pedibus</strong></span> <span class='ocrx_word' id='word_1_314' title='bbox 2243 579 2503 633; x_wconf 88' lang='lat' dir='ltr'><strong>cucullam</strong></span> <span class='ocrx_word' id='word_1_315' title='bbox 2534 581 2851 633; x_wconf 87' lang='lat' dir='ltr'><strong>conculcans</strong></span> <span class='ocrx_word' id='word_1_316' title='bbox 2871 578 3087 634; x_wconf 85' lang='lat' dir='ltr'><strong>dicebat</strong></span> <span class='ocrx_word' id='word_1_317' title='bbox 3126 596 3138 630; x_wconf 90' lang='lat'>:</span> <span class='ocrx_word' id='word_1_318' title='bbox 3184 578 3294 632; x_wconf 72' lang='lat' dir='ltr'><strong>Nisi</strong></span> <span class='ocrx_word' id='word_1_319' title='bbox 3324 580 3390 631; x_wconf 88' lang='lat' dir='ltr'><strong>ita</strong></span> <span class='ocrx_word' id='word_1_320' title='bbox 3422 594 3551 631; x_wconf 89' lang='lat' dir='ltr'><strong>cou-</strong></span> 
     </span>
    </p>
   </div>
   <div class='ocr_carea' id='block_1_44' title="bbox 1983 649 3549 715">
    <p class='ocr_par' dir='ltr' id='par_1_44' title="bbox 1983 649 3549 715">
     <span class='ocr_line' id='line_1_46' title="bbox 1983 649 3549 715; baseline -0.001 -13"><span class='ocrx_word' id='word_1_321' title='bbox 1983 650 2218 705; x_wconf 88' lang='lat' dir='ltr'><strong>culcatus</strong></span> <span class='ocrx_word' id='word_1_322' title='bbox 2269 650 2428 704; x_wconf 90' lang='lat' dir='ltr'><strong>fuerit</strong></span> <span class='ocrx_word' id='word_1_323' title='bbox 2473 649 2654 713; x_wconf 88' lang='lat' dir='ltr'><strong>homo,</strong></span> <span class='ocrx_word' id='word_1_324' title='bbox 2703 665 2805 704; x_wconf 93' lang='lat' dir='ltr'><strong>non</strong></span> <span class='ocrx_word' id='word_1_325' title='bbox 2854 660 3025 715; x_wconf 82' lang='lat' dir='ltr'><strong>potest</strong></span> <span class='ocrx_word' id='word_1_326' title='bbox 3069 663 3187 703; x_wconf 90' lang='lat' dir='ltr'><strong>esse</strong></span> <span class='ocrx_word' id='word_1_327' title='bbox 3236 652 3549 702; x_wconf 85' lang='lat' dir='ltr'><strong>titonaclttts.</strong></span> 
     </span>
    </p>
   </div>
   <div class='ocr_carea' id='block_1_45' title="bbox 1984 719 3549 788">
    <p class='ocr_par' dir='ltr' id='par_1_45' title="bbox 1984 719 3549 788">
     <span class='ocr_line' id='line_1_47' title="bbox 1984 719 3549 788; baseline -0.003 -14"><span class='ocrx_word' id='word_1_328' title='bbox 1984 720 2119 774; x_wconf 86' lang='lat' dir='ltr'><strong>Hinc</strong></span> <span class='ocrx_word' id='word_1_329' title='bbox 2148 719 2205 775; x_wconf 86' lang='lat' dir='ltr'><strong>S.</strong></span> <span class='ocrx_word' id='word_1_330' title='bbox 2239 720 2352 788; x_wconf 91' lang='lat' dir='ltr'><strong>ipse</strong></span> <span class='ocrx_word' id='word_1_331' title='bbox 2385 720 2699 774; x_wconf 81' lang='lat' dir='ltr'><strong>Benedictus</strong></span> <span class='ocrx_word' id='word_1_332' title='bbox 2723 720 2936 774; x_wconf 77' lang='lat' dir='ltr'><strong>venient</strong></span> <span class='ocrx_word' id='word_1_333' title='bbox 2956 736 3021 772; x_wconf 23' lang='lat' dir='ltr'><strong>tm</strong></span> <span class='ocrx_word' id='word_1_334' title='bbox 3050 722 3115 771; x_wconf 87' lang='lat' dir='ltr'><strong>ad</strong></span> <span class='ocrx_word' id='word_1_335' title='bbox 3144 722 3549 774; x_wconf 84' lang='lat' dir='ltr'><strong>conversionem</strong></span> 
     </span>
    </p>
   </div>
   <div class='ocr_carea' id='block_1_46' title="bbox 1984 790 3554 860">
    <p class='ocr_par' dir='ltr' id='par_1_46' title="bbox 1984 790 3554 860">
     <span class='ocr_line' id='line_1_48' title="bbox 1984 790 3554 860; baseline -0.003 -17"><span class='ocrx_word' id='word_1_336' title='bbox 1984 790 2195 860; x_wconf 80' lang='lat' dir='ltr'><strong>injuriis</strong></span> <span class='ocrx_word' id='word_1_337' title='bbox 2234 792 2412 860; x_wconf 86' lang='lat' dir='ltr'><strong>appeti</strong></span> <span class='ocrx_word' id='word_1_338' title='bbox 2454 792 2653 853; x_wconf 85' lang='lat' dir='ltr'><strong>voluit,</strong></span> <span class='ocrx_word' id='word_1_339' title='bbox 2698 806 2794 844; x_wconf 89' lang='lat' dir='ltr'><strong>nec</strong></span> <span class='ocrx_word' id='word_1_340' title='bbox 2825 801 2946 844; x_wconf 87' lang='lat' dir='ltr'><strong>ante</strong></span> <span class='ocrx_word' id='word_1_341' title='bbox 2987 790 3187 844; x_wconf 85' lang='lat' dir='ltr'><strong>admitti</strong></span> <span class='ocrx_word' id='word_1_342' title='bbox 3240 792 3292 843; x_wconf 91' lang='lat' dir='ltr'><strong>in</strong></span> <span class='ocrx_word' id='word_1_343' title='bbox 3322 792 3554 845; x_wconf 74' lang='lat' dir='ltr'><strong>claustro</strong></span> 
     </span>
    </p>
   </div>
   <div class='ocr_carea' id='block_1_47' title="bbox 1988 861 3555 929">
    <p class='ocr_par' dir='ltr' id='par_1_47' title="bbox 1988 861 3555 929">
     <span class='ocr_line' id='line_1_49' title="bbox 1988 861 3555 929; baseline 0 -15"><span class='ocrx_word' id='word_1_344' title='bbox 1988 861 2301 915; x_wconf 82' lang='lat' dir='ltr'><strong>monasterii</strong></span> <span class='ocrx_word' id='word_1_345' title='bbox 2350 877 2508 929; x_wconf 88' lang='lat' dir='ltr'><strong>quam</strong></span> <span class='ocrx_word' id='word_1_346' title='bbox 2561 862 2819 928; x_wconf 83' lang='lat' dir='ltr'><strong>irrogatas</strong></span> <span class='ocrx_word' id='word_1_347' title='bbox 2872 862 2971 914; x_wconf 87' lang='lat' dir='ltr'><strong>sibi</strong></span> <span class='ocrx_word' id='word_1_348' title='bbox 3027 861 3244 927; x_wconf 86' lang='lat' dir='ltr'><strong>injurias</strong></span> <span class='ocrx_word' id='word_1_349' title='bbox 3294 873 3555 929; x_wconf 70' lang='lat' dir='ltr'><strong>patienter</strong></span> 
     </span>
    </p>
   </div>
   <div class='ocr_carea' id='block_1_48' title="bbox 1986 931 3548 998">
    <p class='ocr_par' dir='ltr' id='par_1_48' title="bbox 1986 931 3548 998">
     <span class='ocr_line' id='line_1_50' title="bbox 1986 931 3548 998; baseline -0.003 -13"><span class='ocrx_word' id='word_1_350' title='bbox 1986 931 2208 987; x_wconf 81' lang='lat' dir='ltr'><strong>sufferre</strong></span> <span class='ocrx_word' id='word_1_351' title='bbox 2252 936 2395 985; x_wconf 88' lang='lat' dir='ltr'><strong>visus</strong></span> <span class='ocrx_word' id='word_1_352' title='bbox 2427 934 2612 992; x_wconf 85' lang='lat' dir='ltr'><strong>fuerit;</strong></span> <span class='ocrx_word' id='word_1_353' title='bbox 2645 932 2878 986; x_wconf 88' lang='lat' dir='ltr'><strong>admisso</strong></span> <span class='ocrx_word' id='word_1_354' title='bbox 2907 933 3085 985; x_wconf 87' lang='lat' dir='ltr'><strong>omnia</strong></span> <span class='ocrx_word' id='word_1_355' title='bbox 3111 932 3239 985; x_wconf 85' lang='lat' dir='ltr'><strong>dura</strong></span> <span class='ocrx_word' id='word_1_356' title='bbox 3280 944 3333 985; x_wconf 92' lang='lat' dir='ltr'><strong>et</strong></span> <span class='ocrx_word' id='word_1_357' title='bbox 3358 947 3548 998; x_wconf 86' lang='lat' dir='ltr'><strong>aspera</strong></span> 
     </span>
    </p>
   </div>
   <div class='ocr_carea' id='block_1_49' title="bbox 1989 1002 3556 1071">
    <p class='ocr_par' dir='ltr' id='par_1_49' title="bbox 1989 1002 3556 1071">
     <span class='ocr_line' id='line_1_51' title="bbox 1989 1002 3556 1071; baseline -0.002 -15"><span class='ocrx_word' id='word_1_358' title='bbox 1989 1002 2262 1071; x_wconf 72' lang='lat' dir='ltr'><strong>pra-dicari</strong></span> <span class='ocrx_word' id='word_1_359' title='bbox 2285 1044 2298 1062; x_wconf 87' lang='lat'><strong>.</strong></span> <span class='ocrx_word' id='word_1_360' title='bbox 2332 1018 2559 1069; x_wconf 85' lang='lat' dir='ltr'><strong>eumque</strong></span> <span class='ocrx_word' id='word_1_361' title='bbox 2585 1004 2637 1057; x_wconf 90' lang='lat' dir='ltr'><strong>in</strong></span> <span class='ocrx_word' id='word_1_362' title='bbox 2664 1005 2809 1056; x_wconf 91' lang='lat' dir='ltr'><strong>omni</strong></span> <span class='ocrx_word' id='word_1_363' title='bbox 2841 1003 3090 1070; x_wconf 90' lang='lat' dir='ltr'><strong>patientia</strong></span> <span class='ocrx_word' id='word_1_364' title='bbox 3121 1003 3349 1070; x_wconf 85' lang='lat' dir='ltr'><strong>probari.</strong></span> <span class='ocrx_word' id='word_1_365' title='bbox 3384 1005 3425 1055; x_wconf 81' lang='grc' dir='ltr'>Α</span> <span class='ocrx_word' id='word_1_366' title='bbox 3453 1016 3556 1070; x_wconf 89' lang='lat' dir='ltr'><strong>qua</strong></span> 
     </span>
    </p>
   </div>
   <div class='ocr_carea' id='block_1_50' title="bbox 1987 1073 3557 1143">
    <p class='ocr_par' dir='ltr' id='par_1_50' title="bbox 1987 1073 3557 1143">
     <span class='ocr_line' id='line_1_52' title="bbox 1987 1073 3557 1143; baseline -0.003 -16"><span class='ocrx_word' id='word_1_367' title='bbox 1987 1074 2103 1143; x_wconf 85' lang='lat' dir='ltr'><strong>lege</strong></span> <span class='ocrx_word' id='word_1_368' title='bbox 2145 1089 2242 1128; x_wconf 90' lang='lat' dir='ltr'><strong>nec</strong></span> <span class='ocrx_word' id='word_1_369' title='bbox 2286 1076 2431 1142; x_wconf 87' lang='lat' dir='ltr'><strong>ipsos</strong></span> <span class='ocrx_word' id='word_1_370' title='bbox 2473 1084 2701 1143; x_wconf 71' lang='lat' dir='ltr'><strong>:egrotos</strong></span> <span class='ocrx_word' id='word_1_371' title='bbox 2748 1082 2836 1126; x_wconf 89' lang='lat' dir='ltr'><strong>aut</strong></span> <span class='ocrx_word' id='word_1_372' title='bbox 2885 1073 3229 1126; x_wconf 90' lang='lat' dir='ltr'><strong>moribundos</strong></span> <span class='ocrx_word' id='word_1_373' title='bbox 3270 1073 3557 1140; x_wconf 75' lang='lat' dir='ltr'><strong>aliquando</strong></span> 
     </span>
    </p>
   </div>
   <div class='ocr_carea' id='block_1_51' title="bbox 1987 1143 3554 1212">
    <p class='ocr_par' dir='ltr' id='par_1_51' title="bbox 1987 1143 3554 1212">
     <span class='ocr_line' id='line_1_53' title="bbox 1987 1143 3554 1212; baseline -0.003 -15"><span class='ocrx_word' id='word_1_374' title='bbox 1987 1144 2297 1206; x_wconf 79' lang='lat' dir='ltr'><strong>solvebant;</strong></span> <span class='ocrx_word' id='word_1_375' title='bbox 2328 1144 2478 1211; x_wconf 85' lang='lat' dir='ltr'><strong>cujus</strong></span> <span class='ocrx_word' id='word_1_376' title='bbox 2510 1145 2584 1198; x_wconf 89' lang='lat' dir='ltr'><strong>rei</strong></span> <span class='ocrx_word' id='word_1_377' title='bbox 2616 1144 2821 1212; x_wconf 83' lang='lat' dir='ltr'><strong>insigne</strong></span> <span class='ocrx_word' id='word_1_378' title='bbox 2860 1144 3118 1198; x_wconf 81' lang='lat' dir='ltr'><strong>habemus</strong></span> <span class='ocrx_word' id='word_1_379' title='bbox 3158 1145 3458 1210; x_wconf 77' lang='lat' dir='ltr'><strong>exemplum</strong></span> <span class='ocrx_word' id='word_1_380' title='bbox 3504 1143 3554 1194; x_wconf 92' lang='lat' dir='ltr'><strong>iu</strong></span> 
     </span>
    </p>
   </div>
   <div class='ocr_carea' id='block_1_52' title="bbox 1994 1214 3556 1284">
    <p class='ocr_par' dir='ltr' id='par_1_52' title="bbox 1994 1214 3556 1284">
     <span class='ocr_line' id='line_1_54' title="bbox 1994 1214 3556 1284; baseline -0.004 -16"><span class='ocrx_word' id='word_1_381' title='bbox 1994 1214 2109 1268; x_wconf 80' lang='lat' dir='ltr'><strong>Vita</strong></span> <span class='ocrx_word' id='word_1_382' title='bbox 2141 1216 2197 1270; x_wconf 68' lang='grc' dir='ltr'><strong>ἓ.</strong></span> <span class='ocrx_word' id='word_1_383' title='bbox 2235 1215 2485 1269; x_wconf 84' lang='lat' dir='ltr'><strong>Berttarili</strong></span> <span class='ocrx_word' id='word_1_384' title='bbox 2529 1214 2667 1284; x_wconf 86' lang='lat' dir='ltr'><strong>(Lib.</strong></span> <span class='ocrx_word' id='word_1_385' title='bbox 2711 1230 2814 1278; x_wconf 83' lang='lat' dir='ltr'><strong>vn,</strong></span> <span class='ocrx_word' id='word_1_386' title='bbox 2846 1232 2959 1281; x_wconf 84' lang='lat' dir='ltr'><strong>cap.</strong></span> <span class='ocrx_word' id='word_1_387' title='bbox 2990 1214 3106 1279; x_wconf 73' lang='lat'><strong>‘26),</strong></span> <span class='ocrx_word' id='word_1_388' title='bbox 3138 1217 3222 1283; x_wconf 88' lang='lat' dir='ltr'><strong>qui</strong></span> <span class='ocrx_word' id='word_1_389' title='bbox 3249 1218 3475 1280; x_wconf 88' lang='lat' dir='ltr'><strong>positum</strong></span> <span class='ocrx_word' id='word_1_390' title='bbox 3506 1214 3556 1264; x_wconf 86' lang='lat' dir='ltr'><strong>iu</strong></span> 
     </span>
    </p>
   </div>
   <div class='ocr_carea' id='block_1_53' title="bbox 1990 1284 3559 1354">
    <p class='ocr_par' dir='ltr' id='par_1_53' title="bbox 1990 1284 3559 1354">
     <span class='ocr_line' id='line_1_55' title="bbox 1990 1284 3559 1354; baseline -0.003 -14"><span class='ocrx_word' id='word_1_391' title='bbox 1990 1285 2245 1340; x_wconf 67' lang='lat' dir='ltr'><strong>cxtiemis</strong></span> <span class='ocrx_word' id='word_1_392' title='bbox 2265 1287 2546 1354; x_wconf 82' lang='lat' dir='ltr'><strong>quemdam</strong></span> <span class='ocrx_word' id='word_1_393' title='bbox 2572 1291 2788 1339; x_wconf 87' lang='lat' dir='ltr'><strong>fratrem</strong></span> <span class='ocrx_word' id='word_1_394' title='bbox 2815 1299 3128 1339; x_wconf 79' lang='lat' dir='ltr'><strong>conversum</strong></span> <span class='ocrx_word' id='word_1_395' title='bbox 3158 1284 3559 1337; x_wconf 79' lang='lat' dir='ltr'><strong>Clarevalleusis</strong></span> 
     </span>
    </p>
   </div>
   <div class='ocr_carea' id='block_1_54' title="bbox 1993 1354 3555 1424">
    <p class='ocr_par' dir='ltr' id='par_1_54' title="bbox 1993 1354 3555 1424">
     <span class='ocr_line' id='line_1_56' title="bbox 1993 1354 3555 1424; baseline -0.003 -15"><span class='ocrx_word' id='word_1_396' title='bbox 1993 1358 2330 1420; x_wconf 86' lang='lat' dir='ltr'><strong>monasterii,</strong></span> <span class='ocrx_word' id='word_1_397' title='bbox 2366 1356 2534 1410; x_wconf 82' lang='lat' dir='ltr'><strong>virum</strong></span> <span class='ocrx_word' id='word_1_398' title='bbox 2564 1360 2714 1410; x_wconf 66' lang='lat' dir='ltr'><strong>mirae</strong></span> <span class='ocrx_word' id='word_1_399' title='bbox 2742 1356 3098 1424; x_wconf 82' lang='lat' dir='ltr'><strong>simplicitatis</strong></span> <span class='ocrx_word' id='word_1_400' title='bbox 3125 1365 3178 1408; x_wconf 91' lang='lat' dir='ltr'><strong>et</strong></span> <span class='ocrx_word' id='word_1_401' title='bbox 3213 1354 3555 1416; x_wconf 66' lang='lat' dir='ltr'><strong>innocentiae,</strong></span> 
     </span>
    </p>
   </div>
   <div class='ocr_carea' id='block_1_55' title="bbox 1993 1424 3561 1494">
    <p class='ocr_par' dir='ltr' id='par_1_55' title="bbox 1993 1424 3561 1494">
     <span class='ocr_line' id='line_1_57' title="bbox 1993 1424 3561 1494; baseline -0.003 -15"><span class='ocrx_word' id='word_1_402' title='bbox 1993 1428 2062 1481; x_wconf 92' lang='lat' dir='ltr'><strong>de</strong></span> <span class='ocrx_word' id='word_1_403' title='bbox 2103 1429 2342 1494; x_wconf 77' lang='lat' dir='ltr'><strong>proxime</strong></span> <span class='ocrx_word' id='word_1_404' title='bbox 2388 1428 2487 1480; x_wconf 86' lang='lat' dir='ltr'><strong>sibi</strong></span> <span class='ocrx_word' id='word_1_405' title='bbox 2533 1428 2870 1480; x_wconf 84' lang='lat' dir='ltr'><strong>retribttenda</strong></span> <span class='ocrx_word' id='word_1_406' title='bbox 2912 1424 3075 1493; x_wconf 74' lang='lat' dir='ltr'><strong>gloria</strong></span> <span class='ocrx_word' id='word_1_407' title='bbox 3105 1440 3283 1479; x_wconf 87' lang='lat' dir='ltr'><strong>coram</strong></span> <span class='ocrx_word' id='word_1_408' title='bbox 3313 1424 3561 1478; x_wconf 87' lang='lat' dir='ltr'><strong>omnibus</strong></span> 
     </span>
    </p>
   </div>
   <div class='ocr_carea' id='block_1_56' title="bbox 1994 1496 3554 1565">
    <p class='ocr_par' dir='ltr' id='par_1_56' title="bbox 1994 1496 3554 1565">
     <span class='ocr_line' id='line_1_58' title="bbox 1994 1496 3554 1565; baseline -0.003 -15"><span class='ocrx_word' id='word_1_409' title='bbox 1994 1497 2354 1565; x_wconf 72' lang='lat' dir='ltr'><strong>prmfidenteiu</strong></span> <span class='ocrx_word' id='word_1_410' title='bbox 2374 1537 2389 1561; x_wconf 93' lang='lat'><strong>,</strong></span> <span class='ocrx_word' id='word_1_411' title='bbox 2418 1499 2485 1550; x_wconf 87' lang='lat' dir='ltr'><strong>iti</strong></span> <span class='ocrx_word' id='word_1_412' title='bbox 2514 1497 2741 1551; x_wconf 74' lang='lat' dir='ltr'><strong>adorsus</strong></span> <span class='ocrx_word' id='word_1_413' title='bbox 2766 1498 2954 1563; x_wconf 84' lang='lat' dir='ltr'><strong>legitur</strong></span> <span class='ocrx_word' id='word_1_414' title='bbox 2984 1514 2996 1548; x_wconf 91' lang='lat'>:</span> <span class='ocrx_word' id='word_1_415' title='bbox 3027 1515 3045 1546; x_wconf 81' lang='lat' dir='ltr'><strong>t</strong></span> <span class='ocrx_word' id='word_1_416' title='bbox 3077 1496 3237 1563; x_wconf 86' lang='lat' dir='ltr'><strong>Signa</strong></span> <span class='ocrx_word' id='word_1_417' title='bbox 3266 1512 3358 1549; x_wconf 90' lang='lat' dir='ltr'><strong>cor</strong></span> <span class='ocrx_word' id='word_1_418' title='bbox 3390 1506 3554 1553; x_wconf 86' lang='lat' dir='ltr'><strong>tuum.</strong></span> 
     </span>
    </p>
   </div>
   <div class='ocr_carea' id='block_1_57' title="bbox 1994 1565 3561 1639">
    <p class='ocr_par' dir='ltr' id='par_1_57' title="bbox 1994 1565 3561 1639">
     <span class='ocr_line' id='line_1_59' title="bbox 1994 1565 3561 1639; baseline -0.004 -18"><span class='ocrx_word' id='word_1_419' title='bbox 1994 1571 2175 1630; x_wconf 81' lang='lat' dir='ltr'><strong>frater,</strong></span> <span class='ocrx_word' id='word_1_420' title='bbox 2209 1569 2371 1639; x_wconf 14' lang='lat' dir='ltr'><strong>signa,</strong></span> <span class='ocrx_word' id='word_1_421' title='bbox 2395 1583 2487 1621; x_wconf 91' lang='lat' dir='ltr'><strong>cor</strong></span> <span class='ocrx_word' id='word_1_422' title='bbox 2514 1577 2657 1621; x_wconf 89' lang='lat' dir='ltr'><strong>tuum</strong></span> <span class='ocrx_word' id='word_1_423' title='bbox 2707 1584 2720 1622; x_wconf 91' lang='lat'><strong>:</strong></span> <span class='ocrx_word' id='word_1_424' title='bbox 2766 1568 2887 1638; x_wconf 90' lang='lat' dir='ltr'><strong>quid</strong></span> <span class='ocrx_word' id='word_1_425' title='bbox 2928 1576 3011 1621; x_wconf 83' lang='lat' dir='ltr'><strong>est</strong></span> <span class='ocrx_word' id='word_1_426' title='bbox 3053 1568 3189 1635; x_wconf 88' lang='lat' dir='ltr'><strong>quod</strong></span> <span class='ocrx_word' id='word_1_427' title='bbox 3220 1567 3426 1639; x_wconf 89' lang='lat' dir='ltr'><strong>locutus</strong></span> <span class='ocrx_word' id='word_1_428' title='bbox 3462 1565 3561 1618; x_wconf 77' lang='lat' dir='ltr'><strong>es?</strong></span> 
     </span>
    </p>
   </div>
   <div class='ocr_carea' id='block_1_58' title="bbox 1995 1638 3563 1706">
    <p class='ocr_par' dir='ltr' id='par_1_58' title="bbox 1995 1638 3563 1706">
     <span class='ocr_line' id='line_1_60' title="bbox 1995 1638 3563 1706; baseline -0.004 -13"><span class='ocrx_word' id='word_1_429' title='bbox 1995 1639 2133 1693; x_wconf 88' lang='lat' dir='ltr'><strong>unde</strong></span> <span class='ocrx_word' id='word_1_430' title='bbox 2170 1638 2273 1693; x_wconf 85' lang='lat' dir='ltr'><strong>tibi</strong></span> <span class='ocrx_word' id='word_1_431' title='bbox 2297 1638 2584 1706; x_wconf 87' lang='lat' dir='ltr'><strong>subrepere</strong></span> <span class='ocrx_word' id='word_1_432' title='bbox 2621 1640 2789 1705; x_wconf 89' lang='lat' dir='ltr'><strong>potuit</strong></span> <span class='ocrx_word' id='word_1_433' title='bbox 2819 1648 2976 1691; x_wconf 68' lang='lat' dir='ltr'><strong>tautae</strong></span> <span class='ocrx_word' id='word_1_434' title='bbox 3002 1638 3431 1705; x_wconf 62' lang='lat' dir='ltr'><strong>prmsumptionis</strong></span> <span class='ocrx_word' id='word_1_435' title='bbox 3468 1652 3563 1687; x_wconf 88' lang='lat' dir='ltr'><strong>au-</strong></span> 
     </span>
    </p>
   </div>
   <div class='ocr_carea' id='block_1_59' title="bbox 1996 1709 3565 1777">
    <p class='ocr_par' dir='ltr' id='par_1_59' title="bbox 1996 1709 3565 1777">
     <span class='ocr_line' id='line_1_61' title="bbox 1996 1709 3565 1777; baseline -0.002 -13"><span class='ocrx_word' id='word_1_436' title='bbox 1996 1710 2177 1764; x_wconf 80' lang='lat' dir='ltr'><strong>dacia?</strong></span> <span class='ocrx_word' id='word_1_437' title='bbox 2203 1710 2485 1763; x_wconf 78' lang='lat' dir='ltr'><strong>Enimvero</strong></span> <span class='ocrx_word' id='word_1_438' title='bbox 2515 1720 2640 1763; x_wconf 90' lang='lat' dir='ltr'><strong>tune</strong></span> <span class='ocrx_word' id='word_1_439' title='bbox 2685 1710 2769 1763; x_wconf 79' lang='lat' dir='ltr'><strong>ille</strong></span> <span class='ocrx_word' id='word_1_440' title='bbox 2796 1709 3146 1777; x_wconf 82' lang='lat' dir='ltr'><strong>pauperculus</strong></span> <span class='ocrx_word' id='word_1_441' title='bbox 3170 1722 3219 1761; x_wconf 90' lang='lat' dir='ltr'><strong>et</strong></span> <span class='ocrx_word' id='word_1_442' title='bbox 3249 1709 3565 1761; x_wconf 84' lang='lat' dir='ltr'><strong>miserabilis</strong></span> 
     </span>
    </p>
   </div>
   <div class='ocr_carea' id='block_1_60' title="bbox 1997 1779 3561 1849">
    <p class='ocr_par' dir='ltr' id='par_1_60' title="bbox 1997 1779 3561 1849">
     <span class='ocr_line' id='line_1_62' title="bbox 1997 1779 3561 1849; baseline -0.002 -15"><span class='ocrx_word' id='word_1_443' title='bbox 1997 1781 2157 1835; x_wconf 85' lang='lat' dir='ltr'><strong>homo</strong></span> <span class='ocrx_word' id='word_1_444' title='bbox 2176 1781 2261 1847; x_wconf 90' lang='lat' dir='ltr'><strong>qui</strong></span> <span class='ocrx_word' id='word_1_445' title='bbox 2283 1795 2401 1833; x_wconf 87' lang='lat' dir='ltr'><strong>eum</strong></span> <span class='ocrx_word' id='word_1_446' title='bbox 2427 1780 2552 1833; x_wconf 87' lang='lat' dir='ltr'><strong>nihil</strong></span> <span class='ocrx_word' id='word_1_447' title='bbox 2574 1790 2661 1832; x_wconf 85' lang='lat' dir='ltr'><strong>aut</strong></span> <span class='ocrx_word' id='word_1_448' title='bbox 2683 1794 2845 1849; x_wconf 87' lang='lat' dir='ltr'><strong>prOpe</strong></span> <span class='ocrx_word' id='word_1_449' title='bbox 2867 1779 2996 1833; x_wconf 84' lang='lat' dir='ltr'><strong>nihil</strong></span> <span class='ocrx_word' id='word_1_450' title='bbox 3024 1780 3248 1833; x_wconf 80' lang='lat' dir='ltr'><strong>haberes</strong></span> <span class='ocrx_word' id='word_1_451' title='bbox 3272 1781 3321 1832; x_wconf 90' lang='lat' dir='ltr'><strong>itt</strong></span> <span class='ocrx_word' id='word_1_452' title='bbox 3346 1780 3561 1841; x_wconf 63' lang='lat' dir='ltr'><strong>saeculo,</strong></span> 
     </span>
    </p>
   </div>
   <div class='ocr_carea' id='block_1_61' title="bbox 1996 1849 3561 1920">
    <p class='ocr_par' dir='ltr' id='par_1_61' title="bbox 1996 1849 3561 1920">
     <span class='ocr_line' id='line_1_63' title="bbox 1996 1849 3561 1920; baseline -0.003 -15"><span class='ocrx_word' id='word_1_453' title='bbox 1996 1855 2310 1905; x_wconf 87' lang='lat' dir='ltr'><strong>necessitate</strong></span> <span class='ocrx_word' id='word_1_454' title='bbox 2344 1850 2561 1904; x_wconf 85' lang='lat' dir='ltr'><strong>forsitan</strong></span> <span class='ocrx_word' id='word_1_455' title='bbox 2591 1854 2759 1920; x_wconf 83' lang='lat' dir='ltr'><strong>magis</strong></span> <span class='ocrx_word' id='word_1_456' title='bbox 2789 1866 2945 1919; x_wconf 78' lang='lat' dir='ltr'><strong>quam</strong></span> <span class='ocrx_word' id='word_1_457' title='bbox 2977 1852 3166 1903; x_wconf 89' lang='lat' dir='ltr'><strong>timore</strong></span> <span class='ocrx_word' id='word_1_458' title='bbox 3195 1849 3284 1902; x_wconf 87' lang='lat' dir='ltr'><strong>Dei</strong></span> <span class='ocrx_word' id='word_1_459' title='bbox 3312 1859 3561 1917; x_wconf 77' lang='lat' dir='ltr'><strong>cogente,</strong></span> 
     </span>
    </p>
   </div>
   <div class='ocr_carea' id='block_1_62' title="bbox 1992 1921 3564 1990">
    <p class='ocr_par' dir='ltr' id='par_1_62' title="bbox 1992 1921 3564 1990">
     <span class='ocr_line' id='line_1_64' title="bbox 1992 1921 3564 1990; baseline -0.003 -14"><span class='ocrx_word' id='word_1_460' title='bbox 1992 1925 2058 1977; x_wconf 89' lang='lat' dir='ltr'><strong>ad</strong></span> <span class='ocrx_word' id='word_1_461' title='bbox 2107 1936 2204 1976; x_wconf 88' lang='lat' dir='ltr'><strong>nos</strong></span> <span class='ocrx_word' id='word_1_462' title='bbox 2251 1921 2556 1990; x_wconf 83' lang='lat' dir='ltr'><strong>confugisti,</strong></span> <span class='ocrx_word' id='word_1_463' title='bbox 2610 1923 2787 1974; x_wconf 83' lang='lat' dir='ltr'><strong>multis</strong></span> <span class='ocrx_word' id='word_1_464' title='bbox 2828 1922 3072 1989; x_wconf 87' lang='lat' dir='ltr'><strong>pret-ibus</strong></span> <span class='ocrx_word' id='word_1_465' title='bbox 3113 1921 3323 1973; x_wconf 85' lang='lat' dir='ltr'><strong>tandem</strong></span> <span class='ocrx_word' id='word_1_466' title='bbox 3364 1922 3564 1974; x_wconf 84' lang='lat' dir='ltr'><strong>aditum</strong></span> 
     </span>
    </p>
   </div>
   <div class='ocr_carea' id='block_1_63' title="bbox 1994 1992 3563 2062">
    <p class='ocr_par' dir='ltr' id='par_1_63' title="bbox 1994 1992 3563 2062">
     <span class='ocr_line' id='line_1_65' title="bbox 1994 1992 3563 2062; baseline -0.004 -15"><span class='ocrx_word' id='word_1_467' title='bbox 1994 1994 2364 2062; x_wconf 82' lang='lat' dir='ltr'><strong>impetrando?</strong></span> <span class='ocrx_word' id='word_1_468' title='bbox 2390 1993 2497 2046; x_wconf 75' lang='lat' dir='ltr'><strong>Nos</strong></span> <span class='ocrx_word' id='word_1_469' title='bbox 2525 2007 2650 2047; x_wconf 86' lang='lat' dir='ltr'><strong>vero</strong></span> <span class='ocrx_word' id='word_1_470' title='bbox 2678 2007 2835 2045; x_wconf 86' lang='lat' dir='ltr'><strong>causa</strong></span> <span class='ocrx_word' id='word_1_471' title='bbox 2869 1992 2960 2045; x_wconf 89' lang='lat' dir='ltr'><strong>Dei</strong></span> <span class='ocrx_word' id='word_1_472' title='bbox 2990 1992 3297 2060; x_wconf 64' lang='lat' dir='ltr'><strong>collegimus</strong></span> <span class='ocrx_word' id='word_1_473' title='bbox 3324 1992 3563 2058; x_wconf 88' lang='lat' dir='ltr'><strong>inopem,</strong></span> 
     </span>
    </p>
   </div>
   <div class='ocr_carea' id='block_1_64' title="bbox 1992 2062 3567 2133">
    <p class='ocr_par' dir='ltr' id='par_1_64' title="bbox 1992 2062 3567 2133">
     <span class='ocr_line' id='line_1_66' title="bbox 1992 2062 3567 2133; baseline -0.004 -16"><span class='ocrx_word' id='word_1_474' title='bbox 1992 2075 2045 2117; x_wconf 90' lang='lat' dir='ltr'><strong>et</strong></span> <span class='ocrx_word' id='word_1_475' title='bbox 2095 2078 2272 2133; x_wconf 86' lang='lat' dir='ltr'><strong>parem</strong></span> <span class='ocrx_word' id='word_1_476' title='bbox 2321 2074 2371 2118; x_wconf 90' lang='lat' dir='ltr'><strong>te</strong></span> <span class='ocrx_word' id='word_1_477' title='bbox 2409 2063 2629 2116; x_wconf 80' lang='lat' dir='ltr'><strong>fecimus</strong></span> <span class='ocrx_word' id='word_1_478' title='bbox 2674 2064 2722 2115; x_wconf 89' lang='lat' dir='ltr'><strong>iii</strong></span> <span class='ocrx_word' id='word_1_479' title='bbox 2776 2063 2947 2127; x_wconf 77' lang='lat' dir='ltr'><strong>victu,</strong></span> <span class='ocrx_word' id='word_1_480' title='bbox 2988 2074 3039 2115; x_wconf 87' lang='lat' dir='ltr'><strong>et</strong></span> <span class='ocrx_word' id='word_1_481' title='bbox 3089 2066 3311 2124; x_wconf 86' lang='lat' dir='ltr'><strong>vestitu,</strong></span> <span class='ocrx_word' id='word_1_482' title='bbox 3360 2062 3567 2115; x_wconf 63' lang='lat' dir='ltr'><strong>caeteris</strong></span> 
     </span>
    </p>
   </div>
   <div class='ocr_carea' id='block_1_65' title="bbox 1991 2132 3567 2202">
    <p class='ocr_par' dir='ltr' id='par_1_65' title="bbox 1991 2132 3567 2202">
     <span class='ocr_line' id='line_1_67' title="bbox 1991 2132 3567 2202; baseline -0.003 -13"><span class='ocrx_word' id='word_1_483' title='bbox 1991 2134 2486 2197; x_wconf 83' lang='lat' dir='ltr'><strong>commoditatibus,</strong></span> <span class='ocrx_word' id='word_1_484' title='bbox 2517 2133 2599 2187; x_wconf 87' lang='lat' dir='ltr'><strong>his</strong></span> <span class='ocrx_word' id='word_1_485' title='bbox 2639 2135 2726 2202; x_wconf 90' lang='lat' dir='ltr'><strong>qui</strong></span> <span class='ocrx_word' id='word_1_486' title='bbox 2771 2135 3042 2187; x_wconf 90' lang='lat' dir='ltr'><strong>nobiscum</strong></span> <span class='ocrx_word' id='word_1_487' title='bbox 3087 2142 3210 2186; x_wconf 87' lang='lat' dir='ltr'><strong>sunt</strong></span> <span class='ocrx_word' id='word_1_488' title='bbox 3240 2132 3567 2198; x_wconf 71' lang='lat' dir='ltr'><strong>sapientibus</strong></span> 
     </span>
    </p>
   </div>
   <div class='ocr_carea' id='block_1_66' title="bbox 1993 2204 3560 2274">
    <p class='ocr_par' dir='ltr' id='par_1_66' title="bbox 1993 2204 3560 2274">
     <span class='ocr_line' id='line_1_68' title="bbox 1993 2204 3560 2274; baseline -0.003 -16"><span class='ocrx_word' id='word_1_489' title='bbox 1993 2217 2151 2274; x_wconf 88' lang='lat' dir='ltr'><strong>atque</strong></span> <span class='ocrx_word' id='word_1_490' title='bbox 2177 2204 2441 2258; x_wconf 90' lang='lat' dir='ltr'><strong>nobilibus</strong></span> <span class='ocrx_word' id='word_1_491' title='bbox 2464 2205 2617 2268; x_wconf 87' lang='lat' dir='ltr'><strong>viris;</strong></span> <span class='ocrx_word' id='word_1_492' title='bbox 2648 2214 2700 2258; x_wconf 91' lang='lat' dir='ltr'><strong>et</strong></span> <span class='ocrx_word' id='word_1_493' title='bbox 2729 2205 2899 2257; x_wconf 82' lang='lat' dir='ltr'><strong>factus</strong></span> <span class='ocrx_word' id='word_1_494' title='bbox 2926 2219 2984 2258; x_wconf 89' lang='lat' dir='ltr'><strong>es</strong></span> <span class='ocrx_word' id='word_1_495' title='bbox 3013 2205 3159 2272; x_wconf 88' lang='lat' dir='ltr'><strong>quasi</strong></span> <span class='ocrx_word' id='word_1_496' title='bbox 3192 2218 3327 2255; x_wconf 84' lang='lat' dir='ltr'><strong>unus</strong></span> <span class='ocrx_word' id='word_1_497' title='bbox 3349 2218 3412 2256; x_wconf 79' lang='lat' dir='ltr'><strong>ex</strong></span> <span class='ocrx_word' id='word_1_498' title='bbox 3437 2204 3560 2274; x_wconf 80' lang='lat' dir='ltr'><strong>illis.</strong></span> 
     </span>
    </p>
   </div>
   <div class='ocr_carea' id='block_1_67' title="bbox 1994 2272 3569 2346">
    <p class='ocr_par' dir='ltr' id='par_1_67' title="bbox 1994 2272 3569 2346">
     <span class='ocr_line' id='line_1_69' title="bbox 1994 2272 3569 2346; baseline -0.004 -17"><span class='ocrx_word' id='word_1_499' title='bbox 1994 2272 2130 2343; x_wconf 83' lang='lat' dir='ltr'><strong>Quid</strong></span> <span class='ocrx_word' id='word_1_500' title='bbox 2162 2277 2318 2346; x_wconf 38' lang='lat' dir='ltr'><strong>igitur</strong></span> <span class='ocrx_word' id='word_1_501' title='bbox 2346 2276 2575 2328; x_wconf 88' lang='lat' dir='ltr'><strong>ttibuisti</strong></span> <span class='ocrx_word' id='word_1_502' title='bbox 2629 2276 2850 2328; x_wconf 82' lang='lat' dir='ltr'><strong>Domino</strong></span> <span class='ocrx_word' id='word_1_503' title='bbox 2896 2290 2991 2343; x_wconf 85' lang='lat' dir='ltr'><strong>pio</strong></span> <span class='ocrx_word' id='word_1_504' title='bbox 3038 2275 3283 2326; x_wconf 73' lang='lat' dir='ltr'><strong>omnibus</strong></span> <span class='ocrx_word' id='word_1_505' title='bbox 3314 2274 3427 2326; x_wconf 90' lang='lat' dir='ltr'><strong>istis</strong></span> <span class='ocrx_word' id='word_1_506' title='bbox 3442 2274 3473 2346; x_wconf 84' lang='lat'><strong>?_</strong></span> <span class='ocrx_word' id='word_1_507' title='bbox 3506 2272 3569 2325; x_wconf 84' lang='lat' dir='ltr'><strong>Et</strong></span> 
     </span>
    </p>
   </div>
   <div class='ocr_carea' id='block_1_68' title="bbox 1997 2343 3569 2415">
    <p class='ocr_par' dir='ltr' id='par_1_68' title="bbox 1997 2343 3569 2415">
     <span class='ocr_line' id='line_1_70' title="bbox 1997 2343 3569 2415; baseline -0.005 -13"><span class='ocrx_word' id='word_1_508' title='bbox 1997 2362 2124 2402; x_wconf 87' lang='lat' dir='ltr'><strong>ecce</strong></span> <span class='ocrx_word' id='word_1_509' title='bbox 2148 2343 2250 2399; x_wconf 75' lang='lat' dir='ltr'><strong>non</strong></span> <span class='ocrx_word' id='word_1_510' title='bbox 2281 2346 2476 2399; x_wconf 86' lang='lat' dir='ltr'><strong>sufficit</strong></span> <span class='ocrx_word' id='word_1_511' title='bbox 2505 2348 2675 2415; x_wconf 87' lang='lat' dir='ltr'><strong>ingrat</strong></span> <span class='ocrx_word' id='word_1_512' title='bbox 2700 2346 2867 2398; x_wconf 90' lang='lat' dir='ltr'><strong>tudini</strong></span> <span class='ocrx_word' id='word_1_513' title='bbox 2897 2356 2997 2399; x_wconf 69' lang='lat' dir='ltr'><strong>tua:</strong></span> <span class='ocrx_word' id='word_1_514' title='bbox 3022 2346 3185 2411; x_wconf 80' lang='lat' dir='ltr'><strong>gratis</strong></span> <span class='ocrx_word' id='word_1_515' title='bbox 3220 2359 3268 2397; x_wconf 81' lang='lat' dir='ltr'><strong>te</strong></span> <span class='ocrx_word' id='word_1_516' title='bbox 3298 2343 3569 2415; x_wconf 79' lang='lat' dir='ltr'><strong>accepisse</strong></span> 
     </span>
    </p>
   </div>
   <div class='ocr_carea' id='block_1_69' title="bbox 1996 2413 3568 2482">
    <p class='ocr_par' dir='ltr' id='par_1_69' title="bbox 1996 2413 3568 2482">
     <span class='ocr_line' id='line_1_71' title="bbox 1996 2413 3568 2482; baseline -0.003 -11"><span class='ocrx_word' id='word_1_517' title='bbox 1996 2426 2077 2471; x_wconf 91' lang='lat' dir='ltr'><strong>tot</strong></span> <span class='ocrx_word' id='word_1_518' title='bbox 2103 2416 2357 2470; x_wconf 83' lang='lat' dir='ltr'><strong>beneficia</strong></span> <span class='ocrx_word' id='word_1_519' title='bbox 2387 2416 2453 2469; x_wconf 89' lang='lat' dir='ltr'><strong>de</strong></span> <span class='ocrx_word' id='word_1_520' title='bbox 2482 2413 2637 2469; x_wconf 83' lang='lat' dir='ltr'><strong>manu</strong></span> <span class='ocrx_word' id='word_1_521' title='bbox 2670 2415 2876 2469; x_wconf 90' lang='lat' dir='ltr'><strong>Domini</strong></span> <span class='ocrx_word' id='word_1_522' title='bbox 2902 2456 2916 2480; x_wconf 94' lang='lat'><strong>,</strong></span> <span class='ocrx_word' id='word_1_523' title='bbox 2950 2415 3049 2467; x_wconf 68' lang='lat' dir='ltr'><strong>nisi</strong></span> <span class='ocrx_word' id='word_1_524' title='bbox 3078 2426 3132 2469; x_wconf 85' lang='lat' dir='ltr'><strong>et</strong></span> <span class='ocrx_word' id='word_1_525' title='bbox 3158 2429 3376 2482; x_wconf 91' lang='lat' dir='ltr'><strong>regnum</strong></span> <span class='ocrx_word' id='word_1_526' title='bbox 3405 2413 3568 2479; x_wconf 79' lang='lat' dir='ltr'><strong>ipsius</strong></span> 
     </span>
    </p>
   </div>
   <div class='ocr_carea' id='block_1_70' title="bbox 1999 2486 3567 2552">
    <p class='ocr_par' dir='ltr' id='par_1_70' title="bbox 1999 2486 3567 2552">
     <span class='ocr_line' id='line_1_72' title="bbox 1999 2486 3567 2552; baseline -0.003 -12"><span class='ocrx_word' id='word_1_527' title='bbox 1999 2488 2337 2541; x_wconf 64' lang='lat' dir='ltr'><strong>hiereditario</strong></span> <span class='ocrx_word' id='word_1_528' title='bbox 2373 2488 2491 2552; x_wconf 90' lang='lat' dir='ltr'><strong>jure</strong></span> <span class='ocrx_word' id='word_1_529' title='bbox 2539 2487 2776 2541; x_wconf 87' lang='lat' dir='ltr'><strong>vindices</strong></span> <span class='ocrx_word' id='word_1_530' title='bbox 2816 2488 2937 2545; x_wconf 86' lang='lat' dir='ltr'><strong>tihi,</strong></span> <span class='ocrx_word' id='word_1_531' title='bbox 2969 2488 3106 2552; x_wconf 84' lang='lat' dir='ltr'><strong>quod</strong></span> <span class='ocrx_word' id='word_1_532' title='bbox 3141 2502 3205 2536; x_wconf 88' lang='lat' dir='ltr'><strong>itit</strong></span> <span class='ocrx_word' id='word_1_533' title='bbox 3234 2486 3312 2536; x_wconf 86' lang='lat' dir='ltr'><strong>los</strong></span> <span class='ocrx_word' id='word_1_534' title='bbox 3340 2499 3567 2541; x_wconf 53' lang='lat' dir='ltr'><strong>unquam</strong></span> 
     </span>
    </p>
   </div>
   <div class='ocr_carea' id='block_1_71' title="bbox 1998 2555 3570 2627">
    <p class='ocr_par' dir='ltr' id='par_1_71' title="bbox 1998 2555 3570 2627">
     <span class='ocr_line' id='line_1_73' title="bbox 1998 2555 3570 2627; baseline -0.005 -16"><span class='ocrx_word' id='word_1_535' title='bbox 1998 2574 2180 2627; x_wconf 87' lang='lat' dir='ltr'><strong>regum</strong></span> <span class='ocrx_word' id='word_1_536' title='bbox 2210 2560 2286 2611; x_wconf 86' lang='lat' dir='ltr'><strong>vel</strong></span> <span class='ocrx_word' id='word_1_537' title='bbox 2316 2558 2607 2625; x_wconf 87' lang='lat' dir='ltr'><strong>principum</strong></span> <span class='ocrx_word' id='word_1_538' title='bbox 2643 2558 2981 2625; x_wconf 84' lang='lat' dir='ltr'><strong>quatitislibet</strong></span> <span class='ocrx_word' id='word_1_539' title='bbox 3006 2560 3118 2607; x_wconf 88' lang='lat' dir='ltr'><strong>auri</strong></span> <span class='ocrx_word' id='word_1_540' title='bbox 3152 2566 3203 2609; x_wconf 89' lang='lat' dir='ltr'><strong>et</strong></span> <span class='ocrx_word' id='word_1_541' title='bbox 3225 2555 3429 2624; x_wconf 86' lang='lat' dir='ltr'><strong>argenti</strong></span> <span class='ocrx_word' id='word_1_542' title='bbox 3459 2570 3570 2605; x_wconf 77' lang='lat' dir='ltr'><strong>mo—</strong></span> 
     </span>
    </p>
   </div>
   <div class='ocr_carea' id='block_1_72' title="bbox 1996 2626 3568 2696">
    <p class='ocr_par' dir='ltr' id='par_1_72' title="bbox 1996 2626 3568 2696">
     <span class='ocr_line' id='line_1_74' title="bbox 1996 2626 3568 2696; baseline -0.004 -14"><span class='ocrx_word' id='word_1_543' title='bbox 1996 2626 2134 2683; x_wconf 81' lang='lat' dir='ltr'><strong>libus</strong></span> <span class='ocrx_word' id='word_1_544' title='bbox 2166 2629 2335 2696; x_wconf 90' lang='lat' dir='ltr'><strong>potuit</strong></span> <span class='ocrx_word' id='word_1_545' title='bbox 2372 2642 2703 2695; x_wconf 85' lang='lat' dir='ltr'><strong>comparare.</strong></span> <span class='ocrx_word' id='word_1_546' title='bbox 2756 2644 2774 2678; x_wconf 76' lang='grc' dir='ltr'><strong>ι</strong></span> <span class='ocrx_word' id='word_1_547' title='bbox 2824 2629 2971 2693; x_wconf 76' lang='lat' dir='ltr'><strong>Quod</strong></span> <span class='ocrx_word' id='word_1_548' title='bbox 3016 2628 3057 2678; x_wconf 90' lang='lat' dir='ltr'><strong>si</strong></span> <span class='ocrx_word' id='word_1_549' title='bbox 3092 2626 3160 2679; x_wconf 89' lang='lat' dir='ltr'><strong>ita</strong></span> <span class='ocrx_word' id='word_1_550' title='bbox 3196 2628 3568 2678; x_wconf 88' lang='lat' dir='ltr'><strong>moribundum</strong></span> 
     </span>
    </p>
   </div>
   <div class='ocr_carea' id='block_1_73' title="bbox 2000 2700 3571 2767">
    <p class='ocr_par' dir='ltr' id='par_1_73' title="bbox 2000 2700 3571 2767">
     <span class='ocr_line' id='line_1_75' title="bbox 2000 2700 3571 2767; baseline -0.006 -12"><span class='ocrx_word' id='word_1_551' title='bbox 2000 2700 2059 2755; x_wconf 89' lang='lat' dir='ltr'><strong>S.</strong></span> <span class='ocrx_word' id='word_1_552' title='bbox 2105 2701 2275 2751; x_wconf 85' lang='lat' dir='ltr'><strong>abbas</strong></span> <span class='ocrx_word' id='word_1_553' title='bbox 2322 2700 2641 2767; x_wconf 80' lang='lat' dir='ltr'><strong>impetebat,</strong></span> <span class='ocrx_word' id='word_1_554' title='bbox 2678 2703 2947 2765; x_wconf 88' lang='lat' dir='ltr'><strong>quomodo</strong></span> <span class='ocrx_word' id='word_1_555' title='bbox 2991 2709 3145 2764; x_wconf 86' lang='lat' dir='ltr'><strong>putas</strong></span> <span class='ocrx_word' id='word_1_556' title='bbox 3193 2712 3352 2749; x_wconf 86' lang='lat' dir='ltr'><strong>sanos</strong></span> <span class='ocrx_word' id='word_1_557' title='bbox 3389 2707 3442 2747; x_wconf 87' lang='lat' dir='ltr'><strong>et</strong></span> <span class='ocrx_word' id='word_1_558' title='bbox 3482 2711 3571 2746; x_wconf 89' lang='lat' dir='ltr'><strong>va-</strong></span> 
     </span>
    </p>
   </div>
   <div class='ocr_carea' id='block_1_74' title="bbox 2000 2768 3569 2830">
    <p class='ocr_par' dir='ltr' id='par_1_74' title="bbox 2000 2768 3569 2830">
     <span class='ocr_line' id='line_1_76' title="bbox 2000 2768 3569 2830; baseline -0.004 -8"><span class='ocrx_word' id='word_1_559' title='bbox 2000 2770 2203 2824; x_wconf 82' lang='lat' dir='ltr'><strong>lentes?</strong></span> <span class='ocrx_word' id='word_1_560' title='bbox 2233 2774 2389 2822; x_wconf 75' lang='lat' dir='ltr'><strong>L’erte</strong></span> <span class='ocrx_word' id='word_1_561' title='bbox 2415 2783 2563 2820; x_wconf 90' lang='lat' dir='ltr'><strong>suam</strong></span> <span class='ocrx_word' id='word_1_562' title='bbox 2609 2777 2838 2822; x_wconf 82' lang='lat' dir='ltr'><strong>un-ntem</strong></span> <span class='ocrx_word' id='word_1_563' title='bbox 2869 2782 2921 2822; x_wconf 91' lang='lat' dir='ltr'><strong>et</strong></span> <span class='ocrx_word' id='word_1_564' title='bbox 2954 2784 3153 2820; x_wconf 87' lang='lat' dir='ltr'><strong>morem</strong></span> <span class='ocrx_word' id='word_1_565' title='bbox 3182 2770 3311 2819; x_wconf 86' lang='lat' dir='ltr'><strong>satis</strong></span> <span class='ocrx_word' id='word_1_566' title='bbox 3341 2768 3569 2830; x_wconf 79' lang='lat' dir='ltr'><strong>indicat,</strong></span> 
     </span>
    </p>
   </div>
   <div class='ocr_carea' id='block_1_75' title="bbox 1998 2838 3574 2906">
    <p class='ocr_par' dir='ltr' id='par_1_75' title="bbox 1998 2838 3574 2906">
     <span class='ocr_line' id='line_1_77' title="bbox 1998 2838 3574 2906; baseline -0.004 -12"><span class='ocrx_word' id='word_1_567' title='bbox 1998 2857 2120 2894; x_wconf 85' lang='lat' dir='ltr'><strong>cum</strong></span> <span class='ocrx_word' id='word_1_568' title='bbox 2146 2840 2395 2893; x_wconf 88' lang='lat' dir='ltr'><strong>fratribus</strong></span> <span class='ocrx_word' id='word_1_569' title='bbox 2416 2854 2525 2891; x_wconf 83' lang='lat' dir='ltr'><strong>suis</strong></span> <span class='ocrx_word' id='word_1_570' title='bbox 2546 2840 2944 2906; x_wconf 84' lang='lat' dir='ltr'><strong>congratularis,</strong></span> <span class='ocrx_word' id='word_1_571' title='bbox 2970 2838 3107 2903; x_wconf 88' lang='lat' dir='ltr'><strong>quod</strong></span> <span class='ocrx_word' id='word_1_572' title='bbox 3133 2840 3231 2893; x_wconf 90' lang='lat' dir='ltr'><strong>sub</strong></span> <span class='ocrx_word' id='word_1_573' title='bbox 3257 2839 3574 2903; x_wconf 67' lang='lat' dir='ltr'><strong>increpatio-</strong></span> 
     </span>
    </p>
   </div>
   <div class='ocr_carea' id='block_1_76' title="bbox 2000 2908 3569 2979">
    <p class='ocr_par' dir='ltr' id='par_1_76' title="bbox 2000 2908 3569 2979">
     <span class='ocr_line' id='line_1_78' title="bbox 2000 2908 3569 2979; baseline -0.001 -16"><span class='ocrx_word' id='word_1_574' title='bbox 2000 2916 2083 2965; x_wconf 89' lang='lat' dir='ltr'><strong>nis</strong></span> <span class='ocrx_word' id='word_1_575' title='bbox 2106 2910 2363 2965; x_wconf 85' lang='lat' dir='ltr'><strong>velamine</strong></span> <span class='ocrx_word' id='word_1_576' title='bbox 2383 2926 2567 2962; x_wconf 87' lang='lat' dir='ltr'><strong>eorum</strong></span> <span class='ocrx_word' id='word_1_577' title='bbox 2604 2912 2668 2961; x_wconf 72' lang='lat' dir='ltr'><strong>vii</strong></span> <span class='ocrx_word' id='word_1_578' title='bbox 2686 2919 2824 2963; x_wconf 82' lang='lat' dir='ltr'><strong>llttes</strong></span> <span class='ocrx_word' id='word_1_579' title='bbox 2850 2919 3173 2979; x_wconf 73' lang='lat' dir='ltr'><strong>tegerentur,</strong></span> <span class='ocrx_word' id='word_1_580' title='bbox 3204 2909 3277 2961; x_wconf 88' lang='lat' dir='ltr'><strong>ait</strong></span> <span class='ocrx_word' id='word_1_581' title='bbox 3300 2912 3492 2979; x_wconf 66' lang='lat' dir='ltr'><strong>(Serm.</strong></span> <span class='ocrx_word' id='word_1_582' title='bbox 3516 2908 3569 2968; x_wconf 71' lang='grc'><strong>6,</strong></span> 
     </span>
    </p>
   </div>
   <div class='ocr_carea' id='block_1_77' title="bbox 1998 2979 3572 3049">
    <p class='ocr_par' dir='ltr' id='par_1_77' title="bbox 1998 2979 3572 3049">
     <span class='ocr_line' id='line_1_79' title="bbox 1998 2979 3572 3049; baseline -0.003 -14"><span class='ocrx_word' id='word_1_583' title='bbox 1998 2984 2051 3035; x_wconf 87' lang='lat' dir='ltr'><strong>in</strong></span> <span class='ocrx_word' id='word_1_584' title='bbox 2074 2983 2202 3048; x_wconf 86' lang='lat' dir='ltr'><strong>psal.</strong></span> <span class='ocrx_word' id='word_1_585' title='bbox 2227 2982 2352 3049; x_wconf 78' lang='lat' dir='ltr'><strong>xc):</strong></span> <span class='ocrx_word' id='word_1_586' title='bbox 2384 2997 2403 3030; x_wconf 71' lang='grc' dir='ltr'>ι</span> <span class='ocrx_word' id='word_1_587' title='bbox 2432 2979 2488 3034; x_wconf 90' lang='lat' dir='ltr'><strong>Si</strong></span> <span class='ocrx_word' id='word_1_588' title='bbox 2512 2980 2647 3034; x_wconf 86' lang='lat' dir='ltr'><strong>scire</strong></span> <span class='ocrx_word' id='word_1_589' title='bbox 2670 2981 2827 3034; x_wconf 87' lang='lat' dir='ltr'><strong>vultis</strong></span> <span class='ocrx_word' id='word_1_590' title='bbox 2852 2990 3102 3049; x_wconf 80' lang='lat' dir='ltr'><strong>quantum</strong></span> <span class='ocrx_word' id='word_1_591' title='bbox 3136 2979 3188 3032; x_wconf 86' lang='lat' dir='ltr'><strong>in</strong></span> <span class='ocrx_word' id='word_1_592' title='bbox 3221 2979 3317 3032; x_wconf 79' lang='lat' dir='ltr'><strong>hac</strong></span> <span class='ocrx_word' id='word_1_593' title='bbox 3348 2980 3572 3031; x_wconf 72' lang='lat' dir='ltr'><strong>abscon-</strong></span> 
     </span>
    </p>
   </div>
   <div class='ocr_carea' id='block_1_78' title="bbox 2001 3050 3570 3118">
    <p class='ocr_par' dir='ltr' id='par_1_78' title="bbox 2001 3050 3570 3118">
     <span class='ocr_line' id='line_1_80' title="bbox 2001 3050 3570 3118; baseline -0.004 -12"><span class='ocrx_word' id='word_1_594' title='bbox 2001 3052 2149 3107; x_wconf 87' lang='lat' dir='ltr'><strong>sione</strong></span> <span class='ocrx_word' id='word_1_595' title='bbox 2172 3052 2469 3114; x_wconf 87' lang='lat' dir='ltr'><strong>lucramur,</strong></span> <span class='ocrx_word' id='word_1_596' title='bbox 2491 3050 2655 3105; x_wconf 89' lang='lat' dir='ltr'><strong>credo</strong></span> <span class='ocrx_word' id='word_1_597' title='bbox 2679 3053 2876 3104; x_wconf 88' lang='lat' dir='ltr'><strong>nullum</strong></span> <span class='ocrx_word' id='word_1_598' title='bbox 2903 3051 2986 3104; x_wconf 90' lang='lat' dir='ltr'><strong>hic</strong></span> <span class='ocrx_word' id='word_1_599' title='bbox 3007 3066 3127 3105; x_wconf 89' lang='lat' dir='ltr'><strong>esse</strong></span> <span class='ocrx_word' id='word_1_600' title='bbox 3151 3052 3239 3117; x_wconf 89' lang='lat' dir='ltr'><strong>qui</strong></span> <span class='ocrx_word' id='word_1_601' title='bbox 3263 3064 3303 3102; x_wconf 87' lang='lat' dir='ltr'><strong>si</strong></span> <span class='ocrx_word' id='word_1_602' title='bbox 3328 3062 3570 3118; x_wconf 87' lang='lat' dir='ltr'><strong>quartam</strong></span> 
     </span>
    </p>
   </div>
   <div class='ocr_carea' id='block_1_79' title="bbox 2004 3121 3574 3190">
    <p class='ocr_par' dir='ltr' id='par_1_79' title="bbox 2004 3121 3574 3190">
     <span class='ocr_line' id='line_1_81' title="bbox 2004 3121 3574 3190; baseline -0.003 -16"><span class='ocrx_word' id='word_1_603' title='bbox 2004 3134 2206 3190; x_wconf 89' lang='lat' dir='ltr'><strong>partem</strong></span> <span class='ocrx_word' id='word_1_604' title='bbox 2228 3136 2414 3175; x_wconf 89' lang='lat' dir='ltr'><strong>eorum</strong></span> <span class='ocrx_word' id='word_1_605' title='bbox 2436 3137 2554 3189; x_wconf 67' lang='lat' dir='ltr'><strong>qua:</strong></span> <span class='ocrx_word' id='word_1_606' title='bbox 2576 3121 2720 3188; x_wconf 72' lang='lat' dir='ltr'><strong>facit,</strong></span> <span class='ocrx_word' id='word_1_607' title='bbox 2747 3121 2798 3174; x_wconf 88' lang='lat' dir='ltr'><strong>iit</strong></span> <span class='ocrx_word' id='word_1_608' title='bbox 2820 3123 3011 3175; x_wconf 66' lang='lat' dir='ltr'><strong>swctilo</strong></span> <span class='ocrx_word' id='word_1_609' title='bbox 3033 3122 3294 3175; x_wconf 73' lang='lat' dir='ltr'><strong>actitaret,</strong></span> <span class='ocrx_word' id='word_1_610' title='bbox 3326 3136 3428 3173; x_wconf 87' lang='lat' dir='ltr'><strong>non</strong></span> <span class='ocrx_word' id='word_1_611' title='bbox 3446 3121 3574 3171; x_wconf 84' lang='lat' dir='ltr'><strong>ado-</strong></span> 
     </span>
    </p>
   </div>
   <div class='ocr_carea' id='block_1_80' title="bbox 325 3188 3571 3262">
    <p class='ocr_par' dir='ltr' id='par_1_80' title="bbox 325 3188 3571 3262">
     <span class='ocr_line' id='line_1_82' title="bbox 325 3188 3571 3262; baseline -0.001 -18"><span class='ocrx_word' id='word_1_612' title='bbox 325 3190 644 3262; x_wconf 85' lang='lat' dir='ltr'><strong>et_imperia</strong></span> <span class='ocrx_word' id='word_1_613' title='bbox 688 3188 936 3262; x_wconf 83' lang='lat' dir='ltr'><strong>dicuntur</strong></span> <span class='ocrx_word' id='word_1_614' title='bbox 965 3191 1092 3243; x_wconf 90' lang='lat' dir='ltr'><strong>dura</strong></span> <span class='ocrx_word' id='word_1_615' title='bbox 1113 3233 1127 3254; x_wconf 92' lang='lat'><strong>,</strong></span> <span class='ocrx_word' id='word_1_616' title='bbox 1163 3192 1212 3262; x_wconf 87' lang='lat' dir='ltr'><strong>io</strong></span> <span class='ocrx_word' id='word_1_617' title='bbox 1246 3191 1435 3260; x_wconf 88' lang='lat' dir='ltr'><strong>quibus</strong></span> <span class='ocrx_word' id='word_1_618' title='bbox 1464 3193 1696 3245; x_wconf 89' lang='lat' dir='ltr'><strong>occurrit</strong></span> <span class='ocrx_word' id='word_1_619' title='bbox 1726 3188 1895 3260; x_wconf 82' lang='lat' dir='ltr'><strong>major</strong></span> <span class='ocrx_word' id='word_1_620' title='bbox 1921 3195 1969 3257; x_wconf 84' lang='lat' dir='ltr'><strong><em>C</em></strong></span> <span class='ocrx_word' id='word_1_621' title='bbox 2003 3188 2213 3247; x_wconf 83' lang='lat' dir='ltr'><strong>raretur</strong></span> <span class='ocrx_word' id='word_1_622' title='bbox 2230 3188 3217 3262; x_wconf 83' lang='lat' dir='ltr'><strong>utsanctus,reputareturutangelus;</strong></span> <span class='ocrx_word' id='word_1_623' title='bbox 3239 3208 3375 3244; x_wconf 91' lang='lat' dir='ltr'><strong>nunc</strong></span> <span class='ocrx_word' id='word_1_624' title='bbox 3395 3201 3571 3243; x_wconf 90' lang='lat' dir='ltr'><strong>autem</strong></span> 
     </span>
    </p>
   </div>
   <div class='ocr_carea' id='block_1_81' title="bbox 325 3259 1898 3330">
    <p class='ocr_par' dir='ltr' id='par_1_81' title="bbox 325 3259 1898 3330">
     <span class='ocr_line' id='line_1_83' title="bbox 325 3259 1898 3330; baseline 0.003 -17"><span class='ocrx_word' id='word_1_625' title='bbox 325 3259 621 3313; x_wconf 77' lang='lat' dir='ltr'><strong>difﬁcultas</strong></span> <span class='ocrx_word' id='word_1_626' title='bbox 652 3277 667 3313; x_wconf 88' lang='lat'><strong>:</strong></span> <span class='ocrx_word' id='word_1_627' title='bbox 695 3259 817 3313; x_wconf 89' lang='lat' dir='ltr'><strong>hinc</strong></span> <span class='ocrx_word' id='word_1_628' title='bbox 849 3262 1072 3330; x_wconf 89' lang='lat' dir='ltr'><strong>populus</strong></span> <span class='ocrx_word' id='word_1_629' title='bbox 1102 3259 1336 3315; x_wconf 71' lang='lat' dir='ltr'><strong>Roboam</strong></span> <span class='ocrx_word' id='word_1_630' title='bbox 1368 3264 1585 3329; x_wconf 83' lang='lat' dir='ltr'><strong>rogabat</strong></span> <span class='ocrx_word' id='word_1_631' title='bbox 1611 3272 1665 3314; x_wconf 94' lang='lat' dir='ltr'><strong>ut</strong></span> <span class='ocrx_word' id='word_1_632' title='bbox 1695 3259 1898 3317; x_wconf 83' lang='lat' dir='ltr'><strong>minue-</strong></span> 
     </span>
    </p>
   </div>
   <div class='ocr_carea' id='block_1_82' title="bbox 328 3330 1901 3403">
    <p class='ocr_par' dir='ltr' id='par_1_82' title="bbox 328 3330 1901 3403">
     <span class='ocr_line' id='line_1_84' title="bbox 328 3330 1901 3403; baseline 0.002 -19"><span class='ocrx_word' id='word_1_633' title='bbox 328 3341 417 3385; x_wconf 84' lang='lat' dir='ltr'><strong>ret</strong></span> <span class='ocrx_word' id='word_1_634' title='bbox 443 3331 639 3403; x_wconf 86' lang='lat' dir='ltr'><strong>aliquid</strong></span> <span class='ocrx_word' id='word_1_635' title='bbox 667 3330 733 3403; x_wconf 83' lang='lat' dir='ltr'><strong>de</strong></span> <span class='ocrx_word' id='word_1_636' title='bbox 755 3332 976 3403; x_wconf 86' lang='lat' dir='ltr'><strong>imperio</strong></span> <span class='ocrx_word' id='word_1_637' title='bbox 999 3331 1162 3401; x_wconf 85' lang='lat' dir='ltr'><strong>patris</strong></span> <span class='ocrx_word' id='word_1_638' title='bbox 1182 3334 1262 3385; x_wconf 89' lang='lat' dir='ltr'><strong>sui</strong></span> <span class='ocrx_word' id='word_1_639' title='bbox 1288 3334 1579 3385; x_wconf 79' lang='lat' dir='ltr'><strong>durissimo.</strong></span> <span class='ocrx_word' id='word_1_640' title='bbox 1607 3332 1743 3386; x_wconf 92' lang='lat' dir='ltr'><strong>Dura</strong></span> <span class='ocrx_word' id='word_1_641' title='bbox 1769 3348 1901 3403; x_wconf 90' lang='lat' dir='ltr'><strong>quo-</strong></span> 
     </span>
    </p>
   </div>
   <div class='ocr_carea' id='block_1_83' title="bbox 326 3400 1905 3470">
    <p class='ocr_par' dir='ltr' id='par_1_83' title="bbox 326 3400 1905 3470">
     <span class='ocr_line' id='line_1_85' title="bbox 326 3400 1905 3470; baseline 0.001 -15"><span class='ocrx_word' id='word_1_642' title='bbox 326 3415 437 3470; x_wconf 87' lang='lat' dir='ltr'><strong>que</strong></span> <span class='ocrx_word' id='word_1_643' title='bbox 487 3402 658 3456; x_wconf 87' lang='lat' dir='ltr'><strong>locum</strong></span> <span class='ocrx_word' id='word_1_644' title='bbox 709 3400 905 3455; x_wconf 87' lang='lat' dir='ltr'><strong>habent</strong></span> <span class='ocrx_word' id='word_1_645' title='bbox 960 3406 1009 3454; x_wconf 89' lang='lat' dir='ltr'><strong>iii</strong></span> <span class='ocrx_word' id='word_1_646' title='bbox 1062 3402 1393 3470; x_wconf 86' lang='lat' dir='ltr'><strong>imponendis</strong></span> <span class='ocrx_word' id='word_1_647' title='bbox 1440 3400 1802 3469; x_wconf 70' lang='lat' dir='ltr'><strong>pmtiitetttiis,</strong></span> <span class='ocrx_word' id='word_1_648' title='bbox 1848 3412 1905 3457; x_wconf 87' lang='lat' dir='ltr'><strong>ut</strong></span> 
     </span>
    </p>
   </div>
   <div class='ocr_carea' id='block_1_84' title="bbox 327 3471 1905 3545">
    <p class='ocr_par' dir='ltr' id='par_1_84' title="bbox 327 3471 1905 3545">
     <span class='ocr_line' id='line_1_86' title="bbox 327 3471 1905 3545; baseline 0.003 -19"><span class='ocrx_word' id='word_1_649' title='bbox 327 3481 459 3545; x_wconf 83' lang='lat' dir='ltr'><strong>sunt</strong></span> <span class='ocrx_word' id='word_1_650' title='bbox 506 3471 653 3525; x_wconf 88' lang='lat' dir='ltr'><strong>humi</strong></span> <span class='ocrx_word' id='word_1_651' title='bbox 698 3472 922 3537; x_wconf 86' lang='lat' dir='ltr'><strong>cubare,</strong></span> <span class='ocrx_word' id='word_1_652' title='bbox 951 3471 1168 3542; x_wconf 84' lang='lat' dir='ltr'><strong>jejuniis</strong></span> <span class='ocrx_word' id='word_1_653' title='bbox 1211 3488 1402 3544; x_wconf 85' lang='lat' dir='ltr'><strong>corpus</strong></span> <span class='ocrx_word' id='word_1_654' title='bbox 1430 3482 1697 3541; x_wconf 86' lang='lat' dir='ltr'><strong>atterere,</strong></span> <span class='ocrx_word' id='word_1_655' title='bbox 1726 3474 1905 3545; x_wconf 83' lang='lat' dir='ltr'><strong>ﬂagris</strong></span> 
     </span>
    </p>
   </div>
   <div class='ocr_carea' id='block_1_85' title="bbox 327 3542 706 3606">
    <p class='ocr_par' dir='ltr' id='par_1_85' title="bbox 327 3542 706 3606">
     <span class='ocr_line' id='line_1_87' title="bbox 327 3542 706 3606; baseline 0 -10"><span class='ocrx_word' id='word_1_656' title='bbox 327 3542 541 3597; x_wconf 71' lang='lat' dir='ltr'><strong>caedere</strong></span> <span class='ocrx_word' id='word_1_657' title='bbox 557 3583 572 3606; x_wconf 93' lang='lat'><strong>,</strong></span> <span class='ocrx_word' id='word_1_658' title='bbox 601 3557 706 3597; x_wconf 87' lang='lat' dir='ltr'><strong>etc.</strong></span> 
     </span>
    </p>
   </div>
   <div class='ocr_carea' id='block_1_86' title="bbox 403 3612 1902 3685">
    <p class='ocr_par' dir='ltr' id='par_1_86' title="bbox 403 3612 1902 3685">
     <span class='ocr_line' id='line_1_88' title="bbox 403 3612 1902 3685; baseline 0.005 -22"><span class='ocrx_word' id='word_1_659' title='bbox 403 3615 681 3667; x_wconf 73' lang='lat' dir='ltr'><strong>Contraria</strong></span> <span class='ocrx_word' id='word_1_660' title='bbox 724 3628 787 3669; x_wconf 80' lang='lat' dir='ltr'><strong>ex</strong></span> <span class='ocrx_word' id='word_1_661' title='bbox 840 3614 1057 3685; x_wconf 71' lang='lat' dir='ltr'><strong>praefato</strong></span> <span class='ocrx_word' id='word_1_662' title='bbox 1088 3612 1417 3685; x_wconf 85' lang='lat' dir='ltr'><strong>Hildemaro</strong></span> <span class='ocrx_word' id='word_1_663' title='bbox 1447 3632 1467 3665; x_wconf 73' lang='grc' dir='ltr'><strong>ε</strong></span> <span class='ocrx_word' id='word_1_664' title='bbox 1512 3624 1636 3669; x_wconf 90' lang='lat' dir='ltr'><strong>sunt</strong></span> <span class='ocrx_word' id='word_1_665' title='bbox 1672 3629 1794 3685; x_wconf 73' lang='lat' dir='ltr'><strong>qua:</strong></span> <span class='ocrx_word' id='word_1_666' title='bbox 1835 3616 1902 3671; x_wconf 90' lang='lat' dir='ltr'><strong>ad</strong></span> 
     </span>
    </p>
   </div>
   <div class='ocr_carea' id='block_1_87' title="bbox 328 3684 1906 3752">
    <p class='ocr_par' dir='ltr' id='par_1_87' title="bbox 328 3684 1906 3752">
     <span class='ocr_line' id='line_1_89' title="bbox 328 3684 1906 3752; baseline 0.003 -15"><span class='ocrx_word' id='word_1_667' title='bbox 328 3685 658 3737; x_wconf 82' lang='lat' dir='ltr'><strong>voluntatem</strong></span> <span class='ocrx_word' id='word_1_668' title='bbox 688 3687 931 3749; x_wconf 89' lang='lat' dir='ltr'><strong>attinent,</strong></span> <span class='ocrx_word' id='word_1_669' title='bbox 960 3688 1004 3739; x_wconf 88' lang='lat' dir='ltr'><strong>si</strong></span> <span class='ocrx_word' id='word_1_670' title='bbox 1031 3684 1129 3738; x_wconf 89' lang='lat' dir='ltr'><strong>hoc</strong></span> <span class='ocrx_word' id='word_1_671' title='bbox 1154 3685 1295 3752; x_wconf 90' lang='lat' dir='ltr'><strong>quod</strong></span> <span class='ocrx_word' id='word_1_672' title='bbox 1320 3684 1420 3738; x_wconf 91' lang='lat' dir='ltr'><strong>sibi</strong></span> <span class='ocrx_word' id='word_1_673' title='bbox 1452 3684 1760 3752; x_wconf 86' lang='lat' dir='ltr'><strong>imperatur,</strong></span> <span class='ocrx_word' id='word_1_674' title='bbox 1795 3703 1906 3741; x_wconf 87' lang='lat' dir='ltr'><strong>non</strong></span> 
     </span>
    </p>
   </div>
   <div class='ocr_carea' id='block_1_88' title="bbox 329 3755 1901 3822">
    <p class='ocr_par' dir='ltr' id='par_1_88' title="bbox 329 3755 1901 3822">
     <span class='ocr_line' id='line_1_90' title="bbox 329 3755 1901 3822; baseline 0.001 -14"><span class='ocrx_word' id='word_1_675' title='bbox 329 3756 439 3809; x_wconf 82' lang='lat' dir='ltr'><strong>sibi</strong></span> <span class='ocrx_word' id='word_1_676' title='bbox 472 3755 747 3822; x_wconf 81' lang='lat' dir='ltr'><strong>placuerit.</strong></span> <span class='ocrx_word' id='word_1_677' title='bbox 793 3773 813 3806; x_wconf 74' lang='grc' dir='ltr'><strong><em>ι</em></strong></span> <span class='ocrx_word' id='word_1_678' title='bbox 851 3757 1003 3820; x_wconf 84' lang='lat' dir='ltr'><strong>Sive,</strong></span> <span class='ocrx_word' id='word_1_679' title='bbox 1033 3764 1091 3808; x_wconf 91' lang='lat' dir='ltr'><strong>ut</strong></span> <span class='ocrx_word' id='word_1_680' title='bbox 1120 3758 1193 3809; x_wconf 93' lang='lat' dir='ltr'><strong>ait</strong></span> <span class='ocrx_word' id='word_1_681' title='bbox 1220 3756 1521 3809; x_wconf 83' lang='lat' dir='ltr'><strong>Bernardus</strong></span> <span class='ocrx_word' id='word_1_682' title='bbox 1549 3755 1901 3822; x_wconf 80' lang='lat' dir='ltr'><strong>Cassinensis,</strong></span> 
     </span>
    </p>
   </div>
   <div class='ocr_carea' id='block_1_89' title="bbox 329 3825 1907 3897">
    <p class='ocr_par' dir='ltr' id='par_1_89' title="bbox 329 3825 1907 3897">
     <span class='ocr_line' id='line_1_91' title="bbox 329 3825 1907 3897; baseline 0.002 -18"><span class='ocrx_word' id='word_1_683' title='bbox 329 3838 389 3880; x_wconf 84' lang='lat' dir='ltr'><strong>et</strong></span> <span class='ocrx_word' id='word_1_684' title='bbox 415 3841 478 3897; x_wconf 71' lang='lat' dir='ltr'><strong>ex</strong></span> <span class='ocrx_word' id='word_1_685' title='bbox 520 3841 583 3879; x_wconf 94' lang='lat' dir='ltr'><strong>eo</strong></span> <span class='ocrx_word' id='word_1_686' title='bbox 619 3825 873 3879; x_wconf 85' lang='lat' dir='ltr'><strong>Bolterius</strong></span> <span class='ocrx_word' id='word_1_687' title='bbox 903 3825 1038 3897; x_wconf 85' lang='lat' dir='ltr'><strong>(Lib.</strong></span> <span class='ocrx_word' id='word_1_688' title='bbox 1072 3841 1143 3889; x_wconf 79' lang='lat' dir='ltr'><strong>vr,</strong></span> <span class='ocrx_word' id='word_1_689' title='bbox 1175 3837 1333 3897; x_wconf 77' lang='lat' dir='ltr'><strong>tract.</strong></span> <span class='ocrx_word' id='word_1_690' title='bbox 1354 3826 1405 3887; x_wconf 84' lang='lat'><strong>5,</strong></span> <span class='ocrx_word' id='word_1_691' title='bbox 1435 3828 1566 3894; x_wconf 84' lang='lat' dir='ltr'><strong>disq.</strong></span> <span class='ocrx_word' id='word_1_692' title='bbox 1600 3828 1678 3895; x_wconf 81' lang='lat'><strong>7),</strong></span> <span class='ocrx_word' id='word_1_693' title='bbox 1715 3845 1732 3878; x_wconf 86' lang='lat' dir='ltr'><strong>t</strong></span> <span class='ocrx_word' id='word_1_694' title='bbox 1778 3842 1907 3882; x_wconf 82' lang='lat' dir='ltr'><strong>con-</strong></span> 
     </span>
    </p>
   </div>
   <div class='ocr_carea' id='block_1_90' title="bbox 331 3895 1908 3965">
    <p class='ocr_par' dir='ltr' id='par_1_90' title="bbox 331 3895 1908 3965">
     <span class='ocr_line' id='line_1_92' title="bbox 331 3895 1908 3965; baseline 0.001 -16"><span class='ocrx_word' id='word_1_695' title='bbox 331 3895 497 3949; x_wconf 83' lang='lat' dir='ltr'><strong>traria</strong></span> <span class='ocrx_word' id='word_1_696' title='bbox 529 3906 654 3950; x_wconf 80' lang='lat' dir='ltr'><strong>situt</strong></span> <span class='ocrx_word' id='word_1_697' title='bbox 681 3913 798 3964; x_wconf 72' lang='lat' dir='ltr'><strong>quae</strong></span> <span class='ocrx_word' id='word_1_698' title='bbox 827 3895 1099 3965; x_wconf 32' lang='lat' dir='ltr'><strong>ab’ipsius</strong></span> <span class='ocrx_word' id='word_1_699' title='bbox 1130 3896 1369 3951; x_wconf 87' lang='lat' dir='ltr'><strong>facientis</strong></span> <span class='ocrx_word' id='word_1_700' title='bbox 1400 3898 1673 3952; x_wconf 85' lang='lat' dir='ltr'><strong>voluntate</strong></span> <span class='ocrx_word' id='word_1_701' title='bbox 1700 3897 1908 3951; x_wconf 81' lang='lat' dir='ltr'><strong>discor-</strong></span> 
     </span>
    </p>
   </div>
   <div class='ocr_carea' id='block_1_91' title="bbox 328 3966 1905 4022">
    <p class='ocr_par' dir='ltr' id='par_1_91' title="bbox 328 3966 1905 4022">
     <span class='ocr_line' id='line_1_93' title="bbox 328 3966 1905 4022; baseline 0.001 -1"><span class='ocrx_word' id='word_1_702' title='bbox 328 3967 485 4021; x_wconf 89' lang='lat' dir='ltr'><strong>dant.</strong></span> <span class='ocrx_word' id='word_1_703' title='bbox 533 3986 552 4018; x_wconf 74' lang='grc' dir='ltr'><strong><em>ι</em></strong></span> <span class='ocrx_word' id='word_1_704' title='bbox 588 3967 752 4020; x_wconf 89' lang='lat' dir='ltr'><strong>Paulo</strong></span> <span class='ocrx_word' id='word_1_705' title='bbox 784 3968 949 4021; x_wconf 92' lang='lat' dir='ltr'><strong>fusius</strong></span> <span class='ocrx_word' id='word_1_706' title='bbox 978 3966 1291 4022; x_wconf 84' lang='lat' dir='ltr'><strong>Benedictus</strong></span> <span class='ocrx_word' id='word_1_707' title='bbox 1325 3966 1614 4022; x_wconf 84' lang='lat' dir='ltr'><strong>llael&#39;tenus</strong></span> <span class='ocrx_word' id='word_1_708' title='bbox 1648 3986 1660 4020; x_wconf 93' lang='lat'>:</span> <span class='ocrx_word' id='word_1_709' title='bbox 1700 3986 1719 4019; x_wconf 80' lang='lat' dir='ltr'><strong>t</strong></span> <span class='ocrx_word' id='word_1_710' title='bbox 1764 3967 1905 4022; x_wconf 86' lang='lat' dir='ltr'><strong>Con-</strong></span> 
     </span>
    </p>
   </div>
   <div class='ocr_carea' id='block_1_92' title="bbox 332 4036 1903 4108">
    <p class='ocr_par' dir='ltr' id='par_1_92' title="bbox 332 4036 1903 4108">
     <span class='ocr_line' id='line_1_94' title="bbox 332 4036 1903 4108; baseline 0.001 -18"><span class='ocrx_word' id='word_1_711' title='bbox 332 4036 519 4097; x_wconf 83' lang='lat' dir='ltr'><strong>traria,</strong></span> <span class='ocrx_word' id='word_1_712' title='bbox 546 4038 736 4106; x_wconf 91' lang='lat' dir='ltr'><strong>inquit,</strong></span> <span class='ocrx_word' id='word_1_713' title='bbox 758 4037 963 4091; x_wconf 89' lang='lat' dir='ltr'><strong>duobus</strong></span> <span class='ocrx_word' id='word_1_714' title='bbox 985 4037 1158 4092; x_wconf 90' lang='lat' dir='ltr'><strong>modis</strong></span> <span class='ocrx_word' id='word_1_715' title='bbox 1177 4038 1422 4108; x_wconf 85' lang='lat' dir='ltr'><strong>intelligo</strong></span> <span class='ocrx_word' id='word_1_716' title='bbox 1449 4054 1465 4091; x_wconf 89' lang='lat'><strong>:</strong></span> <span class='ocrx_word' id='word_1_717' title='bbox 1494 4038 1546 4092; x_wconf 77' lang='lat'><strong>1°</strong></span> <span class='ocrx_word' id='word_1_718' title='bbox 1569 4052 1689 4108; x_wconf 65' lang='lat' dir='ltr'><strong>qua:</strong></span> <span class='ocrx_word' id='word_1_719' title='bbox 1711 4041 1903 4093; x_wconf 89' lang='lat' dir='ltr'><strong>rationi</strong></span> 
     </span>
    </p>
   </div>
   <div class='ocr_carea' id='block_1_93' title="bbox 331 4107 1907 4177">
    <p class='ocr_par' dir='ltr' id='par_1_93' title="bbox 331 4107 1907 4177">
     <span class='ocr_line' id='line_1_95' title="bbox 331 4107 1907 4177; baseline 0.001 -15"><span class='ocrx_word' id='word_1_720' title='bbox 331 4121 631 4176; x_wconf 86' lang='lat' dir='ltr'><strong>repugnare</strong></span> <span class='ocrx_word' id='word_1_721' title='bbox 680 4108 947 4174; x_wconf 88' lang='lat' dir='ltr'><strong>videntur,</strong></span> <span class='ocrx_word' id='word_1_722' title='bbox 994 4119 1050 4162; x_wconf 93' lang='lat' dir='ltr'><strong>ut</strong></span> <span class='ocrx_word' id='word_1_723' title='bbox 1093 4110 1136 4162; x_wconf 89' lang='lat' dir='ltr'><strong>si</strong></span> <span class='ocrx_word' id='word_1_724' title='bbox 1165 4107 1405 4177; x_wconf 88' lang='lat' dir='ltr'><strong>jubearis</strong></span> <span class='ocrx_word' id='word_1_725' title='bbox 1439 4107 1637 4163; x_wconf 85' lang='lat' dir='ltr'><strong>vestem</strong></span> <span class='ocrx_word' id='word_1_726' title='bbox 1668 4124 1826 4163; x_wconf 91' lang='lat' dir='ltr'><strong>suere</strong></span> <span class='ocrx_word' id='word_1_727' title='bbox 1851 4119 1907 4163; x_wconf 85' lang='lat' dir='ltr'><strong>et</strong></span> 
     </span>
    </p>
   </div>
   <div class='ocr_carea' id='block_1_94' title="bbox 330 4179 1904 4248">
    <p class='ocr_par' dir='ltr' id='par_1_94' title="bbox 330 4179 1904 4248">
     <span class='ocr_line' id='line_1_96' title="bbox 330 4179 1904 4248; baseline 0.001 -17"><span class='ocrx_word' id='word_1_728' title='bbox 330 4194 544 4231; x_wconf 78' lang='lat' dir='ltr'><strong>rursum</strong></span> <span class='ocrx_word' id='word_1_729' title='bbox 575 4179 847 4243; x_wconf 86' lang='lat' dir='ltr'><strong>dissuere,</strong></span> <span class='ocrx_word' id='word_1_730' title='bbox 881 4181 1118 4246; x_wconf 88' lang='lat' dir='ltr'><strong>plantare</strong></span> <span class='ocrx_word' id='word_1_731' title='bbox 1160 4180 1386 4244; x_wconf 82' lang='lat' dir='ltr'><strong>herbas,</strong></span> <span class='ocrx_word' id='word_1_732' title='bbox 1421 4194 1650 4248; x_wconf 85' lang='lat' dir='ltr'><strong>pangere</strong></span> <span class='ocrx_word' id='word_1_733' title='bbox 1678 4179 1904 4235; x_wconf 63' lang='lat' dir='ltr'><strong>arbores</strong></span> 
     </span>
    </p>
   </div>
   <div class='ocr_carea' id='block_1_95' title="bbox 331 4249 1909 4320">
    <p class='ocr_par' dir='ltr' id='par_1_95' title="bbox 331 4249 1909 4320">
     <span class='ocr_line' id='line_1_97' title="bbox 331 4249 1909 4320; baseline 0.001 -18"><span class='ocrx_word' id='word_1_734' title='bbox 331 4259 389 4302; x_wconf 88' lang='lat' dir='ltr'><strong>et</strong></span> <span class='ocrx_word' id='word_1_735' title='bbox 431 4251 604 4302; x_wconf 88' lang='lat' dir='ltr'><strong>denuo</strong></span> <span class='ocrx_word' id='word_1_736' title='bbox 646 4251 908 4312; x_wconf 80' lang='lat' dir='ltr'><strong>evellere,</strong></span> <span class='ocrx_word' id='word_1_737' title='bbox 951 4250 1025 4304; x_wconf 87' lang='lat' dir='ltr'><strong>ire</strong></span> <span class='ocrx_word' id='word_1_738' title='bbox 1072 4249 1305 4303; x_wconf 89' lang='lat' dir='ltr'><strong>cubitum</strong></span> <span class='ocrx_word' id='word_1_739' title='bbox 1345 4259 1409 4320; x_wconf 79' lang='lat' dir='ltr'><strong>et</strong></span> <span class='ocrx_word' id='word_1_740' title='bbox 1451 4266 1571 4303; x_wconf 79' lang='lat' dir='ltr'><strong>mox</strong></span> <span class='ocrx_word' id='word_1_741' title='bbox 1618 4265 1838 4320; x_wconf 79' lang='lat' dir='ltr'><strong>surgere</strong></span> <span class='ocrx_word' id='word_1_742' title='bbox 1876 4268 1909 4304; x_wconf 88' lang='lat' dir='ltr'><strong>e</strong></span> 
     </span>
    </p>
   </div>
   <div class='ocr_carea' id='block_1_96' title="bbox 331 4318 1908 4390">
    <p class='ocr_par' dir='ltr' id='par_1_96' title="bbox 331 4318 1908 4390">
     <span class='ocr_line' id='line_1_98' title="bbox 331 4318 1908 4390; baseline 0.002 -17"><span class='ocrx_word' id='word_1_743' title='bbox 331 4332 527 4383; x_wconf 75' lang='lat' dir='ltr'><strong>strato,</strong></span> <span class='ocrx_word' id='word_1_744' title='bbox 558 4334 745 4389; x_wconf 86' lang='lat' dir='ltr'><strong>aquam</strong></span> <span class='ocrx_word' id='word_1_745' title='bbox 778 4321 991 4375; x_wconf 86' lang='lat' dir='ltr'><strong>haurire</strong></span> <span class='ocrx_word' id='word_1_746' title='bbox 1017 4332 1069 4373; x_wconf 92' lang='lat' dir='ltr'><strong>et</strong></span> <span class='ocrx_word' id='word_1_747' title='bbox 1101 4320 1318 4375; x_wconf 86' lang='lat' dir='ltr'><strong>tundere</strong></span> <span class='ocrx_word' id='word_1_748' title='bbox 1342 4318 1394 4373; x_wconf 90' lang='lat' dir='ltr'><strong>in</strong></span> <span class='ocrx_word' id='word_1_749' title='bbox 1422 4321 1565 4385; x_wconf 86' lang='lat' dir='ltr'><strong>sole;</strong></span> <span class='ocrx_word' id='word_1_750' title='bbox 1590 4321 1650 4374; x_wconf 73' lang='grc'><strong>2⁸</strong></span> <span class='ocrx_word' id='word_1_751' title='bbox 1677 4318 1795 4390; x_wconf 79' lang='lat' dir='ltr'><strong>quae</strong></span> <span class='ocrx_word' id='word_1_752' title='bbox 1822 4335 1908 4377; x_wconf 87' lang='lat' dir='ltr'><strong>re-</strong></span> 
     </span>
    </p>
   </div>
   <div class='ocr_carea' id='block_1_97' title="bbox 334 4390 1909 4458">
    <p class='ocr_par' dir='ltr' id='par_1_97' title="bbox 334 4390 1909 4458">
     <span class='ocr_line' id='line_1_99' title="bbox 334 4390 1909 4458; baseline 0.002 -16"><span class='ocrx_word' id='word_1_753' title='bbox 334 4399 574 4458; x_wconf 81' lang='lat' dir='ltr'><strong>pugnant</strong></span> <span class='ocrx_word' id='word_1_754' title='bbox 620 4390 944 4444; x_wconf 75' lang='lat' dir='ltr'><strong>inc&#39;inationi</strong></span> <span class='ocrx_word' id='word_1_755' title='bbox 984 4391 1308 4453; x_wconf 89' lang='lat' dir='ltr'><strong>obedientis,</strong></span> <span class='ocrx_word' id='word_1_756' title='bbox 1338 4400 1395 4443; x_wconf 91' lang='lat' dir='ltr'><strong>ut</strong></span> <span class='ocrx_word' id='word_1_757' title='bbox 1435 4392 1479 4444; x_wconf 92' lang='lat' dir='ltr'><strong>si</strong></span> <span class='ocrx_word' id='word_1_758' title='bbox 1508 4392 1809 4446; x_wconf 89' lang='lat' dir='ltr'><strong>solitudinis</strong></span> <span class='ocrx_word' id='word_1_759' title='bbox 1853 4404 1909 4446; x_wconf 90' lang='lat' dir='ltr'><strong>et</strong></span> 
     </span>
    </p>
   </div>
   <div class='ocr_carea' id='block_1_98' title="bbox 334 4461 1910 4534">
    <p class='ocr_par' dir='ltr' id='par_1_98' title="bbox 334 4461 1910 4534">
     <span class='ocr_line' id='line_1_100' title="bbox 334 4461 1910 4534; baseline 0.001 -19"><span class='ocrx_word' id='word_1_760' title='bbox 334 4461 487 4534; x_wconf 64' lang='lat' dir='ltr'><strong>cellae</strong></span> <span class='ocrx_word' id='word_1_761' title='bbox 502 4462 688 4534; x_wconf 83' lang='lat' dir='ltr'><strong>cultori</strong></span> <span class='ocrx_word' id='word_1_762' title='bbox 716 4462 1018 4529; x_wconf 87' lang='lat' dir='ltr'><strong>imponatur</strong></span> <span class='ocrx_word' id='word_1_763' title='bbox 1033 4476 1159 4515; x_wconf 86' lang='lat' dir='ltr'><strong>cura</strong></span> <span class='ocrx_word' id='word_1_764' title='bbox 1185 4461 1468 4534; x_wconf 83' lang='lat' dir='ltr'><strong>hospitum,</strong></span> <span class='ocrx_word' id='word_1_765' title='bbox 1489 4461 1652 4534; x_wconf 65' lang='grc'><strong>214</strong></span> <span class='ocrx_word' id='word_1_766' title='bbox 1669 4462 1910 4534; x_wconf 89' lang='lat' dir='ltr'><strong>officium</strong></span> 
     </span>
    </p>
   </div>
   <div class='ocr_carea' id='block_1_99' title="bbox 332 4531 1908 4601">
    <p class='ocr_par' dir='ltr' id='par_1_99' title="bbox 332 4531 1908 4601">
     <span class='ocr_line' id='line_1_101' title="bbox 332 4531 1908 4601; baseline 0.001 -17"><span class='ocrx_word' id='word_1_767' title='bbox 332 4531 573 4595; x_wconf 82' lang='lat' dir='ltr'><strong>cellarii,</strong></span> <span class='ocrx_word' id='word_1_768' title='bbox 613 4542 703 4585; x_wconf 91' lang='lat' dir='ltr'><strong>aut</strong></span> <span class='ocrx_word' id='word_1_769' title='bbox 735 4541 918 4587; x_wconf 87' lang='lat' dir='ltr'><strong>contra</strong></span> <span class='ocrx_word' id='word_1_770' title='bbox 951 4546 1145 4599; x_wconf 75' lang='lat' dir='ltr'><strong>pronu~.</strong></span> <span class='ocrx_word' id='word_1_771' title='bbox 1166 4533 1231 4586; x_wconf 92' lang='lat' dir='ltr'><strong>ad</strong></span> <span class='ocrx_word' id='word_1_772' title='bbox 1262 4531 1666 4587; x_wconf 70' lang='lat' dir='ltr'><strong>discurrentium</strong></span> <span class='ocrx_word' id='word_1_773' title='bbox 1694 4548 1790 4601; x_wconf 89' lang='lat' dir='ltr'><strong>per</strong></span> <span class='ocrx_word' id='word_1_774' title='bbox 1813 4532 1908 4588; x_wconf 90' lang='lat' dir='ltr'><strong>do-</strong></span> 
     </span>
    </p>
   </div>
   <div class='ocr_carea' id='block_1_100' title="bbox 334 4602 1905 4672">
    <p class='ocr_par' dir='ltr' id='par_1_100' title="bbox 334 4602 1905 4672">
     <span class='ocr_line' id='line_1_102' title="bbox 334 4602 1905 4672; baseline 0.001 -15"><span class='ocrx_word' id='word_1_775' title='bbox 334 4617 515 4666; x_wconf 89' lang='lat' dir='ltr'><strong>mum,</strong></span> <span class='ocrx_word' id='word_1_776' title='bbox 564 4610 621 4657; x_wconf 90' lang='lat' dir='ltr'><strong>et</strong></span> <span class='ocrx_word' id='word_1_777' title='bbox 662 4603 997 4672; x_wconf 85' lang='lat' dir='ltr'><strong>garrienduin</strong></span> <span class='ocrx_word' id='word_1_778' title='bbox 1049 4617 1168 4656; x_wconf 90' lang='lat' dir='ltr'><strong>cuin</strong></span> <span class='ocrx_word' id='word_1_779' title='bbox 1222 4602 1554 4669; x_wconf 90' lang='lat' dir='ltr'><strong>hospitibus,</strong></span> <span class='ocrx_word' id='word_1_780' title='bbox 1602 4607 1905 4659; x_wconf 89' lang='lat' dir='ltr'><strong>mandatum</strong></span> 
     </span>
    </p>
   </div>
   <div class='ocr_carea' id='block_1_101' title="bbox 336 4673 1864 4741">
    <p class='ocr_par' dir='ltr' id='par_1_101' title="bbox 336 4673 1864 4741">
     <span class='ocr_line' id='line_1_103' title="bbox 336 4673 1864 4741; baseline -0.001 -14"><span class='ocrx_word' id='word_1_781' title='bbox 336 4674 563 4741; x_wconf 83' lang='lat' dir='ltr'><strong>accipiat</strong></span> <span class='ocrx_word' id='word_1_782' title='bbox 591 4675 643 4726; x_wconf 91' lang='lat' dir='ltr'><strong>in</strong></span> <span class='ocrx_word' id='word_1_783' title='bbox 672 4675 806 4728; x_wconf 90' lang='lat' dir='ltr'><strong>cella</strong></span> <span class='ocrx_word' id='word_1_784' title='bbox 839 4673 1105 4727; x_wconf 83' lang='lat' dir='ltr'><strong>residendi</strong></span> <span class='ocrx_word' id='word_1_785' title='bbox 1136 4714 1150 4735; x_wconf 86' lang='lat'><strong>,</strong></span> <span class='ocrx_word' id='word_1_786' title='bbox 1185 4675 1421 4738; x_wconf 86' lang='lat' dir='ltr'><strong>tacendi,</strong></span> <span class='ocrx_word' id='word_1_787' title='bbox 1454 4684 1508 4727; x_wconf 91' lang='lat' dir='ltr'><strong>et</strong></span> <span class='ocrx_word' id='word_1_788' title='bbox 1536 4673 1803 4729; x_wconf 90' lang='lat' dir='ltr'><strong>studendi.</strong></span> <span class='ocrx_word' id='word_1_789' title='bbox 1844 4693 1864 4725; x_wconf 83' lang='grc'><strong>›</strong></span> 
     </span>
    </p>
   </div>
   <div class='ocr_carea' id='block_1_102' title="bbox 410 4744 1906 4812">
    <p class='ocr_par' dir='ltr' id='par_1_102' title="bbox 410 4744 1906 4812">
     <span class='ocr_line' id='line_1_104' title="bbox 410 4744 1906 4812; baseline 0.003 -15"><span class='ocrx_word' id='word_1_790' title='bbox 410 4744 620 4812; x_wconf 75' lang='lat' dir='ltr'><strong>lnjuriae</strong></span> <span class='ocrx_word' id='word_1_791' title='bbox 668 4758 795 4798; x_wconf 88' lang='lat' dir='ltr'><strong>vero</strong></span> <span class='ocrx_word' id='word_1_792' title='bbox 843 4754 965 4797; x_wconf 88' lang='lat' dir='ltr'><strong>sunt</strong></span> <span class='ocrx_word' id='word_1_793' title='bbox 1016 4746 1334 4811; x_wconf 84' lang='lat' dir='ltr'><strong>opprobria,</strong></span> <span class='ocrx_word' id='word_1_794' title='bbox 1389 4744 1698 4809; x_wconf 62' lang='lat' dir='ltr'><strong>irt&#39;isiones,</strong></span> <span class='ocrx_word' id='word_1_795' title='bbox 1746 4745 1906 4802; x_wconf 83' lang='lat' dir='ltr'><strong>verba</strong></span> 
     </span>
    </p>
   </div>
   <div class='ocr_carea' id='block_1_103' title="bbox 336 4814 1205 4879">
    <p class='ocr_par' dir='ltr' id='par_1_103' title="bbox 336 4814 1205 4879">
     <span class='ocr_line' id='line_1_105' title="bbox 336 4814 1205 4879; baseline -0.003 -9"><span class='ocrx_word' id='word_1_796' title='bbox 336 4814 721 4870; x_wconf 84' lang='lat' dir='ltr'><strong>contumeliosa</strong></span> <span class='ocrx_word' id='word_1_797' title='bbox 742 4856 756 4879; x_wconf 92' lang='lat'><strong>,</strong></span> <span class='ocrx_word' id='word_1_798' title='bbox 789 4825 842 4868; x_wconf 92' lang='lat' dir='ltr'><strong>et</strong></span> <span class='ocrx_word' id='word_1_799' title='bbox 870 4816 953 4869; x_wconf 91' lang='lat' dir='ltr'><strong>his</strong></span> <span class='ocrx_word' id='word_1_800' title='bbox 987 4816 1205 4869; x_wconf 89' lang='lat' dir='ltr'><strong>similia.</strong></span> 
     </span>
    </p>
   </div>
   <div class='ocr_carea' id='block_1_104' title="bbox 409 4884 1907 4953">
    <p class='ocr_par' dir='ltr' id='par_1_104' title="bbox 409 4884 1907 4953">
     <span class='ocr_line' id='line_1_106' title="bbox 409 4884 1907 4953; baseline 0.001 -15"><span class='ocrx_word' id='word_1_801' title='bbox 409 4891 583 4953; x_wconf 76' lang='lat' dir='ltr'><strong>Atque</strong></span> <span class='ocrx_word' id='word_1_802' title='bbox 609 4886 688 4937; x_wconf 88' lang='lat' dir='ltr'><strong>his</strong></span> <span class='ocrx_word' id='word_1_803' title='bbox 719 4886 770 4939; x_wconf 90' lang='lat' dir='ltr'><strong>in</strong></span> <span class='ocrx_word' id='word_1_804' title='bbox 799 4887 965 4939; x_wconf 88' lang='lat' dir='ltr'><strong>tribus</strong></span> <span class='ocrx_word' id='word_1_805' title='bbox 996 4898 1102 4939; x_wconf 84' lang='lat' dir='ltr'><strong>tata</strong></span> <span class='ocrx_word' id='word_1_806' title='bbox 1128 4900 1261 4953; x_wconf 90' lang='lat' dir='ltr'><strong>pene</strong></span> <span class='ocrx_word' id='word_1_807' title='bbox 1283 4926 1298 4950; x_wconf 93' lang='lat'><strong>,</strong></span> <span class='ocrx_word' id='word_1_808' title='bbox 1322 4885 1427 4939; x_wconf 91' lang='lat' dir='ltr'><strong>imo</strong></span> <span class='ocrx_word' id='word_1_809' title='bbox 1456 4890 1563 4941; x_wconf 86' lang='lat' dir='ltr'><strong>tota</strong></span> <span class='ocrx_word' id='word_1_810' title='bbox 1588 4884 1696 4940; x_wconf 91' lang='lat' dir='ltr'><strong>abit</strong></span> <span class='ocrx_word' id='word_1_811' title='bbox 1720 4900 1907 4940; x_wconf 85' lang='lat' dir='ltr'><strong>mona-</strong></span> 
     </span>
    </p>
   </div>
   <div class='ocr_carea' id='block_1_105' title="bbox 336 4955 1910 5019">
    <p class='ocr_par' dir='ltr' id='par_1_105' title="bbox 336 4955 1910 5019">
     <span class='ocr_line' id='line_1_107' title="bbox 336 4955 1910 5019; baseline -0.001 -8"><span class='ocrx_word' id='word_1_812' title='bbox 336 4956 562 5011; x_wconf 83' lang='lat' dir='ltr'><strong>cbomm</strong></span> <span class='ocrx_word' id='word_1_813' title='bbox 611 4960 747 5019; x_wconf 88' lang='lat' dir='ltr'><strong>vita,</strong></span> <span class='ocrx_word' id='word_1_814' title='bbox 800 4966 856 5009; x_wconf 88' lang='lat' dir='ltr'><strong>ut</strong></span> <span class='ocrx_word' id='word_1_815' title='bbox 900 4956 980 5010; x_wconf 88' lang='lat' dir='ltr'><strong>vel</strong></span> <span class='ocrx_word' id='word_1_816' title='bbox 1027 4956 1297 5009; x_wconf 86' lang='lat' dir='ltr'><strong>minimam</strong></span> <span class='ocrx_word' id='word_1_817' title='bbox 1339 4971 1516 5009; x_wconf 90' lang='lat' dir='ltr'><strong>rerum</strong></span> <span class='ocrx_word' id='word_1_818' title='bbox 1560 4955 1910 5011; x_wconf 85' lang='lat' dir='ltr'><strong>asceliearuin</strong></span> 
     </span>
    </p>
   </div>
   <div class='ocr_carea' id='block_1_106' title="bbox 341 5027 1909 5095">
    <p class='ocr_par' dir='ltr' id='par_1_106' title="bbox 341 5027 1909 5095">
     <span class='ocr_line' id='line_1_108' title="bbox 341 5027 1909 5095; baseline 0 -14"><span class='ocrx_word' id='word_1_819' title='bbox 341 5029 582 5081; x_wconf 91' lang='lat' dir='ltr'><strong>notitiam</strong></span> <span class='ocrx_word' id='word_1_820' title='bbox 617 5027 827 5080; x_wconf 84' lang='lat' dir='ltr'><strong>habenti</strong></span> <span class='ocrx_word' id='word_1_821' title='bbox 858 5027 1191 5095; x_wconf 79' lang='lat' dir='ltr'><strong>exploratum</strong></span> <span class='ocrx_word' id='word_1_822' title='bbox 1212 5040 1314 5082; x_wconf 83' lang='lat' dir='ltr'><strong>est.</strong></span> <span class='ocrx_word' id='word_1_823' title='bbox 1358 5027 1662 5080; x_wconf 81' lang='lat' dir='ltr'><strong>Audiendus</strong></span> <span class='ocrx_word' id='word_1_824' title='bbox 1692 5028 1827 5081; x_wconf 88' lang='lat' dir='ltr'><strong>hanc</strong></span> <span class='ocrx_word' id='word_1_825' title='bbox 1856 5028 1909 5082; x_wconf 91' lang='lat' dir='ltr'><strong>itt</strong></span> 
     </span>
    </p>
   </div>
   <div class='ocr_carea' id='block_1_107' title="bbox 344 5096 1908 5166">
    <p class='ocr_par' dir='ltr' id='par_1_107' title="bbox 344 5096 1908 5166">
     <span class='ocr_line' id='line_1_109' title="bbox 344 5096 1908 5166; baseline -0.001 -14"><span class='ocrx_word' id='word_1_826' title='bbox 344 5116 453 5152; x_wconf 85' lang='lat' dir='ltr'><strong>rem</strong></span> <span class='ocrx_word' id='word_1_827' title='bbox 482 5098 666 5151; x_wconf 81' lang='lat' dir='ltr'><strong>Petrus</strong></span> <span class='ocrx_word' id='word_1_828' title='bbox 692 5096 931 5151; x_wconf 87' lang='lat' dir='ltr'><strong>Damiaui</strong></span> <span class='ocrx_word' id='word_1_829' title='bbox 967 5114 979 5150; x_wconf 91' lang='lat'>:</span> <span class='ocrx_word' id='word_1_830' title='bbox 1015 5115 1033 5149; x_wconf 73' lang='grc' dir='ltr'>ι</span> <span class='ocrx_word' id='word_1_831' title='bbox 1072 5098 1254 5166; x_wconf 72' lang='lat' dir='ltr'><strong>Saepe,</strong></span> <span class='ocrx_word' id='word_1_832' title='bbox 1280 5099 1476 5165; x_wconf 88' lang='lat' dir='ltr'><strong>itiqttit,</strong></span> <span class='ocrx_word' id='word_1_833' title='bbox 1502 5098 1666 5152; x_wconf 88' lang='lat' dir='ltr'><strong>frater</strong></span> <span class='ocrx_word' id='word_1_834' title='bbox 1688 5098 1755 5153; x_wconf 90' lang='lat' dir='ltr'><strong>de</strong></span> <span class='ocrx_word' id='word_1_835' title='bbox 1779 5099 1908 5153; x_wconf 89' lang='lat' dir='ltr'><strong>cella</strong></span> 
     </span>
    </p>
   </div>
   <div class='ocr_carea' id='block_1_108' title="bbox 344 5168 1907 5238">
    <p class='ocr_par' dir='ltr' id='par_1_108' title="bbox 344 5168 1907 5238">
     <span class='ocr_line' id='line_1_110' title="bbox 344 5168 1907 5238; baseline 0.001 -17"><span class='ocrx_word' id='word_1_836' title='bbox 344 5170 406 5221; x_wconf 88' lang='lat' dir='ltr'><strong>ad</strong></span> <span class='ocrx_word' id='word_1_837' title='bbox 437 5174 625 5222; x_wconf 87' lang='lat' dir='ltr'><strong>cellam</strong></span> <span class='ocrx_word' id='word_1_838' title='bbox 652 5168 868 5237; x_wconf 82' lang='lat' dir='ltr'><strong>jttnt-tur</strong></span> <span class='ocrx_word' id='word_1_839' title='bbox 899 5168 1227 5222; x_wconf 86' lang='lat' dir='ltr'><strong>habitaturus</strong></span> <span class='ocrx_word' id='word_1_840' title='bbox 1254 5169 1559 5232; x_wconf 65' lang='lat' dir='ltr'><strong>abscedere,</strong></span> <span class='ocrx_word' id='word_1_841' title='bbox 1587 5182 1685 5223; x_wconf 88' lang='lat' dir='ltr'><strong>nec</strong></span> <span class='ocrx_word' id='word_1_842' title='bbox 1712 5170 1907 5238; x_wconf 89' lang='lat' dir='ltr'><strong>aliquid</strong></span> 
     </span>
    </p>
   </div>
   <div class='ocr_carea' id='block_1_109' title="bbox 345 5238 1907 5308">
    <p class='ocr_par' dir='ltr' id='par_1_109' title="bbox 345 5238 1907 5308">
     <span class='ocr_line' id='line_1_111' title="bbox 345 5238 1907 5308; baseline -0.001 -15"><span class='ocrx_word' id='word_1_843' title='bbox 345 5238 646 5293; x_wconf 88' lang='lat' dir='ltr'><strong>utensilium</strong></span> <span class='ocrx_word' id='word_1_844' title='bbox 677 5255 796 5308; x_wconf 84' lang='lat' dir='ltr'><strong>quae</strong></span> <span class='ocrx_word' id='word_1_845' title='bbox 823 5256 919 5292; x_wconf 86' lang='lat' dir='ltr'><strong>suo</strong></span> <span class='ocrx_word' id='word_1_846' title='bbox 942 5240 1100 5293; x_wconf 88' lang='lat' dir='ltr'><strong>etiam</strong></span> <span class='ocrx_word' id='word_1_847' title='bbox 1126 5240 1305 5293; x_wconf 88' lang='lat' dir='ltr'><strong>labore</strong></span> <span class='ocrx_word' id='word_1_848' title='bbox 1336 5249 1614 5306; x_wconf 87' lang='lat' dir='ltr'><strong>paraverat</strong></span> <span class='ocrx_word' id='word_1_849' title='bbox 1644 5241 1907 5307; x_wconf 89' lang='lat' dir='ltr'><strong>permitti-</strong></span> 
     </span>
    </p>
   </div>
   <div class='ocr_carea' id='block_1_110' title="bbox 346 5309 1906 5379">
    <p class='ocr_par' dir='ltr' id='par_1_110' title="bbox 346 5309 1906 5379">
     <span class='ocr_line' id='line_1_112' title="bbox 346 5309 1906 5379; baseline 0.001 -16"><span class='ocrx_word' id='word_1_850' title='bbox 346 5319 432 5363; x_wconf 85' lang='lat' dir='ltr'><strong>tur</strong></span> <span class='ocrx_word' id='word_1_851' title='bbox 450 5319 727 5377; x_wconf 78' lang='lat' dir='ltr'><strong>asportare</strong></span> <span class='ocrx_word' id='word_1_852' title='bbox 747 5327 762 5374; x_wconf 83' lang='lat'><strong>;</strong></span> <span class='ocrx_word' id='word_1_853' title='bbox 785 5324 926 5377; x_wconf 70' lang='lat' dir='ltr'><strong>szepe</strong></span> <span class='ocrx_word' id='word_1_854' title='bbox 945 5316 1190 5378; x_wconf 68' lang='lat' dir='ltr'><strong>Optantes</strong></span> <span class='ocrx_word' id='word_1_855' title='bbox 1215 5310 1267 5362; x_wconf 91' lang='lat' dir='ltr'><strong>in</strong></span> <span class='ocrx_word' id='word_1_856' title='bbox 1296 5309 1592 5365; x_wconf 89' lang='lat' dir='ltr'><strong>remotione</strong></span> <span class='ocrx_word' id='word_1_857' title='bbox 1609 5324 1906 5379; x_wconf 88' lang='lat' dir='ltr'><strong>quiescere,</strong></span> 
     </span>
    </p>
   </div>
   <div class='ocr_carea' id='block_1_111' title="bbox 343 5381 1907 5449">
    <p class='ocr_par' dir='ltr' id='par_1_111' title="bbox 343 5381 1907 5449">
     <span class='ocr_line' id='line_1_113' title="bbox 343 5381 1907 5449; baseline 0 -15"><span class='ocrx_word' id='word_1_858' title='bbox 343 5386 410 5434; x_wconf 84' lang='lat' dir='ltr'><strong>ad</strong></span> <span class='ocrx_word' id='word_1_859' title='bbox 454 5382 802 5449; x_wconf 62' lang='lat' dir='ltr'><strong>peragendum</strong></span> <span class='ocrx_word' id='word_1_860' title='bbox 830 5396 961 5448; x_wconf 84' lang='lat' dir='ltr'><strong>Opus</strong></span> <span class='ocrx_word' id='word_1_861' title='bbox 987 5382 1376 5449; x_wconf 90' lang='lat' dir='ltr'><strong>compelluntur</strong></span> <span class='ocrx_word' id='word_1_862' title='bbox 1404 5381 1582 5446; x_wconf 83' lang='lat' dir='ltr'><strong>exire;</strong></span> <span class='ocrx_word' id='word_1_863' title='bbox 1623 5381 1907 5449; x_wconf 89' lang='lat' dir='ltr'><strong>aliqttando</strong></span> 
     </span>
    </p>
   </div>
   <div class='ocr_carea' id='block_1_112' title="bbox 346 5451 1900 5520">
    <p class='ocr_par' dir='ltr' id='par_1_112' title="bbox 346 5451 1900 5520">
     <span class='ocr_line' id='line_1_114' title="bbox 346 5451 1900 5520; baseline 0.001 -16"><span class='ocrx_word' id='word_1_864' title='bbox 346 5453 517 5505; x_wconf 83' lang='lat' dir='ltr'><strong>claves</strong></span> <span class='ocrx_word' id='word_1_865' title='bbox 538 5453 789 5504; x_wconf 86' lang='lat' dir='ltr'><strong>cellarum</strong></span> <span class='ocrx_word' id='word_1_866' title='bbox 813 5451 1014 5505; x_wconf 88' lang='lat' dir='ltr'><strong>foribus</strong></span> <span class='ocrx_word' id='word_1_867' title='bbox 1039 5453 1442 5515; x_wconf 88' lang='lat' dir='ltr'><strong>subtrahuntur,</strong></span> <span class='ocrx_word' id='word_1_868' title='bbox 1473 5460 1527 5506; x_wconf 88' lang='lat' dir='ltr'><strong>et</strong></span> <span class='ocrx_word' id='word_1_869' title='bbox 1554 5468 1709 5518; x_wconf 88' lang='lat' dir='ltr'><strong>quam</strong></span> <span class='ocrx_word' id='word_1_870' title='bbox 1740 5452 1900 5520; x_wconf 89' lang='lat' dir='ltr'><strong>longo</strong></span> 
     </span>
    </p>
   </div>
   <div class='ocr_carea' id='block_1_113' title="bbox 349 5521 1903 5591">
    <p class='ocr_par' dir='ltr' id='par_1_113' title="bbox 349 5521 1903 5591">
     <span class='ocr_line' id='line_1_115' title="bbox 349 5521 1903 5591; baseline 0.002 -17"><span class='ocrx_word' id='word_1_871' title='bbox 349 5530 583 5590; x_wconf 87' lang='lat' dir='ltr'><strong>tempore</strong></span> <span class='ocrx_word' id='word_1_872' title='bbox 612 5521 713 5575; x_wconf 85' lang='lat' dir='ltr'><strong>nisi</strong></span> <span class='ocrx_word' id='word_1_873' title='bbox 743 5538 834 5589; x_wconf 88' lang='lat' dir='ltr'><strong>per</strong></span> <span class='ocrx_word' id='word_1_874' title='bbox 862 5521 1098 5591; x_wconf 89' lang='lat' dir='ltr'><strong>singulos</strong></span> <span class='ocrx_word' id='word_1_875' title='bbox 1124 5522 1239 5576; x_wconf 72' lang='lat' dir='ltr'><strong>dics</strong></span> <span class='ocrx_word' id='word_1_876' title='bbox 1272 5521 1597 5588; x_wconf 84' lang='lat' dir='ltr'><strong>dominicus,</strong></span> <span class='ocrx_word' id='word_1_877' title='bbox 1644 5537 1747 5576; x_wconf 92' lang='lat' dir='ltr'><strong>non</strong></span> <span class='ocrx_word' id='word_1_878' title='bbox 1781 5522 1903 5576; x_wconf 88' lang='lat' dir='ltr'><strong>red-</strong></span> 
     </span>
    </p>
   </div>
   <div class='ocr_carea' id='block_1_114' title="bbox 349 5592 1907 5658">
    <p class='ocr_par' dir='ltr' id='par_1_114' title="bbox 349 5592 1907 5658">
     <span class='ocr_line' id='line_1_116' title="bbox 349 5592 1907 5658; baseline 0.002 -13"><span class='ocrx_word' id='word_1_879' title='bbox 349 5593 569 5657; x_wconf 89' lang='lat' dir='ltr'><strong>duntur;</strong></span> <span class='ocrx_word' id='word_1_880' title='bbox 602 5594 884 5658; x_wconf 80' lang='lat' dir='ltr'><strong>aliquando</strong></span> <span class='ocrx_word' id='word_1_881' title='bbox 932 5595 1225 5646; x_wconf 73' lang='lat' dir='ltr'><strong>districtum</strong></span> <span class='ocrx_word' id='word_1_882' title='bbox 1269 5592 1369 5647; x_wconf 87' lang='lat' dir='ltr'><strong>sibi</strong></span> <span class='ocrx_word' id='word_1_883' title='bbox 1414 5600 1580 5647; x_wconf 87' lang='lat' dir='ltr'><strong>vietus</strong></span> <span class='ocrx_word' id='word_1_884' title='bbox 1619 5592 1907 5647; x_wconf 56' lang='lat' dir='ltr'><strong>continett-</strong></span> 
     </span>
    </p>
   </div>
   <div class='ocr_carea' id='block_1_115' title="bbox 351 5663 1909 5732">
    <p class='ocr_par' dir='ltr' id='par_1_115' title="bbox 351 5663 1909 5732">
     <span class='ocr_line' id='line_1_117' title="bbox 351 5663 1909 5732; baseline 0.002 -17"><span class='ocrx_word' id='word_1_885' title='bbox 351 5665 473 5717; x_wconf 84' lang='lat' dir='ltr'><strong>tiatn</strong></span> <span class='ocrx_word' id='word_1_886' title='bbox 504 5664 798 5718; x_wconf 85' lang='lat' dir='ltr'><strong>indicentes</strong></span> <span class='ocrx_word' id='word_1_887' title='bbox 839 5678 1099 5732; x_wconf 82' lang='lat' dir='ltr'><strong>cegiititnr</strong></span> <span class='ocrx_word' id='word_1_888' title='bbox 1146 5664 1419 5718; x_wconf 72' lang='lat' dir='ltr'><strong>rctttissius</strong></span> <span class='ocrx_word' id='word_1_889' title='bbox 1464 5663 1678 5730; x_wconf 87' lang='lat' dir='ltr'><strong>vivere,</strong></span> <span class='ocrx_word' id='word_1_890' title='bbox 1729 5667 1909 5718; x_wconf 83' lang='lat' dir='ltr'><strong>volen-</strong></span> 
     </span>
    </p>
   </div>
   <div class='ocr_carea' id='block_1_116' title="bbox 353 5735 1903 5804">
    <p class='ocr_par' dir='ltr' id='par_1_116' title="bbox 353 5735 1903 5804">
     <span class='ocr_line' id='line_1_118' title="bbox 353 5735 1903 5804; baseline 0.002 -18"><span class='ocrx_word' id='word_1_891' title='bbox 353 5743 531 5803; x_wconf 88' lang='lat' dir='ltr'><strong>tesque</strong></span> <span class='ocrx_word' id='word_1_892' title='bbox 575 5736 796 5789; x_wconf 87' lang='lat' dir='ltr'><strong>relieere</strong></span> <span class='ocrx_word' id='word_1_893' title='bbox 847 5739 1232 5804; x_wconf 88' lang='lat' dir='ltr'><strong>compelluntur</strong></span> <span class='ocrx_word' id='word_1_894' title='bbox 1279 5736 1579 5789; x_wconf 86' lang='lat' dir='ltr'><strong>econtrario</strong></span> <span class='ocrx_word' id='word_1_895' title='bbox 1626 5735 1903 5804; x_wconf 87' lang='lat' dir='ltr'><strong>jejunare;</strong></span> 
     </span>
    </p>
   </div>
   <div class='ocr_carea' id='block_1_117' title="bbox 348 5806 1902 5877">
    <p class='ocr_par' dir='ltr' id='par_1_117' title="bbox 348 5806 1902 5877">
     <span class='ocr_line' id='line_1_119' title="bbox 348 5806 1902 5877; baseline 0.001 -19"><span class='ocrx_word' id='word_1_896' title='bbox 348 5819 489 5875; x_wconf 69' lang='lat' dir='ltr'><strong>swpe</strong></span> <span class='ocrx_word' id='word_1_897' title='bbox 534 5814 654 5877; x_wconf 85' lang='lat' dir='ltr'><strong>post</strong></span> <span class='ocrx_word' id='word_1_898' title='bbox 698 5806 989 5875; x_wconf 80' lang='lat' dir='ltr'><strong>sagmarius</strong></span> <span class='ocrx_word' id='word_1_899' title='bbox 1034 5807 1195 5863; x_wconf 84' lang='lat' dir='ltr'><strong>frater</strong></span> <span class='ocrx_word' id='word_1_900' title='bbox 1242 5806 1427 5876; x_wconf 86' lang='lat' dir='ltr'><strong>procul</strong></span> <span class='ocrx_word' id='word_1_901' title='bbox 1470 5807 1548 5861; x_wconf 87' lang='lat' dir='ltr'><strong>ire</strong></span> <span class='ocrx_word' id='word_1_902' title='bbox 1575 5808 1902 5876; x_wconf 69' lang='lat' dir='ltr'><strong>przeeipitur;</strong></span> 
     </span>
    </p>
   </div>
   <div class='ocr_carea' id='block_1_118' title="bbox 1932 4568 1986 4631">
    <p class='ocr_par' dir='ltr' id='par_1_118' title="bbox 1932 4568 1986 4631">
     <span class='ocr_line' id='line_1_120' title="bbox 1932 4568 1986 4631; baseline 0 0"><span class='ocrx_word' id='word_1_903' title='bbox 1932 4568 1986 4631; x_wconf 86' lang='grc' dir='ltr'><strong>Ι)</strong></span> 
     </span>
    </p>
   </div>
   <div class='ocr_carea' id='block_1_119' title="bbox 2006 3262 3575 3334">
    <p class='ocr_par' dir='ltr' id='par_1_119' title="bbox 2006 3262 3575 3334">
     <span class='ocr_line' id='line_1_121' title="bbox 2006 3262 3575 3334; baseline -0.002 -18"><span class='ocrx_word' id='word_1_904' title='bbox 2006 3265 2168 3334; x_wconf 76' lang='grc'><strong>215</strong></span> <span class='ocrx_word' id='word_1_905' title='bbox 2193 3262 2428 3334; x_wconf 82' lang='lat' dir='ltr'><strong>quotidie</strong></span> <span class='ocrx_word' id='word_1_906' title='bbox 2453 3264 3003 3334; x_wconf 10' lang='lat' dir='ltr'><strong>tanqttamgnegligcns</strong></span> <span class='ocrx_word' id='word_1_907' title='bbox 3048 3264 3286 3331; x_wconf 86' lang='lat' dir='ltr'><strong>arguitur</strong></span> <span class='ocrx_word' id='word_1_908' title='bbox 3322 3270 3377 3334; x_wconf 84' lang='lat' dir='ltr'><strong>et</strong></span> <span class='ocrx_word' id='word_1_909' title='bbox 3406 3266 3575 3334; x_wconf 84' lang='lat' dir='ltr'><strong>incre-</strong></span> 
     </span>
    </p>
   </div>
   <div class='ocr_carea' id='block_1_120' title="bbox 2009 3331 3570 3402">
    <p class='ocr_par' dir='ltr' id='par_1_120' title="bbox 2009 3331 3570 3402">
     <span class='ocr_line' id='line_1_122' title="bbox 2009 3331 3570 3402; baseline -0.003 -15"><span class='ocrx_word' id='word_1_910' title='bbox 2009 3331 2182 3402; x_wconf 54' lang='lat' dir='ltr'><strong>pain—tn</strong></span> <span class='ocrx_word' id='word_1_911' title='bbox 2212 3331 2241 3385; x_wconf 57' lang='grc' dir='ltr'><strong><em>ἰ</em></strong></span> <span class='ocrx_word' id='word_1_912' title='bbox 2287 3332 2466 3401; x_wconf 79' lang='lat' dir='ltr'><strong>Longe</strong></span> <span class='ocrx_word' id='word_1_913' title='bbox 2491 3347 2619 3401; x_wconf 84' lang='lat' dir='ltr'><strong>ergo</strong></span> <span class='ocrx_word' id='word_1_914' title='bbox 2665 3333 2733 3386; x_wconf 89' lang='lat' dir='ltr'><strong>ab</strong></span> <span class='ocrx_word' id='word_1_915' title='bbox 2781 3331 2967 3386; x_wconf 86' lang='lat' dir='ltr'><strong>eoruui</strong></span> <span class='ocrx_word' id='word_1_916' title='bbox 2998 3344 3115 3385; x_wconf 87' lang='lat' dir='ltr'><strong>erat</strong></span> <span class='ocrx_word' id='word_1_917' title='bbox 3151 3331 3442 3391; x_wconf 82' lang='lat' dir='ltr'><strong>sententia,</strong></span> <span class='ocrx_word' id='word_1_918' title='bbox 3477 3333 3570 3399; x_wconf 88' lang='lat' dir='ltr'><strong>qui</strong></span> 
     </span>
    </p>
   </div>
   <div class='ocr_carea' id='block_1_121' title="bbox 2007 3403 3578 3473">
    <p class='ocr_par' dir='ltr' id='par_1_121' title="bbox 2007 3403 3578 3473">
     <span class='ocr_line' id='line_1_123' title="bbox 2007 3403 3578 3473; baseline -0.001 -18"><span class='ocrx_word' id='word_1_919' title='bbox 2007 3406 2151 3457; x_wconf 85' lang='lat' dir='ltr'><strong>viros</strong></span> <span class='ocrx_word' id='word_1_920' title='bbox 2182 3406 2294 3473; x_wconf 82' lang='lat' dir='ltr'><strong>Pios</strong></span> <span class='ocrx_word' id='word_1_921' title='bbox 2323 3413 2378 3457; x_wconf 91' lang='lat' dir='ltr'><strong>et</strong></span> <span class='ocrx_word' id='word_1_922' title='bbox 2397 3413 2610 3457; x_wconf 85' lang='lat' dir='ltr'><strong>sanctos</strong></span> <span class='ocrx_word' id='word_1_923' title='bbox 2636 3407 2980 3457; x_wconf 73' lang='lat' dir='ltr'><strong>Slueilcllmte</strong></span> <span class='ocrx_word' id='word_1_924' title='bbox 2994 3414 3085 3455; x_wconf 87' lang='lat' dir='ltr'><strong>aut</strong></span> <span class='ocrx_word' id='word_1_925' title='bbox 3109 3403 3578 3456; x_wconf 76' lang='lat' dir='ltr'><strong>mendacioiuere-</strong></span> 
     </span>
    </p>
   </div>
   <div class='ocr_carea' id='block_1_122' title="bbox 2008 3474 3575 3544">
    <p class='ocr_par' dir='ltr' id='par_1_122' title="bbox 2008 3474 3575 3544">
     <span class='ocr_line' id='line_1_124' title="bbox 2008 3474 3575 3544; baseline -0.003 -16"><span class='ocrx_word' id='word_1_926' title='bbox 2008 3475 2121 3544; x_wconf 86' lang='lat' dir='ltr'><strong>pari</strong></span> <span class='ocrx_word' id='word_1_927' title='bbox 2152 3492 2179 3528; x_wconf 90' lang='lat' dir='ltr'><strong>a</strong></span> <span class='ocrx_word' id='word_1_928' title='bbox 2222 3475 2498 3543; x_wconf 85' lang='lat' dir='ltr'><strong>superiore</strong></span> <span class='ocrx_word' id='word_1_929' title='bbox 2543 3490 2648 3527; x_wconf 92' lang='lat' dir='ltr'><strong>non</strong></span> <span class='ocrx_word' id='word_1_930' title='bbox 2697 3490 2852 3541; x_wconf 87' lang='lat' dir='ltr'><strong>posse</strong></span> <span class='ocrx_word' id='word_1_931' title='bbox 2890 3474 3187 3544; x_wconf 84' lang='lat' dir='ltr'><strong>affirmant;</strong></span> <span class='ocrx_word' id='word_1_932' title='bbox 3221 3490 3338 3540; x_wconf 74' lang='lat' dir='ltr'><strong>qua:</strong></span> <span class='ocrx_word' id='word_1_933' title='bbox 3374 3475 3575 3544; x_wconf 82' lang='lat' dir='ltr'><strong>sivera</strong></span> 
     </span>
    </p>
   </div>
   <div class='ocr_carea' id='block_1_123' title="bbox 2006 3542 3577 3613">
    <p class='ocr_par' dir='ltr' id='par_1_123' title="bbox 2006 3542 3577 3613">
     <span class='ocr_line' id='line_1_125' title="bbox 2006 3542 3577 3613; baseline -0.003 -13"><span class='ocrx_word' id='word_1_934' title='bbox 2006 3542 2219 3611; x_wconf 75' lang='lat' dir='ltr'><strong>forent,</strong></span> <span class='ocrx_word' id='word_1_935' title='bbox 2269 3542 2457 3599; x_wconf 76' lang='lat' dir='ltr'><strong>amnes</strong></span> <span class='ocrx_word' id='word_1_936' title='bbox 2512 3544 2739 3606; x_wconf 71' lang='lat' dir='ltr'><strong>ironize,</strong></span> <span class='ocrx_word' id='word_1_937' title='bbox 2800 3542 3072 3613; x_wconf 71' lang='lat' dir='ltr'><strong>allegoria:</strong></span> <span class='ocrx_word' id='word_1_938' title='bbox 3129 3552 3183 3597; x_wconf 89' lang='lat' dir='ltr'><strong>et</strong></span> <span class='ocrx_word' id='word_1_939' title='bbox 3245 3543 3577 3610; x_wconf 60' lang='lat' dir='ltr'><strong>metaphora!</strong></span> 
     </span>
    </p>
   </div>
   <div class='ocr_carea' id='block_1_124' title="bbox 2006 3614 3574 3681">
    <p class='ocr_par' dir='ltr' id='par_1_124' title="bbox 2006 3614 3574 3681">
     <span class='ocr_line' id='line_1_126' title="bbox 2006 3614 3574 3681; baseline -0.006 -9"><span class='ocrx_word' id='word_1_940' title='bbox 2006 3616 2234 3672; x_wconf 88' lang='lat' dir='ltr'><strong>dicenda</strong></span> <span class='ocrx_word' id='word_1_941' title='bbox 2279 3624 2461 3670; x_wconf 82' lang='lat' dir='ltr'><strong>essent</strong></span> <span class='ocrx_word' id='word_1_942' title='bbox 2509 3615 2810 3669; x_wconf 84' lang='lat' dir='ltr'><strong>mendacia:</strong></span> <span class='ocrx_word' id='word_1_943' title='bbox 2846 3629 2965 3667; x_wconf 89' lang='lat' dir='ltr'><strong>nam</strong></span> <span class='ocrx_word' id='word_1_944' title='bbox 3013 3614 3105 3681; x_wconf 83' lang='lat' dir='ltr'><strong>qui</strong></span> <span class='ocrx_word' id='word_1_945' title='bbox 3135 3615 3374 3677; x_wconf 70' lang='lat' dir='ltr'><strong>fratrem,</strong></span> <span class='ocrx_word' id='word_1_946' title='bbox 3424 3614 3574 3665; x_wconf 87' lang='lat' dir='ltr'><strong>verbi</strong></span> 
     </span>
    </p>
   </div>
   <div class='ocr_carea' id='block_1_125' title="bbox 2007 3681 3576 3756">
    <p class='ocr_par' dir='ltr' id='par_1_125' title="bbox 2007 3681 3576 3756">
     <span class='ocr_line' id='line_1_127' title="bbox 2007 3681 3576 3756; baseline -0.004 -16"><span class='ocrx_word' id='word_1_947' title='bbox 2007 3688 2474 3756; x_wconf 83' lang='lat' dir='ltr'><strong>gratia,legentem</strong></span> <span class='ocrx_word' id='word_1_948' title='bbox 2489 3686 2649 3756; x_wconf 90' lang='lat' dir='ltr'><strong>solito</strong></span> <span class='ocrx_word' id='word_1_949' title='bbox 2675 3686 2835 3738; x_wconf 87' lang='lat' dir='ltr'><strong>altius</strong></span> <span class='ocrx_word' id='word_1_950' title='bbox 2859 3687 2909 3738; x_wconf 87' lang='lat' dir='ltr'><strong>itt</strong></span> <span class='ocrx_word' id='word_1_951' title='bbox 2935 3685 3218 3738; x_wconf 84' lang='lat' dir='ltr'><strong>refectorio</strong></span> <span class='ocrx_word' id='word_1_952' title='bbox 3246 3681 3576 3756; x_wconf 84' lang='lat' dir='ltr'><strong>increpando</strong></span> 
     </span>
    </p>
   </div>
   <div class='ocr_carea' id='block_1_126' title="bbox 2009 3755 3577 3823">
    <p class='ocr_par' dir='ltr' id='par_1_126' title="bbox 2009 3755 3577 3823">
     <span class='ocr_line' id='line_1_128' title="bbox 2009 3755 3577 3823; baseline -0.003 -13"><span class='ocrx_word' id='word_1_953' title='bbox 2009 3768 2161 3811; x_wconf 88' lang='lat' dir='ltr'><strong>vocat</strong></span> <span class='ocrx_word' id='word_1_954' title='bbox 2191 3755 2660 3823; x_wconf 87' lang='lat' dir='ltr'><strong>declamatorium,</strong></span> <span class='ocrx_word' id='word_1_955' title='bbox 2694 3756 3015 3823; x_wconf 75' lang='lat' dir='ltr'><strong>superbum,</strong></span> <span class='ocrx_word' id='word_1_956' title='bbox 3045 3756 3220 3807; x_wconf 92' lang='lat' dir='ltr'><strong>minus</strong></span> <span class='ocrx_word' id='word_1_957' title='bbox 3246 3755 3468 3807; x_wconf 77' lang='lat' dir='ltr'><strong>honeste</strong></span> <span class='ocrx_word' id='word_1_958' title='bbox 3502 3758 3577 3806; x_wconf 85' lang='lat' dir='ltr'><strong>le-</strong></span> 
     </span>
    </p>
   </div>
   <div class='ocr_carea' id='block_1_127' title="bbox 2007 3823 3572 3899">
    <p class='ocr_par' dir='ltr' id='par_1_127' title="bbox 2007 3823 3572 3899">
     <span class='ocr_line' id='line_1_129' title="bbox 2007 3823 3572 3899; baseline -0.004 -17"><span class='ocrx_word' id='word_1_959' title='bbox 2007 3838 2241 3899; x_wconf 87' lang='lat' dir='ltr'><strong>gentem,</strong></span> <span class='ocrx_word' id='word_1_960' title='bbox 2274 3843 2376 3880; x_wconf 91' lang='lat' dir='ltr'><strong>non</strong></span> <span class='ocrx_word' id='word_1_961' title='bbox 2422 3827 2589 3894; x_wconf 89' lang='lat' dir='ltr'><strong>magis</strong></span> <span class='ocrx_word' id='word_1_962' title='bbox 2635 3828 2845 3899; x_wconf 83' lang='lat' dir='ltr'><strong>mentiri</strong></span> <span class='ocrx_word' id='word_1_963' title='bbox 2886 3826 3185 3899; x_wconf 83' lang='lat' dir='ltr'><strong>censendus</strong></span> <span class='ocrx_word' id='word_1_964' title='bbox 3222 3833 3308 3899; x_wconf 83' lang='lat' dir='ltr'><strong>est</strong></span> <span class='ocrx_word' id='word_1_965' title='bbox 3335 3840 3492 3899; x_wconf 86' lang='lat' dir='ltr'><strong>quam</strong></span> <span class='ocrx_word' id='word_1_966' title='bbox 3527 3823 3572 3876; x_wconf 88' lang='lat' dir='ltr'><strong>is</strong></span> 
     </span>
    </p>
   </div>
   <div class='ocr_carea' id='block_1_128' title="bbox 2008 3894 3653 3967">
    <p class='ocr_par' dir='ltr' id='par_1_128' title="bbox 2008 3894 3653 3967">
     <span class='ocr_line' id='line_1_130' title="bbox 2008 3894 3653 3967; baseline -0.003 -15"><span class='ocrx_word' id='word_1_967' title='bbox 2008 3894 2095 3967; x_wconf 73' lang='lat' dir='ltr'><strong>qui</strong></span> <span class='ocrx_word' id='word_1_968' title='bbox 2124 3900 2295 3952; x_wconf 91' lang='lat' dir='ltr'><strong>virum</strong></span> <span class='ocrx_word' id='word_1_969' title='bbox 2324 3900 2610 3966; x_wconf 90' lang='lat' dir='ltr'><strong>pessimum</strong></span> <span class='ocrx_word' id='word_1_970' title='bbox 2642 3896 2842 3950; x_wconf 90' lang='lat' dir='ltr'><strong>ironice</strong></span> <span class='ocrx_word' id='word_1_971' title='bbox 2870 3896 3099 3964; x_wconf 74' lang='lat' dir='ltr'><strong>appellat</strong></span> <span class='ocrx_word' id='word_1_972' title='bbox 3122 3896 3379 3963; x_wconf 81' lang='lat' dir='ltr'><strong>Optimum</strong></span> <span class='ocrx_word' id='word_1_973' title='bbox 3408 3910 3421 3957; x_wconf 90' lang='lat'><strong>;</strong></span> <span class='ocrx_word' id='word_1_974' title='bbox 3457 3896 3575 3947; x_wconf 67' lang='lat' dir='ltr'><strong>haec</strong></span> <span class='ocrx_word' id='word_1_975' title='bbox 3652 3894 3653 3897; x_wconf 58' lang='grc'><em>“</em></span> 
     </span>
    </p>
   </div>
   <div class='ocr_carea' id='block_1_129' title="bbox 2008 3968 3578 4033">
    <p class='ocr_par' dir='ltr' id='par_1_129' title="bbox 2008 3968 3578 4033">
     <span class='ocr_line' id='line_1_131' title="bbox 2008 3968 3578 4033; baseline -0.003 -11"><span class='ocrx_word' id='word_1_976' title='bbox 2008 3972 2149 4022; x_wconf 90' lang='lat' dir='ltr'><strong>enitn</strong></span> <span class='ocrx_word' id='word_1_977' title='bbox 2178 3974 2353 4022; x_wconf 60' lang='lat' dir='ltr'><strong>omnia</strong></span> <span class='ocrx_word' id='word_1_978' title='bbox 2386 3983 2489 4020; x_wconf 91' lang='lat' dir='ltr'><strong>non</strong></span> <span class='ocrx_word' id='word_1_979' title='bbox 2511 3970 2774 4021; x_wconf 87' lang='lat' dir='ltr'><strong>assertive</strong></span> <span class='ocrx_word' id='word_1_980' title='bbox 2810 3969 3174 4030; x_wconf 62' lang='lat' dir='ltr'><strong>proferuntur,</strong></span> <span class='ocrx_word' id='word_1_981' title='bbox 3207 3969 3299 4019; x_wconf 84' lang='lat' dir='ltr'><strong>sed</strong></span> <span class='ocrx_word' id='word_1_982' title='bbox 3332 3968 3578 4033; x_wconf 86' lang='lat' dir='ltr'><strong>inciepa-</strong></span> 
     </span>
    </p>
   </div>
   <div class='ocr_carea' id='block_1_130' title="bbox 2010 4038 3578 4106">
    <p class='ocr_par' dir='ltr' id='par_1_130' title="bbox 2010 4038 3578 4106">
     <span class='ocr_line' id='line_1_132' title="bbox 2010 4038 3578 4106; baseline -0.003 -13"><span class='ocrx_word' id='word_1_983' title='bbox 2010 4050 2136 4094; x_wconf 86' lang='lat' dir='ltr'><strong>ttve.</strong></span> <span class='ocrx_word' id='word_1_984' title='bbox 2184 4040 2306 4094; x_wconf 72' lang='lat' dir='ltr'><strong>lltec</strong></span> <span class='ocrx_word' id='word_1_985' title='bbox 2347 4040 2518 4093; x_wconf 77' lang='lat' dir='ltr'><strong>obiter</strong></span> <span class='ocrx_word' id='word_1_986' title='bbox 2544 4038 2793 4103; x_wconf 85' lang='lat' dir='ltr'><strong>dicimus,</strong></span> <span class='ocrx_word' id='word_1_987' title='bbox 2817 4038 2886 4091; x_wconf 90' lang='lat' dir='ltr'><strong>de</strong></span> <span class='ocrx_word' id='word_1_988' title='bbox 2914 4038 3107 4105; x_wconf 90' lang='lat' dir='ltr'><strong>quibus</strong></span> <span class='ocrx_word' id='word_1_989' title='bbox 3146 4039 3233 4106; x_wconf 90' lang='lat' dir='ltr'><strong>qui</strong></span> <span class='ocrx_word' id='word_1_990' title='bbox 3260 4042 3408 4104; x_wconf 67' lang='lat' dir='ltr'><strong>piura</strong></span> <span class='ocrx_word' id='word_1_991' title='bbox 3436 4038 3578 4089; x_wconf 87' lang='lat' dir='ltr'><strong>desi-</strong></span> 
     </span>
    </p>
   </div>
   <div class='ocr_carea' id='block_1_131' title="bbox 2007 4107 3579 4174">
    <p class='ocr_par' dir='ltr' id='par_1_131' title="bbox 2007 4107 3579 4174">
     <span class='ocr_line' id='line_1_133' title="bbox 2007 4107 3579 4174; baseline -0.003 -11"><span class='ocrx_word' id='word_1_992' title='bbox 2007 4112 2313 4174; x_wconf 86' lang='lat' dir='ltr'><strong>deraverit,</strong></span> <span class='ocrx_word' id='word_1_993' title='bbox 2365 4109 2518 4162; x_wconf 87' lang='lat' dir='ltr'><strong>adeat</strong></span> <span class='ocrx_word' id='word_1_994' title='bbox 2572 4109 2763 4162; x_wconf 90' lang='lat' dir='ltr'><strong>librum</strong></span> <span class='ocrx_word' id='word_1_995' title='bbox 2791 4110 2857 4163; x_wconf 89' lang='lat' dir='ltr'><strong>de</strong></span> <span class='ocrx_word' id='word_1_996' title='bbox 2899 4107 3105 4162; x_wconf 82' lang='lat' dir='ltr'><strong>Officiis</strong></span> <span class='ocrx_word' id='word_1_997' title='bbox 3151 4120 3205 4161; x_wconf 91' lang='lat' dir='ltr'><strong>et</strong></span> <span class='ocrx_word' id='word_1_998' title='bbox 3249 4109 3579 4174; x_wconf 79' lang='lat' dir='ltr'><strong>perfecuone</strong></span> 
     </span>
    </p>
   </div>
   <div class='ocr_carea' id='block_1_132' title="bbox 2012 4177 3577 4247">
    <p class='ocr_par' dir='ltr' id='par_1_132' title="bbox 2012 4177 3577 4247">
     <span class='ocr_line' id='line_1_134' title="bbox 2012 4177 3577 4247; baseline -0.003 -12"><span class='ocrx_word' id='word_1_999' title='bbox 2012 4185 2416 4243; x_wconf 86' lang='lat' dir='ltr'><strong>monachorum,</strong></span> <span class='ocrx_word' id='word_1_1000' title='bbox 2437 4193 2555 4247; x_wconf 86' lang='lat' dir='ltr'><strong>cap.</strong></span> <span class='ocrx_word' id='word_1_1001' title='bbox 2580 4179 2666 4231; x_wconf 73' lang='grc'><strong>12.</strong></span> <span class='ocrx_word' id='word_1_1002' title='bbox 2693 4181 2875 4234; x_wconf 75' lang='lat' dir='ltr'><strong>Redeo</strong></span> <span class='ocrx_word' id='word_1_1003' title='bbox 2890 4181 2954 4232; x_wconf 88' lang='lat' dir='ltr'><strong>ad</strong></span> <span class='ocrx_word' id='word_1_1004' title='bbox 2978 4180 3038 4234; x_wconf 86' lang='lat' dir='ltr'><strong>S.</strong></span> <span class='ocrx_word' id='word_1_1005' title='bbox 3059 4177 3327 4233; x_wconf 81' lang='lat' dir='ltr'><strong>Benedicti</strong></span> <span class='ocrx_word' id='word_1_1006' title='bbox 3348 4186 3577 4240; x_wconf 78' lang='lat' dir='ltr'><strong>textum,</strong></span> 
     </span>
    </p>
   </div>
   <div class='ocr_carea' id='block_1_133' title="bbox 2011 4247 3580 4320">
    <p class='ocr_par' dir='ltr' id='par_1_133' title="bbox 2011 4247 3580 4320">
     <span class='ocr_line' id='line_1_135' title="bbox 2011 4247 3580 4320; baseline -0.003 -15"><span class='ocrx_word' id='word_1_1007' title='bbox 2011 4252 2125 4318; x_wconf 87' lang='lat' dir='ltr'><strong>qui,</strong></span> <span class='ocrx_word' id='word_1_1008' title='bbox 2150 4259 2210 4305; x_wconf 91' lang='lat' dir='ltr'><strong>ut</strong></span> <span class='ocrx_word' id='word_1_1009' title='bbox 2236 4262 2385 4305; x_wconf 87' lang='lat' dir='ltr'><strong>notat</strong></span> <span class='ocrx_word' id='word_1_1010' title='bbox 2428 4250 2789 4316; x_wconf 85' lang='lat' dir='ltr'><strong>llildemarus,</strong></span> <span class='ocrx_word' id='word_1_1011' title='bbox 2823 4266 2928 4304; x_wconf 91' lang='lat' dir='ltr'><strong>non</strong></span> <span class='ocrx_word' id='word_1_1012' title='bbox 2970 4251 3283 4320; x_wconf 86' lang='lat' dir='ltr'><strong>simpliciter</strong></span> <span class='ocrx_word' id='word_1_1013' title='bbox 3321 4247 3471 4314; x_wconf 86' lang='lat' dir='ltr'><strong>jubet</strong></span> <span class='ocrx_word' id='word_1_1014' title='bbox 3521 4258 3580 4301; x_wconf 88' lang='lat' dir='ltr'><strong>ut</strong></span> 
     </span>
    </p>
   </div>
   <div class='ocr_carea' id='block_1_134' title="bbox 2012 4320 3576 4389">
    <p class='ocr_par' dir='ltr' id='par_1_134' title="bbox 2012 4320 3576 4389">
     <span class='ocr_line' id='line_1_136' title="bbox 2012 4320 3576 4389; baseline -0.002 -13"><span class='ocrx_word' id='word_1_1015' title='bbox 2012 4322 2165 4388; x_wconf 86' lang='lat' dir='ltr'><strong>dura,</strong></span> <span class='ocrx_word' id='word_1_1016' title='bbox 2199 4321 2488 4389; x_wconf 82' lang='lat' dir='ltr'><strong>contraria,</strong></span> <span class='ocrx_word' id='word_1_1017' title='bbox 2536 4320 2860 4389; x_wconf 75' lang='lat' dir='ltr'><strong>injuriasun</strong></span> <span class='ocrx_word' id='word_1_1018' title='bbox 2905 4323 3167 4389; x_wconf 87' lang='lat' dir='ltr'><strong>patienter</strong></span> <span class='ocrx_word' id='word_1_1019' title='bbox 3201 4320 3534 4388; x_wconf 88' lang='lat' dir='ltr'><strong>perferamus</strong></span> <span class='ocrx_word' id='word_1_1020' title='bbox 3558 4358 3576 4385; x_wconf 91' lang='lat'><strong>,</strong></span> 
     </span>
    </p>
   </div>
   <div class='ocr_carea' id='block_1_135' title="bbox 2013 4391 3579 4461">
    <p class='ocr_par' dir='ltr' id='par_1_135' title="bbox 2013 4391 3579 4461">
     <span class='ocr_line' id='line_1_137' title="bbox 2013 4391 3579 4461; baseline -0.003 -14"><span class='ocrx_word' id='word_1_1021' title='bbox 2013 4397 2127 4457; x_wconf 87' lang='lat' dir='ltr'><strong>sed,</strong></span> <span class='ocrx_word' id='word_1_1022' title='bbox 2152 4395 2293 4461; x_wconf 89' lang='lat' dir='ltr'><strong>qttod</strong></span> <span class='ocrx_word' id='word_1_1023' title='bbox 2317 4392 2488 4461; x_wconf 81' lang='lat' dir='ltr'><strong>majus</strong></span> <span class='ocrx_word' id='word_1_1024' title='bbox 2509 4404 2610 4451; x_wconf 86' lang='lat' dir='ltr'><strong>est.</strong></span> <span class='ocrx_word' id='word_1_1025' title='bbox 2636 4393 3025 4461; x_wconf 82' lang='lat' dir='ltr'><strong>amplectamur,</strong></span> <span class='ocrx_word' id='word_1_1026' title='bbox 3051 4391 3104 4444; x_wconf 88' lang='lat' dir='ltr'><strong>id</strong></span> <span class='ocrx_word' id='word_1_1027' title='bbox 3130 4401 3212 4445; x_wconf 89' lang='lat' dir='ltr'><strong>est</strong></span> <span class='ocrx_word' id='word_1_1028' title='bbox 3235 4405 3357 4444; x_wconf 88' lang='lat' dir='ltr'><strong>cum</strong></span> <span class='ocrx_word' id='word_1_1029' title='bbox 3385 4392 3579 4459; x_wconf 85' lang='lat' dir='ltr'><strong>gaudio</strong></span> 
     </span>
    </p>
   </div>
   <div class='ocr_carea' id='block_1_136' title="bbox 2013 4462 3576 4530">
    <p class='ocr_par' dir='ltr' id='par_1_136' title="bbox 2013 4462 3576 4530">
     <span class='ocr_line' id='line_1_138' title="bbox 2013 4462 3576 4530; baseline -0.002 -13"><span class='ocrx_word' id='word_1_1030' title='bbox 2013 4473 2069 4517; x_wconf 89' lang='lat' dir='ltr'><strong>et</strong></span> <span class='ocrx_word' id='word_1_1031' title='bbox 2087 4477 2269 4517; x_wconf 86' lang='lat' dir='ltr'><strong>amore</strong></span> <span class='ocrx_word' id='word_1_1032' title='bbox 2297 4462 2680 4530; x_wconf 85' lang='lat' dir='ltr'><strong>suscipiamus;</strong></span> <span class='ocrx_word' id='word_1_1033' title='bbox 2718 4479 2739 4513; x_wconf 75' lang='grc' dir='ltr'>ι</span> <span class='ocrx_word' id='word_1_1034' title='bbox 2777 4477 2875 4516; x_wconf 91' lang='lat' dir='ltr'><strong>nos</strong></span> <span class='ocrx_word' id='word_1_1035' title='bbox 2895 4463 3040 4516; x_wconf 91' lang='lat' dir='ltr'><strong>enim</strong></span> <span class='ocrx_word' id='word_1_1036' title='bbox 3063 4478 3179 4516; x_wconf 89' lang='lat' dir='ltr'><strong>eam</strong></span> <span class='ocrx_word' id='word_1_1037' title='bbox 3206 4477 3340 4526; x_wconf 90' lang='lat' dir='ltr'><strong>rem,</strong></span> <span class='ocrx_word' id='word_1_1038' title='bbox 3370 4462 3576 4529; x_wconf 88' lang='lat' dir='ltr'><strong>inquit,</strong></span> 
     </span>
    </p>
   </div>
   <div class='ocr_carea' id='block_1_137' title="bbox 2018 4533 3579 4602">
    <p class='ocr_par' dir='ltr' id='par_1_137' title="bbox 2018 4533 3579 4602">
     <span class='ocr_line' id='line_1_139' title="bbox 2018 4533 3579 4602; baseline -0.003 -15"><span class='ocrx_word' id='word_1_1039' title='bbox 2018 4549 2174 4601; x_wconf 87' lang='lat' dir='ltr'><strong>quam</strong></span> <span class='ocrx_word' id='word_1_1040' title='bbox 2196 4534 2468 4602; x_wconf 78' lang='lat' dir='ltr'><strong>diligimus</strong></span> <span class='ocrx_word' id='word_1_1041' title='bbox 2488 4533 2889 4600; x_wconf 84' lang='lat' dir='ltr'><strong>amplectimur,</strong></span> <span class='ocrx_word' id='word_1_1042' title='bbox 2914 4534 3033 4600; x_wconf 84' lang='lat' dir='ltr'><strong>quia</strong></span> <span class='ocrx_word' id='word_1_1043' title='bbox 3064 4548 3167 4586; x_wconf 89' lang='lat' dir='ltr'><strong>non</strong></span> <span class='ocrx_word' id='word_1_1044' title='bbox 3198 4538 3367 4586; x_wconf 71' lang='lat' dir='ltr'><strong>solum</strong></span> <span class='ocrx_word' id='word_1_1045' title='bbox 3396 4546 3579 4602; x_wconf 81' lang='lat' dir='ltr'><strong>mona-</strong></span> 
     </span>
    </p>
   </div>
   <div class='ocr_carea' id='block_1_138' title="bbox 2012 4601 3577 4664">
    <p class='ocr_par' dir='ltr' id='par_1_138' title="bbox 2012 4601 3577 4664">
     <span class='ocr_line' id='line_1_140' title="bbox 2012 4601 3577 4664; baseline -0.003 -5"><span class='ocrx_word' id='word_1_1046' title='bbox 2012 4606 2146 4659; x_wconf 87' lang='lat' dir='ltr'><strong>chus</strong></span> <span class='ocrx_word' id='word_1_1047' title='bbox 2174 4601 2333 4659; x_wconf 82' lang='lat' dir='ltr'><strong>debet</strong></span> <span class='ocrx_word' id='word_1_1048' title='bbox 2362 4603 2589 4658; x_wconf 84' lang='lat' dir='ltr'><strong>adversa</strong></span> <span class='ocrx_word' id='word_1_1049' title='bbox 2632 4605 2857 4659; x_wconf 85' lang='lat' dir='ltr'><strong>sull‘erre</strong></span> <span class='ocrx_word' id='word_1_1050' title='bbox 2883 4614 2974 4657; x_wconf 89' lang='lat' dir='ltr'><strong>aut</strong></span> <span class='ocrx_word' id='word_1_1051' title='bbox 2999 4603 3252 4664; x_wconf 86' lang='lat' dir='ltr'><strong>tolerare,</strong></span> <span class='ocrx_word' id='word_1_1052' title='bbox 3286 4602 3381 4655; x_wconf 90' lang='lat' dir='ltr'><strong>sed</strong></span> <span class='ocrx_word' id='word_1_1053' title='bbox 3413 4601 3577 4655; x_wconf 87' lang='lat' dir='ltr'><strong>etiam</strong></span> 
     </span>
    </p>
   </div>
   <div class='ocr_carea' id='block_1_139' title="bbox 2012 4671 3579 4745">
    <p class='ocr_par' dir='ltr' id='par_1_139' title="bbox 2012 4671 3579 4745">
     <span class='ocr_line' id='line_1_141' title="bbox 2012 4671 3579 4745; baseline -0.005 -15"><span class='ocrx_word' id='word_1_1054' title='bbox 2012 4690 2134 4730; x_wconf 90' lang='lat' dir='ltr'><strong>cum</strong></span> <span class='ocrx_word' id='word_1_1055' title='bbox 2159 4675 2355 4745; x_wconf 86' lang='lat' dir='ltr'><strong>gaudio</strong></span> <span class='ocrx_word' id='word_1_1056' title='bbox 2377 4672 2620 4729; x_wconf 77' lang='lat' dir='ltr'><strong>sufferre.</strong></span> <span class='ocrx_word' id='word_1_1057' title='bbox 2663 4694 2681 4724; x_wconf 74' lang='grc' dir='ltr'><strong><em>ι</em></strong></span> <span class='ocrx_word' id='word_1_1058' title='bbox 2720 4675 2864 4727; x_wconf 89' lang='lat' dir='ltr'><strong>Talis</strong></span> <span class='ocrx_word' id='word_1_1059' title='bbox 2909 4684 3023 4729; x_wconf 89' lang='lat' dir='ltr'><strong>erat</strong></span> <span class='ocrx_word' id='word_1_1060' title='bbox 3057 4674 3278 4741; x_wconf 76' lang='lat' dir='ltr'><strong>insignis</strong></span> <span class='ocrx_word' id='word_1_1061' title='bbox 3326 4671 3414 4724; x_wconf 87' lang='lat' dir='ltr'><strong>illa</strong></span> <span class='ocrx_word' id='word_1_1062' title='bbox 3455 4685 3579 4724; x_wconf 82' lang='lat' dir='ltr'><strong>sau-</strong></span> 
     </span>
    </p>
   </div>
   <div class='ocr_carea' id='block_1_140' title="bbox 2012 4745 3581 4811">
    <p class='ocr_par' dir='ltr' id='par_1_140' title="bbox 2012 4745 3581 4811">
     <span class='ocr_line' id='line_1_142' title="bbox 2012 4745 3581 4811; baseline -0.004 -12"><span class='ocrx_word' id='word_1_1063' title='bbox 2012 4745 2337 4800; x_wconf 87' lang='lat' dir='ltr'><strong>ctimonialis</strong></span> <span class='ocrx_word' id='word_1_1064' title='bbox 2355 4745 2900 4799; x_wconf 87' lang='lat' dir='ltr'><strong>&#39;l‘abenneusiotaruin</strong></span> <span class='ocrx_word' id='word_1_1065' title='bbox 2919 4745 3247 4808; x_wconf 82' lang='lat' dir='ltr'><strong>moiiasterii,</strong></span> <span class='ocrx_word' id='word_1_1066' title='bbox 3273 4756 3413 4811; x_wconf 65' lang='lat' dir='ltr'><strong>quae,</strong></span> <span class='ocrx_word' id='word_1_1067' title='bbox 3440 4751 3581 4796; x_wconf 78' lang='lat' dir='ltr'><strong>teste</strong></span> 
     </span>
    </p>
   </div>
   <div class='ocr_carea' id='block_1_141' title="bbox 2014 4814 3579 4886">
    <p class='ocr_par' dir='ltr' id='par_1_141' title="bbox 2014 4814 3579 4886">
     <span class='ocr_line' id='line_1_143' title="bbox 2014 4814 3579 4886; baseline -0.004 -14"><span class='ocrx_word' id='word_1_1068' title='bbox 2014 4817 2249 4872; x_wconf 83' lang='lat' dir='ltr'><strong>Palladio</strong></span> <span class='ocrx_word' id='word_1_1069' title='bbox 2274 4814 2460 4886; x_wconf 88' lang='lat' dir='ltr'><strong>(Laus.</strong></span> <span class='ocrx_word' id='word_1_1070' title='bbox 2513 4832 2634 4879; x_wconf 86' lang='lat' dir='ltr'><strong>cap.</strong></span> <span class='ocrx_word' id='word_1_1071' title='bbox 2666 4817 2784 4885; x_wconf 78' lang='grc' dir='ltr'><strong>Η),</strong></span> <span class='ocrx_word' id='word_1_1072' title='bbox 2835 4833 2855 4866; x_wconf 85' lang='lat' dir='ltr'><strong>s</strong></span> <span class='ocrx_word' id='word_1_1073' title='bbox 2892 4829 2996 4869; x_wconf 90' lang='lat' dir='ltr'><strong>non</strong></span> <span class='ocrx_word' id='word_1_1074' title='bbox 3048 4814 3421 4886; x_wconf 63' lang='lat' dir='ltr'><strong>murmuravit,</strong></span> <span class='ocrx_word' id='word_1_1075' title='bbox 3473 4828 3579 4866; x_wconf 87' lang='lat' dir='ltr'><strong>noo</strong></span> 
     </span>
    </p>
   </div>
   <div class='ocr_carea' id='block_1_142' title="bbox 2016 4884 3581 4956">
    <p class='ocr_par' dir='ltr' id='par_1_142' title="bbox 2016 4884 3581 4956">
     <span class='ocr_line' id='line_1_144' title="bbox 2016 4884 3581 4956; baseline -0.001 -17"><span class='ocrx_word' id='word_1_1076' title='bbox 2016 4901 2235 4954; x_wconf 89' lang='lat' dir='ltr'><strong>parvum</strong></span> <span class='ocrx_word' id='word_1_1077' title='bbox 2280 4884 2359 4941; x_wconf 80' lang='lat' dir='ltr'><strong>vel</strong></span> <span class='ocrx_word' id='word_1_1078' title='bbox 2385 4901 2635 4956; x_wconf 83' lang='lat' dir='ltr'><strong>magnum</strong></span> <span class='ocrx_word' id='word_1_1079' title='bbox 2663 4887 2793 4951; x_wconf 83' lang='lat' dir='ltr'><strong>quid</strong></span> <span class='ocrx_word' id='word_1_1080' title='bbox 2834 4897 2917 4941; x_wconf 88' lang='lat' dir='ltr'><strong>est</strong></span> <span class='ocrx_word' id='word_1_1081' title='bbox 2948 4888 3144 4951; x_wconf 84' lang='lat' dir='ltr'><strong>locuta,</strong></span> <span class='ocrx_word' id='word_1_1082' title='bbox 3175 4884 3276 4939; x_wconf 89' lang='lat' dir='ltr'><strong>etsi</strong></span> <span class='ocrx_word' id='word_1_1083' title='bbox 3304 4895 3581 4938; x_wconf 87' lang='lat' dir='ltr'><strong>contume-</strong></span> 
     </span>
    </p>
   </div>
   <div class='ocr_carea' id='block_1_143' title="bbox 2017 4955 3581 5023">
    <p class='ocr_par' dir='ltr' id='par_1_143' title="bbox 2017 4955 3581 5023">
     <span class='ocr_line' id='line_1_145' title="bbox 2017 4955 3581 5023; baseline -0.001 -12"><span class='ocrx_word' id='word_1_1084' title='bbox 2017 4957 2102 5012; x_wconf 87' lang='lat' dir='ltr'><strong>liis</strong></span> <span class='ocrx_word' id='word_1_1085' title='bbox 2123 4961 2446 5019; x_wconf 88' lang='lat' dir='ltr'><strong>afliceretur,</strong></span> <span class='ocrx_word' id='word_1_1086' title='bbox 2485 4955 2540 5011; x_wconf 87' lang='lat' dir='ltr'><strong>et</strong></span> <span class='ocrx_word' id='word_1_1087' title='bbox 2584 4958 2773 5023; x_wconf 89' lang='lat' dir='ltr'><strong>pugnis</strong></span> <span class='ocrx_word' id='word_1_1088' title='bbox 2798 4955 3136 5019; x_wconf 87' lang='lat' dir='ltr'><strong>tunderetur,</strong></span> <span class='ocrx_word' id='word_1_1089' title='bbox 3184 4966 3234 5010; x_wconf 91' lang='lat' dir='ltr'><strong>et</strong></span> <span class='ocrx_word' id='word_1_1090' title='bbox 3282 4956 3581 5009; x_wconf 88' lang='lat' dir='ltr'><strong>maledictis</strong></span> 
     </span>
    </p>
   </div>
   <div class='ocr_carea' id='block_1_144' title="bbox 2014 5025 3580 5097">
    <p class='ocr_par' dir='ltr' id='par_1_144' title="bbox 2014 5025 3580 5097">
     <span class='ocr_line' id='line_1_146' title="bbox 2014 5025 3580 5097; baseline -0.002 -15"><span class='ocrx_word' id='word_1_1091' title='bbox 2014 5039 2375 5097; x_wconf 82' lang='lat' dir='ltr'><strong>appeteretur,</strong></span> <span class='ocrx_word' id='word_1_1092' title='bbox 2403 5037 2457 5081; x_wconf 91' lang='lat' dir='ltr'><strong>et</strong></span> <span class='ocrx_word' id='word_1_1093' title='bbox 2489 5028 2696 5088; x_wconf 78' lang='lat' dir='ltr'><strong>plurimi</strong></span> <span class='ocrx_word' id='word_1_1094' title='bbox 2730 5042 2849 5082; x_wconf 90' lang='lat' dir='ltr'><strong>eam</strong></span> <span class='ocrx_word' id='word_1_1095' title='bbox 2881 5028 3336 5097; x_wconf 83' lang='lat' dir='ltr'><strong>aliominarentur.</strong></span> <span class='ocrx_word' id='word_1_1096' title='bbox 3380 5043 3397 5075; x_wconf 76' lang='grc' dir='ltr'>ι</span> <span class='ocrx_word' id='word_1_1097' title='bbox 3433 5025 3580 5079; x_wconf 85' lang='lat' dir='ltr'><strong>Talis</strong></span> 
     </span>
    </p>
   </div>
   <div class='ocr_carea' id='block_1_145' title="bbox 2018 5096 3582 5154">
    <p class='ocr_par' dir='ltr' id='par_1_145' title="bbox 2018 5096 3582 5154">
     <span class='ocr_line' id='line_1_147' title="bbox 2018 5096 3582 5154; baseline -0.004 0"><span class='ocrx_word' id='word_1_1098' title='bbox 2018 5099 2074 5154; x_wconf 88' lang='lat' dir='ltr'><strong>S.</strong></span> <span class='ocrx_word' id='word_1_1099' title='bbox 2093 5097 2393 5153; x_wconf 86' lang='lat' dir='ltr'><strong>Willelmus</strong></span> <span class='ocrx_word' id='word_1_1100' title='bbox 2416 5097 2757 5153; x_wconf 85' lang='lat' dir='ltr'><strong>Gellonensis</strong></span> <span class='ocrx_word' id='word_1_1101' title='bbox 2780 5099 3091 5153; x_wconf 78' lang='lat' dir='ltr'><strong>monasterii</strong></span> <span class='ocrx_word' id='word_1_1102' title='bbox 3117 5096 3364 5151; x_wconf 69' lang='lat' dir='ltr'><strong>fundator</strong></span> <span class='ocrx_word' id='word_1_1103' title='bbox 3386 5108 3437 5150; x_wconf 90' lang='lat' dir='ltr'><strong>et</strong></span> <span class='ocrx_word' id='word_1_1104' title='bbox 3469 5112 3582 5148; x_wconf 82' lang='lat' dir='ltr'><strong>titti-</strong></span> 
     </span>
    </p>
   </div>
   <div class='ocr_carea' id='block_1_146' title="bbox 2017 5168 3580 5240">
    <p class='ocr_par' dir='ltr' id='par_1_146' title="bbox 2017 5168 3580 5240">
     <span class='ocr_line' id='line_1_148' title="bbox 2017 5168 3580 5240; baseline -0.002 -18"><span class='ocrx_word' id='word_1_1105' title='bbox 2017 5173 2238 5233; x_wconf 88' lang='lat' dir='ltr'><strong>nachus,</strong></span> <span class='ocrx_word' id='word_1_1106' title='bbox 2255 5171 2346 5240; x_wconf 92' lang='lat' dir='ltr'><strong>qui</strong></span> <span class='ocrx_word' id='word_1_1107' title='bbox 2378 5187 2398 5220; x_wconf 78' lang='grc' dir='ltr'>ι</span> <span class='ocrx_word' id='word_1_1108' title='bbox 2425 5171 2691 5223; x_wconf 88' lang='lat' dir='ltr'><strong>interdum</strong></span> <span class='ocrx_word' id='word_1_1109' title='bbox 2714 5168 3385 5240; x_wconf 69' lang='lat' dir='ltr'><strong>c:csus,etitijuriislaesus,</strong></span> <span class='ocrx_word' id='word_1_1110' title='bbox 3405 5181 3580 5235; x_wconf 86' lang='lat' dir='ltr'><strong>neque</strong></span> 
     </span>
    </p>
   </div>
   <div class='ocr_carea' id='block_1_147' title="bbox 2016 5239 3578 5309">
    <p class='ocr_par' dir='ltr' id='par_1_147' title="bbox 2016 5239 3578 5309">
     <span class='ocr_line' id='line_1_149' title="bbox 2016 5239 3578 5309; baseline -0.004 -15"><span class='ocrx_word' id='word_1_1111' title='bbox 2016 5239 2321 5304; x_wconf 84' lang='lat' dir='ltr'><strong>resis:ebat,</strong></span> <span class='ocrx_word' id='word_1_1112' title='bbox 2355 5256 2526 5307; x_wconf 87' lang='lat' dir='ltr'><strong>neque</strong></span> <span class='ocrx_word' id='word_1_1113' title='bbox 2554 5241 3011 5304; x_wconf 86' lang='lat' dir='ltr'><strong>comminabatur,</strong></span> <span class='ocrx_word' id='word_1_1114' title='bbox 3043 5239 3307 5309; x_wconf 88' lang='lat' dir='ltr'><strong>gaudebat</strong></span> <span class='ocrx_word' id='word_1_1115' title='bbox 3342 5239 3495 5303; x_wconf 90' lang='lat' dir='ltr'><strong>plane</strong></span> <span class='ocrx_word' id='word_1_1116' title='bbox 3528 5254 3578 5289; x_wconf 91' lang='lat' dir='ltr'><strong>tu</strong></span> 
     </span>
    </p>
   </div>
   <div class='ocr_carea' id='block_1_148' title="bbox 2012 5309 3582 5379">
    <p class='ocr_par' dir='ltr' id='par_1_148' title="bbox 2012 5309 3582 5379">
     <span class='ocr_line' id='line_1_150' title="bbox 2012 5309 3582 5379; baseline -0.003 -14"><span class='ocrx_word' id='word_1_1117' title='bbox 2012 5313 2367 5379; x_wconf 83' lang='lat' dir='ltr'><strong>subjectione.</strong></span> <span class='ocrx_word' id='word_1_1118' title='bbox 2409 5330 2427 5361; x_wconf 76' lang='grc' dir='ltr'>ι</span> <span class='ocrx_word' id='word_1_1119' title='bbox 2474 5310 2617 5364; x_wconf 74' lang='lat' dir='ltr'><strong>&#39;l‘afis</strong></span> <span class='ocrx_word' id='word_1_1120' title='bbox 2652 5311 2972 5364; x_wconf 86' lang='lat' dir='ltr'><strong>Benedictus</strong></span> <span class='ocrx_word' id='word_1_1121' title='bbox 2999 5309 3365 5379; x_wconf 60' lang='lat' dir='ltr'><strong>liltiniacensis</strong></span> <span class='ocrx_word' id='word_1_1122' title='bbox 3395 5322 3582 5379; x_wconf 86' lang='lat' dir='ltr'><strong>mona-</strong></span> 
     </span>
    </p>
   </div>
   <div class='ocr_carea' id='block_1_149' title="bbox 2010 5378 3582 5451">
    <p class='ocr_par' dir='ltr' id='par_1_149' title="bbox 2010 5378 3582 5451">
     <span class='ocr_line' id='line_1_151' title="bbox 2010 5378 3582 5451; baseline -0.003 -16"><span class='ocrx_word' id='word_1_1123' title='bbox 2010 5378 2162 5445; x_wconf 79' lang='lat' dir='ltr'><strong>chus,</strong></span> <span class='ocrx_word' id='word_1_1124' title='bbox 2189 5385 2254 5435; x_wconf 87' lang='lat' dir='ltr'><strong>de</strong></span> <span class='ocrx_word' id='word_1_1125' title='bbox 2270 5399 2375 5450; x_wconf 91' lang='lat' dir='ltr'><strong>quo</strong></span> <span class='ocrx_word' id='word_1_1126' title='bbox 2393 5382 2579 5435; x_wconf 83' lang='lat' dir='ltr'><strong>Petrus</strong></span> <span class='ocrx_word' id='word_1_1127' title='bbox 2606 5381 2938 5435; x_wconf 85' lang='lat' dir='ltr'><strong>Venerabilis</strong></span> <span class='ocrx_word' id='word_1_1128' title='bbox 2964 5379 3098 5451; x_wconf 83' lang='lat' dir='ltr'><strong>(Lib.</strong></span> <span class='ocrx_word' id='word_1_1129' title='bbox 3120 5395 3136 5433; x_wconf 93' lang='lat' dir='ltr'><strong>I</strong></span> <span class='ocrx_word' id='word_1_1130' title='bbox 3162 5378 3373 5439; x_wconf 68' lang='grc' dir='ltr'><strong>Μὶν-αδ..</strong></span> <span class='ocrx_word' id='word_1_1131' title='bbox 3396 5378 3582 5447; x_wconf 66' lang='grc' dir='ltr'><strong>σ.20);</strong></span> 
     </span>
    </p>
   </div>
   <div class='ocr_carea' id='block_1_150' title="bbox 2024 5451 3577 5520">
    <p class='ocr_par' dir='ltr' id='par_1_150' title="bbox 2024 5451 3577 5520">
     <span class='ocr_line' id='line_1_152' title="bbox 2024 5451 3577 5520; baseline -0.003 -14"><span class='ocrx_word' id='word_1_1132' title='bbox 2024 5471 2042 5503; x_wconf 80' lang='lat' dir='ltr'><strong>t</strong></span> <span class='ocrx_word' id='word_1_1133' title='bbox 2082 5453 2272 5506; x_wconf 86' lang='lat' dir='ltr'><strong>Multas</strong></span> <span class='ocrx_word' id='word_1_1134' title='bbox 2300 5468 2330 5505; x_wconf 90' lang='lat' dir='ltr'><strong>a</strong></span> <span class='ocrx_word' id='word_1_1135' title='bbox 2359 5452 2703 5516; x_wconf 75' lang='lat' dir='ltr'><strong>quibusdam,</strong></span> <span class='ocrx_word' id='word_1_1136' title='bbox 2726 5452 2853 5520; x_wconf 90' lang='lat' dir='ltr'><strong>quia</strong></span> <span class='ocrx_word' id='word_1_1137' title='bbox 2873 5452 3070 5506; x_wconf 84' lang='lat' dir='ltr'><strong>inferre</strong></span> <span class='ocrx_word' id='word_1_1138' title='bbox 3100 5451 3322 5504; x_wconf 82' lang='lat' dir='ltr'><strong>verbera</strong></span> <span class='ocrx_word' id='word_1_1139' title='bbox 3351 5463 3455 5501; x_wconf 93' lang='lat' dir='ltr'><strong>nou</strong></span> <span class='ocrx_word' id='word_1_1140' title='bbox 3485 5466 3577 5501; x_wconf 88' lang='lat' dir='ltr'><strong>au-</strong></span> 
     </span>
    </p>
   </div>
   <div class='ocr_carea' id='block_1_151' title="bbox 2016 5521 3585 5592">
    <p class='ocr_par' dir='ltr' id='par_1_151' title="bbox 2016 5521 3585 5592">
     <span class='ocr_line' id='line_1_153' title="bbox 2016 5521 3585 5592; baseline -0.001 -16"><span class='ocrx_word' id='word_1_1141' title='bbox 2016 5523 2235 5585; x_wconf 85' lang='lat' dir='ltr'><strong>debant,</strong></span> <span class='ocrx_word' id='word_1_1142' title='bbox 2266 5524 2545 5576; x_wconf 84' lang='lat' dir='ltr'><strong>verborum</strong></span> <span class='ocrx_word' id='word_1_1143' title='bbox 2592 5524 2815 5592; x_wconf 73' lang='lat' dir='ltr'><strong>injurias</strong></span> <span class='ocrx_word' id='word_1_1144' title='bbox 2862 5523 3145 5576; x_wconf 87' lang='lat' dir='ltr'><strong>tolerabat.</strong></span> <span class='ocrx_word' id='word_1_1145' title='bbox 3182 5521 3451 5592; x_wconf 70' lang='lat' dir='ltr'><strong>ltecorilor</strong></span> <span class='ocrx_word' id='word_1_1146' title='bbox 3481 5535 3585 5586; x_wconf 87' lang='lat' dir='ltr'><strong>ego</strong></span> 
     </span>
    </p>
   </div>
   <div class='ocr_carea' id='block_1_152' title="bbox 2014 5590 3583 5663">
    <p class='ocr_par' dir='ltr' id='par_1_152' title="bbox 2014 5590 3583 5663">
     <span class='ocr_line' id='line_1_154' title="bbox 2014 5590 3583 5663; baseline -0.003 -16"><span class='ocrx_word' id='word_1_1147' title='bbox 2014 5608 2213 5660; x_wconf 75' lang='lat' dir='ltr'><strong>saeptus</strong></span> <span class='ocrx_word' id='word_1_1148' title='bbox 2245 5595 2389 5648; x_wconf 68' lang='lat' dir='ltr'><strong>falsis</strong></span> <span class='ocrx_word' id='word_1_1149' title='bbox 2422 5603 2514 5646; x_wconf 87' lang='lat' dir='ltr'><strong>aut</strong></span> <span class='ocrx_word' id='word_1_1150' title='bbox 2533 5590 2682 5663; x_wconf 75' lang='lat' dir='ltr'><strong>quasi</strong></span> <span class='ocrx_word' id='word_1_1151' title='bbox 2708 5594 2867 5647; x_wconf 85' lang='lat' dir='ltr'><strong>nullis</strong></span> <span class='ocrx_word' id='word_1_1152' title='bbox 2890 5591 3321 5646; x_wconf 83' lang='lat' dir='ltr'><strong>accusationibus</strong></span> <span class='ocrx_word' id='word_1_1153' title='bbox 3355 5590 3406 5643; x_wconf 89' lang='lat' dir='ltr'><strong>iit</strong></span> <span class='ocrx_word' id='word_1_1154' title='bbox 3435 5609 3583 5644; x_wconf 83' lang='lat' dir='ltr'><strong>com-</strong></span> 
     </span>
    </p>
   </div>
   <div class='ocr_carea' id='block_1_153' title="bbox 2015 5663 3583 5730">
    <p class='ocr_par' dir='ltr' id='par_1_153' title="bbox 2015 5663 3583 5730">
     <span class='ocr_line' id='line_1_155' title="bbox 2015 5663 3583 5730; baseline -0.004 -11"><span class='ocrx_word' id='word_1_1155' title='bbox 2015 5665 2161 5719; x_wconf 90' lang='lat' dir='ltr'><strong>mtmi</strong></span> <span class='ocrx_word' id='word_1_1156' title='bbox 2194 5664 2413 5718; x_wconf 85' lang='lat' dir='ltr'><strong>fratrum</strong></span> <span class='ocrx_word' id='word_1_1157' title='bbox 2437 5676 2752 5719; x_wconf 88' lang='lat' dir='ltr'><strong>convetitua</strong></span> <span class='ocrx_word' id='word_1_1158' title='bbox 2785 5665 2978 5717; x_wconf 83' lang='lat' dir='ltr'><strong>talibus</strong></span> <span class='ocrx_word' id='word_1_1159' title='bbox 3002 5664 3301 5730; x_wconf 87' lang='lat' dir='ltr'><strong>itnpetitum</strong></span> <span class='ocrx_word' id='word_1_1160' title='bbox 3339 5663 3583 5715; x_wconf 69' lang='lat' dir='ltr'><strong>innume-</strong></span> 
     </span>
    </p>
   </div>
   <div class='ocr_carea' id='block_1_154' title="bbox 2012 5735 3584 5803">
    <p class='ocr_par' dir='ltr' id='par_1_154' title="bbox 2012 5735 3584 5803">
     <span class='ocr_line' id='line_1_156' title="bbox 2012 5735 3584 5803; baseline -0.003 -14"><span class='ocrx_word' id='word_1_1161' title='bbox 2012 5736 2088 5789; x_wconf 88' lang='lat' dir='ltr'><strong>ris</strong></span> <span class='ocrx_word' id='word_1_1162' title='bbox 2116 5737 2356 5797; x_wconf 88' lang='lat' dir='ltr'><strong>vocibus,</strong></span> <span class='ocrx_word' id='word_1_1163' title='bbox 2405 5736 2559 5803; x_wconf 87' lang='lat' dir='ltr'><strong>quasi</strong></span> <span class='ocrx_word' id='word_1_1164' title='bbox 2587 5751 2710 5790; x_wconf 90' lang='lat' dir='ltr'><strong>reus</strong></span> <span class='ocrx_word' id='word_1_1165' title='bbox 2762 5744 3015 5790; x_wconf 80' lang='lat' dir='ltr'><strong>existeret</strong></span> <span class='ocrx_word' id='word_1_1166' title='bbox 3058 5735 3112 5787; x_wconf 91' lang='lat' dir='ltr'><strong>io</strong></span> <span class='ocrx_word' id='word_1_1167' title='bbox 3146 5744 3288 5788; x_wconf 86' lang='lat' dir='ltr'><strong>terra</strong></span> <span class='ocrx_word' id='word_1_1168' title='bbox 3340 5745 3584 5800; x_wconf 83' lang='lat' dir='ltr'><strong>prostra-</strong></span> 
     </span>
    </p>
   </div>
   <div class='ocr_carea' id='block_1_155' title="bbox 2014 5805 3586 5878">
    <p class='ocr_par' dir='ltr' id='par_1_155' title="bbox 2014 5805 3586 5878">
     <span class='ocr_line' id='line_1_157' title="bbox 2014 5805 3586 5878; baseline -0.001 -16"><span class='ocrx_word' id='word_1_1169' title='bbox 2014 5817 2148 5876; x_wconf 87' lang='lat' dir='ltr'><strong>tum,</strong></span> <span class='ocrx_word' id='word_1_1170' title='bbox 2175 5822 2297 5863; x_wconf 90' lang='lat' dir='ltr'><strong>cum</strong></span> <span class='ocrx_word' id='word_1_1171' title='bbox 2344 5805 2474 5862; x_wconf 90' lang='lat' dir='ltr'><strong>niltil</strong></span> <span class='ocrx_word' id='word_1_1172' title='bbox 2527 5821 2745 5878; x_wconf 85' lang='lat' dir='ltr'><strong>prorsus</strong></span> <span class='ocrx_word' id='word_1_1173' title='bbox 2795 5807 3147 5876; x_wconf 66' lang='lat' dir='ltr'><strong>del-quissat,</strong></span> <span class='ocrx_word' id='word_1_1174' title='bbox 3176 5807 3494 5877; x_wconf 85' lang='lat' dir='ltr'><strong>culpabilem</strong></span> <span class='ocrx_word' id='word_1_1175' title='bbox 3524 5819 3586 5861; x_wconf 81' lang='lat' dir='ltr'><strong>se</strong></span> 
     </span>
    </p>
   </div>
  </div>
