3952 6182
369 352 472 410 ’587

1714 345 1771 404 S.
1805 345 1864 402 P.
1907 343 2264 402 BENEDIC’I‘I

3496 347 3604 405 53%

374 464 742 525 tantummodo
768 465 1135 532 respondisse;
1170 463 1312 518 hunc
1360 459 1502 516 enim
1537 476 1625 515 mo
1652 476 1737 516 em
1772 462 1931 535 liabe—
1964 466 2009 525 Α
2037 464 2355 518 clementia!
2391 463 2511 535 igne
2554 477 2648 516 nos
2677 461 3018 525 exaruinasti,
3053 477 3159 518 non
3189 465 3600 530 consumpsisti;

375 541 497 604 hat,
553 550 608 593 nt
654 539 1079 605 ‘luandocunque
1122 537 1447 604 culparetur,
1495 547 1768 605 nunquam
1819 533 1933 589 fere

371 613 580 680 culpam
603 610 934 663 diiliteretttr.
977 627 994 657 ι

447 674 511 735 Et
533 686 783 734 sustinens
807 697 906 732 non
929 674 1215 747 ἱππεῦσι]
1244 678 1294 733 Id
1322 688 1401 734 est
1422 678 1684 733 animone
1705 675 1936 748 (ιεεροηο

371 753 515 809 deat.
553 771 570 803 ι
611 752 840 805 Necesse
868 761 947 803 ost
975 753 1142 812 enim,
1179 754 1334 803 verba
1365 758 1491 804 sunt
1522 749 1835 810 llildemari,
1878 757 1930 801 ut

374 824 515 879 ἰ-ιιιά
546 824 785 876 lassescat
816 820 879 874 ad
906 821 1134 873 animam
1169 821 1453 882 referatur,
1483 835 1587 873 non
1619 820 1684 872 ad
1698 833 1891 885 corpus
1917 835 1932 883 ;

374 899 494 963 quia
532 898 796 952 periccnts
824 891 1281 963 manachuslicet
1312 892 1540 945 lassetur
1581 903 1807 963 corpore
1840 904 1934 956 pro

376 960 685 1035 liagilitate,
715 972 889 1035 tamen
918 969 1095 1035 mente
1116 962 1380 1035 desiderat
1407 976 1620 1029 semper
1643 960 1928 1035 implere.»

455 1031 545 1087 Vel
595 1031 869 1101 discedat.]
913 1031 1020 1086 Sed
1070 1033 1208 1085 istud
1265 1034 1488 1086 discedat
1545 1047 1611 1085 ex
1666 1031 1934 1084 Bernardo

374 1104 678 1160 Cassinensi
716 1123 734 1155 t
770 1103 995 1172 pertinet
1038 1103 1101 1171 ad
1133 1114 1415 1171 utrumque
1436 1144 1450 1164 .
1482 1103 1545 1154 ad
1578 1114 1771 1172 corpus
1802 1101 1937 1155 vide-

376 1178 503 1231 licet
534 1176 613 1229 vel
646 1175 709 1226 ad
763 1171 1025 1231 mentem:
1054 1174 1174 1242 quia
1206 1175 1251 1227 si
1296 1184 1511 1241 propter
1546 1171 1794 1239 praedicta
1812 1187 1936 1242 ino-

378 1247 670 1301 na~terium
699 1245 942 1305 dimittit,
966 1245 1048 1296 vel
1075 1240 1210 1308 opus
1235 1240 1531 1315 injunctttm
1550 1240 1934 1315 praetermittit,

377 1319 479 1372 hoc
526 1325 608 1369 est
634 1316 910 1371 discedere
940 1314 1311 1379 corporaliter.
1358 1315 1483 1368 Item
1518 1314 1560 1367 si
1604 1325 1938 1365 murmurans

378 1390 431 1442 in
459 1389 622 1441 corde
643 1402 740 1439 suo
775 1387 1016 1455 proponit
1039 1384 1395 1439 obedientiam
1424 1400 1527 1438 non
1560 1384 1813 1455 implere;
1839 1383 1939 1436 ltnc

376 1469 455 1511 est
483 1453 1126 1511 discedere'mentaliter.
1170 1473 1189 1508 s
1233 1458 1449 1510 Brevius
1494 1453 1754 1508 Boberius
1780 1493 1795 1516 ,
1833 1468 1937 1506 non

376 1530 618 1583 disci-dat
639 1543 666 1579 a
693 1529 824 1589 Deo,
858 1527 938 1579 vel
969 1541 997 1579 a
1028 1528 1302 1591 patientia.

448 1597 660 1652 Dicente
674 1597 946 1663 Scriptum
960 1612 979 1650 :
998 1598 1097 1661 Qui
1114 1597 1498 1664 perseveraverit
1514 1609 1672 1665 usque
1690 1593 1744 1646 in
1765 1593 1935 1659 ﬁne-nt,

377 1669 459 1724 hic
506 1668 677 1722 saluus
718 1669 832 1720 erit.
885 1666 948 1720 Et
994 1668 1146 1719 item:
1202 1664 1527 1733 Confartetur
1554 1664 1640 1720 car
1687 1673 1863 1725 tuum,
1892 1675 1940 1718 et

374 1744 563 1795 sustine
599 1736 917 1809 Dominum]
952 1737 1119 1803 Quem
1147 1737 1199 1791 in
1228 1738 1401 1792 locum
1441 1735 1941 1809 BernartiusCass't-

378 1811 582 1873 nensis,
619 1827 637 1860 t
672 1805 916 1871 Sustine,
942 1809 1130 1875 inquit,
1166 1810 1473 1873 Dominum,
1506 1809 1655 1879 quasi
1699 1805 1937 1879 diceret;

381 1898 485 1934 non
516 1889 597 1934 est
646 1880 922 1948 quodlibet
965 1878 1108 1931 aliud
1163 1880 1370 1946 pondus
1398 1875 1538 1949 quod
1584 1875 1939 1949 portas;_sed

375 1952 550 2018 ipsum
600 1947 879 2004 Dominum
921 1949 1219 2003 obeilieudo
1258 1947 1454 2005 toleras
1494 1960 1548 2005 et
1577 1955 1787 2017 portas;
1820 1947 1935 2013 ipse

376 2037 507 2078 vero
531 2021 685 2075 dutce
712 2021 919 2088 pondus
944 2031 1048 2083 est,
1075 2021 1193 2088 quia
1223 2034 1361 2074 onus
1385 2020 1503 2088 ejus
1526 2020 1662 2083 leve,
1687 2026 1737 2072 et
1757 2018 1939 2085 jugum

379 2094 543 2164 216
572 2091 685 2160 “ills
712 2105 899 2145 suave.
936 2092 1262 2164 Ipsunrergo
1282 2092 1508 2156 sustine,
1531 2091 1711 2164 ipsum
1736 2090 1942 2164 patien-

377 2158 483 2218 te?
501 2158 696 2230 porta;
729 2177 850 2215 nam
900 2158 972 2215 tu'
999 2161 1067 2214 ab
1114 2158 1230 2231 ipso
1258 2158 1607 2229 sustentaris,
1640 2168 1696 2213 tu
1727 2158 1795 2212 ab
1826 2159 1942 2227 ipso

377 2248 434 2290 sa
462 2249 617 2287 varis.
650 2251 668 2284 s

458 2305 517 2355 Et
544 2304 812 2356 ostendens
834 2301 1032 2369 ﬁdelem
1051 2317 1144 2372 pro
1168 2300 1408 2363 Domino,
1434 2299 1564 2371 etc.]
1578 2299 1645 2355 Ut
1667 2311 1763 2372 nos
1777 2298 1941 2372 magis

378 2374 445 2428 ad
487 2384 734 2440 quartum
768 2375 909 2426 hunc
941 2370 1258 2426 humilitatis
1284 2372 1510 2439 gradum
1538 2370 1898 2424 scandenilum
1922 2410 1939 2434 ,

383 2454 439 2499 et
487 2446 732 2497 universa
788 2444 949 2497 etiam
1011 2445 1278 2497 cantraria
1330 2446 1580 2496 alacriter
1632 2440 1939 2494 sustinenda

378 2516 667 2579 excitaret,
699 2514 763 2567 ad
790 2513 1081 2582 Scripturtc
1112 2512 1472 2567 testimonium
1501 2512 1647 2565 addit
1667 2511 1936 2582 exempla,

378 2601 643 2653 voce~que
666 2581 967 2637 sanctorum
1000 2597 1321 2654 martyrum,
1352 2598 1578 2653 quorum
1608 2581 1765 2654 verba
1801 2581 1944 2634 Scri-

379 2668 531 2723 ptura
560 2650 711 2709 nobis
734 2670 917 2707 eorum
949 2650 1162 2707 nomine
1205 2650 1452 2721 prapoiiit
1476 2654 1687 2723 dicens:
1726 2650 1942 2723 Propter

381 2720 431 2779 te
448 2735 605 2779 marte
626 2726 891 2794 efﬁcimur,
915 2726 1054 2792 quod
1081 2727 1151 2777 ita
1176 2720 1377 2779 Gallice
1399 2725 1571 2778 reddit
1590 2720 1763 2777 Guido
1784 2722 1947 2775 Juve-

382 2800 517 2851 ttalis
535 2794 718 2865 {Notis
742 2811 955 2865 pensans
981 2812 1039 2848 en
1064 2796 1113 2847 la
1135 2804 1285 2865 mort,
1308 2806 1351 2847 et
1370 2795 1651 2862 morti/Sans
1677 2809 1766 2846 nos
1790 2808 1941 2865 ment.

380 2871 509 2921 brrs.
539 2864 667 2919 Tata
695 2863 809 2928 die,
842 2867 888 2916 id
912 2876 993 2918 est
1011 2864 1157 2917 omni
1187 2866 1308 2919 vita:
1341 2873 1602 2933 tempore,
1637 2872 1693 2916 ut
1721 2863 1943 2931 exponit

384 2938 750 3001 llildemarits,
808 2936 1047 2989 testiittati
1092 2950 1266 2989 sumus
1320 2936 1445 2987 sicut
1491 2949 1604 2989 oves
1654 2934 1937 2986 occisionis.

379 3008 413 3063 ἰ
432 3031 439 3058 l
459 3010 575 3061 ibus
590 3007 882 3077 ριίυδενιίιιι
907 3004 973 3058 de
994 3007 1169 3077 causis
1192 3004 1378 3058 ovibus
1396 3020 1462 3077 se
1487 3004 1655 3077 sancti
1679 3012 1939 3074 martyres

378 3074 723 3145 corriperent:
757 3074 810 3130 ι’
832 3077 955 3146 quia
984 3076 1125 3129 sicut
1154 3078 1269 3129 ovis
1293 3075 1553 3130 cicidenti
1579 3090 1683 3146 non
1714 3077 1937 3136 reSIstit,

379 3150 451 3204 ita
486 3162 584 3203 nec
631 3148 730 3217 ipsi
774 3145 1050 3208 resistunt,
1083 3160 1182 3201 nec
1231 3147 1425 3217 malum
1460 3161 1554 3215 pro
1584 3145 1723 3199 malo
1750 3158 1939 3217 repen-

1972 1845 2020 1907 B

2036 538 2099 588 aal
2134 538 2233 589 hoc
2260 536 2401 590 enim
2418 534 2793 589 tribulationis
2825 537 2997 605 ignem
3033 536 3268 589 immittit
3301 538 3461 597 Deus,
3494 551 3603 591 non

2038 618 2095 659 ιιι
2127 622 2426 675 pereamus.
2461 608 2553 661 sed
2581 616 2641 660 ut
2688 621 2931 673 puriores
2983 610 3270 659 evadamus
3294 645 3311 673 ,
3361 616 3415 661 et
3451 617 3507 659 ιιι
3536 607 3607 660 ab

2034 678 2281 731 omnibus
2333 678 2580 732 sordibus
2629 677 2900 740 mundati,
2952 677 3134 731 venire
3180 691 3483 731 mereamur
3529 678 3597 732 ad

2034 749 2279 803 diadema
2321 750 2459 815 regis
2492 752 2710 813 aeterni,
2744 758 2800 801 tit
2831 748 3063 816 loquitur
3082 748 3425 811 Smaragdns.

2106 821 2263 890 217
2279 818 2543 890 Induxisti
2566 836 2652 872 nos
2674 822 2732 890 in
2746 820 3001 888 laqueum,
3017 822 3230 885 posuisti
3258 818 3607 890 tribulationcs

2035 890 2089 943 in
2109 888 2261 944 ἱῙοῖιο
2290 888 2503 960 nastro.]
2526 894 2691 955 Quem
2721 889 2774 943 in
2803 892 2973 943 locum
2999 890 3354 956 Smaragtlus:
3390 905 3410 940 ι
3450 889 3609 943 Indu-

2036 962 2161 1015 xisti
2190 976 2286 1014 nos
2331 963 2381 1013 in
2436 961 2678 1027 laqueum
2712 969 2931 1030 propter
2969 960 3441 1027 exaggerationem
3471 961 3608 1030 dicit

2041 1032 2417 1090 tribulationis.
2453 1043 2507 1084 ut
2554 1029 2823 1100 intelligas
2861 1044 3019 1084 omne
3044 1044 3213 1099 genus
3244 1029 3607 1085 tribulationis

2038 1103 2088 1155 in
2116 1103 2215 1156 hoc
2240 1103 2437 1156 saeculo
2466 1116 2628 1169 super
2652 1100 2854 1156 electos
2876 1102 3092 1163 venire;
3119 1103 3241 1170 quia
3259 1116 3418 1155 omne
3439 1113 3610 1169 genus

2037 1173 2223 1241 gloria:
2248 1188 2276 1225 a
2316 1173 2536 1225 Domino
2566 1172 2616 1226 in
2668 1171 2842 1225 futuro
2888 1181 3105 1241 Speraui
3136 1173 3398 1240 recipere.
3440 1190 3459 1222 s
3497 1172 3602 1224 La-

2038 1258 2208 1311 queus
2264 1244 2367 1297 iste
2422 1242 2521 1297 SS.
2575 1253 2867 1314 martyrum
2913 1251 3008 1314 i-st
3038 1257 3257 1314 carcer,
3302 1250 3361 1314 et
3393 1242 3607 1295 vincula

2039 1315 2229 1383 quibus
2274 1311 2733 1381 constringuntur.
2784 1313 2950 1367 Porro
2998 1312 3091 1365 has
3122 1312 3219 1367 SS.
3251 1311 3611 1379 suﬂ'erentium

2038 1400 2197 1439 voces
2256 1386 2444 1439 merito
2484 1384 2585 1438 sibi
2640 1386 2909 1439 vindicare
2961 1393 3185 1452 possitnt
3221 1383 3508 1446 monachi,
3552 1391 3613 1436 et
3706 1403 3713 1408 ·

2038 1456 2218 1511 dicere
2242 1453 2455 1509 Christo
2492 1472 2506 1508 :
2543 1455 2796 1509 lnduxisti
2830 1470 2927 1509 nos
2960 1457 3009 1505 in
3062 1454 3330 1521 laqueum.
3363 1452 3612 1518 Laqueus

2040 1541 2226 1580 eorum
2251 1542 2315 1580 ex
2352 1526 2627 1580 Bernardo
2655 1526 2803 1578 Cass.
2833 1536 2886 1579 et
2915 1525 3141 1579 Boherin
3163 1568 3177 1591 ,
3208 1534 3289 1578 est
3319 1524 3609 1577 claustrum

2044 1597 2374 1661 monasterii,
2411 1596 2461 1650 in
2497 1610 2602 1663 quo
2631 1611 2724 1664 per
2757 1596 3097 1650 Slttbilitatettt
3130 1604 3185 1648 et
3217 1592 3601 1660 professionem

2043 1668 2388 1723 monasticam
2422 1683 2525 1720 non
2575 1667 2752 1720 minus
2783 1669 3060 1729 stringitur
3107 1666 3399 1719 monachus
3446 1681 3609 1732 quium

2043 1750 2255 1805 captum
2309 1737 2501 1791 animal
2558 1738 2779 1807 laqueo;
2842 1756 2861 1788 t
2908 1739 2998 1791 sed
3043 1734 3610 1807 hujustuodiuqudem

2044 1804 2310 1862 vinculum
2331 1804 2838 1863 libertatem'animze
2852 1804 3125 1875 Operatnr,
3140 1815 3192 1860 et
3205 1804 3401 1859 claudit
3418 1805 3615 1861 inferni

2045 1878 2261 1945 05tiutn,
2297 1895 2315 1929 s
2350 1878 2522 1947 inquit
2551 1878 2828 1931 Boberius.
2847 1882 2950 1933 Isto
2976 1894 3071 1931 nos
3094 1879 3335 1947 Christus
3358 1877 3615 1930 Dominus

2045 1950 2266 2021 (gratias
2295 1946 2438 2021 Deo)’
2458 1948 2654 2021 laqueo
2674 1948 3004 2020 illaqueavit,
3037 1962 3155 2004 cum
3183 1961 3279 2001 nos
3319 1946 3607 2002 inextrica-

2047 2020 2138 2075 1ιίτί
2171 2020 2353 2074 saeculi
2385 2018 2574 2087 laqueo
2605 2018 2866 2075 liberavit.

2118 2088 2182 2143 Et
2235 2099 2289 2142 ut
2336 2085 2565 2143 ostendat
2610 2092 2699 2142 sub
2753 2091 2925 2159 priore
2973 2090 3150 2145 debere
3179 2106 3273 2143 nos
3309 2085 3457 2159 esse.]
3492 2086 3605 2142 Sub

2047 2162 2251 2228 priore,
2288 2159 2338 2214 id
2382 2169 2463 2213 est
2511 2160 2612 2215 sub
2638 2160 2849 2221 abbate.
2894 2163 3185 2215 secundum
3216 2160 3567 2227 Smaragdum
3592 2199 3612 2220 ,

2046 2230 2406 2286 Hildcmarum
2439 2242 2492 2285 et
2533 2230 2863 2285 Bernardum
2890 2231 3287 2286 Cassinensem.
3314 2230 3407 2283 Hic
3432 2239 3609 2284 tamen

2044 2301 2219 2355 addit:
2278 2320 2296 2352 t
2352 2302 2431 2354 vel
2492 2302 2591 2356 sub
2642 2302 2841 2370 priore.
2894 2303 2942 2354 id
2995 2314 3073 2356 est
3125 2302 3224 2355 sub
3271 2299 3606 2370 przepositis,

2043 2370 2267 2431 decano.
2301 2384 2353 2424 et
2377 2372 2496 2425 aliis
2522 2372 2695 2426 locum
2729 2373 3035 2427 tenentibus
3064 2373 3347 2441 peioratns.
3389 2390 3406 2422 ι

2117 2441 2456 2514 Subsequitur
2470 2444 2640 2495 dicens
2659 2458 2677 2495 :
2695 2440 2719 2494 Ι
2729 2447 2991 2514 inposuisti
3015 2443 3245 2498 homines
3261 2457 3414 2509 super
3432 2442 3609 2508 capita

2046 2512 2266 2582 nostra]
2299 2516 2364 2568 Et
2408 2513 2522 2567 ista;
2553 2514 2742 2568 iterum
2780 2512 3096 2568 'sauitorum
3144 2526 3265 2567 sunt
3312 2523 3603 2581 martyrum

2043 2599 2224 2651 vncos,
2257 2598 2388 2653 quas
2420 2584 2506 2638 ltic
2534 2582 2598 2636 ad
2628 2586 2957 2652 propositum
2989 2586 3262 2650 explicans
3295 2583 3595 2638 Bernardus

2042 2655 2409 2709 Cassinensis:
2447 2672 2466 2705 ι
2501 2653 2655 2719 Nota,
2688 2654 2874 2724 inquit,
2900 2657 3039 2722 quod
3071 2672 3173 2708 non
3201 2655 3331 2708 dicit
3360 2665 3562 2707 tantum
3588 2671 3602 2706 :

2045 2727 2268 2795 posuisti
2298 2725 2540 2778 homines
2559 2740 2727 2792 super
2757 2740 2871 2789 nas,
2897 2728 2988 2780 sed
3020 2742 3178 2795 super
3205 2728 3375 2794 capita
3404 2734 3607 2790 nostra;

2047 2794 2267 2862 posuisti
2300 2794 2575 2866 homines,
2609 2810 2713 2848 non
2732 2796 2971 2865 angelos,
2998 2794 3180 2849 natura
3199 2796 3395 2866 justas,
3424 2809 3607 2862 puros,

2044 2868 2282 2929 stabiles,
2307 2874 2362 2920 et
2386 2883 2415 2919 a
2450 2865 2560 2920 Deo
2585 2868 2927 2920 conlirmatos
2946 2911 2961 2931 ,
2996 2869 3087 2921 sed
3120 2867 3361 2920 homines
3386 2865 3452 2918 de
3480 2868 3612 2921 limo

2045 2945 2202 2991 terra:
2231 2936 2547 3003 plasmatos,
2583 2935 2649 2990 de
2679 2937 2767 2990 vili
2798 2940 3000 2991 semine
3026 2946 3336 3003 conceptos,
3370 2935 3611 3004 fragiles,

2047 3017 2376 3075 peccatores,
2417 3004 2562 3060 aliud
2591 3006 2864 3066 docentes.
2889 3016 2943 3062 et
2970 3008 3113 3062 aliud
3144 3007 3411 3061 facientes.
3436 3008 3616 3076 Super

2045 3077 2220 3145 capita
2243 3092 2421 3130 nostra
2445 3095 2457 3128 :
2482 3076 2535 3130 in
2563 3078 2734 3143 capite
2763 3086 2846 3131 est
2876 3078 3185 3148 imaginatio
3240 3079 3508 3132 rationalis
3555 3084 3617 3130 et

2048 3148 2395 3202 memorativa
2421 3187 2436 3210 ,
2486 3158 2542 3200 ttt
2567 3158 2622 3202 et
2648 3148 2728 3202 sic
2774 3160 2949 3202 anima
2980 3151 3089 3204 sint
3115 3149 3215 3205 sub
3243 3149 3356 3217 ejus
3388 3149 3613 3214 imperio

380 3220 542 3284 dunt;
572 3219 630 3273 2⁸
656 3216 802 3284 iptio,
846 3219 986 3271 sicut
1010 3221 1143 3289 _ovis
1187 3217 1297 3270 suis
1344 3216 1503 3270 etiam
1536 3216 1935 3289 percussoribus
1962 3221 2012 3285 ο
2042 3217 2324 3287 captivata.
2370 3218 2500 3273 Item
2530 3218 2584 3272 in
2611 3220 2789 3287 capite
2818 3230 2943 3273 sunt
2984 3220 3219 3289 quinque
3273 3216 3460 3273 sensus
3486 3233 3615 3289 cor-

380 3290 558 3346 lanam
595 3290 795 3351 tribuit,
828 3289 897 3340 ita
921 3296 974 3341 et
1000 3287 1097 3343 SS.
1127 3301 1386 3357 martyres
1426 3301 1552 3341 suos
1576 3285 1932 3357 adversarios,

383 3360 473 3415 ttbi
500 3376 559 3415 se
589 3360 738 3414 locus
782 3358 1057 3422 obtulerit,
1082 3356 1341 3427 adjuvant
1368 3358 1670 3427 beneﬁciis;
1702 3356 1758 3411 3°
1789 3358 1934 3425 quia,

382 3432 521 3485 sicut
543 3432 658 3485 ovis
673 3432 754 3498 lac
775 3430 841 3481 dc
861 3426 1159 3482 visceribus
1176 3428 1443 3498 impertit,
1470 3429 1542 3481 ita
1562 3436 1615 3480 et
1636 3426 1711 3498 illi
1734 3442 1757 3474 ι
1771 3428 1934 3498 ἰθεειει

384 3496 764 3557 misericordia:
786 3508 839 3553 et
859 3496 1387 3567 compassionis‘suis
1406 3498 1658 3552 exhibent
1684 3497 1936 3551 inimicis.

383 3573 585 3628 Horum
617 3571 699 3623 hic
723 3569 875 3626 nobis
905 3569 1153 3637 proposuit
1180 3569 1487 3637 exemplum
1517 3569 1574 3622 ὃ.
1603 3567 1938 3630 Benedictus,

384 3652 447 3698 ut
473 3642 600 3696 illud
649 3643 917 3694 imitemur
946 3642 996 3693 in
1042 3639 1311 3702 adversis.
1344 3648 1399 3693 et
1422 3640 1562 3694 sicut
1603 3652 1732 3693 oves
1759 3651 1939 3693 coram

382 3714 638 3768 tondente
658 3711 1123 3769 obmutescamus:
1153 3714 1292 3765 unde
1319 3710 1493 3779 lepide
1525 3710 1663 3763 hunc
1689 3710 1742 3762 in
1764 3708 1939 3779 locum

383 3784 685 3839 lict-uanius
707 3780 1061 3843 Cassineusis,
1088 3790 1143 3835 et
1158 3791 1271 3848 poSt
1286 3777 1407 3834 eum
1433 3779 1719 3834 Bnberius:
1744 3797 1763 3829 ι
1791 3777 1941 3834 Sicut

382 3858 503 3911 ovis
524 3869 645 3924 qua:
675 3855 923 3918 deputata
953 3862 1036 3906 e~t
1065 3852 1341 3913 occisioni,
1371 3852 1435 3904 ad
1462 3853 1563 3904 hoc
1584 3851 1847 3924 nutritur,
1876 3849 1940 3904 ad

385 3928 489 3980 hoc
536 3921 806 3992 pascitur,
854 3924 919 3975 ad
964 3925 1065 3976 hoc
1094 3933 1470 3986 conservatur,
1505 3932 1560 3973 ιιι
1607 3921 1939 3988 postmodum

382 3995 687 4059 occidatur,
714 3992 791 4046 sic
819 4004 865 4046 et
896 3995 1187 4047 monachus
1213 3996 1280 4045 ab
1306 3993 1426 4046 aliis
1457 3992 1749 4045 :rstimatur
1770 4031 1785 4054 ,
1814 4001 1865 4044 et
1891 3992 1940 4043 in

382 4079 447 4121 se
468 4067 623 4119 debet
652 4065 919 4117 restitnare
944 4066 1084 4132 quod
1106 4079 1211 4116 non
1236 4063 1306 4116 ob
1330 4062 1469 4116 alutd
1506 4071 1748 4128 pascatur
1778 4064 1827 4115 in
1861 4076 1945 4132 re-

374 4135 632 4197 Ιειτιοτὶο,
660 4149 765 4187 non
798 4134 867 4185 ob
907 4131 1047 4187 aliud
1077 4133 1179 4187 sibi
1207 4136 1468 4186 serviatur
1499 4135 1549 4185 in
1579 4131 1937 4191 iuiirmitorio,

378 4222 495 4259 non
523 4204 586 4258 ad
612 4204 755 4256 aliud
781 4207 1457 4260 conserveturinrlattstro.
1475 4203 1641 4256 nisiut
1668 4203 1944 4256 sitC‘iristi

384 4276 584 4339 liostia,
606 4272 802 4328 Christi
833 4275 1068 4339 victima,
1091 4284 1148 4329 et
1168 4274 1267 4329 sub
1293 4274 1615 4328 obedientite
1637 4275 1812 4344 gladio
1834 4288 1946 4327 mo-

376 4352 573 4403 riatur.
614 4363 634 4396 s

458 4414 525 4469 Et
564 4414 731 4469 securi
759 4416 822 4467 de
848 4431 936 4483 spe
956 4414 1303 4468 retributionis
1349 4414 1534 4468 dirinte
1575 4415 1946 4482 subsequuntur

384 4488 664 4558 gaudentes
679 4526 692 4548 ,
723 4483 853 4558 etc.]
886 4485 1225 4552 Prosequitur
1248 4484 1305 4558 S.
1328 4485 1479 4539 Pater
1502 4500 1660 4558 voces
1681 4486 1777 4542 SS.
1806 4499 1948 4558 mar-

385 4555 587 4624 tyrum.
619 4559 668 4609 in
708 4555 897 4624 quibus
928 4570 1124 4610 novum
1157 4557 1424 4623 patientia:
1454 4555 1726 4611 stimulum
1754 4556 1943 4612 adver-

384 4618 548 4683 timus
570 4628 620 4681 in
652 4618 890 4695 proxima
914 4641 1009 4695 spe
1032 4618 1396 4680 retributionis
1417 4626 1638 4692 divinre;
1671 4641 1774 4696 qua
1799 4628 1943 4682 exci-

385 4703 480 4755 tati
506 4699 900 4764 subseqttuntnr,
932 4699 1243 4769 gaudentes;
1284 4715 1301 4745 ι
1334 4709 1478 4762 grata
1506 4707 1591 4751 est
1620 4698 1762 4752 enim
1786 4699 1942 4769 igno-

385 4770 549 4825 minia
574 4772 747 4823 crucis
793 4769 841 4822 ci
882 4770 972 4839 qui
994 4767 1252 4839 cructliio
1276 4768 1518 4839 ingratus
1544 4784 1657 4839 non
1678 4776 1790 4827 est.
1815 4767 1853 4821 ⁷»
1889 4778 1946 4822 ιιι

385 4840 666 4894 direbatS.
684 4838 1292 4909 Bernardus(Serm.25,
1314 4838 1369 4893 in
1390 4839 1589 4907 Carm).
1616 4838 1680 4891 Et
1702 4840 1944 4895 dicentes:

389 4910 495 4965 Sed
521 4910 573 4961 in
602 4911 682 4962 his
708 4912 958 4971 omnibus,
990 4910 1188 4964 scilicet
1217 4910 1386 4973 duris,
1414 4911 1715 4969 contrariis.
1743 4912 1941 4980 irroga-

386 4984 557 5047 tisque
600 4981 829 5046 injuriis,
876 4996 1191 5049 superamus.
1227 4982 1277 5034 id
1308 4992 1393 5035 est
1420 4996 1589 5050 usque
1611 4985 1677 5035 ad
1717 4991 1943 5036 mortem

386 5064 790 5120 perseveramus
810 5067 875 5105 es
899 5052 1226 5123 liildetnaro,
1241 5060 1295 5106 et
1320 5053 1574 5116 Bohei-iu;
1602 5061 1808 5123 propter
1829 5068 1945 5105 eum

380 5125 470 5192 qui
508 5123 684 5174 dilexit
723 5137 834 5185 nos,
884 5137 1005 5176 cum
1050 5122 1228 5176 adhuc
1258 5122 1396 5175 illius
1425 5137 1665 5176 essemus
1696 5122 1898 5177 inimici
1928 5139 1941 5175 :

382 5197 507 5249 etin
528 5196 627 5245 hoc
653 5205 847 5246 novum
864 5194 1135 5259 patientiae
1161 5195 1433 5247 stimulum
1460 5208 1691 5262 agnosce
1706 5213 1718 5257 ;
1736 5194 1782 5247 si
1802 5193 1944 5247 enim

380 5278 506 5318 eum
554 5264 644 5333 qui
675 5276 774 5317 nos
809 5271 957 5317 tanta
998 5275 1311 5331 prosecutus
1345 5273 1428 5318 est
1454 5279 1656 5326 amore,
1687 5264 1946 5329 tantisper

382 5334 756 5397 tlilexerimus,
788 5333 914 5403 quid
963 5336 1080 5402 ejus
1128 5346 1289 5389 causa
1328 5350 1433 5389 non
1478 5335 1824 5391 tolerabimus
1853 5336 1944 5389 adv

381 5418 519 5459 versi
547 5408 570 5455 ἲ

456 5473 522 5527 Et
550 5476 668 5547 item
698 5475 801 5547 alia
834 5475 946 5528 loco
976 5474 1288 5543 Scriptura:
1319 5474 1547 5529 Prabasti
1577 5492 1668 5530 nos
1686 5516 1701 5535 .
1738 5477 1938 5547 inquit,

384 5542 571 5619 Deus]
616 5545 696 5619 λΕι
743 5545 861 5619 ista;
907 5559 1066 5600 voces
1094 5542 1217 5619 sunt
1264 5548 1442 5600 adhuc
1471 5547 1567 5602 SS.
1621 5542 1935 5619 martyrum.

388 5613 625 5688 Robusti
654 5633 763 5679 nos,
807 5613 979 5679 Deus,
1009 5617 1286 5686 inquiunt,
1324 5631 1429 5671 non
1477 5613 1789 5686 simpliciter
1816 5634 1939 5688 pra-

383 5685 487 5760 bati
518 5700 726 5760 suptus,-
766 5702 889 5760 quia
921 5688 1063 5740 nulla
1086 5685 1292 5760 accedit
1325 5685 1628 5760 hominibus
1654 5685 1898 5760 probatio
1920 5733 1937 5758 ,

384 5757 485 5831 nisi
517 5770 544 5804 a
578 5755 687 5832 Deo
740 5758 949 5832 volente
975 5766 1096 5832 autg
1121 5758 1479 5824 permittente.
1502 5755 1668 5832 'lgtte'
1690 5778 1779 5813 nos
1817 5755 1938 5816 exc;

384 5824 591 5878 nunc.“
626 5825 752 5879 sicut
783 5829 898 5898 igtt':
930 5829 1250 5883 excutiuntur
1279 5824 1566 5901 argentum:
1597 5833 1642 5887 Ο
1670 5834 1865 5905 pietas!
1903 5848 1937 5888 ο

2043 3290 2222 3356 poris,
2276 3290 2365 3358 qui
2413 3304 2507 3357 per
2564 3303 2745 3343 veram
2798 3287 3156 3346 obedientiam
3215 3299 3270 3345 et
3324 3287 3617 3358 superioris

2040 3360 2321 3426 imperium
2352 3359 2721 3427 captivantur:
2758 3359 2861 3415 hoc
2906 3370 2985 3415 est
3027 3364 3169 3417 enim
3203 3362 3480 3430 imponere
3511 3361 3615 3430 ιιητ

2043 3430 2238 3485 minem
2277 3444 2438 3496 super
2465 3430 2641 3499 capita
2678 3441 2887 3501 nostra,
2920 3433 3166 3487 videlicet
3193 3428 3296 3486 ille
3333 3432 3493 3485 homo
3521 3428 3616 3501 qui

2041 3511 2125 3558 est
2147 3501 2454 3569 capitaneus
2482 3500 2883 3555 monachorum.
2925 3520 2943 3554 s

2114 3570 2219 3627 Sed
2266 3579 2313 3624 et
2347 3571 2905 3642 praeceptumDamini
2958 3573 3011 3626 in
3062 3571 3294 3626 adversis
3326 3580 3373 3625 et
3402 3570 3613 3639 injuriis

2042 3660 2133 3713 per
2160 3639 2457 3713 patientiam
2481 3639 2819 3713 aditnplentes
2842 3684 2855 3707 ,
2884 3645 2969 3711 qui
2993 3642 3216 3710 percussi
3240 3644 3292 3695 in
3317 3641 3608 3713 maxillam,

2045 3708 2270 3783 pra'bent
2300 3722 2347 3765 et
2375 3708 2577 3783 atiam.]
2607 3710 2709 3783 AUhi
2739 3708 3094 3777 Stuaragdus:
3131 3730 3149 3763 t
3187 3712 3287 3780 Qui
3319 3713 3369 3764 in
3400 3712 3609 3780 injniiis

2045 3781 2294 3853 irrogatis
2331 3795 2435 3836 non
2469 3781 2642 3835 reddit
2674 3785 2866 3835 malum
2900 3798 2994 3851 pro
3030 3784 3190 3849 malo,
3221 3783 3612 3853 illeimaxillam

2046 3852 2361 3925 percutienti
2391 3867 2546 3905 unam
2571 3853 2789 3925 praebet
2817 3855 3078 3925 etgaliam.
3118 3855 3266 3921 Apud
3296 3852 3615 3908 Cassianum

2048 3922 2254 3992 (Callet.
2289 3922 2375 3986 l6,
2409 3938 2522 3988 cap.
2554 3923 2647 3989 ‘22)
2678 3926 2841 3975 abitas
2864 3923 3059 3993 Joseph
3095 3939 3189 3992 per
3220 3925 3380 3977 aliam
3408 3926 3610 3978 intelli-

2045 4006 2141 4062 git,
2163 4008 2268 4047 non
2293 3995 2551 4047 sinistram
2575 3994 2838 4046 maxillam
2876 3998 2965 4048 sed
2991 3996 3151 4048 aliam
3175 3994 3409 4050 dextram
3427 3995 3619 4047 uinxit—

2047 4067 2170 4125 lum.
2205 4066 2512 4118 interiorem
2544 4065 2783 4127 scilicet;
2831 4065 2903 4119 ita
2940 4085 2957 4116 ι
2998 4076 3053 4119 ιιι
3081 4066 3126 4119 si
3156 4065 3394 4119 exterior
3426 4067 3616 4119 uestra

2050 4148 2136 4188 tua
2153 4137 2407 4206 impetum
2425 4132 2664 4187 ferientis
2685 4137 3205 4203 exceperit,interiov
3222 4151 3434 4206 quoque
3453 4136 3616 4188 homo

2052 4222 2142 4271 per
2190 4205 2500 4259 humilitatis
2548 4218 2824 4259 assensum
2874 4206 3119 4260 dextram
3172 4222 3322 4260 suam
3374 4208 3613 4275 praebeat

2048 4277 2463 4338 verberandam,
2513 4276 2841 4341 compatiens
2885 4278 3166 4331 exterioris
3213 4277 3445 4330 hominis
3484 4292 3607 4343 pas-

2049 4349 2187 4401 siuni
2207 4388 2222 4412 ,
2248 4357 2301 4400 et
2327 4346 2717 4417 quodammodo
2746 4348 3098 4402 succumbens
3136 4358 3295 4417 atque
3322 4346 3613 4414 subjiciens

2054 4434 2209 4472 suum
2236 4431 2430 4485 corpus
2463 4415 2702 4471 ferientis
2728 4416 2955 4485 injurize,
2981 4433 3046 4473 ne
3068 4415 3353 4473 exterioris
3385 4419 3615 4471 hominis

2049 4489 2217 4552 czede,
2244 4488 2331 4542 vel
2354 4488 2544 4542 tacitus
2564 4488 2699 4542 intra
2724 4502 2997 4542 moveatur
3025 4489 3268 4543 interior.
3300 4507 3317 4540 ι
3349 4488 3615 4541 llildema-

1974 4582 2024 4651 ι)
2050 4558 3025 4651 ξιξξιυενξιυεϋειςξιςπξξξἮπηέῑκιιξρςη
3054 4559 3311 4651 causa
3330 4573 3614 4651 Praee-

2052 4627 2196 4685 tione
2238 4627 2308 4683 ad
2354 4627 2714 4683 suli'erendum
2769 4642 3135 4698 percussorem
3164 4673 3179 4693 ,
3207 4627 3431 4698 ejusque
3454 4627 3504 4682 si
3537 4632 3609 4682 ita

2051 4702 2311 4770 placuerit
2339 4700 2524 4770 plagas
2550 4699 2743 4770 iterato
2768 4688 3141 4767 excipiendas;
3168 4688 3415 4769 ali-asque
3435 4769 3440 4770 γ
3458 4699 3617 4766 hujus

2046 4764 2148 4827 ioci
2192 4764 2457 4839 mysticas'
2492 4768 2850 4837 expositiones
2879 4764 3123 4835 adducit,
3154 4770 3308 4824 sicuti
3331 4764 3391 4824 et
3430 4764 3601 4823 Bche-

2052 4847 2192 4908 rius,
2229 4854 2363 4911 quas
2398 4841 2564 4911 218
2616 4840 2863 4911 consulto
2900 4842 3378 4909 praetermittimus.
3425 4839 3610 4895 Potest

2049 4909 2299 4981 tamenet
2325 4911 2380 4965 in
2395 4909 2556 4981 s_ensu
2580 4909 2791 4964 litterali
2818 4913 3008 4979 accipi,
3037 4925 3392 4981 magnamque
3412 4910 3617 4965 indicat

2052 4980 2433 5053 perfectionem
2455 5022 2470 5047 ,
2498 4980 2788 5035 dummodo
2819 4996 2923 5035 non
2951 4998 3014 5037 ex
3062 4980 3299 5052 superba
3325 4989 3533 5053 mente,
3564 4992 3620 5037 et

2051 5051 2202 5124 quasi
2234 5051 2352 5124 aliis
2384 5052 2669 5124 insultandi
2700 5062 2753 5106 et
2774 5054 3101 5124 provocandi
3126 5051 3296 5124 gratia
3318 5092 3334 5117 ,
3361 5052 3521 5124 utilli
3550 5056 3618 5107 de

2053 5122 2246 5194 quibus
2266 5123 2554 5194 Cassianus
2567 5122 2751 5194 collat.
2782 5122 2864 5188 l6,
2889 5137 3009 5193 cap.
3026 5124 3117 5187 20,
3136 5122 3233 5178 sed
3251 5122 3437 5176 humili
3453 5132 3618 5179 corde

2053 5193 2201 5249 suam
2231 5193 2398 5260 ipsius
2424 5193 2778 5259 abjectiouem
2808 5194 3023 5250 sitiente
3060 5205 3400 5249 exerceatur.

2124 5265 2383 5332 Λαίδι-ενιιὶ
2426 5265 2651 5317 tunicam
2688 5265 2948 5318 dimittunt
2974 5274 3022 5317 et
3047 5261 3316 5334 pallium]
3357 5262 3510 5330 Quod
3544 5262 3617 5317 ita

2054 5338 2269 5405 exponit
2294 5336 2644 5405 Smaragdus:
2674 5351 2694 5385 ι
2726 5334 2815 5389 Ille
2834 5338 2923 5404 qui
2954 5334 3294 5389 maledictum
3317 5349 3423 5388 non
3444 5334 3616 5389 reddit

2056 5422 2152 5476 pro
2167 5406 2468 5476 maledicto,
2481 5406 2740 5476 autet'enti
2767 5406 2999 5461 Maleam
3017 5407 3231 5460 dimittit
3253 5415 3306 5459 et
3327 5405 3563 5471 pallium,
3593 5424 3613 5457 ι

2050 5474 2217 5532 Aliter
2242 5474 2541 5530 Bernardus
2562 5474 2922 5530 Cassinensis:
2961 5493 2980 5527 ι
3020 5476 3129 5530 lloc
3150 5484 3255 5541 est,
3282 5476 3615 5530 subtrahenti

2049 5547 2151 5602 sibi
2181 5550 2248 5601 de
2281 5546 2499 5601 utilibus
2529 5559 2623 5600 seu
2656 5547 2938 5613 superﬂuus
2974 5546 3196 5601 dimittit
3226 5549 3389 5601 etiam
3418 5548 3484 5599 de
3513 5546 3618 5603 sibi

2050 5616 2372 5673 necessariis
2415 5633 2428 5668 :
2467 5615 2693 5670 Dimittit
2728 5618 2850 5670 dico
2876 5663 2888 5685 ,
2934 5619 2985 5672 id
3016 5630 3098 5673 est
3136 5618 3205 5673 ad
3235 5617 3615 5673 dimittendum

2049 5698 2263 5757 paratus
2289 5698 2391 5742 est.
2431 5707 2450 5737 s
2484 5686 2589 5742 Sed
2634 5687 2973 5744 Hildemarus
3006 5692 3144 5743 hunc
3176 5691 3351 5743 locum
3379 5690 3443 5742 ad
3472 5690 3617 5743 litte-

2045 5773 2161 5814 ram
2190 5757 2430 5826 capiens,
2471 5778 2490 5809 ε
2528 5759 2573 5813 si
2604 5760 2748 5827 quis,
2780 5760 2971 5828 inquit,
3006 5761 3354 5822 advers-ator,
3387 5769 3443 5813 et
3489 5776 3618 5827 pm-

2048 5831 2200 5885 bator
2239 5828 2512 5901 patientia:
2557 5831 2673 5887 sive
2724 5831 3069 5901 impatientia:
3100 5841 3299 5887 nostra:
3329 5831 3551 5887 voluerit
3582 5845 3614 5881 a
