3952 6182
279 336 382 392 3‘39

1326 328 1601 385 BEGULA
1642 325 2136 384 COMMENTATA.
2176 323 2332 382 CAP.
2376 324 2487 382 νη.

3429 324 3534 379 ξοδ

278 446 436 502 nobis
481 443 681 513 aliquid
726 453 967 499 nostrum
999 442 1217 505 tollere,
1249 450 1305 497 et
1332 443 1400 497 de
1429 452 1616 515 nostro
1640 440 1844 515 iurein
1875 445 1930 507 Α
1952 453 2028 506 to,
2063 456 2161 497 nec
2189 455 2348 515 posse
2371 440 2438 495 ad
2460 439 2695 498 litteram
2724 439 2949 515 intelligi
2972 440 3040 495 de
3075 438 3414 496 conitssione
3450 458 3533 495 sa-

278 533 433 572 sutttn
473 518 560 585 jus
608 516 923 578 transferre,
978 531 1073 569 nas
1105 529 1209 567 non
1236 514 1431 585 rstilum
1477 513 1737 585 debemus
1767 513 1845 568 illi

280 582 585 656 relinquere
614 603 675 641 ea
707 604 822 655 qua:
850 588 1093 654 improbe
1120 584 1292 656 petiit,
1317 586 1409 656 sed
1435 586 1594 656 etiam
1621 582 1705 656 illa
1728 598 1849 656 qua:

276 662 395 725 ipse
417 653 522 712 non
549 653 776 728 petierat
802 653 1093 712 dimittere.
1128 676 1146 707 ι
1185 655 1311 728 Yide
1341 655 1510 728 Yitain
1540 655 1598 711 S.
1629 653 1847 709 Macarii

275 734 503 801 Aigypt.
539 726 745 783 abbatis
775 745 895 794 cap.
922 729 986 790 ι,
1015 728 1154 801 apud
1187 726 1320 801 Boll.
1352 726 1420 801 l_5
1440 726 1668 801 _.lanuar.

345 794 619 872 Ᾰὶτῤαὶαιί
656 794 1131 872 milliariovadunt
1162 808 1207 851 et
1235 795 1385 868 dum]
1416 796 1686 872 Angarioti
1724 794 1845 872 mil-

280 867 466 935 liario',
515 872 565 925 id
606 882 687 925 est
720 870 1026 923 milliarium
1078 869 1254 921 facere
1299 867 1503 931 coacti,
1561 868 1670 919 sivo
1702 867 1849 920 mille

278 958 505 1009 passus;
539 957 659 995 nam
686 941 987 994 milliarium
1022 939 1166 993 mille
1195 953 1382 1007 passus
1412 941 1697 1009 terminat;
1730 950 1844 1002 pas-

274 1008 370 1067 .sns
393 1027 571 1066 autem
595 1012 831 1081 quinque
853 1010 1013 1079 pedes
1042 1012 1301 1081 continet,
1325 1020 1382 1062 ut
1408 1017 1559 1081 notat
1584 1008 1851 1081 iliidenia-

276 1100 393 1138 tus.
436 1076 643 1136 Vaduiit
674 1076 908 1144 et’duo,
962 1080 1033 1133 ita
1076 1092 1132 1134 ut
1182 1079 1284 1133 tria
1333 1079 1530 1133 vadant
1579 1076 1847 1132 milliaria.

279 1154 409 1207 'l’ria
438 1155 634 1219 posuit,
668 1152 792 1220 quia
819 1154 1086 1205 ternarius
1118 1165 1370 1205 numerus
1400 1165 1496 1219 pro
1527 1150 1851 1220 perfectione

279 1227 406 1293 poni
437 1241 501 1276 ur
527 1241 577 1277 III
604 1219 814 1291 Scripta
852 1224 917 1285 is,
942 1222 1010 1276 ob
1040 1221 1296 1275 honorent
1324 1230 1522 1275 sanctae
1550 1219 1847 1293 Trinitatis,

280 1292 340 1349 ut
390 1295 637 1349 os:endat
698 1294 987 1364 perfectam
1023 1293 1237 1364 debere
1290 1306 1411 1364 esse
1464 1292 1850 1364 monui-horum

286 1361 893 1433 perfectionent,_inquit
921 1362 1274 1417 Htldeutarus.
1304 1361 1373 1416 At
1400 1377 1530 1416 vero
1557 1362 1849 1415 secundum

282 1435 660 1503 Smaragdum,
696 1456 716 1491 ι
753 1436 842 1503 qui
876 1449 980 1488 non
1010 1434 1241 1488 vincitur
1278 1448 1309 1486 a
1343 1433 1506 1498 malo,
1538 1433 1634 1487 sed
1685 1432 1852 1484 vincit

282 1508 340 1561 in
400 1509 540 1562 bono
595 1508 827 1566 malum,
882 1506 1188 1575 angarianti
1246 1503 1499 1558 milliaria
1552 1503 1853 1558 voluntarie

282 1580 455 1648 pergit
486 1580 533 1648 d;
559 1592 611 1631 ο.
661 1597 679 1629 ι

358 1644 486 1703 Cum
510 1647 674 1702 Paulo
694 1646 925 1715 apostolo
949 1644 1108 1716 falsos
1128 1647 1310 1716 fratres
1334 1646 1582 1701 sustinent
1605 1655 1653 1700 et
1676 1661 1851 1715 perse-

286 1719 592 1791 cutioinm.]
623 1718 761 1772 Falsi
797 1722 986 1772 fratres
1010 1716 1304 1791 ABerna:do
1334 1717 1638 1771 Cassinensi
1671 1737 1689 1768 ι
1722 1726 1854 1791 sunt

286 1791 428 1844 mala
456 1788 620 1861 opera
645 1791 925 1858 iacientes,
956 1789 1021 1842 ad
1050 1799 1334 1861 peccatum,
1350 1791 1462 1861 suis
1502 1788 1826 1859 suggestioui

288 1868 415 1927 tius,
447 1859 663 1916 suorum
704 1867 1075 1927 exemplorum
1102 1859 1534 1927 carruptionibns
1562 1861 1854 1928 simplicio-

291 1949 378 1986 ηδε
428 1935 513 1987 vel
570 1932 808 1987 minores
868 1931 1218 1996 inducentes,
1263 1939 1709 1993 murmuratores,
1763 1930 1861 1984 de-

289 2014 574 2069 tractores,
608 2005 1029 2071 conspiratores,
1059 2010 1164 2055 etc.
1204 2020 1223 2053 ι
1254 2001 1353 2065 Qui
1377 2010 1553 2055 tamen
1586 2000 1855 2069 portandi,

292 2089 590 2143 eorumque
618 2075 732 2129 sive
769 2087 1080 2141 corporum,
1120 2074 1233 2127 sive
1275 2088 1484 2127 morum
1526 2071 1860 2127 inﬁrmitates

292 2145 686 2213 patientissime
727 2143 1025 2199 tolerandae
1064 2151 1209 2197 sunt.

366 2214 431 2269 Et
458 2216 822 2269 maledicentes
872 2231 925 2268 se
974 2212 1319 2286 benedicunt.]
1366 2213 1603 2286 Benigne
1643 2226 1863 2286 respon-

290 2284 495 2352 dendo,
556 2289 721 2341 Deum
763 2301 859 2355 pro
903 2298 1088 2339 eorum
1133 2284 1488 2339 conversione
1523 2285 1727 2339 orando
1753 2324 1769 2351 ,
1809 2294 1865 2339 et

289 2360 493 2411 bonum
528 2358 604 2412 eis
644 2358 949 2424 exemplum
982 2355 1286 2422 praebendo.

372 2428 540 2482 Porro
570 2428 693 2483 huic
730 2423 921 2496 quarto
953 2425 1273 2481 humilitatis
1304 2425 1489 2495 gradui
1533 2423 1589 2479 8.
1642 2425 1865 2479 Bernar-

294 2500 397 2552 «ius
438 2502 662 2566 Opponit
702 2512 899 2552 nonum
949 2497 1237 2565 superbia,
1279 2496 1482 2550 scilicet
1522 2497 1696 2550 ﬁctam
1736 2511 1865 2549 con-

296 2569 623 2627 l.~ssiotietn,
664 2584 767 2637 qua
808 2569 929 2636 quis
968 2582 1117 2621 reum
1158 2583 1219 2621 se
1249 2567 1563 2631 confitetur,
1615 2582 1719 2620 non
1751 2582 1867 2634 qui-

293 2645 420 2692 detn
464 2640 777 2694 humilitatis
806 2656 961 2707 ergo,
1013 2650 1070 2689 ut
1111 2640 1394 2704 puniatur,
1427 2639 1523 2692 sed
1555 2650 1611 2693 ut
1649 2648 1866 2691 sanctus

294 2721 592 2780 reputetur,
608 2711 720 2765 sive
735 2726 800 2765 ne
827 2712 893 2764 ab
913 2709 1030 2763 aliis
1042 2720 1310 2778 arguatur.

666 2821 741 2876 De
770 2818 948 2889 quinto
998 2820 1302 2874 humilitatis
1331 2788 1512 2891 gradu.

380 2916 598 2981 Quintus
628 2916 928 2969 humilitatis
960 2916 1148 2981 gradus
1185 2925 1286 2978 est,
1328 2916 1370 2967 si
1399 2930 1568 2969 omnes
1598 2914 1869 2985 cogitatio-

301 3003 393 3039 nes
425 2988 583 3040 malus
624 2988 765 3040 cordi
813 3002 908 3039 suo
938 2986 1256 3040 advenientes
1280 3025 1296 3048 ,
1340 2989 1416 3039 vel
1448 2987 1583 3038 mala
1612 3003 1644 3037 α
1673 3001 1726 3039 se
1755 2988 1871 3038 abs-

300 3076 456 3110 conse
482 3075 747 3110 commissa
774 3074 863 3122 per
896 3057 1137 3109 humilem
1184 3056 1549 3126 confessionem
1577 3056 1869 3126 abbatiﬂnon

298 3131 537 3183 celaverit
569 3126 710 3198 suo.]
740 3127 887 3199 Unde
920 3138 972 3181 et
1000 3125 1487 3199 apudHCassianum
1519 3128 1682 3199 219
1706 3125 1865 3195 (Coll.

299 3202 363 3262 ‘2,
396 3217 442 3254 ι.
480 3200 564 3269 lli)
594 3197 759 3253 abbas
800 3198 1038 3269 Moyses:
1080 3216 1098 3250 ι
1138 3197 1496 3265 Humilitatis,
1525 3197 1718 3264 inquit,
1752 3201 1865 3254 haec

303 3273 411 3323 erit
454 3272 622 3339 prima
674 3270 945 3336 probatio,
977 3270 1022 3323 si
1067 3269 1355 3337 unicuique
1394 3286 1497 3323 non
1537 3270 1710 3324 solum
1740 3285 1859 3338 qua:

300 3344 509 3410 agenda
540 3349 691 3403 sunt,
730 3340 821 3394 sed
864 3341 1022 3393 etiam
1069 3355 1187 3408 qua:
1231 3342 1536 3410 cogitantur
1583 3341 1855 3395 seniorum

304 3424 657 3466 reserventur
692 3410 943 3466 examini.
995 3429 1015 3462 ι
1070 3411 1135 3465 Et
1189 3412 1400 3479 quidem
1450 3422 1601 3467 recte
1646 3414 1863 3467 omnino

309 3491 591 3551 postquam
623 3482 674 3536 in
713 3492 902 3552 quarto
931 3481 1243 3536 humilitatis
1270 3482 1437 3551 gradu
1465 3481 1770 3550 patientiam
1804 3483 1858 3537 in

303 3554 824 3628 duris,_cotitrariis,
849 3563 908 3628 _et
940 3554 1186 3628 irrogatis
1218 3553 1436 3628 injuriis
1455 3553 1702 3628 reposuit_
1719 3553 1860 3628 S._P.

303 3624 655 3689 Benedictus,
698 3622 957 3693 in'quinlo
987 3623 1241 3678 humilem
1271 3626 1547 3679 constituit
1572 3622 1863 3679 confessio-

311 3709 468 3756 nem;
491 3696 611 3765 quia
634 3693 850 3750 difﬁcile
876 3704 959 3750 est
979 3708 1034 3748 tit
1060 3695 1152 3763 qui
1176 3695 1372 3765 patitur
1393 3694 1661 3764 iniuriam,
1685 3696 1864 3765 aliquo

306 3765 687 3833 indignationis
746 3773 839 3819 aut
902 3765 1332 3820 murmuratonis
1398 3777 1543 3820 mutu
1608 3766 1867 3820 adversus

306 3836 624 3890 inferentem
667 3850 771 3891 non
812 3836 1032 3906 feratur,
1073 3837 1137 3890 ad
1180 3852 1338 3906 quem
1368 3835 1724 3905 superandum
1757 3852 1862 3890 non

309 3923 497 3976 parum
524 3907 730 3962 confert
758 3905 972 3961 humilis
1009 3905 1295 3961 confessio.

388 3983 448 4032 At
477 3978 650 4047 gravis
682 3978 767 4031 hic
796 3980 962 4031 oritur
986 3978 1286 4044 difficultas,
1318 3994 1419 4047 qua
1448 3978 1514 4032 de
1537 3979 1870 4034 confessione

306 4051 558 4117 loquatur
584 4050 645 4104 S.
672 4048 988 4104 Benedictus
1014 4066 1025 4100 :
1060 4052 1124 4103 de
1143 4049 1534 4113 sacramentali,
1567 4064 1632 4101 an
1656 4048 1725 4104 de
1762 4053 1869 4103 usi-

310 4131 423 4174 tata
452 4120 539 4172 illa
563 4132 615 4173 et
644 4120 851 4173 laudata
898 4134 926 4172 a
964 4119 1222 4186 spiritalis
1268 4119 1387 4173 vitae
1438 4118 1721 4190 magistris,
1754 4135 1872 4189 qua:

304 4191 519 4245 consilii
549 4205 709 4245 causa
736 4207 765 4241 a
796 4190 1069 4244 monachis
1095 4200 1393 4258 usurpatur.
1421 4190 1532 4257 Qua
1559 4190 1612 4244 in
1659 4206 1717 4245 re
1744 4192 1872 4244 satis

307 4264 514 4316 divisas
541 4261 694 4315 video
718 4269 1190 4316 commentatorum
1237 4263 1548 4315 sententias.
1579 4259 1709 4314 Nam
1749 4261 1875 4315 Ber-

310 4334 512 4387 nardus
542 4332 894 4395 Cassinensis,
928 4331 1220 4387 lticliardtts
1250 4332 1316 4386 de
1352 4332 1410 4386 S.
1447 4332 1668 4399 Angelo,
1707 4330 1873 4385 Balte-

308 4404 447 4463 rius,
473 4400 703 4457 Joannes
728 4402 794 4457 de
814 4402 1213 4456 Turrecremata
1229 4443 1245 4468 ,
1270 4402 1514 4456 Mattliias
1539 4402 1877 4457 Lanibertus.

308 4474 672 4528 Columbanus
725 4471 940 4537 Uranx,
998 4474 1066 4526 de
1114 4474 1481 4528 sacramentali
1544 4472 1879 4527 confessione

310 4553 560 4598 sanctum
605 4544 944 4597 Benedictum
982 4542 1312 4612 interpretari
1343 4543 1603 4598 videntur.
1655 4544 1877 4610 Quidam

309 4616 388 4669 de
435 4626 656 4683 utraque
700 4613 1146 4684 locutumgl‘uisse
1196 4613 1517 4668 existimant.
1588 4619 1758 4684 Atque
1810 4614 1880 4669 ita

311 4682 652 4740 Tlieobaldus
674 4687 917 4739 Artaldus
939 4682 1261 4739 Coelestinus
1292 4685 1347 4738 in
1369 4684 1568 4739 Gallica
1593 4682 1883 4753 expositio-

312 4771 390 4812 ne
436 4756 647 4824 Regnlte
690 4755 1063 4818 Benedictinte,
1113 4754 1345 4810 Joannes
1375 4756 1725 4821 Craesbeeck,
1774 4758 1884 4813 An-

313 4828 495 4881 tonius
525 4829 705 4892 Perez,
738 4826 802 4880 ad
840 4841 998 4895 quam
1045 4826 1363 4881 sententiam
1410 4826 1627 4881 inclinat
1656 4827 1880 4882 Benedio

312 4907 439 4952 ctus
488 4897 793 4964 llaeftenus,
826 4899 895 4952 ita
926 4906 1100 4951 tamen
1130 4907 1186 4949 ut
1213 4898 1381 4965 magis
1419 4897 1469 4949 in
1499 4912 1616 4951 eam
1658 4912 1885 4966 propen-

315 4968 462 5033 deat,
494 4984 613 5039 quze
641 4969 707 5021 de
726 4968 858 5031 sola.
889 4983 1007 5037 qua:
1032 4967 1413 5039 consolationis
1458 4976 1548 5021 aut
1575 4967 1884 5023 directionis

315 5041 487 5108 gratia
515 5037 593 5103 lit,
622 5039 962 5094 conlessiooe
1005 5046 1219 5109 textum
1254 5037 1467 5109 Regula:
1496 5039 1760 5108 intelligit.
1819 5039 1884 5093 Et

322 5115 459 5163 hanc
486 5112 650 5164 solam
681 5112 1049 5177 sanioremque
1084 5108 1386 5177 opinionem
1415 5110 1748 5177 amplectitur
1774 5111 1883 5164 Me-

320 5182 552 5244 tiardns;
589 5196 749 5233 «nam
789 5182 841 5235 in
890 5180 1223 5235 coolessione
1252 5182 1643 5244 sacramentali,
1690 5180 1881 5251 inquit,

320 5269 427 5307 non
455 5253 620 5306 solum
653 5254 860 5306 occulta
888 5252 1042 5315 mala,
1073 5257 1167 5305 sed
1198 5262 1378 5318 aperta
1403 5252 1682 5306 revelanda
1703 5264 1876 5304 sunt.)

322 5324 391 5377 ιι
435 5339 561 5376 sane
612 5323 745 5376 hanc
787 5321 1172 5376 confessionem
1212 5322 1340 5375 solis
1367 5321 1647 5376 abbatibus
1686 5322 1886 5391 (neque

324 5394 470 5445 enim
498 5394 631 5446 alios
653 5392 913 5464 nominat)
934 5392 1224 5464 faciendam
1247 5408 1365 5447 esse
1392 5392 1451 5464 S.
1480 5394 1540 5445 Ρ.
1568 5393 1885 5464 Benedictus

323 5464 583 5536 praecipit,
610 5480 684 5536 ex
711 5463 902 5533 quibus
927 5463 1066 5517 illius
1096 5472 1271 5523 actate,
1302 5471 1358 5517 et
1384 5463 1558 5536 etiam,
1578 5463 1741 5536 multo
1765 5473 1887 5533 post

324 5535 569 5603 perminti
610 5535 743 5587 haud
776 5544 929 5589 erant
969 5536 1292 5594 sacerdotes,
1326 5548 1424 5588 nec
1452 5535 1669 5601 proinde
1707 5550 1886 5589 saera-

324 5610 613 5661 tnentalem
665 5616 908 5674 poterant
960 5605 1207 5672 excipere
1260 5605 1668 5659 confessionem.
1712 5605 1883 5669 Adde,

324 5678 466 5734 quod
499 5688 644 5729 notat
676 5676 918 5730 Nicotaus
942 5675 1161 5738 Bravus,
1181 5676 1356 5729 omnia
1383 5690 1502 5744 qua:
1531 5676 1614 5730 hic
1640 5677 1696 5732 8.
1732 5680 1888 5732 Pater

325 5746 540 5801 adducit
570 5748 856 5815 Scriptura:
877 5746 1198 5811 testimonia,
1221 5746 1286 5800 ad
1314 5747 1727 5802 conﬁrmandam
1759 5762 1889 5802 con-

328 5815 612 5873 feSsionem
645 5821 800 5887 hanc,
825 5818 1099 5887 desumpta
1127 5831 1249 5873 esse
1274 5833 1340 5873 ex
1376 5818 1551 5874 Veteri
1578 5819 1887 5876 Testamen-

1885 1834 1933 1894 Β
1961 1834 2488 1928 segnitiam;
2502 1834 2653 1913 liaii.

1948 512 2282 568 eramentali.

2025 585 2190 638 Porro
2219 598 2339 649 qua
2366 584 2455 639 hic
2479 584 2540 643 S.
2568 581 2885 642 Benedictus
2909 581 3131 641 instituit
3164 585 3232 641 de
3258 584 3447 642 humili
3469 587 3534 643 ad

1949 654 2193 709 abbatem
2225 655 2590 727 “conscientiae
2640 655 3091 724 manifestatione,
3159 659 3346 712 eadem
3398 673 3537 727 pra?-

1950 727 2148 797 scripta
2179 724 2417 782 offendes
2442 726 2495 780 in
2525 728 2724 797 Regula
2763 727 2820 781 S.
2853 728 3096 793 Antonii,
3122 744 3175 780 n.
3198 728 3291 795 25,
3341 724 3538 796 in'ejns

1955 797 2091 859 Vita,
2124 812 2241 862 cap.
2287 797 2389 863 29;
2425 798 2478 851 in
2507 799 2709 865 Regula
2741 797 2945 852 abbatis
3002 799 3169 864 Lake,
3217 814 3340 866 cap.
3376 801 3439 862 6;
3483 800 3535 852 in

1952 867 2170 936 [tegulis
2220 866 2386 921 fusius
2432 868 2713 936 disputatis
2763 867 2821 921 S.
2855 868 3203 935 Basilii,cap.
3246 869 3346 932 26;
3394 872 3535 936 apud

1950 937 2286 1003 Cassianum,
2318 938 2409 993 lib.
2442 954 2495 993 tv
2521 940 2779 1001 lnstitut.,
2807 954 2927 1007 cap.
2949 939 3004 1001 9,
3029 948 3085 992 et
3110 940 3289 993 collat.
3320 940 3377 1003 2,
3412 954 3535 994 can.

1954 1008 2055 1073 lo;
2086 1008 2223 1077 apud
2255 1010 2314 1065 S.
2346 1009 2697 1075 Dorotlteum,
2741 1010 2985 1062 doctrina
3018 1008 3078 1074 5;
3134 1012 3185 1064 in
3234 1010 3432 1077 Regula
3462 1010 3541 1063 vi-

1954 1026 2055 1073 m;
2086 1026 2223 1077 apuu
2255 1026 2314 1065 δ.
2346 1026 2697 1075 uorotneum,
2741 1026 2985 1062 doctrina
3018 1026 3078 1074 a;
3134 1027 3185 1064 in
3234 1026 3309 1064 ne
3352 1026 3432 1062 uia
3462 1026 3537 1063 vt-

1953 1081 2110 1135 vendi
2133 1080 2410 1134 monachis
2432 1097 2459 1132 a
2485 1082 2543 1135 8.
2568 1080 2769 1134 Uavide
2792 1081 3124 1149 praescripta,
3157 1084 3295 1148 apud
3315 1026 3537 1134 ilollan-

1953 1152 2102 1212 dum,
2130 1152 2154 1205 l
2186 1150 2395 1216 Martii;
2428 1152 2480 1205 in
2507 1152 2708 1220 Regula
2732 1153 2790 1204 8.
2823 1150 3032 1214 lsidori,
3064 1165 3183 1217 cap.
3218 1153 3314 1216 l4;
3349 1154 3400 1205 in
3434 1151 3542 1204 Re-

1951 1221 2073 1291 gula
2099 1220 2153 1278 S.
2190 1221 2491 1289 Fructuosi,
2538 1237 2657 1292 cap.
2688 1222 2784 1283 ηις
2817 1221 2868 1275 ἰη
2900 1221 3094 1291 Regula
3127 1222 3385 1284 Magistri,
3412 1238 3534 1286 cap.

1956 1292 2057 1353 l5;
2092 1293 2145 1346 in
2176 1292 2371 1361 Regula
2401 1292 2463 1348 8.
2492 1294 2701 1356 Donati,
2724 1308 2843 1357 cap.
2875 1293 2980 1356 25;
3015 1296 3067 1346 in
3109 1292 3309 1363 Regulo
3348 1292 3542 1361 Cujus-

1954 1363 2074 1417 dam
2115 1362 2180 1417 ad
2228 1365 2491 1434 virgines,
2523 1379 2641 1419 can.
2675 1365 2729 1418 6.
2763 1364 2826 1417 Et
2855 1365 3065 1430 quidem
3114 1362 3215 1417 hac
3253 1368 3302 1417 iit
3333 1363 3537 1432 Regula

1957 1444 2037 1488 ter
2066 1435 2287 1505 singulis
2330 1435 2519 1488 diebus
2570 1435 2684 1488 lieri
2734 1436 3115 1502 prazscriliitur,
3164 1436 3262 1489 scil
3288 1447 3374 1489 cet
3420 1442 3542 1501 post

1953 1506 2264 1569 secundam,
2303 1517 2417 1573 post
2450 1520 2664 1568 nonam,
2698 1515 2753 1559 et
2774 1515 2897 1558 ante
2922 1505 3326 1573 completorium
3352 1522 3368 1567 ;
3395 1505 3538 1574 quod

1954 1590 2055 1629 usu
2099 1586 2369 1645 receptum
2418 1575 2578 1630 fuisse
2617 1576 2745 1630 olim
2799 1575 2852 1628 in
2905 1575 3164 1644 virginum
3214 1576 3543 1630 monasterio

1958 1645 2245 1700 Evoriacas
2273 1646 2436 1709 dicto,
2469 1648 2624 1715 vulgo
2654 1645 2801 1700 Fara:
2831 1648 3177 1715 monasterio,
3211 1657 3432 1701 testatur
3454 1662 3543 1701 re-

1957 1717 2062 1771 lata
2087 1733 2114 1770 a
2145 1718 2201 1774 S.
2238 1718 2524 1771 Benedicto
2549 1714 2840 1771 Antanensi
2881 1714 3101 1770 historia
3147 1720 3197 1771 in
3238 1716 3396 1772 Cone.
3420 1718 3539 1772 rdia

1962 1788 2285 1857 [tegularum
2312 1802 2429 1857 cap.
2465 1786 2550 1848 15.
2586 1788 2614 1856 ᾗ
2644 1786 2732 1842 12.
2771 1786 2899 1840 Vide
2930 1787 3033 1841 Vit.
3074 1787 3131 1844 S.
3167 1788 3440 1844 Pacbotnii
3481 1804 3539 1843 n.

2033 1929 2232 1984 Eadem
2252 1930 2432 1997 praxis
2456 1930 2597 1997 apud
2623 1938 2836 1985 nostros
2862 1928 3060 1999 passim
3082 1928 3293 1984 laudata
3314 1940 3368 1987 et
3392 1942 3541 1986 com-

1960 2000 2206 2070 mendata
2253 2001 2537 2070 reperitur,
2588 2001 2821 2055 maxime
2864 2016 2994 2055 vero
3026 2002 3074 2052 in
3112 2001 3225 2054 Vita
3257 2002 3316 2057 8.
3370 2002 3546 2057 Bene-

1957 2069 2085 2124 dicti
2109 2069 2330 2126 abbatis
2345 2070 2693 2142 Anianensis,
2725 2087 2780 2124 n.
2809 2073 2876 2127 35
2907 2070 3122 2142 (Sa'cul.
3153 2088 3223 2133 iv,
3258 2090 3309 2141 p.
3347 2074 3441 2141 l);
3489 2074 3543 2128 in

1959 2143 2126 2213 220
2158 2142 2273 2213 Vita
2388 2141 2618 2203 Alcuini,
2652 2160 2706 2194 tt.
2736 2142 2796 2203 8,
2843 2141 2990 2197 etin
3027 2142 3141 2213 Vita
3171 2142 3228 2197 S.
3260 2143 3542 2210 Adalardi,

1961 2211 2179 2268 auctore
2208 2212 2267 2269 S.
2296 2211 2639 2275 Gerardo,‘n.
2667 2214 2758 2276 4t,
2792 2214 2879 2267 ubi
2922 2212 3068 2267 omni
3123 2229 3340 2282 prorsus
3365 2216 3542 2268 admi-

1964 2284 2169 2338 ratione
2196 2283 2410 2349 dignum
2439 2283 2645 2337 videtur
2666 2284 2805 2353 quod
2838 2283 2904 2337 de
2934 2299 2999 2338 eo
3028 2284 3171 2337 ibide
3196 2307 3222 2333 ιι
3255 2286 3542 2340 scribitur:

1971 2370 1989 2424 ς
2026 2353 2143 2424 Ipse
2173 2369 2319 2421 vero,
2343 2353 2544 2408 scilicet
2568 2353 2626 2408 S.
2656 2354 2973 2418 Adalardus,
3004 2363 3200 2408 tantam
3231 2356 3542 2410 memoriam

1967 2422 2194 2479 ﬁliorum
2227 2425 2453 2477 habebat
2478 2424 2531 2477 in
2560 2426 2850 2479 visrerihus
2878 2426 3133 2492 paternis,
3158 2436 3213 2478 ut
3240 2441 3346 2479 non
3368 2428 3542 2481 solum

1968 2510 2143 2550 mores
2176 2497 2484 2563 inspiceret,
2516 2497 2607 2547 sed
2633 2494 2790 2547 etiam
2822 2511 3099 2548 numerum
3128 2504 3183 2549 et
3212 2497 3423 2550 nomina
3450 2512 3545 2552 eo-

1970 2581 2085 2620 rum
2117 2564 2577 2637 semperhaberet
2602 2565 2870 2635 descripta
2897 2569 2946 2617 in
2977 2567 3220 2620 manibus
3248 2572 3381 2631 suis,
3411 2584 3546 2637 qua-9

1972 2645 2125 2691 tenus
2156 2652 2259 2689 non
2291 2636 2389 2689 sibi
2422 2636 2693 2689 excideret
2728 2651 2822 2704 pro
2855 2637 3046 2705 quibus
3078 2641 3335 2690 rationem
3368 2639 3547 2691 reddi-

1970 2720 2118 2762 turus
2144 2718 2287 2761 esset
2330 2706 2459 2768 Deo,
2484 2716 2538 2760 et
2567 2722 2663 2774 pro
2689 2708 2919 2772 quantis.
2970 2707 3092 2760 Ideo
3122 2709 3404 2761 maximam
3437 2724 3548 2777 ge—

1972 2794 2095 2835 rens
2142 2792 2321 2832 curam
2362 2792 2569 2839 eorum,
2619 2778 2816 2831 nullum
2869 2793 2933 2830 ex
2984 2778 3062 2831 eis
3110 2778 3161 2830 in
3213 2778 3546 2833 livbdomada

1973 2849 2305 2918 relinquebat
2322 2847 2686 2918 inallocutum,
2702 2863 2768 2902 ne
2784 2848 2987 2903 scilicet
3008 2847 3253 2903 inimicus
3273 2850 3549 2905 inveniens

1974 2917 2242 2982 vacantes,
2290 2917 2489 2972 zizania
2522 2920 2971 2984 supersuninaret
2997 2920 3248 2973 cordibus
3280 2934 3487 2974 eorum.
3520 2940 3543 2973 ι

1977 2993 2139 3046 Erant
2162 3004 2287 3042 vero
2321 2989 2561 3042 Corbeia:
2594 2991 2838 3044 monachi
2885 2991 2985 3043 sub
3031 2992 3087 3043 8.
3140 2990 3404 3045 Adalardo
3438 3007 3547 3048 non

1975 3063 2153 3118 minus
2180 3060 2448 3125 trecentis,
2479 3074 2578 3113 nec
2602 3060 2828 3128 amplius
2856 3061 3273 3129 quadringentis.

2046 3131 2299 3185 Hortatur
2351 3146 2440 3182 nos
2472 3131 2535 3183 de
2575 3129 2669 3183 hac
2715 3147 2769 3183 re
2814 3132 3084 3198 Scr:ptura
3128 3132 3337 3185 dicens:
3367 3132 3551 3187 Revela

1983 3202 2198 3257 Domino
2227 3203 2359 3254 uiam
2387 3210 2547 3264 tuam,
2578 3211 2627 3253 et
2646 3218 2795 3272 spera
2823 3202 2876 3254 in
2910 3198 3072 3272 eum.]
3105 3203 3209 3254 ilac
3238 3204 3290 3255 in
3314 3202 3551 3271 Scriptu-

1970 3292 2042 3329 rze
2087 3273 2403 3328 auctoritate
2450 3281 2678 3340 quatuor
2722 3271 2945 3339 hujusce
2972 3271 3328 3327 confessionis
3358 3276 3545 3328 condi-

1967 3349 2137 3401 tiones
2185 3342 2245 3397 S.
2282 3341 2341 3394 P.
2374 3340 2691 3395 Benedictus
2735 3340 2933 3397 indicat
2976 3357 2993 3395 :
3055 3344 3116 3397 ιο
3173 3342 3241 3398 Ut
3283 3343 3354 3397 sit
3375 3346 3547 3408 clara,

1966 3426 2171 3484 aperta,
2202 3413 2404 3479 absque
2430 3412 2533 3484 ulla
2568 3413 2852 3484 verborum
2887 3411 3238 3484 _obscuritate,
3266 3429 3387 3468 cum
3419 3415 3551 3469 dicit

1968 3481 2191 3549 Revela;
2236 3483 2506 3555 liocenim
2538 3481 2765 3555 revelari
2794 3481 3010 3548 dicitur,
3042 3485 3181 3553 quod
3212 3494 3396 3555 aperte
3445 3488 3552 3555 de-

1965 3558 2215 3612 claratur.
2243 3553 2305 3606 ‘20
2350 3552 2416 3609 Ut
2445 3552 2535 3606 fiat
2556 3552 2732 3607 abbati
2760 3568 2865 3607 non
2891 3552 3141 3622 tanquam
3181 3552 3401 3621 homini,
3450 3554 3553 3611 sed

1968 3638 2214 3692 tanquam
2250 3626 2375 3686 Deo,
2401 3634 2491 3677 aut
2512 3623 2630 3693 cjns
2660 3622 2894 3687 vicario;
2927 3621 3135 3693 Christi
3151 3625 3292 3680 enim
3322 3626 3466 3680 vices
3493 3628 3548 3680 in

1968 3696 2293 3753 monasterio
2319 3709 2476 3763 agere
2504 3692 2757 3756 creditur,
2784 3709 2905 3748 cum
2931 3695 3081 3749 addit
3109 3692 3354 3750 Domino.
3387 3696 3443 3750 5°
3478 3696 3552 3753 Ut

1971 3770 2061 3824 liat
2090 3770 2157 3822 de
2185 3764 2414 3837 propriis
2439 3764 2672 3837 delictis,
2705 3766 3107 3831 tentationibus,
3146 3768 3322 3835 pravis
3343 3768 3550 3837 cogita-

1969 3834 2225 3901 tionibus,
2250 3838 2388 3892 nulla
2410 3838 2541 3889 facta
2568 3834 2791 3889 aliorum
2811 3838 3100 3901 mentione,
3125 3852 3244 3890 cum
3269 3834 3546 3906 subiungit

1968 3911 2101 3965 uiam
2141 3920 2301 3962 tuam.
2342 3907 2404 3960 4ο
2435 3907 2566 3961 Cum
2612 3909 2761 3961 firma
2793 3921 2890 3976 Spe
2917 3906 3220 3962 obtinendae
3250 3910 3441 3974 veniae,
3476 3906 3551 3962 Et

1970 3997 2119 4051 spera
2138 3983 2192 4033 in
2216 3995 2349 4032 eum.

2042 4051 2106 4103 Et
2137 4053 2256 4105 item
2294 4049 2414 4101 dicit
2444 4062 2461 4120 ξ
2493 4046 2812 4116 Conﬁtemini
2852 4046 3339 4120 Domino‘quoniam
3368 4051 3548 4114 bonus,

2007 4126 2209 4176 ttoniam
2229 4125 2279 4174 in
2301 4119 2546 4192 saxulum
2568 4119 2915 4173 misericordia
2943 4116 3180 4191 ejus.]'ln
3198 4139 3301 4192 qua
3326 4125 3548 4192 proinde

1995 4194 2197 4249 irmiter
2216 4189 2556 4259 Sperandum.

2048 4264 2112 4318 Et
2154 4265 2273 4335 item
2299 4260 2569 4335 Propheta:
2596 4276 2615 4313 .'
2661 4259 2918 4317 Delicium
2960 4279 3126 4335 me_um
3164 4265 3420 4335 cognitum
3462 4267 3551 4319 tibi

1977 4336 2094 4407 feci,
2123 4343 2169 4388 et
2193 4333 2635 4407 injustitiasmeas
2659 4348 2763 4385 non
2788 4335 2989 4407 operui.
3019 4333 3142 4388 Dixi
3160 4333 3550 4389 :P'ronunliatio

1976 4402 2250 4459 adversum
2291 4419 2371 4457 me
2415 4402 2692 4472 injustitias
2721 4420 2855 4458 meas
2895 4403 3136 4471 Domino,
3169 4416 3217 4458 et
3254 4417 3309 4458 tu
3352 4407 3548 4460 remisi?

1978 4478 2041 4530 sti
2084 4476 2392 4539 impietatem
2421 4473 2592 4546 cordis
2634 4474 2775 4545 mei.]
2805 4474 3007 4541 Quibus
3037 4476 3087 4529 in
3121 4476 3296 4531 verbis
3325 4492 3556 4546 quttuor

1984 4547 2175 4600 iterum
2201 4546 2411 4598 denotat
2440 4545 2767 4598 observanda
2799 4547 2898 4599 hac
2924 4547 2974 4599 in
3009 4545 3379 4601 confessione:
3409 4550 3466 4601 l°
3497 4556 3558 4601 ut

1986 4617 2114 4671 nihil
2159 4617 2378 4669 omnino
2417 4614 2748 4683 superiorem
2777 4617 2934 4676 celet,
2983 4618 3107 4685 quia
3140 4617 3226 4669 vix
3257 4632 3550 4683 congruunt

1986 4687 2222 4743 medicus
2248 4694 2451 4753 aegroto
2492 4693 2662 4750 potest
2705 4685 2898 4740 alierre
2928 4687 3239 4750 remedium,
3292 4688 3393 4740 nisi
3419 4692 3557 4740 inte-

1984 4774 2130 4828 gram
2158 4758 2328 4811 morbi
2354 4753 2708 4828 cognitionem
2742 4756 2952 4819 habeat,
2980 4756 3101 4810 Non
3126 4758 3338 4828 operui;
3384 4759 3446 4812 2°
3495 4773 3553 4810 ut

1984 4826 2290 4898 priusquam
2325 4828 2393 4898 ad
2436 4826 2766 4892 superiorem
2796 4829 3036 4890 accedat,
3069 4827 3239 4882 morbi
3274 4829 3354 4898 sui
3385 4828 3559 4897 quali-

1984 4897 2144 4955 tatem
2176 4897 2645 4968 considerettejus
2672 4911 2883 4968 causas,
2916 4906 3178 4968 naturam,
3228 4897 3560 4968 eﬂectusque

1985 4969 2277 5040 perquirat,
2301 4978 2357 5022 ut
2378 4966 2689 5040 ampliorem
2707 4967 2773 5040 de
2792 4982 2864 5040 eo
2880 4967 3053 5040 abbati
3079 4969 3316 5023 notitiam
3340 4966 3560 5033 tribuat,

1984 5037 2123 5110 quod
2154 5041 2421 5111 colligitur
2447 5054 2510 5091 ex
2550 5039 2713 5092 verbo
2746 5037 2888 5106 Dixi,
2922 5039 2972 5092 id
2998 5050 3084 5111 est
3115 5054 3323 5094 mecum
3353 5046 3512 5095 statui
3540 5056 3560 5106 ς

1984 5114 2047 5168 3°
2080 5123 2135 5165 ut
2164 5113 2212 5165 i-l
2248 5110 2405 5163 faciat
2433 5124 2551 5161 cum
2592 5119 2861 5163 votuntate
2901 5121 2951 5163 et
2992 5110 3287 5165 intentione
3315 5127 3375 5165 se
3401 5125 3565 5166 accu-

1983 5184 2160 5247 sandi,
2204 5180 2554 5235 Pronuntiabo
2585 5182 2849 5233 adversum
2890 5196 2999 5241 me:
3027 5186 3087 5236 4°
3119 5181 3280 5251 idque
3307 5196 3428 5236 cum
3457 5181 3565 5237 hu.

1987 5253 2228 5334 militate,
2258 5251 2628 5334 quod-iudicat
2647 5266 2749 5334 vox
2778 5252 3076 5334 injustttias.

2057 5326 2122 5378 Et
2156 5320 2505 5393 lnecqnidem
2550 5321 2605 5393 S.
2634 5320 2963 5393 Benedictus
2992 5339 3058 5377 ex
3087 5332 3237 5393 parte
3281 5320 3425 5378 illius
3468 5325 3560 5393 qui

1984 5390 2362 5450 conscient:ain
2386 5390 2648 5458 superiori
2676 5408 2796 5446 man
2825 5398 3007 5447 l'estat:
3028 5390 3152 5464 quid
3173 5409 3301 5448 vero
3320 5411 3384 5449 ex
3414 5390 3560 5464 parto

1985 5466 2151 5533 ipsius
2174 5466 2485 5529 superioris,
2515 5464 2602 5517 cui
2634 5477 2904 5531 perversa:
2930 5468 3281 5532 cogitationes
3322 5474 3376 5519 et
3424 5464 3570 5520 mala

1986 5537 2244 5591 absconse
2274 5538 2563 5607 commissa
2600 5538 2920 5597 revelantur,
2950 5536 3147 5607 exigat,
3182 5537 3525 5603 praetermisit
3552 5582 3565 5600 ,

1987 5608 2107 5676 quia
2140 5607 2391 5660 humilem
2426 5606 2513 5659 hic
2536 5605 2790 5660 duntaxat
2814 5605 3295 5662 intendit—reddere
3325 5610 3567 5675 discipu-

1987 5678 2125 5743 lum;
2159 5680 2251 5733 sed
2285 5678 2406 5731 illud
2438 5677 2655 5730 aliunde
2699 5686 2943 5745 repetere
2970 5678 3260 5733 lectoribus
3290 5680 3427 5735 haud
3457 5681 3575 5736 erit

1988 5750 2231 5806 fortassis
2259 5749 2545 5818 ingratom.

2062 5822 2242 5892 Itaque
2270 5819 2331 5876 S.
2362 5820 2686 5879 Fructuosus
2709 5835 2936 5895 quatuor
2959 5820 3291 5895 potissimum
3320 5840 3389 5882 cx
3417 5835 3579 5897 parte

2792 5973 2817 5998 ο
