3952 6182
466 335 564 395 ἷῦι

1821 334 1879 393 S.
1913 334 1969 391 P.
2007 333 2364 392 BENEDICTI

3590 333 3681 392 392

465 450 673 507 abbatis
725 448 942 519 requirit
985 447 1085 519 (lii
1125 445 1309 518 Regni.
1368 461 1509 519 cap._
1535 443 1645 515 1‘5).
1700 445 1923 519 scilicet,
1978 455 2038 500 ut
2068 456 2116 510 Α
2145 444 2436 515 praescribit
2467 444 2820 502 Tarnatensis
2848 448 3155 505 monasterii
3186 447 3379 518 Regula
3415 446 3557 519 (Cap.
3596 452 3679 519 8):

475 516 903 583 «consolatione,
956 516 1219 581 oratione,
1272 516 1654 586 castigatione,
1715 518 1828 571 sive
1877 519 2037 570 etiam

467 592 849 647 exercitatione
875 590 1049 643 idonei
1080 588 1278 657 operis,
1304 608 1321 639 ι
1351 587 1495 642 fratri
1527 595 1751 653 tentato,
1793 596 1883 640 aut
1908 589 2039 641 alias

468 663 663 716 afﬂicto
693 662 965 730 medeatur
992 678 1008 713 :
1036 675 1153 728 quae
1177 662 1332 730 221
1365 673 1498 730 pene
1512 658 1896 730 eadenividere
1918 659 2041 712 licet

469 734 524 787 in
554 734 747 804 ltegula
776 729 1032 804 Magistri,
1056 727 1118 782 in
1141 727 1629 804 quia—praescribitur
1660 727 1812 804 (Cap.
1841 730 1960 804 15),
1987 737 2042 804 ut

472 821 494 855 ι
518 797 716 857 ειιηιῖιε
744 797 923 870 aliquo
949 803 1108 854 l‘ratre
1136 797 1432 853 nuntiatum
1462 797 1620 852 fuerit
1647 797 1680 852 a
1700 799 1720 819 ‘
1740 799 2041 868 prmpositis

468 874 669 938 abbati,
694 882 951 927 convocet
1005 886 1125 924 mox
1152 872 1453 923 universam
1485 872 1967 939 congregationem,
1986 880 2041 922 et

466 944 607 998 dicat
636 943 885 996 omnibus
927 942 1128 994 abbas:
1164 941 1371 1004 Venite,
1423 941 1634 1004 fratres,
1668 941 2042 994 Subveniantus

488 1031 560 1067 ier
589 1015 926 1068 dilectionem
984 1012 1209 1064 invicem
1260 1011 1414 1064 nobis
1455 1013 1592 1078 apud
1638 1010 2039 1065 Domininn.....

523 1100 613 1153 rgo
641 1085 918 1137 unanimes
946 1097 1041 1151 pro
1074 1083 1175 1136 hoc
1209 1083 1372 1153 fratre
1401 1092 1583 1135 nostro
1614 1097 1826 1136 oremus
1851 1082 1914 1134 ad
1942 1082 2041 1153 Do:

471 1149 699 1220 mitium,
730 1164 788 1208 ut
812 1149 1056 1224 dignetur
1088 1154 1139 1206 in
1170 1167 1236 1205 eo
1271 1152 1755 1224 SiQII:ICU|0»Cl’thiS
1782 1168 1910 1215 SttiP,
1958 1149 2042 1205 vel

461 1224 705 1296 jussione
736 1222 986 1292 potentia:
1014 1238 1126 1278 sua:
1154 1223 1349 1277 diaboli
1385 1222 2044 1296 tentationescompesceo

469 1294 546 1350 re.
574 1316 592 1348 ι
630 1297 763 1349 Ecce
790 1296 996 1349 abbatis
1038 1303 1303 1363 totiusque
1331 1294 1757 1361 congregationis
1796 1306 1891 1361 pro
1936 1294 2044 1363 frao

469 1375 549 1419 tre
583 1377 783 1419 tentato
810 1369 1125 1427 orationem,
1157 1367 1307 1433 cujus
1340 1380 1566 1433 praxeos
1589 1364 1856 1433 egregium
1885 1362 2045 1416 babe-

466 1452 589 1491 mns
609 1437 908 1505 exempturo
939 1437 989 1488 in
1026 1436 1136 1487 Vita
1166 1435 1222 1489 S.
1257 1435 1518 1488 Anastasii
1562 1434 1737 1488 Persa:
1770 1436 2042 1496 monachi,

465 1510 557 1576 qui
590 1507 871 1576 aliquando
923 1506 1291 1560 recmdatione
1336 1509 1465 1557 artis
1515 1506 1754 1573 magicre,
1787 1520 1946 1575 quam
1990 1505 2042 1557 in

469 1580 665 1631 sa'culo
695 1588 1026 1643 exercuerat,
1080 1587 1329 1640 tentatus,
1362 1592 1479 1630 cum
1504 1590 1614 1630 rein
1647 1576 1822 1629 abbati
1875 1590 2045 1627 mani-

470 1648 750 1711 festasset,
806 1649 891 1701 ille
937 1666 953 1697 ι
981 1648 1302 1701 admonebat
1341 1661 1485 1706 eum,
1523 1656 1576 1700 et
1602 1644 1935 1700 confortabat
1991 1647 2042 1697 in

469 1718 715 1784 Domino,
745 1717 1033 1772 sectiudum
1067 1735 1183 1784 quae
1228 1719 1349 1770 data
1401 1717 1475 1770 illi
1522 1716 1694 1770 fuerat
1722 1721 1772 1770 in
1820 1716 2045 1769 Domino
2117 1774 2128 1786 ο

468 1791 721 1858 gratiam;
755 1802 807 1841 et
830 1791 893 1842 fat
914 1790 1026 1841 iens
1055 1788 1346 1841 orationem
1376 1803 1470 1856 pro
1498 1803 1561 1841 eo
1588 1798 1764 1841 coram
1792 1788 2039 1858 omnibus

470 1857 720 1912 fratribus
765 1861 815 1912 iu
847 1858 1089 1923 ecclesia,
1119 1857 1371 1926 eli‘ngavit
1400 1860 1466 1912 ab
1504 1872 1567 1911 eo
1600 1872 1823 1928 pugnam
1855 1857 2039 1928 diabo-

468 1931 624 1983 licam
654 1932 827 2001 (Apud
858 1929 1020 1993 Bott.,
1053 1929 1122 1981 '22
1141 1931 1284 1998 jan.)
1307 1946 1324 1980 ι
1353 1926 1833 2001 ΫΑιΙιΙίιξιιιιεῐδιειε
1866 1926 2037 2001 tCuin

468 2014 598 2069 ergo
625 1998 830 2054 oiatum
867 2015 960 2068 pro
996 2016 1060 2054 eo
1105 2002 1173 2051 ab
1223 2000 1469 2053 omnibus
1511 1999 1808 2053 diutissime
1857 1998 2037 2064 fuerit,

469 2086 694 2137 surgens
724 2072 885 2124 abbas
915 2086 1034 2123 cum
1059 2071 1330 2134 omnibus,
1368 2079 1420 2124 et
1459 2071 1751 2138 complens,
1784 2085 1903 2121 mox
1945 2084 2039 2122 ex-

469 2154 657 2195 euntes
688 2157 713 2195 s
737 2144 879 2210 nguli
909 2155 1063 2209 opus,
1102 2140 1239 2208 quod
1273 2140 1559 2206 facii-bant,
1605 2141 1995 2207 reprelieinlant
2021 2155 2035 2201 ;

469 2222 525 2265 et
551 2224 757 2265 retento
776 2213 915 2281 apud
945 2227 1001 2265 se
1032 2214 1120 2264 illo
1151 2212 1266 2265 solo
1292 2212 1455 2265 fratre
1483 2215 1568 2279 qui
1604 2214 1745 2263 malo
1767 2213 2041 2280 cogitatio-

470 2285 556 2336 nis
586 2286 810 2340 laborat,
846 2282 1078 2349 proferat
1104 2284 1335 2342 codices,
1375 2292 1427 2335 et
1454 2282 1711 2335 adverstis
1752 2283 2045 2334 net-essita-

473 2363 577 2405 tein
629 2354 860 2405 vulneris
891 2351 1006 2420 ejus
1053 2352 1244 2405 similis
1274 2353 1449 2406 divina
1501 2352 1759 2406 medicina
1812 2354 2038 2419 legatur.

468 2423 598 2477 Nam
630 2433 683 2475 et
714 2439 806 2487 per
844 2425 957 2476 dies
1002 2423 1193 2490 quibus
1241 2422 1329 2475 ille
1369 2424 1529 2476 frater
1574 2423 1927 2489 interrogatus
1976 2423 2044 2475 ab

468 2495 662 2547 abbate
713 2507 849 2547 torte
897 2495 1234 2560 responderit
1286 2509 1390 2545 non
1445 2495 1723 2553 transisse,
1756 2493 1855 2546 illi»
1901 2494 2044 2546 horis

469 2567 662 2631 quibus
692 2564 947 2625 contingit
972 2566 1067 2625 legi
1091 2566 1202 2617 sive
1232 2579 1324 2631 per
1356 2565 1606 2630 hiemem,
1638 2568 1750 2617 sive
1776 2580 1866 2630 per
1887 2574 2043 2616 a-sta-

471 2644 577 2687 tem
610 2636 924 2701 pertinentia
954 2635 1198 2686 codiruin
1238 2635 1301 2686 ad
1347 2635 1513 2703 ipsam
1564 2635 1899 2702 cogitatioiiis
1951 2650 2043 2687 ne-

473 2709 778 2758 cessitatem
814 2706 1014 2771 legatui'
1046 2706 1156 2771 ipsa
1185 2704 1382 2759 decatla
1406 2709 1471 2759 de
1491 2719 1594 2772 qua
1615 2716 1699 2760 est.
1720 2707 1833 2771 ipse
1863 2705 2042 2757 frater.

480 2774 637 2827 Verbi
678 2776 876 2842 gratia,
921 2776 962 2826 si
997 2776 1223 2827 suaserit
1271 2774 1704 2839 fornicationem,
1739 2779 1940 2844 legatur
1972 2775 2045 2827 iEl‘t

471 2859 537 2898 ex
570 2847 797 2898 diversis
822 2845 1117 2910 codicibus,
1146 2845 1232 2897 ubi
1262 2848 1558 2900 castitatem
1587 2846 1758 2913 diligit
1799 2852 1968 2909 Deus;
2001 2846 2043 2898 si

475 2916 841 2969 mentitionem
857 2918 1022 2969 suade
1061 2915 1385 2983 frequenter,
1404 2921 1602 2982 legatur
1620 2918 1694 2970 illi
1716 2917 1770 2969 in
1795 2916 2042 2980 diversis,

473 2987 562 3040 ubi
612 2988 862 3056 priccepit
906 2990 1293 3040 veritatein.....
1352 2989 1500 3040 Unde
1544 2996 1756 3049 onoriet
1799 2989 2043 3040 abbatem

478 3060 705 3113 multum
736 3064 800 3108 de
831 3059 944 3122 lrpe
974 3060 1308 3119 instructum,
1328 3069 1416 3111 aut
1446 3068 1502 3110 ut
1526 3057 1841 3110 testimoniis
1864 3057 2043 3111 omnia

473 3131 684 3191 doct-at,
717 3137 807 3179 aut
834 3130 1148 3194 pertinentia
1175 3129 1238 3179 ad
1273 3134 1443 3181 totum
1474 3130 1689 3197 legenda
1714 3129 2039 3196 consignet.»

2149 540 2166 569 ι
2191 520 2288 586 Qui
2314 520 2691 585 cogitationum
2725 522 3143 588 impugnationes
3173 521 3545 574 consolationis
3584 537 3684 577 sua:

2140 606 2297 644 causa
2324 591 2586 661 secretius
2628 590 2930 661 confitetur,
2973 606 3076 645 non
3107 601 3307 661 oportet
3336 606 3453 643 eum
3478 592 3686 659 despici,

2142 676 2241 713 nec
2268 659 2385 713 aliis
2416 660 2703 728 publicari;
2734 662 2826 715 sed
2866 670 3119 729 quantum
3143 659 3218 714 'in
3261 662 3375 728 ipso
3403 673 3481 715 est
3512 662 3688 719 blanda

2141 731 2728 803 exhortatiouet'overi.
2760 749 2777 781 ι
2805 730 2873 783 Ει
2906 731 3099 801 Regula
3122 730 3406 800 Cujusdam
3437 734 3502 784 ad
3525 732 3688 803 Virgi—

2144 816 2274 856 nes:
2306 820 2324 853 ι
2348 801 2629 856 Abbatissa
2652 802 2732 856 vel
2764 804 3112 870 praeposita...
3138 804 3357 855 crimina
3388 804 3581 855 minora
3614 801 3690 858 vel

2141 873 2368 927 maxima
2414 873 2715 927 nullatenus
2751 873 3118 939 manifesteot,
3166 875 3263 927 nisi
3297 875 3410 925 solo
3442 873 3574 940 justo
3611 874 3691 940 ju-

2140 942 2269 1008 dici,
2313 943 2404 1010 qui
2447 942 2683 997 omnium
2730 943 3093 997 confitentium
3141 944 3363 997 crimina
3409 945 3560 996 lavat.
3611 944 3691 998 Illa

2141 1013 2284 1068 enim
2312 1028 2429 1083 quas
2456 1017 2698 1067 confessa
2729 1023 2810 1067 est
2859 1029 2952 1068 sua
3002 1014 3218 1068 vulnera
3265 1016 3572 1075 verecunde,
3599 1031 3691 1067 non

2141 1085 2206 1137 ad
2241 1084 2584 1149 approbriuin
2614 1084 3002 1153 recipiendum,
3034 1084 3129 1139 sed
3157 1085 3221 1137 ad
3252 1086 3478 1139 salutem
3515 1096 3691 1138 renite-

2142 1154 2395 1223 grandam
2427 1156 2672 1208 coitfessa
2698 1164 2798 1218 cst,
2830 1156 3027 1218 justum
3076 1156 3276 1207 habens
3306 1168 3488 1208 teStein
3522 1155 3689 1217 Deum,

2143 1240 2173 1279 a
2203 1239 2309 1294 quo
2340 1234 2393 1277 et
2421 1227 2618 1278 mederi
2649 1234 2943 1293 exspectat.
2976 1226 3045 1278 Ea
3070 1241 3198 1280 vero
3222 1228 3402 1278 senior
3430 1241 3543 1290 qua:
3574 1226 3689 1278 rei-i-

2143 1297 2220 1364 pit
2246 1294 2684 1366 (confessionem)
2713 1310 2831 1348 cum
2861 1297 3118 1363 gravitate
3148 1306 3202 1350 et
3230 1298 3585 1350 moderatione
3614 1311 3691 1363 pe-

2146 1380 2240 1420 nes
2267 1382 2325 1421 se
2354 1366 2692 1428 occultando,
2734 1366 3106 1419 honestissime
3149 1376 3349 1425 teneat.
3374 1381 3439 1421 ne
3478 1366 3593 1418 dum
3626 1369 3694 1416 al-

2145 1438 2313 1491 terius
2345 1437 2545 1491 vulneri
2580 1436 2897 1490 medicinam
2930 1436 3180 1501 infundit,
3221 1452 3332 1489 sum
3377 1438 3564 1489 mentis
3590 1451 3693 1487 ror-

2145 1519 2352 1574 rumpat
2377 1508 2622 1560 nitorem.
2649 1527 2667 1558 ι
2706 1509 2769 1561 Et
2803 1509 2914 1561 lucc
2959 1509 3187 1561 maxime
3223 1509 3499 1560 attendere
3522 1510 3696 1560 debent

2143 1579 2385 1641 abbates,
2419 1587 2475 1631 ut
2502 1581 2544 1631 si
2582 1594 2738 1646 quam
2785 1579 2835 1630 in
2886 1593 2945 1632 se
2993 1578 3233 1631 ﬁduciam
3281 1578 3351 1631 ab
3379 1577 3695 1631 interioribus

2145 1648 2470 1713 desiderent,
2499 1650 2595 1703 sibi
2630 1649 2862 1704 revelata
2894 1660 3149 1718 perpetuo
3180 1659 3364 1718 tegant
3392 1649 3620 1707 silentio.

2544 1762 2618 1817 De
2642 1772 2784 1816 sexto
2813 1763 3115 1817 humilitatis
3140 1766 3328 1833 gradu.

2070 1821 2119 1883 Β
2215 1852 2401 1909 Sextus
2441 1854 2740 1906 humilitatis
2767 1853 2958 1923 gradus
2979 1863 3070 1916 est,
3102 1854 3144 1906 si
3172 1855 3313 1905 omni
3343 1854 3529 1907 vilitate
3551 1862 3593 1907 et
3617 1869 3695 1907 cz-

2144 1927 2393 1978 tremitate
2418 1934 2680 1977 canteritus
2710 1925 2774 1976 sit
2806 1923 3128 1993 monachus]
3174 1924 3236 1978 Ut
3265 1926 3498 1993 aliquem
3532 1938 3592 1978 ex
3616 1924 3697 1976 hu-

2144 1997 2252 2049 mili
2285 1996 2349 2049 ad
2381 1996 2624 2050 abbatem
2644 1995 3000 2056 confessione,
3021 1996 3087 2048 de
3109 2010 3208 2060 qua
3239 1996 3498 2061 superiori
3528 1998 3694 2063 gradu.

2144 2067 2373 2120 fructum
2419 2067 2673 2134 percipiat
2719 2066 3035 2127 monachus,
3083 2067 3147 2118 ad
3188 2068 3366 2117 omnia
3401 2066 3555 2119 debet
3593 2081 3696 2118 esse

2147 2151 2386 2202 paratus:
2413 2139 2552 2190 unde
2573 2146 2957 2204 consequenter
2982 2134 3040 2189 S.
3067 2135 3126 2190 P.
3154 2138 3469 2190 Benedictus
3493 2147 3699 2188 inserito

2145 2208 2455 2261 httuiilitatts
2477 2209 2640 2276 gradu
2671 2209 2914 2276 requirit,
2948 2218 3004 2259 ut
3034 2208 3170 2259 omni
3190 2208 3385 2259 vilitate
3411 2216 3455 2260 et
3486 2208 3699 2258 extremi-

2155 2287 2258 2330 tate
2288 2290 2569 2332 contentus
2623 2279 2730 2331 sit:
2770 2278 2956 2346 quibus
3006 2277 3057 2330 in
3091 2278 3265 2331 verbis
3311 2280 3412 2329 tria
3466 2280 3607 2329 nobis
3653 2277 3697 2329 in

2147 2362 2393 2416 prmsenti
2421 2348 2778 2415 inve-tiganda
2822 2359 3104 2401 occurrunt
3137 2366 3149 2399 :
3189 2348 3240 2402 Ι⁰
3267 2350 3393 2415 quid
3420 2353 3486 2400 sit
3514 2349 3701 2410 vilitas;

2144 2418 2203 2473 2°
2232 2421 2353 2488 quid
2383 2421 2702 2479 ertrcmitas;
2750 2420 2809 2472 '5”
2842 2434 2937 2472 cur
2975 2418 3031 2472 S.
3069 2418 3222 2471 Pater
3256 2435 3362 2472 non
3411 2420 3701 2482 simpliciter

2147 2490 2351 2544 vilitate
2381 2502 2469 2543 .tut
2494 2492 2828 2543 extremitate
2859 2499 3164 2546 Contentum
3194 2503 3316 2545 esse
3346 2490 3541 2544 debere
3563 2493 3697 2543 diie-

2149 2563 2239 2626 rit,
2272 2565 2363 2614 sed
2394 2559 2706 2629 prmmiserit
2741 2563 2898 2613 omni.

2223 2632 2330 2685 Etsi
2364 2632 2536 2686 vilitas
2561 2641 2615 2686 et
2643 2633 2959 2688 extremitas
3000 2630 3300 2700 promiscue
3340 2631 3541 2685 soleant
3570 2645 3700 2683 usur-

2148 2704 2263 2829 rari
2316 2714 2374 2757 ut
2419 2718 2482 2758 ea
2525 2704 2794 2771 accepisse
2822 2703 3027 2756 videtur
3062 2703 3122 2756 S.
3152 2702 3447 2771 Gregorius
3492 2715 3615 2766 papa
3657 2704 3700 2753 in

2173 2814 2185 2826 .
2216 2790 2266 2828 iv
2299 2774 2519 2829 Dialom.
2546 2786 2665 2829 can.
2707 2775 2797 2829 53$.
2820 2774 3015 2829 aliquid
3050 2784 3224 2825 tamen
3254 2784 3393 2826 inter
3436 2782 3700 2829 utrumque

2173 2814 2185 2826 .
2216 2790 2266 2828 iv
2299 2774 2519 2840 Dialog.,
2546 2786 2665 2840 cap.
2707 2775 2797 2836 5?},
2820 2774 3015 2838 aliquid
3050 2784 3224 2825 tamen
3254 2784 3393 2826 inter
3436 2782 3703 2829 utrumque

2149 2845 2469 2900 discriminis
2512 2844 2743 2896 afferunt
2787 2844 3100 2911 insigniores
3144 2845 3359 2910 Regula:
3389 2852 3703 2897 commenta-

2151 2927 2291 2969 tores
2320 2916 2670 2978 llildetnattts,
2722 2918 3022 2967 lteriiarttus
3067 2915 3425 2977 Cassittettsis,
3474 2912 3701 2966 Nieblatts

2148 2989 2213 3039 de
2248 2986 2521 3049 Fractura,
2549 2985 2822 3047 Boherius,
2850 2997 2903 3039 et
2926 2986 3348 3037 Turrecreinata.
3376 2985 3504 3037 Nam
3524 2983 3702 3045 vilitas,

2149 3072 2212 3110 ex
2239 3057 2506 3109 Beroardo
2530 3056 2859 3119 (lassinensi,
2892 3074 2909 3102 ι
2936 3056 3161 3120 pertinet
3187 3059 3249 3106 ad
3277 3068 3493 3107 omnem
3536 3063 3587 3105 ut
3610 3054 3703 3105 lem

2150 3142 2243 3180 seu
2269 3127 2623 3181 necessarium
2648 3143 2821 3189 usuin,
2848 3152 2856 3174 t
2881 3127 3153 3181 xtt'etuitas
3176 3126 3238 3179 ad
3270 3140 3482 3180 otnnetu
3504 3134 3701 3191 statum,

477 3199 612 3253 Ecce
661 3199 1077 3251 ciiitso'ationein
1111 3216 1121 3249 ε
1158 3197 1279 3252 Ideo
1318 3200 1457 3252 enim
1512 3199 1745 3269 dimissis
1798 3199 2045 3252 omnibus
2074 3200 2122 3263 ο
2152 3199 2391 3269 graditur,
2424 3214 2556 3264 opus
2577 3208 2629 3250 et
2658 3197 2852 3269 locum.
2888 3216 2905 3248 ι

477 3270 728 3323 fratribus
750 3272 920 3321 solum
949 3278 1204 3321 tentatum
1230 3268 1444 3323 retineri
1467 3270 1602 3337 apud
1630 3283 1688 3323 se
1710 3268 1902 3336 jttSsit;
1927 3270 2045 3321 ideo

475 3349 826 3408 congruentes
849 3340 964 3406 ejus
989 3340 1176 3391 morbo
1195 3340 1447 3394 lectiones
1470 3340 1717 3393 indicavit
1742 3339 2043 3403 faciendas;

476 3412 599 3464 ideo
631 3412 943 3462 instructum
978 3413 1091 3480 lege
1119 3410 1293 3462 divina
1337 3412 1578 3465 abbatem
1610 3410 1902 3478 requisivit,
1959 3413 2047 3477 qui

472 3481 762 3549 Seiiptttra:
793 3483 1111 3533 testimoniis
1153 3480 1329 3533 omnia
1360 3481 1567 3543 doceat,
1600 3482 1648 3535 id
1699 3491 1779 3535 est
1804 3482 2047 3534 console-

476 3562 582 3605 tur.
612 3552 810 3604 Dt-tnde
852 3555 1031 3617 paucis
1074 3551 1364 3617 tuterjectis
1412 3550 1719 3620 sobjtingit:
1761 3552 1915 3605 «Alia
1959 3551 2051 3605 die

478 3637 632 3676 inane
673 3622 1029 3691 interrogetur
1058 3623 1125 3673 ab
1169 3625 1382 3687 abbate,
1440 3623 1484 3676 si
1534 3625 1785 3691 cogitatio
1832 3622 2045 3676 inimici:

472 3693 723 3755 cessavit,
756 3702 847 3744 aut
874 3708 1016 3755 non;
1056 3692 1195 3759 quod
1220 3694 1263 3744 si
1289 3693 1622 3758 restionderit
1646 3708 1747 3744 non
1773 3708 2042 3757 cessasse,

475 3775 807 3833 supponatur
844 3762 1103 3830 jejunium
1146 3764 1211 3815 ab
1238 3764 1503 3817 omnibus.
1536 3764 1686 3828 Quod
1719 3767 1841 3817 item
1871 3763 1915 3816 si
1945 3765 2046 3817 alia

477 3837 566 3889 die
609 3835 1023 3901 reinierrognins
1074 3834 1403 3900 reSpOItdet'il
1449 3849 1550 3887 non
1599 3837 1872 3895 transisse,
1927 3834 2050 3887 reli-

476 3906 737 3959 cientihus
786 3905 1030 3957 omnibus
1065 3906 1263 3958 mensis
1289 3908 1629 3958 subtrahatur
1656 3909 1951 3958 vinuin.....
1987 3905 2045 3959 Si

480 3977 639 4028 tertio
669 3976 754 4027 die
784 3986 1202 4044 reinterrogatns
1242 3977 1573 4044 responderit
1622 3991 1724 4028 non
1771 3978 2044 4039 transisse,

478 4047 605 4101 item
633 4046 805 4098 olenm
836 4047 1031 4097 mensis
1052 4046 1392 4099 subtrahatur
1425 4061 1543 4100 cum
1574 4046 1719 4108 vino,
1749 4054 1806 4099 ut
1853 4047 2046 4099 multo-

479 4132 594 4171 l'ttlll
628 4114 813 4168 labore
840 4126 892 4167 et
918 4117 1252 4167 abstinentiae
1281 4122 1421 4170 cruci
1461 4121 1604 4169 tione
1634 4118 1809 4170 nullus
1844 4127 2043 4181 pereat,

480 4188 573 4241 sed
619 4199 807 4240 omnes
849 4194 1138 4239 evadant.»
1199 4188 1332 4240 Ecce
1380 4188 1619 4254 corporis
1680 4186 2046 4248 afflictioiieni,

480 4273 638 4326 quam
691 4257 827 4309 inter
880 4256 978 4308 alia
1028 4258 1335 4309 tentationis
1383 4259 1612 4311 remedia
1644 4260 2047 4327 assignaverunt

479 4338 741 4397 quotquot
790 4330 856 4379 de
902 4329 1007 4379 vita
1071 4327 1296 4394 spiritali
1360 4329 1702 4397 moribusque
1756 4329 2046 4397 dirigendis

481 4408 779 4453 tractavere
814 4400 1120 4463 scriptores,
1174 4401 1323 4466 cujus
1366 4401 1619 4452 eximium
1666 4399 1922 4453 habeintis
1948 4401 2042 4453 do.

479 4481 783 4523 cuniculum
816 4468 867 4520 iii
896 4467 1009 4521 Vita
1033 4471 1088 4521 ὃ.
1123 4468 1396 4536 Eupraxiie
1424 4471 1661 4539 vigiliis,
1681 4485 1798 4539 qua:
1828 4471 2046 4524 ineunte

480 4544 679 4597 sarculo
710 4554 737 4588 v
783 4541 961 4592 vivere
996 4540 1153 4591 desiit
1178 4541 1228 4592 in
1262 4543 1519 4607 vrginuut
1553 4542 1882 4595 monasterio
1912 4541 2047 4595 infe-

481 4614 640 4665 rinrts
667 4610 953 4663 Thebaidis
982 4607 1166 4680 (Βυιι.,
1200 4612 1264 4665 15
1286 4609 1466 4680 Mart.)
1496 4628 1509 4663 :
1544 4631 1563 4663 ι
1589 4612 1715 4665 Huic
1734 4620 1907 4665 autem
1935 4622 2047 4665 erat

480 4683 811 4736 consuetudo
841 4684 893 4735 in
926 4685 1269 4753 monasterio,
1304 4682 1476 4753 inquit
1500 4697 1799 4753 anonymus
1820 4684 2050 4753 srriptor

482 4770 536 4808 ιι.
573 4754 660 4815 14,
692 4754 735 4806 si
764 4752 977 4817 qutndo
1020 4752 1313 4821 contigerat
1360 4752 1591 4822 aliquam
1650 4752 1888 4807 Sororem
1931 4752 2051 4807 ten-

485 4825 584 4876 tari
610 4839 638 4877 a
672 4822 884 4877 diabolo
915 4837 1007 4895 per
1048 4836 1315 4885 somnum,
1349 4839 1470 4877 mox
1512 4824 1828 4878 diacomssm
1857 4824 1930 4895 (id
1970 4836 2051 4878 est

481 4896 638 4948 abbat
665 4896 789 4960 ssar)
824 4893 1116 4962 pandebat;
1157 4895 1247 4948 illa
1285 4910 1413 4948 vero
1434 4910 1553 4948 cum
1586 4896 1833 4965 lacrytnts
1870 4893 2046 4949 Deum

484 4965 806 5037 postulabat,
839 4976 894 5017 ut
912 4965 1108 5037 diaboli
1141 4965 1359 5018 tentatio
1384 4966 1452 5019 ab
1480 4967 1639 5037 222
1660 4980 1722 5020 ea
1751 4966 2045 5033 recederet,

480 5035 805 5104 piliebatqne
837 5046 894 5087 ut
924 5035 1122 5100 lapides
1150 5044 1402 5103 portaret.
1428 5035 1861 5091 et'sub'Stratnm
1892 5053 2046 5091 suum

483 5116 832 5174 supponeret,
856 5117 909 5158 et
928 5108 1164 5161 cinerem
1182 5122 1341 5175 super
1352 5108 1891 5176 ciliciuuispargeret,
1909 5116 1963 5162 et
1978 5108 2047 5161 ita

483 5178 738 5231 dormiret
772 5189 940 5243 usque
965 5178 1028 5228 ad
1056 5179 1319 5231 decimum
1348 5179 1510 5231 diem.
1541 5196 1561 5229 ι
1588 5178 1823 5245 Denique
1845 5179 1912 5231 ita
1930 5193 2051 5232 con-

484 5250 652 5302 cludit
699 5247 982 5317 Magister:
1015 5266 1035 5297 ι
1070 5250 1132 5301 Et
1182 5248 1281 5301 hoc
1327 5249 1485 5301 debet
1530 5250 1694 5302 frater
1724 5250 1948 5309 moneri,
1993 5261 2051 5302 ut

484 5334 606 5372 cum
633 5327 880 5385 cogitatio
906 5318 1078 5386 aliqua
1108 5318 1157 5373 ei
1191 5320 1485 5383 advenerit,
1515 5334 1634 5372 mox
1676 5319 1794 5373 fixis
1831 5321 1883 5372 in
1908 5328 2050 5373 terra

484 5405 607 5444 cum
639 5390 846 5442 cervice
877 5392 1120 5458 genibus,
1148 5390 1231 5443 vel
1269 5390 1423 5457 signo
1447 5392 1619 5443 crucis
1659 5393 1710 5443 in
1744 5392 1918 5443 fronte
1957 5390 2052 5444 de-

488 5465 651 5528 picto,
682 5460 920 5513 debetad
939 5460 1216 5513 Dominum
1240 5462 1545 5526 convolare,
1577 5472 1630 5513 ut
1660 5461 1904 5530 dignetur
1924 5475 2049 5516 suos

487 5532 682 5586 milites
708 5546 737 5582 a
758 5531 970 5583 diabolo
994 5531 1337 5585 defenderea
1360 5531 1614 5585 Solebant
1633 5543 1841 5586 veteres
1865 5546 2049 5585 mona-

488 5603 574 5656 chi
603 5606 753 5671 signo
780 5604 952 5654 crucis
983 5602 1201 5655 ιεειιιιειη
1232 5601 1426 5655 diaboli
1457 5602 1737 5671 dissipare,
1765 5615 1820 5656 ut
1849 5604 2044 5671 passim

483 5673 716 5727 oecurrit
743 5673 795 5725 in
824 5687 1011 5726 eorum
1034 5682 1187 5727 actis.
1204 5673 1294 5727 His
1315 5675 1561 5728 omnibus
1588 5672 2045 5745 addendutnquod

2076 4582 2127 4642 1)

2231 3269 2413 3322 νιιίιτνε
2438 3262 2565 3337 ergo
2596 3268 2951 3321 attenilitnrin
2984 3268 3126 3321 omni
3151 3268 3266 3320 utili
3292 3282 3389 3321 seu
3420 3262 3707 3337 necessario

2152 3356 2270 3407 usu,
2313 3340 2443 3401 sive,
2478 3349 2535 3392 ut
2564 3340 2869 3393 diStinctius
2900 3339 3131 3406 laquitur
3158 3338 3515 3402 Hildeinarns,
3558 3356 3573 3383 i
3598 3336 3704 3387 atti-

2151 3422 2240 3466 net
2296 3410 2362 3463 ad
2412 3410 2622 3474 cibum,
2684 3409 2765 3463 vel
2816 3420 3033 3478 potum,
3085 3419 3139 3463 et
3185 3408 3467 3469 vestitum,
3518 3407 3707 3461 Calcea-

2151 3493 2409 3544 meiitnin,
2462 3482 2525 3535 ad
2576 3482 2789 3544 lectum,
2832 3481 2917 3535 vel
2965 3479 3123 3533 etiam
3177 3481 3241 3532 ad
3284 3479 3702 3531 liatiitatitiiieiii.i

2150 3552 2249 3608 Ubi
2299 3553 2554 3605 vilitatem
2612 3552 2675 3603 ad
2729 3553 2824 3603 tria
2879 3552 3209 3619 potissimum
3263 3551 3499 3617 redigit:
3532 3549 3591 3601 ad
3640 3545 3706 3599 vi-

2146 3634 2311 3683 etum.
2364 3623 2427 3675 ad
2474 3624 2740 3681 Vt‘Slllilm,
2794 3621 2859 3675 ad
2904 3622 3330 3683 ti.iliitatiotteiti;
3389 3620 3707 3691 223cm:

2148 3695 2343 3764 passim
2376 3694 2656 3746 laudantur
2675 3693 2811 3764 apud
2841 3704 3087 3764 auctores
3118 3689 3505 3764 :iseeticns.‘lte
3529 3689 3709 3764 vilitate

2149 3760 2201 3819 in
2226 3766 2364 3819 victu
2396 3766 2630 3817 dcemus
2655 3762 2786 3815 infra
2815 3763 2880 3816 ad
2908 3773 3067 3831 caput
3096 3764 3163 3815 33
3182 3772 3273 3815 aut
3294 3760 3385 3825 δυ,
3428 3762 3496 3815 de
3523 3760 3709 3831 vilitate

2152 3837 2201 3889 in
2238 3836 2426 3889 vestitu
2452 3836 2515 3887 ad
2539 3851 2656 3898 cap.
2692 3832 2791 3897 55;
2840 3844 2895 3888 et
2933 3827 3141 3886 interim
3198 3833 3397 3886 videsis
3457 3831 3513 3886 S.
3562 3827 3705 3897 Grcg.

2150 3907 2335 3961 h0nil.
2368 3906 2435 3959 40
2464 3908 2512 3958 in
2540 3905 2903 3974 Evangeliutn,
2936 3914 2988 3958 et
3025 3909 3080 3957 δ.
3145 3904 3470 3958 Bernardum
3526 3898 3708 3974 honi.4

2149 3993 2310 4045 super
2342 3976 2525 4030 Missus
2546 3984 2637 4037 est,
2664 3972 2715 4027 ιι.
2750 3978 2834 4027 tt).
2867 3974 2940 4028 De
2980 3976 3180 4028 vilitate
3236 3972 3575 4027 habitationis
3608 3983 3708 4045 non

2149 4041 2265 4101 sine
2294 4062 2484 4116 magno
2511 4049 2669 4099 animi
2701 4046 2883 4100 dolore
2914 4048 3000 4099 hic
3021 4048 3202 4099 dicere
3234 4060 3419 4113 cogor,
3478 4041 3708 4116 conside-

2150 4134 2275 4171 raus
2296 4114 2453 4187 quam
2478 4117 2657 4184 procul
2690 4117 2859 4170 dissiti
2914 4131 3096 4169 sumus
3145 4117 3211 4187 ab
3268 4116 3348 4187 his
3394 4114 3710 4183 temporibus

2149 4185 2340 4257 qnibu;
2368 4204 2472 4243 non
2499 4188 2631 4240 alias
2654 4188 2895 4240 monachi
2921 4188 3108 4240 domos
3132 4185 3499 4239 inhabitabtnt
3525 4191 3711 4257 _p_r;ctt-r

2152 4252 2240 4310 tias
2271 4273 2402 4328 quas
2428 4259 2656 4328 pr0priis
2707 4258 2807 4311 sibi
2858 4260 3102 4311 manibus
3149 4267 3463 4324 paraverant
3513 4252 3709 4325 (Ruﬁn.

2150 4330 2239 4383 tib.
2280 4327 2314 4382 ιι
2347 4333 2408 4383 de
2431 4327 2589 4383 ’Vitis
2615 4328 2732 4381 Pat.
2758 4344 2806 4383 c.
2836 4328 2950 4397 25).
2979 4344 3175 4395 easque
3202 4327 3281 4380 vel
3331 4343 3438 4380 uno
3485 4329 3571 4397 die
3597 4339 3710 4397 coii-

2149 4413 2411 4464 Structus;
2436 4400 2712 4454 attendens
2743 4399 2805 4451 ad
2827 4394 2998 4468 magni
3029 4408 3108 4452 tot
3134 4400 3513 4451 monachorum
3531 4394 3707 4468 Patris,

2150 4482 2316 4525 saurti
2348 4472 2551 4526 scilicet
2577 4470 2810 4542 Martini,
2842 4467 3166 4542 eseinplum,
3198 4471 3310 4536 qui,
3342 4469 3603 4542 referente
3623 4467 3707 4542 Se-

2151 4556 2279 4596 vero
2307 4542 2540 4612 Su'picio
2568 4540 2706 4612 (Lib.
2736 4557 2749 4593 ι
2779 4543 2840 4594 de
2873 4538 2972 4612 νὴ.
3000 4536 3060 4595 S.
3094 4538 3251 4593 Mart.
3278 4554 3315 4605 ι,
3336 4541 3541 4612 ιὶρδιξΔ
3562 4552 3622 4591 ex
3658 4536 3709 4586 lic

2150 4615 2268 4679 guis
2287 4609 2589 4666 contextam
2609 4611 2856 4666 cellulam
2892 4611 3136 4683 habebat,
3162 4622 3215 4664 et
3242 4611 3391 4662 inulti
3420 4609 3628 4683 quidem
3651 4619 3710 4683 et

2150 4677 2401 4740 fratribus
2430 4685 2480 4737 in
2504 4684 2747 4738 eumdem
2778 4683 3014 4745 modum,
3036 4682 3273 4750 plerique
3296 4696 3424 4733 saxo
3438 4677 3709 4747 superjecti

2154 4759 2350 4826 niontis
2380 4766 2566 4826 cavato
2589 4755 2920 4826 receptacula
2969 4754 3069 4826 sibi
3112 4751 3388 4826 (fecerant;
3431 4756 3710 4826 i_recoteus

2152 4824 2335 4880 felices
2364 4827 2481 4879 illos
2509 4825 2623 4880 dies
2650 4824 2841 4893 quibus
2871 4822 2928 4877 S.
2964 4824 3207 4877 Ebrull‘us
3246 4825 3409 4878 abbas
3462 4820 3710 4893 Uticensis

2149 4912 2253 4951 una
2282 4912 2402 4950 cum
2433 4898 2591 4951 sociis
2617 4887 2708 4966 (I'n
2729 4896 2838 4965 ejus
2891 4893 3030 4959 Vita,
3079 4911 3133 4947 ιι.
3183 4895 3239 4961 8,
3288 4908 3403 4947 κατε.
3453 4887 3711 4966 ι-Βεηεα.)

2156 4985 2175 5017 ι
2208 4982 2400 5022 nomen
2450 4964 2653 5020 Domini
2682 4964 3009 5030 invocantes,
3042 4979 3134 5033 pro
3162 4967 3458 5034 quantitate
3488 4964 3711 5016 habitan-

2157 5038 2372 5110 tiutn‘dt:
2398 5038 2638 5105 virgultis
2654 5048 2707 5091 et
2736 5034 3009 5110 frondibus
3032 5047 3383 5110 constrinxere
3436 5034 3712 5110 tugurium,

2158 5108 2300 5176 quod
2329 5110 2565 5163 claustro
2597 5110 2812 5176 parvqu
2840 5109 3076 5177 ejusdem
3129 5105 3365 5177 materia:
3411 5105 3713 5177 circumcin-

2154 5174 2359 5246 gentes,
2394 5174 2703 5233 manserunt
2729 5178 2835 5241 ibi;
2870 5174 2887 5228 Β
2920 5180 3113 5245 quibus
3139 5176 3196 5230 S.
3230 5177 3537 5245 Sigirannus
3562 5174 3713 5246 abbas

2156 5243 2564 5315 Longoreteusis
2598 5248 2684 5319 (lii
2708 5251 2816 5319 ejus
2846 5243 2985 5309 Vita,
3020 5248 3180 5319 mil),
3204 5243 3325 5299 sita.
3357 5248 3415 5315 tt)
3451 5243 3712 5319 parvulum

2156 5336 2220 5374 ex
2254 5321 2408 5391 lignis
2440 5317 2794 5374 habitaculum
2818 5319 3109 5373 aediﬁcasse
3139 5317 3581 5391 legitur;_quibus
3629 5327 3714 5391 tio-

2156 5392 2250 5443 siri
2280 5390 2649 5445 lt'loriaceuses
2701 5398 2841 5445 tecta
2885 5391 3187 5443 monas-erii
3229 5388 3419 5456 stipula
3448 5388 3714 5452 cooperie-

2159 5461 2308 5515 bant.
2331 5463 2434 5516 Sed
2464 5479 2498 5515 ο
2524 5463 2793 5527 tempora!
2826 5476 2859 5513 o
2897 5462 3099 5513 mores!
3131 5460 3249 5528 quis
3275 5460 3381 5525 jam
3398 5458 3567 5525 aliqua
3592 5468 3712 5505 anit-

2157 5535 2420 5586 nullorum
2443 5535 2882 5585 mutiasterinrum
2903 5532 3122 5583 :edilicia
3148 5540 3425 5593 contuens,
3456 5541 3516 5581 ea
3543 5539 3712 5578 mona-

2156 5604 2405 5666 chorum,
2432 5600 2533 5673 hoc
2554 5613 2636 5655 est
2659 5617 2965 5670 pauperum,
2991 5600 3166 5654 stet-ull
3194 5603 3509 5653 vanitatibus
3529 5610 3711 5673 renuo:

2158 5663 2400 5728 tiautiuttt
2413 5663 2709 5729 habitacula
2724 5663 2981 5738 crederet,
2998 5682 3051 5725 et
3067 5687 3168 5723 uoti
3189 5686 3354 5739 princ.
3368 5686 3483 5729 υιιιη
3503 5663 3710 5739 palatia?

570 5852 605 5887 "‘
639 5854 753 5909 Non
793 5861 932 5914 enim
970 5862 1068 5921 ipsi
1102 5878 1197 5923 prr
1222 5878 1277 5918 te
1328 5864 1418 5918 sed
1454 5862 1813 5920 inciliantibus
1846 5861 2144 5924 nrirpositis
2179 5860 2377 5914 malum
2418 5855 2704 5917 coxitallltlt
2747 5848 2922 5905 abltétli
2961 5848 3276 5913 ltmtit'lt‘tlllo
