3952 6182
490 370 491 375 η
506 320 608 376 ’5ε9

1848 317 1907 371 S.
1949 317 2008 373 Ρ.
2043 315 2391 372 BENENCTI

3626 319 3729 378 ωό

514 434 831 502 novissimus
854 430 1058 496 sedeas,
1092 440 1245 497 teque
1273 432 1464 485 nemini
1492 448 1593 484 non
1625 431 1744 483 dico
1777 446 2074 498 prmpouas,
2107 437 2148 490 Α
2181 439 2273 502 est;
2315 447 2489 484 rerum
2538 433 2774 487 umbram
2822 449 2996 502 sequi,
3032 432 3169 488 aliud
3208 435 3503 488 verita'em.
3566 435 3729 489 Multo

515 507 603 559 sed
629 500 724 557 nec
744 516 1051 563 comparare
1084 517 1390 568 praisumas.
1436 522 1452 552 i

584 575 715 627 Tres
762 572 891 625 alias
942 572 1174 626 rationes
1224 572 1369 626 addit
1420 573 1730 626 Benedictus
1782 572 2068 624 Ilaeftenus

517 644 652 714 (Lib.
681 660 751 706 vt,
774 651 930 714 tract.
958 640 1010 707 6,
1044 640 1175 714 disq.
1206 642 1286 712 5),
1324 644 1393 714 ob
1432 658 1564 711 quas
1594 643 1675 695 vel
1722 641 2071 714 sceleratissi-

502 711 616 769 tnis
647 726 742 767 nos
770 711 1042 765 inferiores
1065 711 1301 780 judicare
1330 712 1609 776 debemus,
1642 728 1706 766 ex
1738 713 1926 779 quibus
1958 712 2068 776 pri-

520 798 603 837 ma
652 783 908 848 repetitur
956 797 1020 835 ex
1068 784 1251 851 gratiis
1277 794 1331 837 et
1364 784 1631 835 heneticiis
1662 783 1812 836 nobis
1839 781 2065 844 collatis,

505 853 703 919 quibus
724 851 765 905 si
792 851 1160 906 alterdonatus
1175 852 1378 917 fuisset,
1395 853 1545 922 longe
1561 854 1714 922 231
1732 853 1965 905 sanctior
1979 869 2070 903 uo-

519 924 601 978 bis
623 922 910 986 evasisset;
936 938 1031 975 nos
1066 936 1195 976 vero
1220 923 1309 976 illo
1331 925 1497 976 multo
1527 938 1751 989 ρεμπθε.
1783 923 1826 976 si
1860 922 2066 985 iisdem,

517 994 710 1062 quibus
755 992 842 1046 ille
876 992 1055 1045 at'llicti
1087 991 1369 1046 fuissemus
1401 992 1794 1046 tentationibns.
1825 991 2068 1062 Secunda

518 1061 587 1118 ex
619 1062 1043 1117 consideratione
1072 1077 1397 1117 summorum
1429 1071 1589 1131 atque
1618 1063 1811 1116 virtute
1838 1061 2071 1116 clarissi-

506 1148 727 1187 morum
760 1134 991 1186 virorum
1027 1149 1038 1183 :
1073 1132 1118 1185 si
1149 1133 1314 1197 enim,
1341 1134 1587 1202 sepositis
1618 1133 1876 1185 malorum
1907 1132 2069 1197 vitiis,

504 1203 749 1273 insignes
778 1202 1141 1273 tantummodo
1172 1204 1425 1257 bonorum
1456 1204 1676 1257 virtutes
1710 1202 2067 1265 attendamus,

556 1272 714 1327 uanto
736 1288 830 1327 nos
855 1272 1069 1343 pietatis
1081 1282 1332 1340 superant
1352 1274 1648 1332 intervallo,
1674 1281 1901 1343 quotque
1919 1274 2070 1325 nobis

504 1341 691 1398 desint
718 1341 961 1406 virtutes,
984 1341 1093 1411 jam
1119 1358 1219 1396 non
1248 1345 1359 1397 ausi
1388 1344 1571 1397 oculos
1600 1344 1797 1406 levare,
1820 1341 2070 1396 omnibus

519 1428 617 1467 nos
666 1411 945 1467 inferiores
986 1413 1139 1467 facile
1173 1412 1548 1481 iudicabimus.
1586 1414 1692 1467 llac
1735 1412 2067 1481 potissimum

518 1485 723 1537 ratione
776 1482 963 1537 Petrus
1008 1481 1339 1538 Venerabilis
1367 1483 1659 1538 Gilbertum
1702 1486 1974 1537 eremitam
2003 1483 2068 1534 ad

519 1553 867 1607 humilitatem
894 1552 1134 1607 hortatur
1160 1553 1212 1607 in
1245 1552 1280 1609 Ι.
1310 1570 1345 1613 t.
1371 1554 1525 1622 epist.
1555 1553 1644 1610 20.
1668 1553 1843 1607 Tertia
1868 1567 1933 1607 ex
1950 1552 2071 1615 red-

506 1622 686 1677 denda
716 1639 812 1693 pro
839 1622 1069 1691 acceptis
1100 1623 1369 1677 beneﬁciis
1395 1623 1599 1677 ratione
1625 1641 1636 1675 :
1662 1622 1786 1677 dum
1808 1623 1949 1678 enim
1976 1638 2072 1675 au-

508 1703 707 1763 gentur
751 1692 913 1757 dona,
947 1694 1175 1748 rationes
1214 1696 1371 1747 etiam
1402 1702 1648 1748 crescunt
1689 1692 1971 1747 donorum.
2015 1694 2067 1746 Si

518 1778 645 1830 ergo
670 1764 1065 1818 consideremus
1092 1774 1285 1830 quanta
1329 1778 1421 1831 pro
1458 1765 1689 1830 acceptis
1714 1778 1742 1816 a
1778 1763 1884 1816 Deo
1908 1763 2069 1818 bene-

2180 500 2468 573 deformior
2495 513 2576 555 est
2605 506 2867 570 superbia,
2898 500 3013 573 quae
3062 507 3161 557 sub
3197 506 3512 573 quibusdam
3558 505 3729 557 luunt-

2177 570 2336 622 litatis
2368 572 2543 643 signis
2592 576 2746 637 latet;
2801 570 2977 628 nescio
3008 577 3151 628 enim
3201 570 3464 643 quomodo
3496 581 3724 637 turpiora

2173 650 2298 711 sunt
2330 642 2452 694 vitia
2479 682 2495 707 ,
2550 658 2667 696 cum
2705 654 2953 698 virtutum
3007 645 3184 711 Specie
3222 642 3489 700 icelautut.
3522 664 3539 696 ο
3597 643 3728 699 Vide

2172 710 2231 763 S.
2266 709 2481 764 Doruth.
2513 712 2808 767 doctrinam
2840 713 2893 767 Ξ.

2170 848 2221 903 d.
2245 778 2294 831 Η
2302 782 2537 904 αέιιὶιιίαηδ
2562 781 2657 854 se.]
2680 784 2794 837 Non
2824 786 2993 838 solum
3018 784 3216 854 lingua,
3239 783 3335 839 sed
3365 785 3583 854 insuper
3608 798 3727 840 eor-

2212 865 2253 901 ts
2284 866 2309 901 a
2355 868 2413 903 ec
2441 868 2491 904 u.

2212 865 2253 901 IS
2284 862 2491 905 attectu.

2245 917 2309 971 Et
2338 922 2507 995 dicens
2530 939 2642 976 cum
2678 931 2920 993 propheta
2947 937 2965 975 :
2999 922 3107 991 Ego
3146 932 3314 995 autem
3343 939 3453 977 sum
3500 924 3725 995 κακίω]

2171 988 2321 1044 Sicut
2340 992 2479 1044 enim
2497 988 2741 1047 omnibus
2758 988 2911 1049 vzlior
2926 988 3242 1053 animalibus
3269 997 3483 1055 vermis.
3505 988 3725 1049 nascens

2171 1073 2234 1112 ex
2260 1062 2557 1135 putredine.
2590 1072 2644 1119 et
2668 1066 2719 1117 in
2746 1067 3042 1133 putredine,
3073 1066 3190 1135 sine
3213 1065 3435 1135 strepitu
3463 1066 3719 1134 graditur,

2170 1139 2223 1200 et
2254 1131 2612 1200 vilipenditnr,
2643 1143 2695 1187 et
2725 1131 3098 1198 conculcatur;
3131 1134 3207 1188 sic
3244 1131 3341 1200 ego
3382 1131 3619 1189 omnium
3650 1137 3725 1191 vi-

2171 1199 2425 1273 lissimus,
2458 1219 2522 1255 ex
2560 1199 2778 1272 peccato
2806 1216 2856 1259 et
2882 1208 2932 1259 in
2962 1214 3179 1273 peccato
3204 1199 3379 1267 natus,
3410 1220 3473 1259 ex
3510 1215 3725 1273 peccato

2172 1279 2225 1321 et
2248 1270 2301 1324 in
2330 1270 2777 1340 peccato‘vivens,
2818 1277 2885 1330 ab
2918 1270 3165 1329 omnibus
3199 1278 3470 1330 Contemni
3511 1270 3568 1330 et
3595 1291 3726 1330 con-

2171 1340 2368 1394 culcari
2397 1342 2666 1398 desidero.

2244 1409 2309 1484 Et
2341 1427 2439 1464 non
2470 1412 2666 1484 homo.]
2715 1414 2843 1479 Quis
2864 1412 3004 1468 enim
3055 1413 3322 1468 hominem
3358 1413 3548 1471 dixerit
3574 1430 3719 1479 eum,

2172 1481 2259 1540 qui
2291 1492 2367 1535 tot
2394 1496 2450 1535 se
2479 1481 2710 1548 peccaiis
2738 1485 3132 1540 commaculans
3158 1485 3364 1539 ratione
3394 1500 3453 1539 se
3486 1487 3722 1541 caruism

2169 1550 2546 1606 demoostrat?

2244 1621 2579 1692 Opprobrium
2616 1621 2917 1694 hominum]
2950 1622 3139 1690 Ulpote
3180 1632 3324 1678 totus
3350 1640 3416 1679 ex
3475 1635 3718 1693 peccatu,

2172 1699 2312 1744 totus
2342 1707 2392 1744 in
2424 1703 2639 1759 peccato
2687 1692 2775 1747 Vel
2804 1692 3141 1762 opprobrium
3197 1692 3491 1759 hominum,
3546 1696 3598 1750 id
3639 1712 3721 1750 e-t

2172 1764 2294 1828 quia
2318 1762 2511 1817 vermis
2532 1779 2646 1817 sum
2669 1774 2720 1818 et
2746 1778 2847 1816 non
2880 1766 3058 1825 homo,
3083 1767 3425 1833 opprobrium
3450 1765 3719 1819 hominum

508 1811 655 1902 ait;
674 1811 1294 1902 ἱὲβὲὶέᾶέιῖὲὦιέᾇῆίίιῖ,
1313 1811 1376 1887 c'i'
1394 1811 1742 1902 ἷιιιὲἶιῖεἰῦοξ
1774 1811 2068 1888 ἔέὲσὶξῖᾶἷὲ-
2103 1811 2145 1870 Β
2175 1811 2295 1885 ἑςέέ
2329 1811 2646 1899 ἰῖιῇἰόᾖῆ
2672 1811 3425 1901 ἱὶήξέὶίό’ρἰεἰὶίὲἷὲἔῶἑὶῖἓῗ
3446 1811 3720 1896 natiiis;

512 1897 825 1972 pendamus,
859 1904 1123 1973 quomodo
1167 1919 1262 1957 nos
1287 1905 1367 1958 vel
1402 1897 1638 1957 omnium
1685 1903 1932 1958 minimos
1962 1918 2063 1957 non

516 1973 973 2028 existimabimus?

590 2043 679 2097 His
696 2044 762 2097 de
788 2045 884 2095 hoc
915 2042 1138 2107 st'ptimo
1166 2042 1483 2097 humilitatis
1508 2042 1672 2112 gradu
1705 2043 1835 2097 satis
1860 2043 2071 2112 prolixe

508 2116 775 2179 tractatis,
810 2114 873 2166 ad
895 2114 1024 2166 alios
1044 2114 1238 2181 gradus
1263 2115 1481 2182 gradum
1504 2116 1805 2168 accelerare
1832 2116 2068 2175 deceret,

518 2184 571 2237 ni
599 2183 817 2251 gradum
842 2183 926 2236 hic
955 2183 1143 2236 sisteie
1176 2186 1423 2236 nounulta
1467 2193 1739 2252 cogerent,
1770 2199 1887 2252 qua:
1923 2184 2065 2237 circa

518 2255 575 2307 S.
610 2254 821 2322 Regulae
849 2265 1048 2307 textum
1073 2264 1355 2320 supersunt
1381 2254 1753 2315 expendenda.
1781 2254 1893 2306 Non
1924 2255 2063 2306 enini

516 2324 672 2392 simpl
697 2324 831 2377 citer
852 2323 999 2385 dicit,
1032 2334 1085 2375 tit
1113 2340 1165 2376 se
1194 2325 1425 2376 omnibus
1461 2325 1751 2393 inferiorem
1778 2335 1822 2376 et
1849 2326 2067 2376 viliorem

523 2394 846 2462 pronuntiet;
886 2395 977 2446 sed
1001 2402 1056 2446 ut
1104 2393 1150 2444 id
1194 2394 1499 2461 insuperita
1541 2409 1659 2446 esse
1690 2395 1906 2453 credat;
1946 2395 2065 2459 quia

518 2464 712 2517 multus
743 2465 922 2518 videas
972 2463 1058 2528 qui
1106 2478 1165 2517 se
1196 2467 1428 2516 Omnium
1482 2473 1781 2531 peccatores
1811 2464 2068 2516 maximos

518 2533 825 2601 praedicant,
871 2534 935 2586 ad
980 2533 1241 2586 infernum
1273 2549 1438 2602 usque
1468 2535 1768 2599 deprimunt
1796 2551 1809 2598 ;
1841 2548 1974 2601 quos
2018 2536 2063 2585 si

518 2608 595 2656 vel
620 2604 836 2657 minimo
864 2606 1096 2674 tetigeris
1126 2604 1307 2666 verbo,
1343 2605 1787 2658 excandescentes
1823 2605 2063 2670 injuriam

516 2675 617 2744 sibi
642 2674 1194 2744 tifericonqueruutur;
1217 2689 1348 2741 quos
1377 2691 1476 2727 noti
1507 2684 1610 2727 tam
1643 2680 1764 2726 hum
1791 2675 1885 2733 les.
1910 2690 2063 2744 quam

516 2743 826 2797 humilitatis
857 2744 1027 2797 larvas
1058 2743 1277 2796 dixeris.
1310 2744 1454 2796 Talis
1483 2754 1597 2798 crat
1648 2743 1938 2798 monachus
1975 2745 2065 2799 ille

516 2814 651 2881 apud
690 2816 1000 2866 Cassianum
1046 2812 1258 2880 (Collot.
1293 2814 1378 2875 18.
1410 2831 1524 2878 cap.
1580 2816 1689 2880 tl),
1726 2816 1813 2882 qtti
1846 2829 1963 2866 cmn
2007 2830 2063 2870 se

514 2883 797 2950 plurimum
834 2884 1012 2937 verbis
1036 2883 1406 2951 (inpressisset,
1434 2886 1504 2937 ita
1529 2893 1582 2936 tit
1611 2898 1707 2938 nec
1728 2899 2059 2939 communem

515 2953 717 3023 spirare
764 2968 940 3007 aerem
973 2953 1188 3019 dignum
1243 2968 1300 3007 se
1346 2954 1634 3017 clamaret;
1684 2954 1983 3007 admonitus
2029 2971 2059 3009 a

513 3022 805 3092 Serapione
835 3038 900 3077 ne
926 3032 1205 3090 vagaretur
1225 3024 1449 3085 otitvsus,
1494 3025 1585 3076 sed
1634 3024 1683 3076 in
1733 3025 1861 3077 cella
1887 3026 2059 3078 consi-

513 3102 696 3155 steret,
728 3092 867 3148 ferre
896 3094 1030 3145 haud
1057 3094 1244 3161 potuit,
1278 3108 1373 3147 nec
1414 3094 1749 3148 dis~inmlare
1792 3094 2052 3148 dolorem.

2176 1917 2330 1969 quem
2361 1917 2479 1955 cum
2511 1903 2836 1971 Theophilus
2858 1905 3139 1972 episcopus
3167 1919 3267 1958 una
3292 1920 3411 1959 eum
3436 1905 3615 1974 judice
3639 1909 3722 1960 iu—

2176 1983 2266 2023 terv
2284 1986 2513 2034 mutsset,
2537 1990 2832 2028 sermonem
2854 1974 2919 2027 ab
2940 1991 3002 2028 eo
3025 1975 3206 2030 audire
3234 1976 3451 2041 cupiens
3472 2018 3487 2042 ,
3523 1978 3715 2042 paulis-

2174 2056 2206 2109 p
2228 2059 2266 2095 -r
2290 2045 2474 2107 tacuit;
2509 2044 2719 2115 deinde,
2745 2045 2789 2098 si
2810 2043 3023 2115 dixero,
3056 2045 3188 2106 iniit,
3213 2049 3561 2101 custodietis?
3583 2048 3721 2115 quod

2171 2127 2288 2185 cum
2319 2114 2766 2181 spopondissem:
2804 2112 3115 2185 Ubicunque,
3166 2118 3260 2175 ait.
3314 2118 3526 2171 audietis
3574 2112 3723 2173 Arse-

2172 2184 2329 2253 ut'utn,
2362 2185 2513 2236 nolite
2541 2186 2964 2253 approtzinquare.

2244 2251 2507 2307 Erattutus
2530 2251 2686 2324 suun]
2719 2257 2933 2309 Scilicet
2957 2257 3007 2309 in
3039 2255 3233 2308 srcculo
3304 2256 3394 2310 tibi
3432 2256 3721 2311 honoratus

2171 2322 2297 2383 vixi,
2324 2327 2395 2376 uti
2428 2322 2699 2391 exponunt
2755 2326 3088 2379 tlildemarus
3117 2336 3169 2379 et
3211 2326 3509 2380 Bernardus
3550 2325 3722 2382 Cassi-

2172 2395 2367 2468 llﬂlt>i$_.
2406 2394 2515 2455 Vel,
2555 2408 2610 2449 ut
2639 2395 3090 2468 ilicitliicbardus
3117 2396 3183 2449 de
3206 2396 3261 2450 S.
3289 2397 3517 2468 Augelo,
3552 2398 3722 2452 Exaln

2171 2474 2305 2513 tatus
2338 2465 2389 2515 in
2420 2468 2684 2528 superbia:
2717 2465 2792 2518 vel
2812 2467 2863 2518 in
2885 2466 3136 2531 baptismo
3165 2465 3724 2535 recepta'peccatorum

2167 2548 2478 2586 τεηιιδδιοηε.

2241 2603 2302 2654 Et
2326 2606 2621 2679 humiliatus
2649 2617 2694 2657 et
2727 2605 3013 2679 confusum]
3033 2605 3253 2679 Cognita
3287 2608 3485 2662 vilitate
3508 2614 3723 2679 projiria

2166 2682 2218 2724 et
2245 2678 2491 2743 peccatis,
2522 2691 2636 2742 qua:
2664 2685 2844 2743 postea
2876 2678 3036 2729 miser
3064 2678 3328 2731 commisi.

2238 2741 2303 2795 El
2341 2753 2458 2796 item
2484 2741 2675 2814 bonum
2690 2746 2809 2800 mihi
2830 2748 2947 2814 quia
2992 2748 3274 2801 ltumiliastt
3302 2764 3399 2810 me,
3445 2759 3499 2801 ut
3532 2749 3727 2802 discam

2163 2815 2404 2887 mandata
2436 2812 2569 2884 tua.)
2611 2816 2714 2870 Sed
2745 2812 2868 2872 licet
2901 2818 3208 2871 huunliatns
3230 2819 3525 2872 contundar
3548 2859 3566 2881 ,
3596 2836 3722 2887 gra-

2166 2885 2262 2958 tias
2287 2886 2377 2958 tibi
2403 2895 2601 2958 tamen,
2624 2902 2655 2940 o
2683 2887 2817 2942 bone
2842 2887 2991 2951 Jesu,
3016 2888 3135 2956 quia
3165 2904 3283 2941 cum
3312 2885 3724 2958 mehumitiasti,

2161 2952 2319 3007 didici
2350 2956 2591 3009 mandata
2623 2966 2731 3025 tua,
2758 2974 2875 3026 qua:
2901 2952 3226 3014 olim-elatus
3251 2964 3589 3028 speruebam.

2535 3065 2608 3119 De
2638 3077 2810 3121 octavo
2836 3069 3136 3122 humilitatis
3158 3070 3337 3139 gradu.

514 3164 669 3217 Notat
699 3180 854 3232 porro
885 3164 941 3218 S.
977 3155 1277 3216 Bernardus
1304 3164 1495 3233 (Surm.
1536 3167 1617 3227 id,
1645 3165 1698 3217 in
1720 3163 1893 3233 Cant.)
1927 3166 2057 3220 alios
2089 3166 2132 3227 C
2203 3226 2214 3233 _
2236 3155 2452 3233 “CMF!!!
2482 3158 2777 3233 Ιιιιηιίιίιαιὶε
2803 3161 2992 3233 gradus
3017 3170 3117 3233 est,
3141 3161 3183 3213 εἰ
3208 3160 3337 3213 hihi!
3373 3170 3501 3233 agat
3540 3179 3724 3216 mona-

513 3250 654 3303 esse,
684 3234 1052 3305 quijactanter
1083 3244 1137 3287 et
1167 3234 1503 3302 impudenter
1528 3238 1655 3287 vitia
1701 3247 1753 3288 et
1787 3235 2059 3289 malefacta

513 3303 857 3369 confitentur;
889 3303 1023 3357 alios
1061 3307 1148 3370 qui
1196 3307 1376 3358 dolose
1405 3315 1457 3358 et
1486 3307 1631 3373 quasi
1668 3304 1972 3371 pmnitemto
1999 3322 2059 3360 ea

513 3386 969 3438 commemorant;
1018 3373 1111 3427 sed
1157 3375 1374 3442 gloriam
1412 3375 1705 3429 intentione
1755 3386 2058 3445 captantes;

512 3447 647 3500 alios
676 3446 902 3513 denique
953 3447 1039 3513 qui
1073 3459 1176 3498 non
1228 3449 1348 3511 quia
1389 3455 1513 3498 sunt
1558 3445 1817 3511 hUlltlle",
1865 3446 1957 3499 sed
2008 3458 2063 3500 ot

513 3516 737 3570 humiles
764 3525 1047 3584 appareant
1088 3530 1181 3567 sua
1204 3517 1320 3569 aliis
1359 3526 1569 3583 peccata
1599 3517 1887 3581 declarant,
1931 3531 2062 3570 unos

510 3601 694 3640 omnes
716 3585 773 3641 S.
799 3586 984 3639 doctor
1009 3587 1257 3653 reprobat
1284 3597 1337 3640 et
1362 3587 1594 3639 damnat.

582 3656 847 3711 DeindeS.
867 3657 922 3709 P.
942 3655 1255 3709 Benedictus
1274 3672 1373 3708 non
1393 3658 1563 3709 solum
1580 3655 1731 3717 dixit,
1758 3664 1810 3707 ut
1830 3655 2060 3709 omnibus

509 3727 799 3795 inferioer
839 3735 886 3779 et
913 3726 1140 3779 viliorem
1185 3742 1237 3779 se
1259 3728 1445 3787 credat,
1475 3727 1568 3780 sed
1607 3727 1809 3792 intimo,
1867 3727 2058 3793 inquit,

508 3799 672 3850 cordis
702 3797 870 3851 credat
899 3796 1106 3864 affectu,
1140 3798 1239 3850 hoc.
1265 3807 1347 3851 est
1374 3799 1529 3850 talem
1560 3812 1618 3850 se
1646 3797 1769 3850 foris
1788 3797 2057 3859 exhibeat,

506 3868 714 3937 qualem
746 3882 803 3921 se
831 3869 969 3920 intus
997 3867 1265 3920 existimat
1288 3908 1302 3928 ,
1333 3868 1489 3921 talem
1522 3882 1581 3920 se
1608 3869 1674 3918 ab
1703 3867 1819 3919 aliis
1847 3870 2056 3922 ttactari

504 3938 751 4005 gaudeat,
782 3938 989 4006 qualem
1015 3939 1126 4005 ipse
1143 3953 1200 3991 se
1220 3940 1498 4004 praedicat:
1523 3938 1635 3990 haec
1661 3937 1803 3989 enim
1834 3946 1915 3991 est
1935 3953 2059 3992 vera

505 4007 682 4060 cordis
711 4009 999 4075 humilitas,
1029 4022 1182 4075 quam
1214 4008 1347 4061 adeo
1374 4007 1764 4061 commendavit
1792 4006 2059 4071 Christus,

503 4091 623 4129 cum
670 4076 845 4129 dixit:
891 4074 1135 4129 Discitea
1166 4094 1239 4129 me
1266 4078 1381 4141 quia
1428 4078 1561 4129 mitis
1610 4093 1723 4129 sum
1764 4086 1810 4128 et
1854 4078 2061 4131 humilis

504 4147 674 4199 corde.
690 4146 852 4200 Corde
873 4145 1042 4207 dixit;
1072 4162 1173 4198 non
1199 4150 1359 4200 verbo
1386 4157 1476 4200 aut
1497 4149 1702 4216 lingua;
1728 4148 1877 4199 corde
1901 4148 2056 4213 dixit,

504 4232 609 4287 non
647 4217 849 4285 judicio
874 4227 964 4269 aut
1000 4218 1327 4283 cognitione;
1361 4218 1512 4270 corde
1540 4218 1694 4280 dixit,
1727 4218 1900 4287 qualis
1942 4219 2059 4287 ipse

504 4286 620 4353 fuit,
636 4288 741 4346 cui,
762 4297 818 4341 ttt
840 4288 1069 4358 loquitur
1162 4288 1457 4341 Bernartius
1471 4288 1663 4358 (Serm.
1680 4288 1768 4353 42,
1792 4288 1843 4340 in
1860 4285 2059 4358 Carm),

502 4358 694 4425 placuit
728 4357 986 4410 minimum
1004 4358 1257 4427 reputari,
1284 4358 1373 4427 qui
1411 4357 1741 4411 sesummum
1778 4373 1879 4410 non
1910 4357 2060 4427 igno-

501 4428 666 4480 rabat.
694 4427 757 4481 Et
779 4441 907 4481 sane
928 4425 1053 4497 quid
1068 4425 1365 4497 prodest‘se
1388 4437 1718 4496 peccatorcm
1735 4425 2059 4495 pra-dicare?

500 4497 625 4564 quid
670 4498 920 4553 omnibus
945 4495 1263 4552 inferiorem
1318 4495 1394 4552 et
1420 4498 1656 4552 viliorem
1695 4513 1754 4552 se
1801 4497 2056 4554 credere?

499 4566 680 4623 Talem
710 4578 762 4622 et
794 4568 892 4638 ipsi
915 4567 1185 4638 damones
1215 4568 1413 4623 habere
1433 4577 1652 4636 possunt
1680 4568 2052 4635 humilitatem,

500 4653 657 4706 quam
690 4638 799 4707 ipsa
819 4637 1000 4692 nostri
1027 4639 1260 4706 cognitio
1290 4639 1544 4707 exigit,et
1567 4638 1763 4693 habere
1790 4652 1883 4692 nos
1914 4640 2055 4708 cogit

501 4709 717 4773 veritas,
754 4708 1103 4763 humilitatem
1135 4709 1340 4764 scilicet
1366 4710 1475 4763 oris
1504 4719 1558 4763 et
1600 4710 1920 4773 intellectus,
1949 4725 2055 4765 non

501 4777 850 4832 humilitatem
869 4779 1074 4843 cordis;
1095 4779 1443 4832 humilitatem
1471 4780 1727 4844 veritatis,
1751 4794 1853 4833 non
1880 4779 2055 4833 humi-

499 4848 699 4903 litatem
751 4849 967 4903 amoris.
1011 4848 1149 4915 Quid
1198 4851 1394 4918 igitur?
1439 4850 1613 4904 «Vera
1663 4859 1747 4903 est
1774 4850 2056 4918 humilitas

498 4920 674 4973 cordis
701 4919 997 4983 retinenda,
1028 4919 1198 4989 inquit
1223 4917 1362 4988 apud
1385 4919 1693 4974 Cassianum
1726 4917 1933 4989 (Cotlat.
1966 4921 2050 4986 18,

497 5004 546 5044 c.
576 4989 667 5061 Η)
694 4991 856 5061 abbas
877 4989 1171 5061 Piammon,
1203 5006 1324 5060 quae
1347 5005 1450 5043 non
1473 4991 1538 5042 de
1558 4990 1795 5061 affectata
1816 4991 2055 5057 corporis

497 5059 657 5129 atque
683 5059 992 5129 verborum,
1033 5060 1124 5114 sed
1152 5059 1228 5114 ex
1247 5062 1431 5115 intima
1460 5060 1654 5115 mentis
1693 5060 2056 5115 humiliatione

495 5128 790 5194 descendit,
818 5144 934 5197 quze
962 5140 1085 5185 tunc
1110 5131 1322 5184 demum
1351 5130 1763 5185 evidentissimis
1787 5130 2054 5196 patientia:

494 5200 656 5272 232
668 5214 779 5272 sua:
792 5197 1002 5268 fulgebit
1030 5200 1257 5272 indiciis,
1274 5216 1394 5272 cum
1419 5200 1537 5272 quis
1551 5216 1651 5255 non
1666 5201 1784 5272 ipse
1794 5200 1939 5272 dese
1952 5202 2053 5253 cri-

494 5269 654 5326 uilita—
654 5270 722 5324 ab
738 5271 855 5341 aliis
881 5284 986 5323 non
1007 5270 1561 5341 credendajactaverit
1584 5311 1598 5334 ,
1628 5270 1721 5325 sed
1739 5271 1806 5322 ab
1827 5269 1947 5322 aliis
1967 5286 2051 5323 ar-

493 5350 742 5412 roganter
761 5340 975 5412 ingesta,
990 5350 1045 5395 et
1065 5340 1321 5411 irrogatas
1349 5341 1566 5410 injurias
1588 5349 1857 5412 mansueta
1865 5341 2051 5412 cordis

491 5410 884 5482 aequanimitate
910 5411 1238 5482 toleraverit.
1261 5430 1279 5463 ι
1311 5412 1536 5465 'l‘alema
1570 5411 1820 5482 Caelantta
1851 5410 2049 5482 Sallie-

493 5478 748 5553 ronymus
804 5481 1147 5548 requirebat.
1199 5497 1319 5535 cum
1381 5483 1586 5536 diceret
1618 5482 1655 5553 _(
1688 5478 1855 5549 Epist.
1908 5478 2046 5553 ξομ

497 5574 516 5604 ι
538 5550 896 5607 Humilitatem
919 5566 1164 5622 sequere,
1184 5567 1287 5606 non
1303 5568 1420 5619 qua:
1445 5550 1755 5615 ostenditur,
1775 5560 1865 5603 aut
1888 5550 2050 5603 simu-

491 5626 627 5676 latur
651 5631 798 5690 gestu
822 5623 1083 5689 corporis,
1120 5631 1212 5675 aut
1238 5624 1402 5677 fracta
1433 5637 1562 5678 voce
1600 5623 1884 5675 verborum
1905 5660 1918 5681 .
1950 5622 2045 5675 sed

490 5710 609 5760 quae
641 5707 773 5760 puro
796 5690 989 5747 aﬂ‘ectu
1017 5692 1192 5746 eordis
1219 5691 1530 5759 exprimitur
1556 5710 1566 5743 :
1592 5692 1735 5745 aliud
1780 5699 1865 5746 est
1900 5691 2042 5744 enini

490 5765 738 5816 virtutem
769 5761 981 5829 habere,
1022 5762 1165 5815 aliud
1198 5764 1405 5816 \‘lfttllls
1441 5762 1866 5827 similitudinem;
1900 5761 2041 5817 aliud

2164 3226 2305 3291 chus,
2325 3228 2420 3280 nisi
2440 3228 2574 3297 quod
2595 3224 2870 3283 communis
2896 3224 3189 3284 monasterii
3213 3224 3433 3355 regula?
3462 3231 3554 3285 Hic
3576 3235 3726 3289 locus

2166 3298 2360 3350 multos
2384 3309 2555 3355 potest
2576 3300 2749 3353 sortiri
2781 3316 2987 3355 sensus.
3017 3302 3192 3354 Primo
3215 3303 3355 3355 enim
3388 3304 3405 3355 Ι
3436 3303 3725 3355 ddemarus

2166 3298 2360 3350 multos
2384 3309 2555 3365 potest
2576 3300 2749 3353 sortiri
2781 3316 2987 3355 sensus.
3017 3302 3192 3354 Primo
3215 3298 3355 3355 enim
3388 3298 3725 3359 liddemarus

2163 3367 2435 3421 contendit
2461 3370 2772 3423 vocabulum
2804 3372 3082 3424 communis
3103 3371 3167 3424 ad
3193 3374 3504 3425 vocabulum
3538 3391 3723 3428 mona-

2163 3439 2298 3490 sterii
2324 3438 2449 3492 refe:
2468 3439 2544 3503 ri;
2587 3449 2641 3494 et
2685 3456 2746 3493 ex
2780 3440 3046 3495 Bernardo
3091 3441 3394 3495 Cassiuensi
3434 3458 3723 3499 commune

2164 3509 2550 3563 monasterium
2574 3522 2655 3563 est
2678 3512 3003 3575 cmnobiuui,
3041 3512 3091 3565 in
3118 3528 3225 3580 quo
3256 3513 3449 3565 vivuur
3479 3513 3529 3565 in
3564 3531 3722 3570 com-

2166 3580 2307 3630 muni
2336 3594 2363 3630 a
2389 3580 2585 3632 mnftis.
2635 3581 2697 3634 Et
2747 3584 2822 3635 sic
2868 3581 2965 3636 hoc
2993 3597 3152 3635 sensu
3184 3593 3372 3637 octavo
3405 3584 3725 3640 humilitatis

2162 3647 2505 3719 pradt1233
2538 3651 2861 3717 praccipitur,
2892 3662 2945 3704 ut
2982 3657 3271 3705 monachus
3301 3657 3414 3707 sive
3455 3657 3722 3710 cmnobita

2162 3734 2260 3770 suo
2292 3734 2573 3774 cotnentus
2602 3731 2760 3777 statu.
2798 3734 2994 3776 temere
3027 3736 3128 3775 non
3175 3735 3383 3791 appetat
3419 3728 3718 3780 anachore-

2166 3800 2334 3860 tarum
2393 3792 2601 3844 vivi-udi
2650 3792 2937 3845 rationem:
2979 3811 2995 3839 σ
3026 3792 3298 3860 Superbus
3337 3794 3500 3855 enim.
3560 3805 3617 3849 ut
3646 3799 3721 3850 ait

2160 3857 2445 3932 Cassianus
2472 3860 2604 3929 (Lib.
2634 3877 2724 3927 stt,
2751 3878 2795 3915 ε.
2830 3864 2943 3932 50),
2980 3881 2996 3912 t
3019 3857 3183 3931 ipsam
3231 3866 3567 3932 disciplinam
3610 3882 3722 3922 cae-

2163 3929 2307 3982 ttobii
2356 3933 2728 3996 perhorresvit,
2761 3948 2821 3986 ac
2864 3929 3281 3988 veluti‘tratruto
3332 3929 3604 3989 con~ortio
3650 3940 3723 3991 de

2164 4002 2489 4077 perfectione
2538 4003 2860 4077 retrahatur,
2887 4020 2944 4055 ac
2973 4005 3038 4077 de
3070 4006 3207 4077 bono
3240 4007 3508 4071 patientia:
3560 4019 3721 4077 atque

2163 4071 2471 4143 humilitatis
2501 4070 2727 4125 aliorum
2761 4086 2889 4127 v.t:o
2913 4085 2965 4126 ct
2994 4070 3373 4141 impedimento
3403 4070 3713 4143 revocet-.r,

2164 4139 2535 4215 habitationem
2564 4143 2813 4197 solita~itc
2836 4145 2983 4215 cella:
3006 4139 3289 4207 desiderat,
3322 4164 3339 4195 ι
3374 4161 3531 4213 quam
3556 4139 3719 4215 supra

2159 4210 2301 4264 vires
2324 4228 2414 4264 sua
2446 4229 2771 4280 prospictens
2804 4213 3039 4279 hinniti-,
3064 4216 3114 4267 in
3138 4216 3256 4267 aliis
3297 4210 3512 4281 quidem
3559 4210 3719 4274 tene-

2162 4292 2330 4345 ratur,
2358 4284 2450 4335 sed
2477 4299 2567 4351 pro
2592 4301 2648 4336 se
2670 4295 2921 4350 appetere
2951 4302 3051 4337 non
3082 4288 3373 4352 prarsumit.

2232 4352 2502 4428 secundo,
2534 4354 2752 4406 vt-rbum
2784 4358 3059 4428 cjouttttunis
3088 4370 3204 4409 eum
3235 4357 3427 4427 regula,
3457 4358 3530 4410 nti
3556 4360 3719 4428 vulgo

2160 4420 2437 4495 accipitur.
2487 4426 2892 4490 conjungendo;
2944 4436 2996 4479 et
3044 4428 3252 4495 regulas
3289 4420 3612 4483 "commones
3651 4420 3714 4481 in

2160 4493 2424 4564 coenobio,
2459 4508 2577 4563 qua:
2606 4495 2697 4547 toti
2736 4493 3131 4564 congregationi
3176 4498 3562 4563 propOantitur,
3608 4501 3718 4553 dis-

2083 4552 2137 4612 D
2162 4552 2508 4635 tinguendoa
2558 4552 2979 4632 pat-tiCttlarTbtts,
3028 4582 3145 4633 quise
3175 4552 3484 4635 quibusdam
3512 4552 3713 4623 tantum

2160 4634 2372 4705 striptie
2398 4643 2541 4705 sunt,
2573 4645 2627 4686 ut
2677 4650 2793 4701 cap.
2848 4635 2938 4699 2|,
2964 4640 3029 4688 de
3069 4634 3323 4701 Deciiiis;
3367 4652 3487 4705 cap.
3519 4640 3611 4702 5|,
3648 4642 3715 4693 ἀιε

2158 4701 2473 4775 Cellerario;
2528 4718 2643 4773 cap.
2690 4706 2782 4775 65,
2833 4711 2897 4758 de
2957 4706 3279 4775 Piaaposito;
3333 4701 3450 4775 cap;
3502 4701 3606 4774 t6,
3649 4714 3715 4763 de

2161 4773 2419 4832 Ustiario;
2440 4789 2629 4828 sensus
2655 4773 2811 4842 hujus
2842 4777 2940 4829 loci
2971 4773 3089 4830 esse
3116 4790 3310 4845 potest,
3345 4773 3714 4835 ntmouachns

2161 4844 2532 4898 communibus
2587 4849 2865 4899 adhaerens
2930 4844 3157 4914 regtt'is,
3213 4849 3617 4913 particitlaribns
3656 4867 3717 4906 ac

2162 4927 2265 4965 non
2296 4916 2631 4986 intromittat,
2661 4918 2803 4968 verbi
2832 4927 2997 4983 gratia
3024 4928 3078 4970 ttt
3108 4919 3341 4986 privatus
3384 4919 3578 4986 aliquis
3606 4922 3685 4975 fra

2161 4991 2262 5045 ter,
2283 4984 2366 5036 cui
2398 4986 2536 5037 nulla
2568 4988 2634 5038 ab
2663 4987 2853 5039 abbate
2874 4984 3154 5041 commissa
3185 4996 3267 5043 est
3296 4984 3620 5054 obedientia,
3646 5000 3711 5044 ad

2162 5066 2366 5119 portam
2407 5058 2707 5110 monasterii
2743 5073 2847 5109 non
2894 5068 3076 5127 pergat
3104 5074 3356 5127 responsa
3385 5062 3710 5115 venientum:

2158 5134 2472 5192 accepturus
2498 5139 2587 5198 aut
2615 5127 2939 5191 redditurus,
2987 5130 3128 5198 quod
3174 5140 3255 5183 est
3298 5130 3533 5195 ostiarii;
3567 5133 3707 5186 utili-

2158 5201 2293 5246 tates
2331 5197 2779 5271 necessitatesqne
2836 5197 3144 5271 monasterii
3195 5214 3301 5253 non
3349 5211 3521 5263 curet,
3569 5205 3709 5271 quod

2154 5272 2359 5337 spectat
2387 5267 2451 5318 ad
2481 5268 2857 5332 cellcrariutn;
2888 5270 3100 5335 hOSpitii
3133 5270 3265 5323 lecta
3294 5286 3397 5324 non
3427 5267 3707 5337 prmparet.

2153 5345 2282 5412 etc.,
2315 5334 2638 5413 hujusmodi,
2660 5354 2777 5406 qua:
2805 5353 2909 5393 non
2940 5340 3085 5393 lchs
3111 5341 3393 5413 aliquando
3417 5334 3709 5395 simultates

2160 5408 2213 5456 iti
2232 5408 2575 5476 monasteriis
2601 5417 2877 5476 generant.

2228 5474 2425 5552 Tertio,
2454 5477 2499 5530 si
2526 5474 2623 5547 per
2637 5479 2865 5552 regulam
2898 5479 3193 5552 monasterii
3240 5479 3565 5552 intelligatur
3600 5497 3703 5534 non

2152 5544 2428 5618 solumtea,
2460 5544 2579 5617 qua:
2597 5563 2627 5601 ι
2654 5544 2713 5603 SI
2737 5550 3062 5616 Legislatore
3090 5552 3284 5618 scripta
3314 5544 3439 5615 est;
3471 5554 3563 5607 sed
3584 5568 3704 5605 cum

2153 5613 2381 5670 Boberio
2411 5613 2462 5670 iti
2477 5613 2728 5671 secundo
2747 5613 3131 5673 commentario
3156 5613 3700 5677 communestatutum.

2151 5685 2228 5759 uel
2253 5702 2374 5738 usus
2408 5687 2620 5741 mobii
2647 5690 2848 5759 (habita
2892 5689 3035 5743 enim
3086 5691 3291 5744 ratione
3345 5707 3610 5758 regionum
3643 5710 3705 5743 ac

2148 5758 2427 5826 locorum,
2488 5759 2537 5812 in
2591 5758 2785 5827 quibus
2830 5759 2927 5813 sita
2970 5771 3093 5814 sunt
3147 5768 3485 5824 manant-ria,
3539 5763 3701 5815 multa
