3952 6182
169 354 264 409 4η,

1199 344 1466 402 REGULA
1509 341 1992 399 COMMENTATA.
2036 342 2183 398 CAP.
2228 342 2335 396 Vll.

3274 330 3379 386 102

168 478 444 528 «Insersare
468 487 687 527 necesse
715 479 815 532 est,
865 486 980 539 qure
1007 483 1119 539 non,
1136 479 1254 522 sunt
1290 468 1389 521 hac
1426 467 1477 520 in
1510 464 1706 539 Regula
1737 467 1787 523 Α
1822 461 1983 539 vestri
2015 460 2726 539 curam_uohis'credidistis,
2756 461 2879 531 quid
2909 471 3091 539 rursus
3119 456 3187 510 de
3225 455 3378 539 vobis

166 554 425 606 contenta,
471 553 531 596 ut
569 544 699 597 satis
730 536 900 594 innuit
926 543 984 595 8.
1015 539 1072 593 Ρ.
1105 538 1435 599 Benedictus,
1464 551 1582 604 cap.
1610 536 1702 599 40,

166 616 230 668 «68
259 625 309 667 et
332 615 443 683 55).
470 614 688 680 hujusce
710 613 808 665 loci
826 626 1015 665 sensus
1036 609 1159 670 erit,
1186 620 1242 662 ut
1268 608 1559 683 monachus
1591 621 1705 659 mo-

165 686 372 738 nasterii
396 678 477 737 sui
510 678 661 743 ritus.
714 692 761 737 et
795 696 922 734 usus
952 690 1195 747 receptos
1232 678 1587 749 probatusque
1618 690 1705 729 se-

165 769 340 819 quens.
369 755 594 807 aliorum
634 751 995 807 emirabiorum
1027 759 1217 803 statuta
1238 747 1350 801 non
1381 747 1597 819 ambiat,
1650 754 1706 799 ut

168 818 307 879 verbi
350 824 519 893 gratis
567 823 908 893 ubicervisia
958 820 1169 893 defectu
1217 820 1323 893 viui
1353 818 1703 893 ministratur,

169 897 335 949 vinum
354 888 469 947 sibi
492 894 624 947 nolit
649 892 759 945 dari
777 908 792 956 ;
810 900 900 944 aut
920 892 1007 945 ubi
1037 892 1210 944 vinum
1235 889 1405 948 datur.
1425 888 1703 942 cervisiam

169 966 260 1018 sibi
289 965 576 1018 ministrari
609 962 742 1016 haud
788 962 1055 1030 requirat,
1092 970 1247 1028 atque
1301 960 1441 1012 hunc
1485 972 1703 1030 sensum

173 1033 286 1087 huic
329 1035 447 1088 loco
492 1044 675 1102 aptare
725 1025 931 1086 videtur
954 1032 1012 1085 8.
1055 1025 1349 1102 Bernartius
1388 1030 1441 1081 iu
1485 1027 1578 1082 lib.
1636 1025 1706 1081 de

173 1105 429 1172 Praecpta
448 1114 503 1158 et
531 1101 924 1170 dispensatione
953 1116 1073 1172 cap.
1116 1101 1199 1155 16.

230 1171 455 1240 Quartus
477 1173 706 1241 denique
728 1174 885 1238 hujus
916 1171 1016 1226 loci
1042 1184 1232 1225 sensus
1259 1178 1359 1233 est,
1388 1177 1444 1220 ιιι
1483 1181 1589 1222 non
1618 1181 1706 1221 so-

174 1247 270 1297 lum
294 1246 516 1298 aliorum
546 1240 681 1297 ritus
707 1254 761 1296 et
783 1258 908 1295 usus
929 1240 1367 1295 monasteriorum
1401 1252 1503 1291 nou
1531 1247 1705 1290 secte-

172 1325 269 1376 tur,
299 1316 390 1367 sed
415 1314 488 1367 ita
514 1328 625 1367 sua:
654 1314 852 1381 regulre
896 1311 1185 1371 adlttereat,
1233 1319 1290 1362 ut
1336 1307 1707 1361 communibus

174 1386 383 1437 fratrum
409 1383 681 1438 exercitiis
709 1392 1003 1446 contentus,
1037 1381 1164 1434 nihil
1202 1388 1385 1434 contra
1415 1386 1506 1431 aut
1543 1390 1701 1442 supra

172 1470 278 1507 eam
306 1454 481 1515 faciat,
506 1468 720 1506 omnem
767 1454 984 1506 omnino
1032 1451 1201 1505 vitans
1246 1448 1659 1516 singularitatem
1688 1464 1709 1500 ες

171 1538 267 1586 quo
293 1538 451 1578 sensu
494 1525 549 1579 8.
588 1523 924 1577 Benedictum
952 1521 1035 1575 hic
1081 1521 1339 1574 intellexit
1366 1517 1610 1572 Nicolaus
1638 1517 1705 1572 de

176 1596 443 1647 l’ractura:
480 1611 500 1645 α
524 1596 653 1658 lloc,
679 1593 866 1659 inquit,
896 1593 1007 1644 vult
1036 1592 1210 1645 dicere
1236 1590 1407 1643 littera
1440 1587 1559 1653 ista,
1592 1600 1705 1641 mo-

175 1663 363 1718 nachus
408 1664 459 1717 in
489 1666 901 1732 congregatione
931 1664 1130 1730 positus
1187 1676 1287 1713 non
1318 1660 1477 1732 aliter
1512 1672 1706 1732 paupoT

175 1749 276 1786 rem
308 1735 464 1786 vitam
488 1729 651 1802 gerat,
690 1729 776 1785 vel
806 1729 962 1785 etiam
992 1745 1294 1799 pompm-am
1336 1731 1397 1802 in
1432 1729 1701 1802 victu,__vel

176 1807 221 1855 in
241 1805 450 1869 veStitu,
476 1798 630 1871 quam
662 1803 751 1857 alii
780 1804 967 1855 fratres
997 1798 1184 1869 gerunt
1210 1816 1223 1863 ;
1262 1800 1354 1853 sed
1386 1799 1436 1851 in
1461 1798 1703 1850 omnibus

174 1876 371 1928 illorum
404 1875 641 1927 moribus
666 1889 724 1927 se
772 1872 1096 1926 conformet:
1139 1871 1423 1923 dummodo
1447 1883 1475 1921 a
1505 1882 1544 1919 si
1566 1877 1706 1921 mutas

178 1945 358 2009 regulae
403 1960 508 1997 non
548 1945 835 2006 reosdant;
866 1943 988 2011 quia
1016 1942 1179 2009 turpis
1208 1949 1290 1994 est
1321 1940 1407 2011 illa
1439 1952 1559 2006 pars
1579 1953 1705 2011 _quze

175 2006 260 2065 suo
285 2028 390 2067 non
416 2016 661 2082 congruit
689 2006 954 2066 uniwrso.
986 2030 1002 2062 I
1050 2006 1114 2065 Et
1138 2011 1254 2082 quia
1283 2009 1410 2082 nihil
1446 2006 1706 2082 pernicio-

175 2084 275 2137 sius
296 2095 379 2138 est
407 2086 456 2137 in
485 2079 743 2140 ciennbiis
766 2082 1153 2152 singularitate,
1186 2081 1418 2147 nihilque
1454 2079 1586 2131 adeo
1613 2092 1707 2152 _ex-

175 2159 347 2208 secrati
404 2163 531 2208 sunt
569 2163 827 2223 quotquot
860 2149 1185 2223 exstiterunt
1230 2153 1346 2204 vitre
1404 2149 1706 2223 manusticm

175 2224 271 2277 veri
291 2219 874 2289 cuitoresfnonnullas
918 2222 1003 2277 hic
1049 2222 1279 2276 rationes
1331 2219 1523 2289 quibus
1549 2219 1615 2271 ab
1643 2233 1705 2272 ea

174 2294 418 2367 deterreri
444 2295 708 2362 possimus
740 2294 969 2349 bretiter
998 2293 1315 2362 subjungere
1342 2307 1445 2344 non
1470 2289 1571 2345 erit
1594 2289 1705 2343 for-

174 2366 329 2419 tassis
340 2377 390 2417 οι
403 2369 591 2418 imum.

236 2434 405 2488 Prima
444 2442 579 2489 ratio
607 2435 798 2504 petitur
818 2449 881 2488 ex
914 2432 1004 2487 illo
1031 2431 1224 2504 celebri
1250 2431 1307 2504 S_.
1327 2429 1526 2504 Leonis
1558 2444 1706 2498 papze

173 2503 316 2557 effatu
340 2508 356 2569 (
366 2505 539 2562 Serm.
567 2499 621 2569 3,
645 2505 710 2557 de
730 2503 905 2573 Jejun.
931 2500 1345 2572 septimimenst's)
1369 2518 1381 2553 :
1404 2499 1707 2573 «S_acratius

176 2586 241 2626 εδει
269 2575 408 2642 quod
433 2577 636 2641 publica
661 2569 1120 2642 lege'celebratur,
1145 2586 1300 2641 quam
1328 2569 1467 2642 quod
1500 2569 1700 2637 privata

176 2640 492 2715 institutione
536 2640 869 2713 dependitur.
904 2643 1064 2715 234
1116 2642 1253 2696 Nihil
1295 2643 1351 2715 in_
1377 2640 1496 2715 _tali‘
1511 2642 1707 2711 populo

174 2714 545 2777 inordinatum,
591 2716 825 2784 nihilque
871 2712 1134 2767 (mersum
1172 2721 1271 2770 est.
1303 2712 1394 2784 ubi
1434 2712 1499 2764 ad
1545 2726 1705 2784 unum

177 2787 373 2847 petatis
404 2788 640 2854 vigorem
667 2781 844 2840 omnia
866 2784 966 2839 sibi
1006 2784 1170 2839 totius
1190 2782 1428 2852 corporis
1469 2781 1705 2837 membra

173 2856 523 2911 consentiunt.
551 2875 570 2907 ι

232 2924 468 2977 Secunda
501 2924 641 2979 ratio
660 2935 760 2990 est,
779 2924 898 2993 quia
927 2922 1177 2993 quidquid
1205 2931 1387 2977 contra
1413 2920 1707 2993 communis

174 3009 313 3047 roona
347 2996 465 3049 torii
511 2996 745 3065 regulam
776 2991 1129 3063 prmsuntitur,
1162 3009 1189 3046 a
1238 2993 1469 3065 maligno
1518 2991 1704 3065 spiritu

172 3079 276 3118 esse
320 3061 684 3134 dignoSrii'ur,
743 3061 798 3119 ut
848 3065 1004 3118 docet
1052 3066 1189 3120 inter
1246 3061 1707 3134 aliosrcassianus

171 3134 369 3200 (Count.
385 3132 482 3202 18,
511 3152 626 3205 cap.
654 3134 733 3203 ὅ),
774 3136 1145 3205 eleganterque
1184 3133 1436 3205 describit
1476 3133 1536 3205 _S.
1579 3132 1705 3205 Ber-

1821 548 1914 586 vos
1947 531 2338 585 intromittitis?
2359 530 2488 585 Nam
2517 534 2680 593 illam,
2714 530 2825 600 qua
2858 534 3015 585 toties
3049 530 3378 600 Deruuenti-

1816 602 2053 676 scientiis
2078 601 2271 655 vestris
2293 602 2512 676 testibus
2537 595 2845 676 offendistis.
2880 601 3146 676 propriam
3170 595 3391 676 scilicet

1817 674 2139 726 voluntatem
2168 685 2293 726 ecce
2313 688 2452 725 nunc
2475 675 2663 726 iterum
2690 675 2993 743 magistram
3025 670 3246 743 habetis.
3266 679 3373 718 non

1819 758 1939 805 me;
1972 743 2053 795 illa
2076 757 2171 794 vos
2202 750 2406 795 natura:
2433 742 2588 797 docet
2619 759 2721 797 non
2754 738 2991 812 parcere,
3031 738 3216 812 rationi
3266 751 3371 812 non

1816 815 2177 882 acquiescere,
2205 828 2307 866 non
2341 816 2711 881 obtemperare
2743 808 3013 867 seniorum
3033 808 3257 882 consilio
3286 808 3370 860 vel

1816 878 2082 951 exemplo.
2104 897 2209 936 non
2231 883 2449 938 obedire
2479 878 2650 938 nubis.
2675 903 2694 935 ι
2732 885 2923 937 Eadem
2960 882 3168 936 ratione
3190 878 3366 951 singu-

1813 948 2073 1008 laritatem
2104 954 2154 1006 in
2205 952 2317 1008 suis
2363 954 2645 1006 damnabat
2698 955 2752 1010 8.
2788 948 3369 1022 Euthymiuskes‘ejus

1806 1023 1954 1085 Vita,
1992 1039 2045 1078 n.
2079 1024 2163 1085 l7,
2200 1031 2331 1077 tom.
2360 1023 2399 1076 ll
2424 1025 2564 1078 Mori.
2592 1024 2845 1079 Ecclesia:
2872 1018 3099 1082 tit-tecm;
3133 1020 3191 1072 8.
3232 1018 3369 1071 Ιίδεί-

1805 1093 1907 1164 lius
1960 1094 2013 1149 in
2053 1094 2308 1164 ltrevibus
2354 1095 2600 1163 ltegulis.
2651 1097 2901 1164 interrog.
2935 1089 3037 1148 l3?
3068 1099 3123 1148 et
3164 1090 3369 1149 l38zet

1805 1162 1994 1219 iterum
2015 1164 2074 1220 8.
2100 1163 2256 1218 Bern.
2280 1162 2441 1218 serm.
2467 1167 2554 1228 71,
2583 1168 2633 1219 in
2660 1166 2813 1220 Cant.

1876 1234 2066 1300 Quinta
2097 1234 2232 1288 ratio
2254 1245 2356 1298 est,
2382 1237 2519 1304 quod
2547 1245 2707 1289 totam
2728 1234 3061 1302 singmaritas
3091 1229 3368 1304 perturbat

1804 1305 2300 1374 cuugregationem:
2356 1301 2495 1360 unde
2522 1322 2641 1360 cmn
2673 1309 2740 1361 de
2789 1307 2848 1359 Β.
2885 1306 3134 1359 Simeoue
3174 1301 3365 1374 Stylita

1805 1372 1995 1429 fratres
2008 1372 2089 1446 'ad
2114 1375 2355 1446 abbatem
2378 1378 2546 1443 questi
2569 1387 2769 1433 essent.
2802 1375 2941 1446 quod
2967 1388 3062 1441 per
3085 1372 3365 1446 continuos

1805 1453 2007 1513 septem
2032 1445 2151 1500 dies
2188 1441 2511 1513 jejunasset:
2574 1448 2659 1501 liic
2685 1441 2833 1501 illum
2879 1447 3157 1508 increpans
3204 1441 3363 1512 235

1804 1517 1879 1587 ait
1917 1514 2007 1583 (In
2046 1515 2157 1569 Vita
2181 1515 2242 1587 _S.
2282 1516 2415 1571 Sim.
2450 1517 2627 1587 Slylit.
2683 1534 2797 1587 cap.
2845 1514 2938 1587 3):
2973 1533 2990 1565 ι
3018 1513 3169 1569 Unde
3213 1514 3367 1565 nobis

1804 1584 2023 1639 advenit
2049 1586 2151 1641 iste
2180 1585 2342 1640 homo
2375 1584 2652 1641 destruere
2677 1584 3132 1652 volens'regulam
3182 1597 3367 1652 mona-

1803 1657 1987 1709 sterii?
2012 1655 2132 1721 Fili,
2157 1656 2281 1723 quid
2310 1657 2492 1711 dicunt
2521 1658 2710 1711 fratres
2738 1658 2804 1710 de
2831 1656 2922 1711 te?
2954 1650 3056 1708 non
3088 1652 3183 1707 tibi
3213 1650 3364 1705 sulti-

1806 1726 1875 1795 cit
1899 1724 2140 1795 jejunare
2160 1728 2296 1781 sicut
2324 1728 2453 1780 nos?
2471 1737 2572 1782 etc.
2609 1747 2627 1779 ι
2669 1727 2798 1781 Vide
2821 1728 2879 1781 S.
2910 1727 3088 1788 Berm,
3115 1736 3364 1795 sermone

1807 1794 1874 1849 de
1892 1793 2162 1852 llumberti
2186 1798 2425 1851 monachi
2441 1798 2605 1859 obitu,
2632 1811 2679 1849 ei
2700 1799 2843 1852 Petr.
2863 1797 3072 1851 Blesen.
3091 1808 3252 1846 serm.
3271 1793 3364 1846 50.

1740 1836 1781 1895 Β
1878 1836 2061 1920 Sexto”
2086 1867 2342 1936 denique,
2378 1869 2561 1921 Petrus
2593 1840 2843 1922 ’Datmaui
2884 1865 3128 1933 exemplo
3168 1861 3364 1936 Christi

1810 1936 2049 1991 hortatur
2090 1933 2317 2006 (opm.
2358 1936 2449 2009 47)
2484 1956 2504 1990 r
2541 1953 2611 1993 ne
2653 1942 2941 2009 peregrina:
2978 1933 3367 2009 adiuventionis

1808 2004 2108 2075 prtesumas
2142 2004 2552 2076 superinducere
2608 2004 2930 2070 novitatem;
2982 2021 3102 2060 nam
3151 2014 3204 2058 et
3251 2004 3366 2070 ipse

1806 2078 1892 2146 qui
1926 2078 2169 2147 Magister
2198 2089 2278 2131 est
2302 2080 2606 2148 angelorum
2638 2080 2690 2133 in
2721 2081 2875 2145 cmlo,
2910 2092 3111 2132 morem
3142 2076 3193 2128 in
3227 2083 3365 2127 terra

1808 2148 1976 2200 tenuit
2014 2162 2170 2217 quem
2213 2148 2443 2215 invenit;
2492 2164 2589 2205 nec
2626 2150 2940 2220 dedignatus
2982 2156 3063 2220 est
3101 2156 3365 2220 terrenam

1806 2214 2507 2290 servare_'consuetud.nem,
2537 2221 2623 2290 qui
2663 2214 2880 2275 ven'erat
2916 2218 3172 2290 exhibere
3199 2214 3364 2270 ctele-

1806 2299 1965 2341 stem.
1995 2288 2124 2342 Nam
2145 2330 2161 2354 ,
2184 2300 2240 2343 ut
2268 2291 2465 2344 infinita
2499 2288 2806 2357 praeteream
2826 2331 2843 2354 ,
2870 2306 2964 2344 cur
2994 2288 3096 2343 sibi
3124 2294 3281 2353 caput
3305 2299 3367 2339 ac

1810 2359 1968 2427 pedes
1995 2369 2260 2427 unguento
2280 2361 2559 2428 coiispergi
2590 2362 2831 2417 muliebri
2859 2359 3150 2414 ministerio
3180 2370 3368 2420 passus

1806 2437 1908 2494 est,
1941 2430 2042 2483 nisi
2076 2431 2195 2497 quia
2227 2430 2518 2485 Palaestina-
2547 2440 2702 2499 atque
2728 2432 2958 2487 Judaicaa
2991 2428 3220 2498 regionis
3249 2440 3366 2479 mos

1806 2510 1941 2572 era_t_,
1967 2510 2026 2572 _ut
2044 2498 2158 2568 ejus
2186 2500 2390 2572 accolae,
2406 2498 2644 2555 crebrius
2672 2500 3035 2572 iungerentur-flL
3063 2518 3080 2549 ι

1882 2568 1978 2622 νει
2002 2573 2266 2642 majorum
2310 2570 2636 2642 cohortantur
2668 2568 2943 2642 eximplaj
2971 2570 3225 2642 Majorum
3271 2581 3370 2619 no-

1808 2642 1950 2695 mine
1990 2638 2309 2705 Smaragdus
2344 2640 2588 2709 intelligit
2620 2638 2941 2697 Patres‘tarn'
2973 2638 3178 2694 Veteris
3208 2652 3365 2703 quam

1806 2710 2287 2781 Novigf'l‘estamenti
2307 2751 2322 2775 ,
2356 2720 2411 2764 ut
2439 2712 2727 2766 mooachus
2762 2730 2783 2764 ι
2815 2712 3114 2781 exentplum
3143 2709 3366 2781 accipiat

1810 2779 2118 2835 humilitatis
2142 2797 2169 2833 a
2200 2780 2431 2845 Christo,
2453 2782 2747 2837 devotionis
2775 2797 2802 2835 a
2828 2778 3012 2845 Petro,
3040 2778 3313 2835 cliaritatis
3334 2791 3364 2831 a

1806 2852 2034 2916 Joanne,
2065 2851 2382 2906 obedientite
2408 2852 2483 2906 ab
2500 2853 2785 2917 Abraham,
2818 2851 3082 2920 patientiae
3107 2848 3174 2905 ab
3198 2849 3360 2913 lsaar,

1808 2923 2100 2976 tolerantiae
2125 2935 2153 2974 a
2176 2920 2339 2977 Jacob
2363 2929 2417 2976 et
2443 2922 2558 2980 .lob.
2593 2933 2696 2977 etc.
2732 2943 2750 2974 ι
2787 2921 3039 2977 Eamdem
3065 2920 3117 2975 in
3147 2930 3363 2975 senten-

1808 2993 1932 3047 tiam
1956 2993 2062 3045 abit
2086 2993 2269 3046 Petrus
2286 2993 2573 3056 Diacoiius;
2597 2997 2688 3048 sed
2710 3002 2767 3049 et
2786 2993 3117 3048 llildemarus
3135 2990 3365 3059 majores

1809 3063 2051 3186 intelligit
2088 3075 2182 3118 eos
2212 3078 2433 3133 quorum
2464 3065 2622 3118 vitam
2664 3075 2853 3119 sancta.
2883 3063 3153 3131 Scriptura
3198 3061 3365 3115 mani~

1829 3143 1981 3186 estat.

1829 3143 1981 3187 estat.

172 3207 352 3258 bardus
404 3200 486 3259 his
530 3200 702 3261 verbis
729 3200 925 3276 (Serm.
955 3206 1040 3267 55,
1061 3200 1073 3205 ⁷
1098 3207 1152 3259 in
1187 3201 1394 3276 Cornu):
1422 3222 1440 3253 ε
1463 3201 1703 3276 Quoties,
1729 3206 1775 3269 ο
1840 3275 1847 3276 ί
1873 3201 2147 3267 Secundo,
2176 3203 2436 3274 majorum
2476 3205 2716 3273 exempla
2748 3204 2887 3261 idem
2920 3203 3253 3276 llildemarus
3278 3200 3362 3255 di-

173 3277 301 3328 verbi
330 3277 523 3345 gratia,
559 3272 818 3346 suggessit
845 3275 1135 3344 anticipare
1163 3275 1388 3346 vigilias,
1406 3287 1509 3340 quo
1530 3272 1703 3346 ad_so-_

172 3342 351 3399 ieiunia
383 3342 601 3400 fratrum
628 3342 870 3401 illuderet
889 3342 1189 3400 dormitanti
1213 3347 1234 3396 ?
1264 3346 1466 3413 quoties
1490 3342 1704 3412 produci

170 3412 375 3483 jejunio,
414 3427 470 3469 ut
498 3419 689 3469 divinis
726 3417 993 3483 obsequiis
1040 3431 1104 3469 eo
1155 3416 1391 3471 inutilem
1435 3417 1701 3475 redderet,

171 3502 264 3549 quo
292 3486 609 3541 imbeciliem
637 3486 660 3539 ἲ
689 3488 896 3553 quoties
925 3488 1060 3541 bene
1099 3485 1489 3554 prolicientibus
1518 3484 1569 3538 in
1598 3499 1707 3539 co:-

171 3556 329 3609 tmbiis
360 3556 628 3621 invidens,
658 3557 875 3611 obtentu
905 3557 1055 3624 quasi
1084 3557 1296 3625 majoris
1324 3554 1561 3623 puritatis
1582 3570 1707 3608 ere-

170 3641 300 3677 tlllltll
333 3642 516 3693 petere
541 3628 821 3695 persuasit,
853 3635 1214 3697 cognoverunt
1257 3626 1434 3679 miseri
1466 3625 1703 3697 tandem,

168 3711 312 3767 quam
342 3712 500 3751 verus
529 3699 600 3751 sit
635 3712 829 3762 sermo,
884 3694 1038 3767 quem
1074 3696 1269 3767 frustra
1314 3698 1581 3766 legerant:
1619 3694 1707 3767 Va;

169 3766 277 3832 soli,
299 3769 549 3834 quoniam
581 3769 625 3822 si
656 3765 913 3822 ceciderit
952 3781 1053 3820 non
1103 3766 1260 3821 habet
1298 3765 1707 3819 sublevantem?

169 3837 365 3907 quoties
400 3837 465 3891 ad
509 3853 642 3907 opus
686 3852 932 3893 manuum
982 3836 1098 3906 plus
1154 3850 1308 3907 quam
1348 3849 1481 3907 opus
1537 3834 1709 3888 fuerat

170 3904 416 3971 incitavit,
443 3916 497 3977 et
517 3904 737 3963 fructum
758 3908 956 3963 viribus
975 3904 1182 3962 cteteris
1204 3905 1531 3977 regularibus
1553 3919 1707 3960 exer-

166 3977 292 4030 citiis
316 3976 547 4032 reddidit
575 3978 854 4033 invalidum
875 3978 902 4033 ἲ
923 3992 1025 4034 etc.
1055 3995 1075 4028 ι

226 4046 461 4101 Tertiam
512 4048 769 4103 rationem
813 4049 1010 4103 indicat
1057 4047 1340 4101 Cassianus
1398 4046 1481 4102 his
1528 4047 1705 4101 verbis

168 4114 290 4179 (Lib.
322 4132 379 4183 γ,
419 4134 533 4187 cap.
561 4119 691 4186 25):
731 4140 748 4170 ι
777 4118 1041 4187 Quidquid
1075 4129 1223 4171 extra
1269 4119 1707 4173 consuetudinem

173 4190 504 4251 praesumitur
543 4203 800 4257 usumque
837 4203 1195 4252 communem,
1237 4197 1295 4241 ut
1339 4190 1624 4257 vanitatis,
1653 4201 1708 4243 et

166 4258 359 4329 gloria;
382 4268 541 4329 atque
568 4260 935 4315 ostentationis
957 4258 1143 4313 morbo
1160 4257 1415 4327 pollutum
1455 4259 1711 4327 antiquis-

164 4327 287 4381 sima
316 4327 529 4383 Patrum
562 4329 775 4384 traditio
804 4330 1003 4384 nutavit
1022 4367 1036 4392 ,
1058 4343 1157 4383 nec
1184 4343 1502 4397 quemquam
1530 4344 1594 4383 ex
1626 4330 1713 4385 bis

166 4413 286 4463 quos
314 4400 507 4453 merito
530 4401 762 4455 scientia:
792 4415 854 4454 ac
881 4398 1219 4454 discretionis
1247 4399 1504 4454 enituisse
1532 4402 1709 4468 pervi-

166 4469 348 4533 dimus,
378 4470 458 4524 vel
495 4484 627 4539 quos
653 4472 719 4524 ad
764 4469 1279 4539 imitandumgratia
1318 4468 1511 4524 Christi
1564 4470 1709 4527 velut

165 4538 582 4604 splendidissima
624 4541 900 4595 luminaria
940 4538 1185 4594 omnibus
1237 4540 1557 4606 prmiuCavlt,
1607 4556 1699 4597 esu

1805 3275 1877 3327 cit
1905 3289 2025 3328 esse
2058 3291 2077 3325 t
2111 3275 2177 3328 de
2199 3272 2393 3346 quibus
2439 3277 2491 3329 in
2523 3272 2706 3330 ultimo
2748 3275 2979 3346 capitulo
3004 3275 3166 3346 dicit,
3206 3272 3255 3346 id
3284 3280 3368 3326 est

1808 3346 2001 3412 Itegula
2034 3345 2232 3410 Basilii,
2274 3346 2582 3399 collationes
2624 3344 2834 3399 Patrum
2860 3388 2876 3411 ,
2925 3354 3081 3415 atque
3130 3344 3365 3415 inStiIuta

1807 3416 2219 3478 monachorum;
2257 3434 2275 3466 ι
2314 3417 2363 3469 in
2397 3415 2585 3484 quibus
2608 3432 2711 3470 non
2751 3416 2881 3470 nihil
2909 3413 3015 3484 quo
3042 3415 3105 3468 ad
3135 3413 3368 3469 exterio-

1806 3501 1918 3557 rem
1956 3484 2193 3557 hominis
2238 3486 2717 3557 mortificationem,
2748 3486 2975 3557 amplius
3002 3500 3156 3556 quam
3187 3484 3240 3539 in
3265 3484 3367 3539 lte-

1805 3556 1922 3627 gula
1950 3554 2088 3627 S.P.
2119 3555 2390 3611 Benedicti
2422 3557 2701 3626 reperitur.

1880 3626 2081 3691 Tertio,
2110 3628 2378 3693 nonnulli,
2410 3636 2466 3680 ut
2487 3625 2634 3680 notat
2663 3625 2910 3695 prtefatus
2936 3625 3305 3695 Hildemarus,
3335 3638 3365 3677 a

1806 3711 2027 3767 quorum
2056 3697 2169 3766 ipse
2194 3698 2456 3750 sententia
2487 3712 2589 3751 non
2620 3694 2839 3762 recedit,
2872 3697 3127 3767 majorum
3158 3694 3370 3767 nomine

1810 3765 2222 3835 interpretantur
2248 3768 2534 3835 eremiias,
2566 3783 2790 3835 quorum
2817 3765 3072 3834 exemplis
3104 3766 3156 3820 in
3183 3765 3369 3819 solitu-

1807 3837 1986 3892 dinem
2017 3835 2291 3904 secedere,
2324 3837 2500 3899 ibioue
2528 3839 2687 3892 variis
2713 3838 2920 3907 pietatis
2949 3835 3159 3900 officiis,
3186 3836 3367 3907 diver-

1808 3908 1882 3961 sis
1912 3907 2233 3974 pmnltentite
2267 3907 2518 3977 operibus
2562 3924 2680 3963 sese
2716 3906 3012 3971 exercere,
3048 3917 3168 3975 post
3208 3906 3366 3967 suill-

1808 3979 2032 4031 cieutem
2063 3977 2115 4031 in
2154 3979 2400 4032 cmnobio
2440 3977 2802 4047 probationem
2830 3988 2885 4033 et
2910 3978 3113 4033 abbatis
3153 3977 3370 4031 benedi-

1809 4066 1822 4118 ε
1842 4049 2057 4111 tionem,
2086 4048 2418 4116 singularitas
2440 4064 2545 4103 non
2571 4057 2673 4107 est.
2696 4049 2809 4105 Soli
2831 4064 3054 4118 namque
3076 4048 3371 4118 singulares

1810 4116 1910 4171 hac
1939 4119 1990 4171 in
2030 4126 2180 4190 parte
2206 4119 2457 4190 ceu-cudi
2496 4129 2646 4182 sunt,
2674 4126 2759 4190 qui
2784 4135 2902 4174 cum
2932 4116 3076 4190 ipsas
3107 4116 3371 4175 monaste-

1808 4192 2008 4242 riorum
2049 4189 2411 4243 observantiae
2443 4189 2709 4259 nunquam
2756 4191 2889 4245 bene
2916 4189 3265 4257 expleverint,
3291 4199 3371 4243 te-

1810 4273 1956 4313 mere
2004 4259 2203 4327 majora
2246 4259 2446 4314 viribus
2490 4260 2896 4329 aggrediuntur,
2930 4268 2986 4314 et
3008 4260 3073 4314 ad
3104 4260 3370 4329 singulare

1809 4339 2074 4383 certamen
2097 4329 2255 4400 etiam
2284 4329 2475 4385 abbate
2504 4334 2798 4386 reluctante
2828 4330 3108 4400 prodi-unt.

1879 4401 2101 4470 Quarto,
2130 4398 2384 4455 Boherius
2418 4417 2430 4453 :
2468 4419 2487 4454 ι
2522 4400 2607 4456 hic
2651 4398 2865 4464 autem,
2895 4400 3098 4469 inquit,
3130 4400 3371 4470 intelligo

1810 4468 2039 4538 majores
2058 4469 2309 4537 abbates,
2324 4478 2376 4524 et
2397 4473 2532 4526 alios
2556 4474 2792 4527 seniores
2819 4468 3177 4536 viventes,ch
3204 4468 3369 4526 etiam

1810 4539 2135 4594 dormientes
2178 4539 2232 4593 in
2270 4541 2501 4597 Christo.
2539 4559 2559 4594 ι
2596 4542 2663 4596 Ει
2694 4557 2823 4599 sane
2863 4540 3082 4595 abbates
3124 4541 3370 4608 superioo

166 4589 592 4692 ρὶὶὶίξξὲιῐῖἷρυῖι
612 4589 1699 4692 ὲόξ’ἣίἷέ’ῐιειιόἑὶἱὶὲξῖῑεὲίὶῖξζρίἷεὶίἰῖιιῑξὲἑ
1728 4589 1779 4649 ῐ)
1802 4589 2634 4692 .‘etjqis'aatag'itriaia‘n?ista
2645 4589 3367 4692 ἀἷιῖἦυὸείζῖἑᾷἶιεῖιῖἔιῖῥο

163 4680 535 4752 cognovimus;
568 4696 664 4736 nec
693 4696 875 4737 eorum
906 4682 1225 4752 quempiam,
1256 4680 1358 4752 qui
1380 4681 1515 4736 lianc
1544 4697 1699 4752 regu-

164 4748 255 4822 lam
280 4750 609 4822 declinantes
637 4748 995 4822 praetermisso
1021 4748 1169 4820 panis
1198 4748 1318 4818 usu,
1350 4748 1694 4821 leguminum,

165 4819 236 4895 _vel
260 4821 610 4895 olerum,se_u
639 4819 920 4895 pomorum
952 4819 1290 4895 refectionem
1330 4819 1695 4895 sec'tatiisunt',

165 4891 289 4943 inter
309 4893 706 4957 probatissimos
730 4892 963 4947 habitum
985 4891 1267 4961 aliquando
1282 4894 1694 4961 conspeximus;

163 4964 247 5012 sed
294 4977 361 5015 ne
406 4962 745 5016 discretionis
792 4964 1006 5033 quidem
1051 4971 1143 5015 aut
1182 4962 1417 5033 scientia}
1473 4965 1695 5033 gratiam

162 5040 510 5104 consecutum.
539 5051 557 5083 ι
590 5033 838 5104 Εθωγάεηι
866 5032 1125 5104 rationem
1146 5032 1360 5104 adducit
1385 5031 1546 5093 libii.
1574 5048 1693 5104 cap.

164 5099 210 5155 5.
240 5110 292 5153 et
341 5101 519 5174 Ιὶδηιι.
550 5116 667 5174 cap.
704 5103 807 5174 lit;
838 5113 893 5157 et
940 5102 1000 5174 S.
1046 5102 1269 5174 Itasilius
1300 5102 1487 5174 Regni.
1521 5099 1695 5170 brevl,

163 5181 402 5239 interrog.
436 5171 537 5227 158
560 5188 574 5236 ;
599 5171 651 5227 et
674 5174 732 5227 S.
754 5172 913 5227 Bern.
955 5173 1021 5227 de
1048 5172 1207 5227 Grad.
1243 5172 1426 5226 humil.
1453 5188 1573 5242 cap.
1608 5175 1694 5230 14.

224 5244 413 5315 Quarta
443 5244 577 5296 ratio
605 5243 893 5298 secundum
918 5242 1197 5315 Boherium
1223 5252 1323 5315 est,
1348 5244 1487 5311 quod
1518 5247 1695 5315 singu-

161 5309 276 5385 laris
304 5315 589 5368 monachus
617 5317 927 5385 abnegatam
960 5313 1011 5385 in
1052 5309 1380 5381 professione
1425 5309 1691 5385 propriam

159 5381 468 5437 voluntatem
518 5386 710 5439 iterum
749 5381 848 5439 sibi
897 5383 1166 5447 vindicat,
1230 5381 1693 5453 contra‘id’quod

162 5465 300 5518 prom
321 5454 421 5519 sit;
446 5470 553 5522 quo
576 5457 787 5509 nomine
810 5454 946 5522 apud
970 5469 1094 5507 suos
1114 5460 1454 5523 conqueritur
1479 5453 1543 5513 S.
1565 5457 1684 5512 Ber-

160 5522 340 5595 nardus
368 5525 561 5595 (Serm.
587 5525 672 5591 l9,
696 5526 747 5578 in
773 5525 975 5590 Cant.):
1016 5546 1033 5576 ι
1059 5524 1171 5579 Non
1195 5526 1350 5579 vultis
1378 5540 1496 5582 eSSe
1541 5542 1687 5582 corn.-

159 5594 292 5646 tuuni
313 5594 540 5650 contenti
571 5602 692 5662 vita,
728 5611 829 5649 non
861 5595 1057 5650 sufficit
1097 5597 1247 5651 vobis
1285 5597 1523 5665 regulare
1550 5598 1685 5666 jeju-

158 5680 312 5725 nunn,
336 5681 438 5719 non
461 5668 724 5721 solemnes
743 5666 954 5734 vigiliae.
980 5681 1083 5721 non
1109 5666 1352 5738 imposita
1381 5667 1683 5738 disciplina,

158 5752 251 5787 non
280 5750 520 5791 mensura
567 5753 721 5805 quam
771 5738 1032 5804 partimur
1068 5737 1211 5791 vobis
1258 5737 1309 5792 in
1356 5737 1684 5794 vestimentis

157 5824 201 5864 ct
244 5809 541 5863 altmeutzs:
591 5810 796 5876 privata
848 5806 1113 5875 prtufertis'
1154 5810 1556 5873 communibus;
1590 5813 1678 5876 qui

1802 4681 1988 4752 pellari
2034 4680 2264 4750 majores
2310 4696 2405 4749 pro
2442 4680 2714 4752 comperto
2761 4680 2863 4737 εει.
2916 4683 2991 4752 Et
3030 4684 3166 4735 hanc
3204 4683 3365 4736 etiant

1799 4751 1947 4835 sequi
1976 4752 2357 4835 expositionem
2382 4751 2622 4808 videntur
2646 4751 2944 4808 Ricbardus
2964 4751 3031 4807 de
3059 4752 3116 4808 8.
3140 4752 3365 4822 Angela,

1799 4830 1857 4877 et
1879 4822 2303 4877 'l‘urrecremata.

1872 4892 2091 4974 Quinto,
2134 4892 2411 4974 Meuardus
2456 4893 2697 4974 majores
2734 4892 2978 4974 intelligit
3022 4893 3262 4974 seniores
3292 4903 3370 4974 _et

1799 4963 2380 5036 antiquioresejusdem
2398 4963 2821 5036 congregationis
2844 4963 3159 5036 monachos;
3182 4984 3200 5016 ι
3220 4965 3363 5036 quia,

1799 5034 2000 5105 inquit,
2030 5034 2270 5105 seniores
2299 5051 2362 5089 ex
2401 5035 2557 5104 longo
2586 5040 2707 5089 vita:
2734 5035 2987 5098 regularis
3019 5049 3116 5089 usu
3159 5034 3285 5091 sunt
3310 5037 3362 5091 in

1797 5104 2064 5173 ea’magis
2092 5104 2379 5176 obfirmati,
2416 5120 2499 5171 et,
2540 5107 2703 5176 utait
2745 5106 2804 5159 Ι).
2850 5105 3229 5176 Hieronymus,
3264 5108 3359 5162 bos

1796 5176 1967 5231 lassus
1998 5175 2181 5248 fortius
2209 5175 2316 5243 tigit
2350 5177 2571 5245 pedem;
2600 5175 2738 5231 inest
2765 5176 2818 5230 in
2840 5176 2917 5231 eis
2946 5175 3151 5232 morum
3182 5177 3361 5248 gravi-

1796 5257 1875 5302 tas
1897 5254 1951 5301 et
1972 5245 2267 5308 maturitas,
2292 5248 2452 5301 animi
2477 5255 2649 5301 motus
2674 5247 2988 5316 pacatiores,
3007 5245 3366 5302 carnis'ardor

1793 5327 1847 5389 et
1871 5326 2185 5389 creterorurn
2213 5332 2462 5372 sensuum
2494 5333 2629 5387 pene
2655 5318 2855 5389 sopitus
2874 5358 2892 5384 ,
2924 5332 3022 5374 nec
3048 5333 3279 5389 praecox,
3309 5327 3365 5372 ut

1794 5388 1845 5441 in
1868 5388 2170 5458 juvenibus,
2200 5389 2293 5443 sed
2323 5396 2572 5444 concocta
2604 5388 2896 5458 prudentia.
2924 5388 3059 5444 Sunt
3081 5397 3273 5458 praeter
3301 5404 3363 5444 ea

1792 5457 1987 5513 veteris
2023 5458 2337 5527 disciplinae,
2368 5459 2624 5527 regularis
2670 5458 3053 5525 observantia,
3082 5457 3136 5515 et
3175 5474 3362 5516 eorum

1788 5529 1994 5611 quaeab
2012 5531 2242 5600 antiquis
2257 5530 2416 5611 23B
2434 5530 2886 5611 Patribusstatuta
2900 5541 3023 5584 sunt
3045 5530 3364 5597 tenaciores,

1786 5601 1927 5669 quod
1954 5598 2218 5654 summum
2250 5598 2411 5655 e‘st‘iu
2441 5603 2544 5653 vita
2568 5598 2811 5667 religiosa
2837 5603 3052 5667 bonum,
3086 5613 3192 5655 etc.
3233 5618 3251 5652 ι

1860 5672 2039 5734 Sexto,
2074 5670 2300 5740 majores
2326 5673 2482 5725 etiam
2507 5671 2611 5725 dici
2642 5680 2841 5739 queunt
2872 5671 2905 5724 ii
2948 5671 3001 5725 in
3030 5672 3220 5738 quibus
3249 5689 3362 5726 ma-

1785 5742 1897 5809 jora
1929 5742 2185 5810 refulgent
2213 5743 2462 5795 virtutum
2506 5741 2748 5810 exempla
2778 5781 2792 5807 ,
2836 5757 3061 5810 quorum
3110 5755 3360 5806 senectus

1788 5812 2121 5875 venerabilis,
2157 5827 2259 5867 non
2291 5812 2569 5877 diuturna,
2603 5827 2771 5877 neque
2814 5828 3073 5869 titulorum
3133 5828 3355 5871 numero
