3952 6182
557 325 667 378 m3

1883 336 1937 389 S.
1978 333 2036 388 P.
2082 332 2439 388 BENEDlCTl

3660 337 3752 389 ξος

556 454 854 517 computata
876 486 890 506 ,
927 462 1151 515 quorum
1189 450 1311 503 cani
1346 458 1464 503 sunt
1493 464 1678 504 sensus
1706 457 1760 501 et
1790 449 1891 501 vita
1922 454 2109 502 imma-
2140 457 2182 506 Α
2215 461 2310 517 ro;
2342 462 2566 513 cumque
2609 446 2727 498 aliis
2767 447 3108 512 psallentibos
3145 450 3209 503 ad
3250 453 3447 517 vigilias
3471 462 3575 508 tota
3610 468 3752 504 homo

555 514 748 568 culata.
785 514 953 573 Atntte
994 520 1060 569 ita
1100 523 1297 573 sentire
1344 520 1549 573 videtur
1593 520 1891 573 Bernardus
1929 519 2107 572 Cassi-

558 588 756 648 neusis,
789 588 875 651 qui
907 598 1178 655 postquam
1204 589 1385 644 docuit
1415 604 1568 657 posse
1595 589 1907 643 monachum
1940 590 2110 642 media

558 661 710 724 panis
753 657 880 708 libra
909 659 1207 721 abstinere,
1243 661 1420 713 viuum
1451 676 1585 724 aqua
1610 662 1766 711 tnulta
1790 659 2013 722 diluere,
2044 659 2109 712 ad

560 736 842 781 nocturnos
866 742 1163 798 surgentem
1195 740 1317 782 ante
1346 733 1533 785 lectum
1557 730 1773 783 sile-nter
1802 745 1977 790 orare,
2010 730 2114 781 fre-

558 799 1051 868 quenterconliteri
1076 840 1090 861 ,
1137 816 1257 853 cum
1300 800 1543 868 lacrymis
1573 800 1681 852 Deo
1724 814 1905 862 premes
1946 799 2112 851 ellun-

558 866 726 931 dere;
755 867 835 919 sic
880 870 1088 921 tandetn
1120 866 1428 924 concluditi
1465 888 1482 921 t
1515 871 1609 923 llic
1658 884 1765 921 non
1805 869 1928 921 facit
1949 912 1963 930 ,
2017 885 2113 921 nec

559 947 738 989 contra
770 940 1025 1004 regulam,
1058 955 1157 993 nec
1179 951 1325 992 extra
1356 940 1620 1004 regulam,
1651 949 1704 992 et
1732 940 1782 991 in
1813 940 1926 990 istis
1951 943 2115 1004 major

559 1017 633 1059 est
658 1006 751 1059 i5ta
783 1024 883 1058 non
918 1008 1160 1063 faciente.
1193 1030 1213 1061 ι
1245 1010 1550 1076 Quanquam
1578 1009 1840 1062 existimet
1879 1010 2113 1061 securius

558 1091 681 1147 esse
703 1077 820 1147 talia
843 1079 1094 1142 superiori
1126 1095 1436 1143 suggerere;
1460 1095 1578 1147 quae
1596 1080 1805 1145 quidem
1840 1093 1940 1129 non
1965 1093 2116 1129 acta-—

559 1146 719 1201 deute
746 1146 861 1212 ejus
892 1149 1252 1203 benedictione
1273 1150 1384 1201 sine
1408 1146 1813 1216 pra-sumptione
1839 1147 1947 1200 ﬁeri
1977 1148 2111 1199 haud

562 1231 722 1282 posse
763 1226 946 1271 censet
992 1219 1265 1273 Boherius.
1317 1220 1369 1272 lu
1416 1220 1495 1273 his
1539 1229 1711 1272 tamen
1748 1234 1862 1281 utne
1896 1218 2112 1270 minoris

560 1298 683 1339 sunt
712 1288 990 1347 nmmenti,
1034 1304 1132 1343 nec
1171 1292 1299 1342 liunt
1330 1290 1382 1342 itt
1422 1298 1706 1351 constiectu
1756 1287 2007 1351 fratrum,
2035 1303 2117 1339 su-

564 1357 786 1422 perioris
829 1357 1032 1410 licentia
1077 1359 1255 1412 haberi
1300 1360 1652 1426 prmsumitur.
1702 1356 1975 1409 Postremo
2017 1359 2116 1411 hoc

566 1441 725 1478 sensu
779 1428 993 1492 majoris
1044 1430 1261 1481 verbum
1313 1430 1581 1491 accepisse
1635 1428 1880 1480 videntur
1931 1426 2117 1483 Petrus

565 1495 802 1548 Damiani
831 1512 951 1549 mox
976 1499 1243 1559 citatulus,
1266 1508 1318 1551 et
1338 1498 1565 1552 Joannes
1590 1496 1863 1551 Caramuet

638 1566 893 1619 Caeterum
922 1570 1204 1633 po-teriora
1233 1571 1341 1622 Ιιςνε
1376 1570 1433 1620 8.
1468 1568 1732 1621 Βυῐιθᾱίιειὶ
1773 1568 1927 1621 verba
1951 1610 1967 1630 ,
1996 1567 2117 1630 qui-

564 1628 664 1688 bus
686 1628 934 1688 imitanda
960 1637 1201 1704 proponit
1228 1638 1325 1693 SS.
1361 1639 1570 1691 Patrum
1608 1638 1850 1703 exempla
1869 1678 1880 1691 .
1911 1628 2118 1690 duobus

568 1704 738 1758 modis
766 1706 900 1758 dicta
943 1722 1061 1761 esse
1102 1709 1260 1762 docet
1302 1708 1630 1762 llildetnarus
1660 1725 1675 1758 ;
1708 1706 1766 1756 1ο
1811 1707 2117 1759 humilitatis

566 1776 754 1835 gratia,
793 1775 945 1830 sicuti
995 1779 1178 1832 ultimo
1224 1780 1424 1845 capite,
1450 1778 1534 1829 ubi
1576 1777 1810 1829 tendenti
1844 1776 1913 1828 ad

567 1845 794 1899 ctionem
836 1850 1079 1912 proponit
1123 1848 1416 1901 doctrinam
1459 1848 1555 1902 88.
1601 1846 1989 1905 catholicorum~
2021 1847 2110 1899 Pa-

571 1926 729 1978 trum,
765 1913 1012 1984 Regulam
1039 1917 1095 1973 8.
1128 1918 1329 1979 Basilii,
1372 1918 1506 1970 vitas
1532 1926 1585 1969 et
1608 1917 1839 1969 instituta
1869 1917 2117 1977 Patrum;

568 1984 808 2051 quamvis
834 1988 1151 2041 desideranti
1179 1987 1404 2053 perfecte
1428 1990 1601 2039 vivvre
1625 1988 1842 2040 omnino
1869 1986 1997 2038 nihil
2028 1988 2119 2040 de-

568 2054 639 2107 sit
671 2055 719 2107 in
748 2056 867 2120 eius
895 2056 1117 2125 Regula;
1148 2056 1209 2107 2“
1239 2057 1357 2124 quia
1398 2058 1520 2111 licet
1558 2057 1863 2110 interiorem
1893 2056 2118 2109 lit-minis

572 2125 1031 2180 mortiﬁcationem
1054 2128 1306 2195 integram
1339 2127 1660 2192 praescribat,
1689 2128 1860 2194 quoad
1889 2128 2120 2180 exterio-

571 2209 683 2248 rem
731 2208 902 2267 tatnett
950 2198 1177 2265 amplius
1220 2197 1415 2267 aliquid
1460 2196 1512 2251 itt
1564 2207 1865 2251 sanctorum
1921 2198 2121 2251 relucet

569 2264 845 2333 exemplis.

642 2334 766 2389 Haec
800 2344 921 2389 sunt
959 2336 1217 2404 prtecipua
1244 2353 1362 2404 quae
1401 2337 1619 2405 gradum
1648 2335 1787 2389 hunc
1813 2336 2119 2392 humilitatis

568 2414 808 2457 octavum
848 2414 1115 2469 spectant,
1146 2408 1230 2461 eui
1257 2409 1314 2463 S.
1346 2406 1640 2461 Bernardus
1667 2406 1903 2474 quinttttn
1932 2422 2119 2473 super-

569 2474 671 2527 hia:
700 2475 1117 2541 singularitatem
1144 2478 1383 2545 opponit.
1413 2480 1498 2530 ubi
1527 2487 1671 2531 certe
1699 2478 1985 2530 notandum
2015 2486 2116 2539 est,

568 2559 661 2598 eos
682 2546 1055 2607 singularitatis
1082 2557 1205 2602 nota
1233 2547 1367 2601 haud
1390 2563 1509 2602 esse
1533 2546 1839 2613 culpandus,
1864 2548 1955 2615 qui
1978 2548 2026 2600 in
2044 2549 2122 2601 eis

569 2615 824 2669 cmuobiis
853 2617 1124 2683 degentes,
1166 2618 1217 2671 in
1249 2618 1438 2685 quibus
1462 2618 1693 2671 strictior
1722 2617 1914 2685 regulae
1940 2618 2123 2672 obser-

569 2687 741 2738 vantia
774 2702 875 2738 non
908 2685 1033 2738 nihil
1066 2688 1356 2751 relaxatur,
1387 2699 1576 2755 printer
1610 2702 1941 2741 communem
1990 2689 2123 2741 alio-

572 2770 691 2807 rum
728 2755 943 2808 lratrum
975 2757 1184 2825 vivendi
1218 2757 1472 2811 rationem
1509 2757 1703 2823 regulae
1731 2766 1923 2810 statuta
1960 2772 2123 2825 gene-

572 2838 691 2875 rosa
738 2824 1103 2895 pertinacitate
1141 2828 1468 2886 custodiunt;
1509 2830 1632 2895 quin
1687 2829 1856 2895 potius
1899 2824 2123 2881 caiteros

570 2908 757 2947 omnes
787 2894 976 2947 merito
997 2896 1288 2963 singulares
1304 2912 1420 2950 esse
1437 2894 1707 2962 dicendos,
1731 2906 1911 2964 utpote
1932 2908 2123 2965 prater

570 2979 902 3036 communem
927 2966 1155 3035 regulam
1186 2977 1419 3036 agentes.

642 3033 745 3104 Sed
781 3048 953 3103 neque
978 3033 1071 3088 eos
1110 3037 1195 3104 qui
1221 3033 1358 3089 'cum
1399 3038 1599 3092 abbatis
1636 3036 2000 3092 benedictione
2027 3036 2123 3091 ali-

571 3103 695 3171 qttid
723 3120 877 3169 supra
906 3105 1138 3172 regulam
1163 3108 1333 3161 facere
1358 3117 1577 3169 tentant,
1623 3123 1743 3161 cum
1789 3108 1839 3161 id
1882 3109 2124 3161 consulat

2212 516 2492 590 dormitet;
2528 518 2868 590 postrvigilias
2889 521 3004 590 aliis
3033 520 3081 571 in
3109 516 3754 590 rlaustroquiescentibus.

2214 585 2358 638 solus
2386 598 2617 639 remanet
2649 589 2697 639 in
2727 589 3063 656 oratorio(S.
3099 590 3249 645 Bern.
3287 594 3349 643 de
3376 585 3554 645 'Grad.
3584 585 3751 647 ltuuu'i.

2210 672 2257 729 ς.
2294 656 2410 729 ib);
2435 676 2452 705 ι
2480 657 2551 729 ἐξ
2572 665 2628 708 ιιι
2659 657 2893 720 occulte,
2923 669 3173 727 quantum
3200 661 3312 715 lieri
3337 673 3524 729 potest,
3547 663 3763 725 aliorum

2212 725 2416 793 fugiens
2436 727 2639 791 oculos,
2670 744 2786 793 ruite
2814 729 2911 782 sibi
2942 725 3316 795 permittuntur
3339 725 3514 787 iaciat.

2606 838 2680 892 De
2702 858 2832 894 nono
2865 844 3161 897 humilitatis
3187 849 3363 912 gradu.

2288 928 2787 1010 Nonuslt‘tunilitatis
2810 935 3119 1010 gradus‘est,
3149 938 3191 987 si
3221 939 3445 1009 linguam
3470 944 3537 991 ad
3566 940 3757 1010 loquen-

2215 1000 2345 1075 dum.
2362 1001 2620 1075 prohibeat
2653 1004 2968 1075 "tuaac/tum]
2996 1000 3570 1072 Postquamvsuttertori
3601 1000 3757 1065 liumi-

2216 1068 2378 1143 litatis
2404 1072 2567 1135 gradu
2598 1068 2970 1127 monachorum
2999 1068 3153 1130 actus.
3168 1080 3416 1143 repressit
3441 1082 3497 1133 S.
3527 1081 3580 1133 l’.
3608 1083 3757 1136 Bene-

2214 1140 2385 1213 dictus
2404 1180 2418 1202 ,
2439 1153 2835 1213 consequenter
2863 1147 2912 1198 in
2955 1152 3193 1213 praesenti
3222 1140 3405 1201 eorum
3434 1151 3587 1203 verba
3625 1168 3754 1204 σοιιιο

2217 1208 2400 1285 pescit.
2435 1211 2497 1263 Et
2524 1208 2732 1279 quidem
2775 1215 2837 1265 ad
2883 1208 3186 1269 humilitatis
3216 1219 3458 1272 virtutem
3511 1221 3757 1285 pertinere

2217 1278 2480 1358 silentium
2516 1278 2610 1345 pro
2638 1295 2911 1350 comperto
2934 1296 3044 1347 est;
3071 1302 3188 1339 natu
3220 1304 3338 1339 cum
3365 1278 3625 1354 superbia:
3650 1306 3756 1358 pro-

2217 1347 2386 1418 prium
2431 1351 2499 1402 sit
2527 1365 2739 1418 pet-cata
2763 1347 2856 1406 sua
2883 1371 3134 1409 exi-usare
3156 1396 3169 1417 ,
3198 1358 3334 1412 bene
3362 1347 3474 1412 sive
3502 1362 3632 1413 male
3650 1347 3755 1415 acta

2215 1416 2435 1496 iactare,
2480 1416 2678 1474 indulta
2726 1424 2822 1475 sibi
2873 1439 2901 1475 a
2955 1423 3059 1477 Deo
3106 1427 3295 1479 talenta
3342 1430 3662 1496 praedicare;
3698 1432 3755 1484 ad

2221 1487 2825 1567 humilitati-urecontra
2874 1487 3578 1567 pertittetgpeccata'propria
3619 1487 3758 1567 agno-

2220 1560 2446 1635 scendo,
2479 1560 2686 1635 uibiliu
2716 1578 2775 1615 se
2802 1564 2925 1616 boui
2951 1565 3344 1632 perspiciendo,
3367 1560 3591 1635 semper
3612 1560 3759 1625 latere

2221 1627 2840 1701 desiderando,linguam
2865 1636 2927 1685 ad
2954 1627 3277 1701 loquendum
3305 1627 3612 1700 prohibere;
3636 1642 3758 1694 unde

2223 1693 2455 1773 Grimlaii
2477 1715 2537 1752 us
2565 1699 2653 1770 (In
2688 1693 2812 1773 Reg.
2845 1704 2963 1757 soli:
2998 1693 3044 1757 cl
3074 1706 3200 1773 (il):
3235 1725 3252 1754 ι
3284 1693 3667 1770 Taciturnitsis,
3692 1693 3757 1764 in-

1946 1776 2119 1858 pelta.
2152 1799 2195 1858 Β
2222 1766 2357 1858 quit,
2388 1768 2551 1858 virtus
2574 1766 2673 1825 'est
2717 1766 3054 1835 humilitatis,
3075 1766 3154 1856 .et'
3190 1776 3437 1833 indicium
3483 1766 3761 1849 gravitatis,

2226 1840 2394 1890 nutrix
2425 1838 2696 1895 virtutum.
2725 1854 2774 1894 et
2798 1854 2975 1897 custos
3003 1845 3315 1899 animarum.
3349 1867 3367 1898 ι

2293 1904 2369 1986 Et
2394 1919 2473 1959 tac
2496 1912 2780 1986 tut-nitatem
2816 1913 3000 1986 [iubens
3044 1932 3197 1986 usque
3235 1917 3303 1967 ad
3339 1918 3759 1986 interrogationem

2221 1994 2321 2029 non
2352 1979 2662 2050 loquantur.]
2687 1982 2756 2034 Ita
2780 1983 2936 2035 etiam
2966 1984 3025 2043 S.
3051 1979 3270 2039 Basilius
3291 1986 3491 2050 (Serm.
3515 1979 3577 2041 de
3599 1991 3759 2042 Abdic.

2221 2050 2411 2114 rerum)
2445 2067 2458 2101 ε
2497 2068 2514 2098 ι
2548 2051 2903 2113 Interrogatus
2946 2056 3151 2109 decenti
3195 2068 3247 2109 et
3296 2050 3485 2112 humili
3521 2074 3647 2114 voce
3683 2075 3758 2114 re-

2222 2122 2454 2185 Sponde;
2481 2135 2582 2173 non
2608 2123 2976 2191 interrogatus,
3005 2134 3136 2179 tace.
3162 2125 3218 2180 Si
3241 2127 3374 2182 alter
3401 2128 3759 2192 interrogetur,

2222 2202 2282 2240 os
2313 2195 2802 2265 tuum_co_mpri_n.e;
2834 2212 2898 2245 ne
2923 2211 2952 2247 a
2987 2196 3193 2258 procaci
3234 2198 3395 2252 corde
3424 2198 3656 2265 impulsa
3682 2199 3763 2253 lin.

2221 2272 2322 2321 gua
2350 2267 2433 2310 tua
2464 2259 2616 2335 frriat
2644 2263 2867 2335 aliquem
2890 2279 3079 2335 eorum
3110 2267 3197 2335 qui
3231 2280 3289 2319 se
3318 2267 3367 2320 in
3395 2259 3595 2335 pietate
3626 2284 3761 2323 exer-

2222 2337 2365 2405 cent.
2395 2339 2449 2382 et
2480 2339 2529 2383 te
2569 2332 2789 2405 vinculis
2826 2334 3102 2388 criminum
3129 2332 3491 2405 constringat.
3527 2357 3544 2389 ι
3578 2339 3675 2394 sed
3717 2353 3764 2393 et

2223 2396 2274 2450 in
2312 2403 2632 2454 monaSterio
2663 2401 3013 2470 Hermupolim
3055 2405 3229 2468 dicto,
3274 2424 3293 2456 ι
3331 2396 3475 2461 tanta
3518 2422 3629 2463 erat
3658 2413 3761 2463 taci-

2225 2472 2451 2521 turnitas
2480 2488 2597 2526 cum
2627 2473 2974 2538 abstinentia,
2996 2485 3057 2527 ut
3082 2477 3256 2528 nullus
3280 2478 3505 2531 auderet
3533 2478 3629 2531 nisi
3653 2496 3772 2532 cum.

2221 2538 2362 2615 justa
2418 2542 2824 2596 interruaatioue
2889 2546 2972 2598 vel
3038 2556 3182 2598 ret-to
3248 2562 3506 2615 responso
3558 2550 3760 2615 reddere

2224 2609 2463 2680 verbum,
2500 2630 2519 2661 ι
2573 2622 2627 2665 ιιι
2675 2624 2893 2667 testatur
2925 2614 3245 2680 l’apbnutius
3285 2609 3351 2669 in'
3392 2618 3509 2672 Vita
3553 2612 3608 2672 S.
3634 2620 3763 2673 Onu-

2225 2678 2361 2746 phrii
2404 2695 2519 2756 cap.
2556 2682 2591 2736 5
2627 2681 2765 2756 (Lib.
2799 2700 2812 2737 t
2845 2686 2906 2737 de
2934 2678 3050 2756 AVit.
3082 2683 3249 2748 Pat.).
3290 2686 3518 2756 Fuitque
3555 2693 3633 2744 lex
3676 2691 3761 2741 ista

2226 2754 2521 2824 communis
2547 2755 2683 2824 apud
2713 2769 2895 2808 omnes
2923 2753 3035 2809 fere
3057 2767 3261 2810 veteres
3286 2753 3595 2820 monachos,
3622 2774 3760 2824 quam

2223 2819 2403 2899 videre
2422 2836 2523 2899 Β(ξςι
2563 2823 2611 2899 i_n
2649 2823 2852 2899 begula
2898 2825 2952 2878 8.
2999 2824 3236 2899 Ferreoli
3255 2841 3376 2899 cap.
3414 2827 3520 2899 29;
3548 2819 3760 2899 238m

2225 2890 2399 2964 prima,
2421 2890 2616 2964 Regula
2644 2894 2700 2949 8.
2737 2894 3010 2948 Fructuosi
3029 2937 3045 2959 ,
3070 2911 3186 2964 cap.
3215 2890 3398 2956 ἥξει
3428 2898 3481 2950 in
3508 2890 3725 2952 sane:
3747 2937 3760 2955 .

2224 2973 2342 3038 cap.
2371 2962 2436 3024 5;
2468 2961 2520 3015 itt
2556 2965 2748 3038 Regula
2791 2961 3191 3038 Magi_st_ri,_ca'n.
3218 2969 3287 3038 87;
3322 2966 3370 3021 in
3404 2966 3601 3038 Regula
3643 2969 3762 3021 Soli-

2225 3030 2498 3102 yriorutn.
2517 3046 2637 3102 cap.
2671 3032 2729 3088 6|
2757 3050 2771 3098 ;
2800 3030 2934 3102 apud
2964 3034 3225 3089 Bullinum
3260 3037 3308 3090 in
3349 3038 3437 3095 lib.
3472 3030 3529 3092 ιῖι
3559 3040 3623 3093 de
3646 3039 3764 3094 Vitis

2225 3097 2373 3176 Pat_._,
2395 3097 2598 3168 ".186,
2620 3116 2671 3158 et
2696 3106 2747 3158 in
2771 3097 2863 3160 lili.
2888 3122 2918 3157 v
2946 3105 3013 3161 de
3042 3105 3177 3160 Vitis
3206 3105 3448 3174 Patrum,
3480 3109 3653 3165 libello
3677 3110 3757 3176 l0,

572 3175 682 3238 ipse
707 3175 769 3231 8.,
796 3174 853 3229 Ρ.
888 3173 1223 3235 Benedictus.
1270 3193 1467 3246 nosque
1508 3180 1573 3232 ad
1615 3178 1665 3232 id
1697 3178 1971 3232 hortentur
2000 3194 2124 3232 san-
2148 3177 2196 3243 C
2227 3185 2280 3222 ηε
2300 3172 2399 3246 εἴθ,

571 3254 775 3317 etorqu
806 3245 1045 3313 exempla
1075 3255 1128 3297 et
1160 3246 1318 3301 dicta.
1356 3245 1460 3304 (Si
1501 3263 1657 3314 vero,
1695 3248 1862 3317 inquit
1891 3248 1947 3301 S.
1979 3249 2122 3301 Bad-

572 3314 674 3387 lius
698 3314 850 3387 (Reg.
882 3316 1043 3387 brev,,
1081 3317 1227 3371 inter.
1261 3317 1412 3386 1.38).
1440 3319 1713 3387 quisquam
1752 3314 1894 3384 putet
1924 3335 1981 3374 se
2009 3319 2122 3384 plu-

572 3384 720 3457 ribus
744 3384 877 3451 opus
903 3384 1117 3457 habere,
1138 3388 1218 3440 \el
1243 3387 1293 3440 itt
1318 3384 1627 3456 jejunaudo,
1657 3390 1736 3441 vel
1765 3392 1815 3442 in
1840 3391 2121 3457 vigilando,

572 3453 682 3527 sive
711 3470 1018 3527 quacunque
1057 3456 1156 3510 alia
1205 3459 1254 3510 itt
1302 3453 1385 3519 re;
1425 3474 1633 3512 causam
1665 3473 1812 3511 suam
1844 3453 2126 3527 patefaciat

573 3525 638 3577 iis
664 3525 852 3591 quibus
880 3528 1173 3579 communis
1202 3528 1415 3581 lratrunt
1446 3528 1746 3583 cont-redita
1775 3525 1857 3584 est
1883 3544 2041 3594 cura,
2071 3541 2120 3582 et

571 3597 712 3662 quod
742 3594 807 3647 ab
836 3596 935 3648 illis
961 3598 1227 3651 decretum
1260 3597 1417 3651 l‘tr-rit
1452 3600 1732 3653 custodiat.
1772 3618 1790 3649 ι
1844 3599 1908 3652 Ει
1938 3599 2125 3653 Petrus

572 3666 809 3718 Damiani
840 3682 851 3715 :
892 3685 910 3716 ι
948 3666 1072 3719 Illud
1107 3678 1154 3720 te
1189 3669 1473 3734 pra-cipue,
1504 3681 1556 3723 et
1584 3669 1682 3723 sub
1709 3669 1944 3723 districta
1976 3684 2125 3735 pror-

571 3751 661 3789 sus
701 3735 1159 3809 animadversione
1200 3754 1530 3805 praetnoneo,
1578 3755 1645 3794 ne
1690 3738 2042 3809 quorumlibet
2074 3750 2124 3792 te

572 3810 791 3859 tratrutn
817 3807 1081 3859 olleudant
1108 3809 1303 3873 privata
1324 3811 1548 3875 ,ejunia;
1574 3807 1853 3863 noti—enim
1874 3824 2124 3874 quorum-

572 3876 858 3947 datutnihi
902 3878 1149 3930 similium
1178 3880 1321 3931 vitia.
1383 3879 1627 3932 Nonnulli
1664 3883 1803 3932 enim
1844 3879 1960 3932 aliis
1991 3879 2124 3947 jcju-

574 3946 820 3999 nantibus
846 3956 991 3999 tanto
1019 3948 1198 4001 livoris
1226 3959 1380 4017 atque
1406 3950 1613 4002 invidia:
1647 3949 1766 4004 felle
1794 3946 2121 4017 torqui-ntur,

576 4026 630 4067 ut
652 4017 859 4068 illorum
885 4018 1104 4070 salutem
1133 4019 1343 4071 sibimet
1383 4019 1433 4072 in
1468 4018 1753 4084 perniciem
1784 4029 2023 4080 vertant,
2048 4030 2120 4085 et,

576 4095 632 4137 ut
658 4086 728 4138 ita
753 4085 954 4153 loquar,
980 4103 1073 4151 per
1093 4088 1246 4157 alieni
1276 4089 1539 4156 prolectus
1564 4092 1757 4142 scalam
1782 4089 1878 4153 ipsi
1911 4090 1960 4141 in
1987 4105 2122 4157 prx-

573 4156 809 4229 cipitium
830 4156 1287 4229 corruant._Non,
1328 4160 1590 4224 inquiunt,
1620 4160 1743 4213 licet
1769 4159 1924 4229 237
1958 4156 2124 4229 agere

575 4225 677 4298 nisi
704 4225 841 4293 quod
872 4227 1170 4285 communis
1197 4232 1496 4281 monasterii
1532 4231 1707 4297 regula
1748 4225 2122 4298 va'titajorum

574 4295 917 4368 cohortantur
937 4298 1192 4363 exempla.
1222 4298 1422 4368 Quiuus
1440 4295 1871 4367 facileiespoode
1897 4295 1978 4363 ur',
2003 4314 2124 4368 qua

574 4370 618 4418 si
650 4365 828 4432 regula
853 4381 879 4416 a
923 4369 1150 4434 regendo
1188 4366 1377 4420 dicitur
1398 4409 1413 4434 ,
1445 4371 1615 4434 potius
1649 4365 1714 4422 ad
1743 4365 2124 4423 districtionem

574 4434 756 4503 jejuuti
785 4451 937 4507 quam
984 4436 1047 4489 ad
1090 4438 1487 4491 dssolutionetn
1533 4440 1611 4492 vel
1641 4440 1839 4493 ventris
1866 4440 2131 4507 pertinere

574 4507 783 4558 vidi-tur
827 4506 1103 4573 ingluviem
1129 4524 1144 4571 ;
1172 4518 1329 4575 atque
1360 4509 1477 4560 ideo
1503 4510 1575 4564 illi
1611 4510 1745 4563 inter
1770 4506 1877 4564 eos,
1892 4524 1997 4563 non
2029 4510 2125 4563 itii-

573 4577 1014 4649 tuerito_majores
1058 4589 1171 4629 sunt
1206 4578 1504 4647 judicandi,
1551 4594 1838 4649 eorumque
1884 4580 2124 4647 exempla

572 4646 843 4718 sectanda,
873 4645 961 4715 qui
994 4661 1084 4711 per
1112 4645 1385 4710 angustam
1412 4649 1714 4718 gradientes
1750 4645 1985 4717 portam,
2028 4645 2126 4703 sub

573 4717 877 4770 sobrietatis
905 4717 1107 4785 legibus
1133 4726 1186 4771 et
1213 4717 1452 4771 arctioris
1479 4720 1649 4772 crucis
1676 4718 1872 4775 Christi
1902 4734 2129 4773 noscun-

576 4798 659 4838 tttr
707 4788 883 4841 vivere
927 4787 1219 4855 disciplina.
1257 4805 1275 4838 ι
1329 4787 1588 4842 [lactentis
1631 4788 1815 4843 Petrus
1860 4789 2128 4850 Damiani;

571 4873 691 4925 qua:
728 4859 923 4911 utinam
968 4859 1017 4909 ιιι
1064 4856 1319 4912 στωιιυὺὶὶδ
1359 4859 1640 4919 aliquando
1679 4859 1909 4924 experiri
1936 4875 2040 4913 non
2073 4861 2134 4915 li-

577 4940 695 4980 ceat
734 4943 751 4998 ;
797 4943 934 4981 nunc
972 4927 1112 4980 enim
1154 4943 1219 4981 eo
1250 4927 1608 4998 devenimus,
1657 4939 1713 4981 ut
1753 4928 2131 4998 singularitatis

577 5009 701 5050 nota
731 4996 1005 5051 iuurautttr
1026 4998 1058 5050 ti
1083 4999 1167 5066 qui
1197 4997 1260 5050 ad
1286 4999 1481 5066 majora
1507 4999 1710 5063 pietatis
1737 5008 1789 5052 et
1810 4996 2130 5067 ptenitentia:

575 5081 736 5133 opt-ra
773 5081 1048 5127 assurgere
1083 5068 1323 5130 student;
1357 5079 1567 5121 econtra
1600 5070 1832 5136 regulam
1875 5072 2126 5135 pra-vari-

576 5149 779 5203 cantes,
809 5146 965 5203 atque
1002 5155 1030 5189 a
1076 5138 1287 5192 Patrum
1333 5139 1583 5192 institutis
1632 5139 1973 5196 recedentes.
2006 5139 2129 5193 licet

576 5206 778 5275 aliquas
805 5222 1173 5275 nonnunquam
1198 5223 1226 5257 a
1254 5210 1526 5270 superiore
1543 5218 1889 5275 extorqueant
1911 5209 2124 5273 dispen-

576 5277 970 5347 sationi-s,veri
1014 5278 1190 5347 utique
1232 5276 1559 5346 singulares,
1593 5278 1972 5344 patientissime
2003 5278 2130 5331 tole-

578 5360 781 5409 rantur,
812 5346 1119 5400 charitative
1147 5361 1238 5401 seu
1266 5348 1434 5414 p0titts
1462 5348 1946 5403 itntnisericorditcr
1971 5363 2130 5401 excu-

576 5428 778 5480 santur,
811 5417 1095 5487 aliquando
1116 5419 1272 5471 etiam
1299 5418 1595 5484 laudantur,
1624 5434 1741 5471 cum
1766 5420 1816 5472 in
1846 5418 1941 5470 hos
1966 5421 2131 5487 magis

578 5486 965 5541 inclamandutn
992 5488 1187 5540 luisset.

646 5559 930 5617 ueterum,
974 5571 1106 5625 quos
1145 5557 1208 5610 ad
1250 5558 1445 5625 majora
1483 5572 1635 5625 supra
1684 5556 1914 5627 regulam
1946 5572 2128 5625 aggre-

580 5628 766 5679 ‘tlienda
795 5627 930 5679 Deus
958 5635 1109 5680 vocat
1130 5667 1142 5685 .
1174 5630 1277 5679 duo
1309 5637 1490 5680 monet
1518 5629 1601 5679 hic
1631 5627 1910 5682 Menardus
1940 5644 1952 5679 :
1995 5628 2048 5682 1⁸
2079 5635 2135 5679 ιιι

586 5706 744 5748 totam
784 5695 1103 5749 adamussitu
1154 5702 1382 5763 regulam
1428 5697 1754 5759 custodiant;
1789 5713 1957 5763 tneque
1994 5697 2133 5751 enim

588 5767 731 5818 leren
754 5768 832 5818 tus
862 5775 940 5818 est
965 5769 1048 5818 ille
1075 5768 1161 5834 qui
1197 5786 1211 5814 ι
1246 5767 1415 5834 vigilat
1451 5768 1498 5819 in
1528 5768 1681 5831 lecto,
1713 5768 1902 5821 dortntt
1934 5768 1983 5821 itt
2011 5768 2139 5820 choo

2296 3240 2397 3314 Sed
2428 3242 2547 3297 huic
2570 3243 2625 3299 S.
2654 3244 2918 3301 Benedicti
2947 3247 3164 3301 decreto
3197 3248 3456 3314 duplicem
3490 3249 3644 3303 alium
3679 3250 3747 3304 Re

2222 3310 2358 3385 gula:
2380 3315 2547 3366 locum
2567 3317 2789 3384 opponit
2818 3317 3177 3381 Hildemarus;
3203 3310 3361 3372 unum
3383 3333 3447 3372 ex
3468 3334 3586 3385 cap.
3614 3323 3664 3384 ti,
3686 3321 3761 3373 ubi

2223 3382 2421 3455 absque
2443 3385 2545 3437 ulla
2569 3382 2978 3454 interrogatione
3001 3389 3299 3443 necessaria
3326 3404 3355 3441 a
3385 3382 3562 3454 priore
3586 3382 3762 3455 requiri

2224 3451 2282 3504 8.
2319 3451 2473 3526 ιξιιιει·
2521 3451 2802 3522 permittit;
2856 3457 3078 3511 alterum
3126 3474 3190 3512 ex
3238 3451 3425 3526 quinto
3470 3451 3762 3513 humiliiatis

2222 3523 2409 3589 gradu,
2440 3540 2543 3592 quo
2568 3541 2840 3592 perversas
2869 3528 3214 3595 cogitationes
3252 3523 3303 3580 et
3352 3529 3489 3582 mala
3517 3529 3756 3582 abscouse

2223 3594 2506 3645 commissa
2532 3610 2625 3663 per
2653 3595 2903 3651 ltutnilem
2934 3594 3322 3652 confessionem
3360 3598 3538 3653 abbati
3573 3614 3672 3653 non
3694 3600 3761 3652 itt-

2226 3664 2509 3729 terroganti
2537 3667 2773 3720 revelare
2792 3667 3056 3733 iubemur.

2299 3733 2621 3789 [)tllicultatis
2669 3737 2863 3789 nodum
2907 3739 3063 3791 solvit
3102 3737 3239 3791 idem
3285 3737 3620 3792 Ilildemarus
3656 3753 3761 3790 cum

2227 3800 2495 3875 Bernardo
2515 3803 2814 3859 Cassineusi
2835 3817 2885 3860 et
2911 3807 3156 3870 Boherio,
3182 3809 3573 3875 quadruplicem
3598 3808 3760 3863 distiu-

2225 3873 2434 3948 guendo
2457 3876 2941 3948 interrogationem.
2969 3876 3056 3930 Est
3080 3878 3209 3948 enim
3232 3873 3557 3948 interrogatio
3578 3878 3761 3948 mentis,

2224 3942 2275 3992 in
2300 3945 2613 4014 conscientia:
2638 3946 3039 4009 reprehensione,
3063 3947 3128 4000 de
3143 3963 3244 4014 qua
3270 3942 3451 4014 quinti.
3477 3946 3761 4001 humilitatis

2225 4013 2407 4087 gradu.
2442 4014 2505 4065 Et
2532 4027 2601 4068 est
2629 4016 2954 4087 interrogatio
2981 4013 3313 4087 necruitatis’,
3337 4034 3447 4082 qua:
3484 4018 3541 4085 ﬁt
3582 4019 3760 4078 ἰδιωτ-

2227 4082 2393 4155 porali
2422 4099 2541 4155 protr
2561 4087 2728 4149 sione,
2765 4082 2838 4139 de
2868 4102 2967 4152 qua
3005 4103 3121 4149 cap.
3153 4088 3205 4141 6.
3251 4086 3315 4140 Et
3350 4101 3422 4140 est
3456 4082 3760 4155 interrogatio

2226 4152 2482 4217 utilitatis,
2497 4171 2607 4221 qua!
2628 4156 2682 4221 [it
2701 4159 2757 4210 in
2782 4172 2977 4208 morum
2998 4161 3071 4209 vel
3097 4159 3411 4210 conscientia:
3431 4152 3761 4210 instruction.

2227 4222 2461 4295 Tandem
2489 4234 2567 4295 est
2590 4225 2913 4295 interrogatio
2942 4226 3212 4292 superiOris
3253 4245 3344 4294 pro
3382 4229 3572 4281 subditi
3612 4226 3759 4279 obedi-

2228 4294 2360 4368 tione
2388 4294 2464 4345 vel
2489 4294 2572 4368 rei
2600 4294 3181 4368 alicujusinquisitione.
3214 4298 3348 4368 Ergo
3376 4297 3461 4350 ubi
3495 4296 3759 4368 reprehens

2228 4362 2303 4415 dit
2326 4364 2666 4435 conscientia,
2700 4362 2786 4419 tibi
2836 4362 3058 4429 insurgit
3106 4362 3309 4435 aliqua'
3327 4362 3644 4428 necessitas,
3687 4367 3763 4419 ubi

2228 4434 2402 4507 gravis
2429 4437 2664 4507 exoritur
2692 4435 2907 4499 utilitas,
2942 4439 3296 4507 interrogatus
3324 4448 3570 4494 censetur
3599 4452 3765 4491 manas

2233 4503 2385 4573 chus,
2417 4512 2471 4556 et
2496 4503 2636 4557 licite
2665 4516 2834 4573 potest
2862 4507 3021 4568 loqui.

2308 4571 2446 4645 Duas
2471 4574 2601 4628 alias
2625 4571 2687 4628 ad
2713 4576 2847 4629 hanc
2867 4576 3213 4645 objectiOnem
3236 4576 3522 4631 solutiones
3548 4575 3766 4630 adhibuit

2236 4642 2509 4707 Boherius,
2543 4646 2781 4702 Scilicet:
2822 4648 2880 4699 ίο
2910 4642 2966 4698 ut
2994 4649 3279 4700 monachus
3325 4663 3421 4699 non
3459 4649 3685 4712 loquatur
3721 4647 3767 4695 in

2234 4726 2475 4785 conventu
2502 4730 2587 4767 seu
2615 4719 2664 4767 in
2691 4717 2957 4782 pt'wseutia
2982 4717 3233 4770 seniorum
3259 4718 3323 4769 ad
3356 4718 3637 4785 spiritalem
3665 4720 3763 4767 cof-

2234 4784 2486 4840 latiouem
2528 4796 2994 4853 congregatorum;
3025 4787 3161 4855 quod
3192 4784 3417 4841 maxime
3453 4787 3601 4840 decet
3630 4788 3766 4851 juve-

2235 4869 2352 4928 nes,
2376 4864 2427 4928 et
2449 4859 2584 4921 quod
2624 4856 2748 4928 vidi,
2777 4855 2964 4921 inquit.
3007 4873 3039 4909 a
3076 4857 3244 4910 multis
3274 4857 3584 4928 regularibus
3625 4858 3766 4908 obser-

2234 4923 2370 4995 t'ari;
2399 4922 2461 4975 2°
2490 4936 2545 4976 ut
2587 4941 2689 4978 non
2738 4927 3111 4995 interrogatus,
3145 4928 3192 4980 id
3222 4936 3304 4980 est
3331 4922 3432 4979 itan
3472 4927 3646 4992 jussus
3675 4941 3763 4995 non

2234 4992 2479 5060 loquatur
2501 4995 2702 5059 publice
2725 5012 2814 5062 per
2829 4992 2971 5051 verbi
2993 4998 3152 5050 divini
3178 4992 3763 5063 prtedicationetnmuod

2236 5064 2494 5136 monacho
2525 5080 2625 5136 non
2670 5066 2821 5129 licet,
2867 5075 2922 5119 tit
2949 5065 3200 5136 discimus
3228 5082 3290 5120 ex
3318 5067 3415 5118 hoc
3441 5067 3623 5136 synodi
3648 5067 3767 5117 Com

2235 5134 2711 5197 st'antittottOlllatltl:
2739 5136 2952 5190 decreto
2977 5152 3005 5188 a
3036 5135 3285 5190 Gratiano
3311 5134 3515 5189 relato:
3553 5154 3571 5185 ι
3605 5135 3762 5187 Mona-

2235 5203 2450 5256 chortttn
2483 5203 2586 5257 vita
2617 5205 2960 5273 subiectionis
2989 5205 3141 5264 habet
3178 5209 3393 5267 verbum
3420 5220 3474 5260 et
3508 5203 3767 5272 discipula-

2237 5282 2339 5337 tus,
2366 5289 2467 5325 nou
2489 5273 2731 5335 docendi,
2757 5276 2834 5328 vel
2860 5276 3193 5340 prazsidendi.
3215 5277 3296 5330 vel
3324 5275 3565 5342 pascendi
3592 5276 3760 5326 alios.»

2235 5343 2301 5422 Et
2328 5359 2390 5397 ex
2417 5346 2514 5422 hoc
2537 5345 2815 5399 Alexandri
2841 5362 2984 5422 papa:
3006 5362 3040 5399 tt
3066 5361 3269 5422 canone
3296 5363 3310 5399 :
3348 5365 3366 5397 ι
3397 5346 3545 5422 Just:
3566 5342 3763 5422 Chalce-

2236 5414 2485 5466 donensis
2515 5424 2748 5471 tenorem
2777 5416 2959 5481 Optimi
2987 5417 3226 5481 concilii,
3252 5418 3519 5469 monachis
3544 5414 3761 5483 quamvis

2236 5483 2495 5551 religiosis
2537 5485 2601 5539 ad
2644 5502 2879 5538 normam
2922 5486 2979 5551 8.
3026 5486 3289 5543 Benedicti
3340 5490 3470 5540 intra
3496 5486 3760 5539 claustrum

2234 5553 2430 5606 tnorari
2465 5556 2825 5622 pra-cipimus;
2869 5558 3044 5624 vicos,
3071 5557 3313 5621 castella,
3356 5556 3590 5610 civitates
3629 5567 3762 5620 pera-

2234 5638 2389 5689 grare
2430 5625 2806 5690 prohibemus,
2858 5636 2911 5679 et
2961 5641 2988 5678 a
3047 5627 3359 5692 populorum
3413 5624 3761 5690 praedicatione

2236 5693 2452 5746 omnino
2479 5710 2688 5748 cessare
2708 5696 3028 5750 censuimus.
3054 5716 3069 5745 ι
3101 5696 3164 5748 Et
3193 5697 3478 5750 novissime
3506 5693 3759 5749 concilim"

2239 5761 2600 5818 Tridentiuutu
2644 5764 2806 5825 (Seu.
2854 5765 2905 5828 ὅ,
2952 5768 3002 5818 in
3046 5767 3226 5819 ἅπτει.
3276 5768 3337 5821 do
3396 5766 3532 5836 ἔδει,
3570 5782 3614 5818 r.
3650 5765 3700 5831 9.)
3748 5776 3758 5813 :
