3952 6182
472 242 569 295 (ll?

1818 236 1872 297 S.
1914 236 1972 291 P.
2015 231 2363 291 BENEDIC'II

3602 240 3695 290 lilii

472 352 679 407 unicam
711 353 853 409 dedit
904 351 1170 420 linguam,
1213 366 1319 421 quo
1343 352 1560 412 daretur
1613 348 1834 421 intelligi
1864 345 2030 421 duplo
2059 346 2112 421 Α
2143 344 2336 421 nardtts
2367 343 2557 415 (Serm.
2603 343 2674 399 36
2715 345 2767 399 in
2802 344 3009 421 Cant),
3041 361 3145 401 non
3186 363 3312 403 vere
3341 348 3697 405 humilialiltur

472 422 698 492 amplius
721 440 838 478 esse
868 414 1186 479 audiendum
1233 414 1391 493 quam
1444 419 1762 493 loquendum
1788 414 1811 484 ζ
1838 417 1913 472 ιιῑί
1941 416 2037 471 ob-
2086 414 2091 421 ’

475 490 650 549 servat
675 493 733 549 S.
764 495 986 550 Basilius
1018 494 1075 548 in
1104 494 1192 548 lib.
1226 490 1291 547 de
1323 507 1443 546 vera
1469 490 1675 561 Virgin.

796 605 872 660 De
899 607 1196 660 duodecimo
1221 604 1520 659 humilitatis
1539 604 1719 675 gradu.

549 698 885 753 Duodecimus
911 695 1209 751 humilitatis
1256 697 1448 767 gradus
1495 705 1588 767 est,
1638 695 1685 767 si
1734 711 1834 749 non
1878 711 2043 749 soutm

480 770 629 823 corde
650 769 921 822 monachus
941 806 956 829 ,
985 768 1072 822 sed
1101 766 1483 834 etiam'corpore
1510 766 1849 819 humilitatem
1870 767 2044 819 viden-

480 840 613 909 tibus
636 855 688 891 se
707 836 1144 909 semperindicet.]
1162 835 1484 909 Humilitatis
1504 836 1700 890 scalam
1725 835 2042 909 duodecimo

483 908 691 962 tandem
720 910 883 975 gradu
928 908 988 961 8.
1046 907 1203 961 Pater
1247 907 1521 961 absolvit:
1560 920 1664 975 quo
1715 921 1820 959 non
1870 907 2042 959 solum

480 981 662 1041 corde,
694 978 785 1032 sed
809 981 966 1031 e'iam
992 994 1216 1040 corpore
1245 978 1595 1030 humilitatem
1623 975 1843 1029 iudicari
1869 975 2041 1043 jttbet.

488 1049 550 1101 Et
566 1048 776 1118 quidem
791 1049 941 1101 corde
954 1057 1169 1117 propter
1185 1049 1345 1101 Deum
1364 1065 1378 1111 ;
1405 1062 1620 1118 corpore
1634 1057 1846 1118 propter
1866 1048 2043 1118 prosi:

486 1116 660 1183 mum,
691 1120 778 1186 qni
824 1134 887 1173 ex
922 1116 1066 1171 motu
1096 1118 1335 1188 corporis
1376 1116 1653 1188 exteriori,
1686 1116 1753 1171 de
1801 1116 2043 1188 interiori

487 1188 681 1247 animi.
714 1205 869 1255 quem
910 1205 1013 1241 non
1046 1187 1217 1247 videt.
1246 1199 1384 1243 statu
1434 1187 1632 1254 judicat
1671 1187 1921 1241 humilem
1956 1195 2047 1240 aut

489 1261 773 1327 superbum
805 1277 815 1310 :
854 1258 1136 1320 humilem,
1171 1274 1292 1312 cum
1320 1273 1504 1311 omnes
1533 1257 1777 1327 corporis
1806 1265 1955 1310 actus
1980 1256 2045 1309 ad

490 1326 803 1382 modestiam
831 1331 1152 1395 compositos
1179 1328 1554 1397 apprehendit;
1589 1326 1895 1397 superbum,
1926 1341 2046 1379 cum

492 1399 790 1453 inconditus
829 1400 1070 1464 suspicit.
1119 1395 1259 1452 Vide
1291 1397 1485 1450 Juliani
1514 1397 1741 1450 Pomerii
1774 1395 1865 1449 lib.
1898 1412 1954 1449 ιιι
1984 1398 2051 1450 de

493 1469 607 1523 Vita
633 1470 1090 1593 egintemplativa,
1141 1482 1259 1538 cap.
1309 1468 1377 1534 8,
1426 1478 1478 1521 et
1525 1466 1765 1522 Cassian.
1818 1468 1911 1520 lib.
1942 1482 2046 1531 xu,

493 1553 607 1593 can.
710 1580 722 1592 .

488 1553 607 1593 can.
633 1540 722 1593 ‘27.

758 1611 810 1663 iu
841 1626 990 1675 opere
1012 1652 1027 1670 .
1070 1612 1124 1663 in
1164 1608 1385 1662 oratorio
1404 1648 1418 1671 ,
1460 1605 1589 1679 etc.]
1619 1607 1922 1662 Distinctius
1952 1607 2053 1679 hic

494 1680 770 1745 exprimit,
801 1680 936 1748 quod
967 1680 1115 1749 quasi
1144 1680 1432 1749 generatim
1465 1678 1830 1749 praemiserat,
1861 1686 1921 1731 ut
1948 1678 2047 1731 huc

496 1750 775 1804 militatetn
805 1747 1028 1817 coi'pore
1058 1747 1358 1803 videntibus
1385 1764 1444 1802 se
1473 1764 1684 1817 semper
1705 1747 1925 1809 indicet,
1949 1749 2051 1801 sci-

453 1860 455 1863 .
498 1822 615 1875 lcet
641 1820 691 1872 in
719 1837 885 1887 opere,
932 1822 1047 1875 sive
1089 1820 1319 1873 humano
1346 1821 1456 1874 sive
1486 1819 1692 1885 divino;
1724 1821 1776 1871 in
1805 1819 2048 1887 oratorio,

495 1891 653 1944 etiam
677 1901 829 1944 extra
859 1890 1018 1944 divitti
1048 1905 1258 1944 cursum
1283 1888 1469 1954 officii;
1498 1890 1547 1941 in
1571 1890 1892 1953 monasterio,
1922 1898 2051 1952 etc.,

497 1962 572 2013 vel
601 1962 905 2030 ubicunque,
936 1961 989 2015 itt
1018 1960 1161 2015 omni
1199 1959 1405 2013 scilicet
1436 1961 1583 2024 loco;
1628 1962 1803 2014 sedens
1824 2000 1839 2021 ,
1878 1964 2055 2010 ambu-

500 2033 646 2096 lans,
675 2041 838 2093 stans,
889 2033 938 2084 in
972 2034 1115 2085 omni
1156 2032 1356 2085 scilicet
1396 2031 1633 2097 corporis
1661 2041 1809 2093 actu;
1838 2044 2052 2095 semiter,

501 2110 554 2171 ct
582 2114 683 2153 non
717 2109 916 2155 tantum
947 2101 1256 2171 aliquando;
1288 2100 1527 2152 inclinato
1554 2117 1642 2152 suo
1667 2102 1846 2170 capite,
1876 2098 2056 2165 deﬁxis

501 2170 554 2222 in
591 2180 775 2224 terram
806 2170 1088 2239 aspectibus
1114 2189 1134 2227 :
1163 2170 1317 2224 lixam
1361 2172 1501 2225 enim
1532 2172 1710 2224 animo
1753 2171 2054 2237 superbiam

502 2240 867 2303 demonstrat,
895 2243 981 2308 qui
1016 2244 1133 2295 lixis
1165 2243 1212 2294 in
1247 2255 1437 2294 terram
1468 2241 1635 2295 oculis
1661 2241 1905 2294 incedere
1931 2253 2059 2291 con-

505 2311 713 2364 temnit.
764 2311 980 2365 Terram
1034 2324 1207 2367 autem
1256 2310 1342 2365 hic
1390 2311 1689 2365 Bernardus
1728 2309 2060 2363 Cassinensis

506 2384 728 2450 mystice
756 2382 1001 2450 in'elligit
1026 2396 1218 2448 Cmptls
1255 2392 1516 2446 nostrum,
1552 2398 1571 2431 ι
1610 2382 1660 2434 in
1691 2395 1815 2448 quo,
1850 2379 2057 2450 inquit,

504 2448 756 2504 debemus
782 2462 835 2507 at
858 2448 1054 2507 cudi-re
1083 2453 1257 2506 carnis
1286 2451 1540 2505 vilitatem
1564 2493 1579 2515 ,
1628 2462 1860 2505 nostram
1899 2448 2059 2517 fragi-

509 2521 704 2574 litatem
733 2562 747 2585 ,
791 2533 844 2576 et
896 2522 1144 2589 peccandi
1194 2522 1507 2592 pronitatent
1539 2540 1550 2575 :
1585 2521 1685 2575 hoc
1714 2530 1814 2592 est,
1836 2519 1976 2573 enim
2007 2521 2060 2573 itt

506 2599 702 2645 terram
733 2607 977 2658 aspectus
1019 2591 1204 2660 llgere.
1234 2592 1482 2660 pra-dicta
1513 2594 1717 2646 oculata
1750 2591 1853 2645 [ide
1888 2592 2063 2644 consi-

507 2660 713 2733 glerare.
755 2681 772 2713 ι
820 2664 1064 2717 Nicolatts
1093 2662 1158 2717 de
1191 2660 1461 2733 Fractura
1490 2662 1713 2733 mystice
1756 2662 2062 2733 etilittera-

509 2730 650 2802 liter.
682 2733 745 2785 Et
773 2734 981 2802 quidem
1014 2734 1234 2801 mystice
1270 2730 1559 2786 secundum
1590 2748 1711 2786 eum
1748 2750 1766 2783 t
1811 2731 2066 2802 debemus

512 2801 567 2852 in
600 2800 802 2872 terram
834 2800 1079 2872 aspectus
1120 2804 1300 2872 ligerc.
1329 2810 1424 2870 pro
1453 2817 1517 2871 eo
1545 2804 1684 2871 quod
1714 2805 1781 2856 de
1824 2811 1983 2864 terra,
2016 2800 2064 2853 id

512 2880 593 2923 est
620 2870 686 2925 de
714 2872 772 2924 Β.
800 2870 959 2926 Μιιιίιι
993 2870 1226 2937 Veritas,
1274 2871 1323 2925 id
1346 2880 1425 2926 est
1450 2870 1691 2927 Christus
1726 2881 1838 2927 orta
1867 2881 2063 2924 est.....

514 2940 598 2993 vel
641 2941 895 2996 debemus
921 2945 1103 2997 oculos
1151 2941 1201 2995 in
1247 2952 1438 2995 terram
1472 2957 1683 3010 semper
1729 2943 1962 3011 alligem,
2011 2952 2069 2993 ut

513 3011 909 3083 consideremus
945 3016 1216 3066 materiam
1253 3011 1408 3083 2&2
1428 3013 1496 3083 de
1521 3028 1622 3081 qua
1645 3013 1839 3083 sumltli
1863 3024 2065 3083 Sumus.

2143 417 2347 480 anima,
2379 429 2501 486 cum
2529 428 2589 469 se
2624 416 2919 486 perceperit
2946 427 3225 486 oneratam
3257 421 3513 486 peccatis,
3552 422 3686 475 intr‘r

2142 495 2314 543 catam
2342 484 2505 548 curis,
2530 484 2821 540 carnalium
2846 484 3237 541 desideriorum
3260 484 3396 545 szece
3428 484 3696 551 inlectam,

2142 569 2379 618 curvam,
2407 554 2668 608 inﬁrmam
2687 595 2702 620 ,
2730 554 2870 610 etc.’l
2904 554 3055 612 Unde
3095 557 3217 613 huic
3242 560 3543 615 extollentia
3575 576 3699 614 ocu-

2144 624 2359 701 lorum?
2387 623 2534 701 Unde
2562 623 2741 701 levare
2767 626 3017 701 capulis
3048 627 3181 701 illnc
3207 629 3291 698 pia
3317 629 3400 685 illa
3426 630 3568 701 regis
3597 631 3700 683 Ma-

2145 695 2314 750 nassis
2340 696 2511 748 oratio
2540 712 2553 748 :
2586 693 2842 768 Domine,
2868 693 3222 768 multiplicata:-
3253 712 3368 753 sunt
3409 693 3701 768 iniquitates

2145 782 2300 829 mete,
2332 774 2378 819 et
2406 782 2508 818 non
2537 781 2650 819 sum
2673 765 2856 835 dignus
2879 765 3069 821 intueri
3108 770 3430 824 altitudinem
3455 765 3569 826 deli
3597 787 3705 827 ure

2144 835 2468 889 multitudine
2493 836 2815 902 iniquitatum
2844 853 3087 892 mearum.

2217 906 2458 961 Secunda
2504 906 2636 959 ratio
2677 907 2979 962 continetur
3008 907 3089 962 his
3113 909 3291 963 verbis
3318 927 3333 964 :
3360 912 3481 964 lam
3508 927 3563 965 se
3599 920 3704 963 tre-

2147 976 2324 1030 mendo
2359 975 2451 1029 Dei
2468 972 2672 1046 judicio
2708 979 3071 1047 rreprtcsentari
3117 980 3347 1033 restituet.
3389 981 3517 1047 Quis
3560 984 3705 1036 enim

2147 1061 2326 1101 coram
2360 1048 2599 1117 districto
2629 1046 2805 1112 judice
2833 1057 3007 1102 erecta
3038 1050 3243 1105 cervice
3267 1046 3584 1117 iudicandos
3612 1066 3706 1117 ap-

2149 1118 2363 1190 pareat?
2406 1115 2566 1190 Certe
2592 1135 2611 1169 ι
2644 1117 2701 1171 Si
2750 1128 2927 1190 mente
2958 1130 3238 1175 cernerent
3268 1115 3523 1176 homines
3552 1115 3708 1190 quale

2145 1187 2401 1257 judicium
2425 1187 2697 1243 immineat
2724 1188 2922 1242 mundo
2940 1233 2955 1257 ,
2986 1204 3175 1243 sensus
3203 1193 3462 1245 humanus
3483 1187 3587 1246 non
3616 1206 3710 1244 va-

2152 1262 2313 1331 nitate
2341 1257 2746 1331 dispergeretur,
2785 1277 2804 1310 ι
2839 1260 3004 1331 inquit
3033 1260 3090 1331 8.
3111 1259 3492 1331 Hieronymus.

2223 1327 2398 1399 Tertia
2414 1329 2669 1394 repetitur
2688 1328 2755 1380 ab
2771 1330 3016 1399 exemplo
3031 1327 3334 1399 Publicani;
3350 1331 3402 1384 in
3420 1345 3525 1399 quo
3545 1331 3711 1385 etiam

2151 1397 2400 1451 Pharisaei
2444 1406 2659 1466 propter
2701 1398 3001 1465 superbiam
3050 1398 3337 1454 includitur
3383 1397 3703 1455 htimiliatio.

2151 1469 2327 1533 Quare
2354 1467 2398 1520 si
2429 1482 2547 1522 cum
2575 1469 2837 1522 Phariszi-o
2868 1471 3111 1525 nolumus
3142 1470 3431 1535 humiliari,
3457 1486 3575 1527 cum
3607 1470 3711 1523 Pu-

2154 1538 2360 1592 blicano
2391 1538 2507 1590 lixis
2538 1538 2588 1591 in
2621 1550 2814 1591 terram
2835 1540 3000 1592 oculis
3028 1541 3266 1594 dicamus
3292 1556 3306 1593 :
3339 1542 3577 1604 Domine,
3606 1558 3712 1593 non

2154 1624 2264 1660 sum
2291 1608 2471 1678 dignus
2498 1624 2589 1676 ego
2621 1617 2851 1665 peccator
2879 1610 3041 1662 levare
3079 1610 3252 1664 oculos
3279 1628 3413 1665 meos
3442 1613 3507 1664 ad
3537 1612 3709 1665 corios.

2156 1679 2304 1742 Quod
2335 1680 2537 1749 duobus
2567 1678 2734 1732 modis
2766 1679 3011 1749 intelligit
3049 1680 3419 1749 llildemarus:
3455 1678 3510 1735 i'
3534 1681 3715 1735 levare

2154 1751 2335 1801 oculos
2362 1748 2413 1801 in
2441 1748 2633 1803 caelum
2654 1795 2666 1812 ,
2697 1746 2983 1803 :etherenm
3012 1746 3246 1815 scilicet,
3274 1752 3387 1806 sive
3409 1752 3713 1813 sidereum;

2152 1817 2211 1890 ἓξ
2238 1819 2290 1871 in
2321 1817 2536 1882 cmlum,
2579 1820 2628 1873 id
2657 1830 2738 1873 t-st
2766 1820 2815 1872 in
2843 1830 3074 1886 sanctos,
3099 1820 3186 1890 qui
3217 1821 3336 1876 cmli
3368 1823 3580 1875 nomine
3598 1837 3715 1876 sa:-

2157 1888 2372 1957 pissimc
2404 1899 2677 1961 vocantur,
2724 1892 2787 1942 ad
2836 1906 3059 1959 quorum
3106 1888 3610 1961 contemplationem
3654 1907 3723 1945 se.

2155 1961 2365 2026 dignum
2399 1975 2503 2011 non
2532 1960 2802 2014 credebat.

2234 2026 2390 2098 243
2422 2031 2638 2095 Quarto,
2661 2033 2727 2083 ad
2759 2030 3100 2084 Publicanum
3131 2031 3190 2086 8.
3219 2031 3534 2087 Benedictus
3564 2031 3723 2097 Regii

2158 2096 2435 2164 Propheta:
2469 2100 2647 2167 adjicit
2692 2101 2990 2168 exemplum
3010 2140 3025 2166 ,
3055 2103 3122 2156 de
3151 2118 3210 2157 se
3244 2103 3357 2169 ipso
3385 2096 3719 2168 perbibentis

2158 2170 2536 2242 teStimonium.
2554 2169 2668 2238 quia
2696 2171 2985 2224 incurvatus
3010 2180 3058 2225 et
3080 2172 3378 2225 humiliatus
3396 2188 3510 2225 sum
3540 2188 3723 2242 usque~

2159 2255 2377 2308 quaq':e.
2414 2239 2717 2294 Incurvatus
2746 2254 2859 2294 sum
2890 2256 3133 2309 corpore,
3162 2242 3466 2295 humiliatus
3508 2239 3721 2300 mente;

2161 2311 2280 2376 quia
2309 2309 2437 2363 nihil
2472 2311 2678 2377 prolicit
2705 2312 2989 2366 exterioris
3021 2314 3247 2366 hominis
3274 2313 3587 2373 iacurvatio,
3616 2314 3726 2365 nisi

2162 2379 2379 2433 accedat
2407 2379 2628 2434 interior
2660 2381 2850 2435 mentis
2882 2382 3199 2436 hnmiliatio.
3244 2383 3359 2443 Vel.
3392 2395 3447 2435 ut
3474 2383 3602 2436 dicit
3631 2382 3731 2435 NF

2163 2453 2344 2503 colaus
2366 2451 2431 2504 de
2461 2451 2747 2505 Fractttra:
2785 2469 2805 2501 ι
2844 2451 3151 2506 Incurvatus
3179 2467 3318 2515 sum,
3351 2468 3443 2519 per
3472 2462 3725 2522 peccato-

2166 2536 2282 2593 rum
2314 2522 2821 2593 aCrumulationem;
2853 2523 3158 2577 humiliatus
3188 2539 3326 2586 sum,
3356 2540 3451 2591 per
3478 2537 3727 2592 peccato~

2166 2592 2280 2661 rum
2305 2592 2713 2646 confessionem.
2763 2612 2781 2643 ι
3082 2652 3088 2657 ε

2240 2660 2419 2714 Plures
2451 2663 2594 2715 hisce
2621 2663 2738 2715 aliae
2770 2662 3001 2716 rationes
3024 2673 3239 2730 possent
3263 2663 3409 2723 addi,
3441 2662 3630 2731 quibus
3657 2664 3728 2715 ab

2169 2732 2558 2802 inconsiderato
2596 2747 2904 2787 revocemur
2950 2734 3170 2799 intuitu,
3199 2734 3266 2787 de
3292 2735 3481 2802 quibus
3526 2733 3730 2787 videsis

2171 2800 2510 2871 Benedictum
2537 2802 2845 2856 llaeftenum
2869 2803 2957 2857 lib.
2975 2819 3047 2869 vt,
3066 2812 3216 2857 tract.
3232 2804 3287 2864 7,
3310 2800 3447 2871 disq.
3461 2805 3517 2857 h.
3533 2804 3729 2857 Ubiter

2172 2862 2257 2924 hic
2277 2872 2503 2943 observo
2527 2871 2664 2943 quod
2698 2874 2747 2926 itt
2772 2888 2872 2926 ms.
2900 2874 2955 2927 8.
2987 2862 3205 2941 Benigui
3234 2862 3567 2928 Divion'ensis
3582 2871 3731 2926 Con-

2170 2942 2537 2995 suetudinibus
2560 2942 2768 3010 legitur,
2793 2958 2913 3007 cap.
2942 2945 2996 3008 5,
3023 2944 3107 2996 ttbi
3134 2945 3201 2998 de
3231 2943 3432 2997 novitio
3456 2944 3730 2998 instruen-

2174 3011 2274 3064 do:
2313 3028 2332 3082 ι
2371 3013 2694 3079 Quocunqne
2741 3013 2960 3076 incedit,
3012 3029 3228 3082 semper
3271 3014 3509 3067 demisso
3555 3013 3739 3081 capite

518 3090 574 3133 et
602 3082 665 3134 ad
692 3098 847 3149 quant
880 3084 1069 3138 resolvi
1096 3080 1658 3153 linaltterd—ebeamus.
1700 3103 1716 3133 ο
1753 3080 2073 3153 Litteraliter
2102 3091 2147 3153 ρ
2180 3081 2401 3145 incedit;
2430 3091 2481 3135 et
2510 3083 2549 3135 si
2594 3082 2875 3149 aliquando
2906 3087 3047 3137 visus
3075 3080 3231 3138 fuerit
3276 3094 3451 3138 erecta
3483 3080 3736 3147 cervice,

520 3166 668 3217 vero,
694 3161 750 3205 ut
771 3153 1021 3206 inclinato
1043 3154 1213 3221 capite
1235 3152 1388 3209 hanc.
1412 3167 1568 3222 quam
1594 3153 1812 3207 terimus
1830 3151 2068 3217 pedibus,

520 3232 711 3294 terram
726 3239 936 3289 semper
948 3239 996 3276 a~
1011 3225 1279 3294 piciamus.
1301 3224 1361 3276 Et
1376 3222 1459 3276 hic
1475 3223 1677 3277 videtur
1688 3239 1806 3277 esse
1817 3223 2076 3294 genuinus

524 3290 580 3345 S.
608 3291 817 3361 Regula:
838 3290 1044 3358 sensus,
1072 3309 1100 3346 a
1123 3292 1222 3348 SS.
1244 3293 1483 3347 Patribus
1508 3296 1639 3347 adeo
1655 3290 2073 3354 commendatus,

523 3370 577 3415 et
603 3376 632 3412 a
662 3365 911 3430 perlectis
951 3365 1223 3419 monachis
1251 3366 1407 3417 toties
1435 3364 1498 3416 ad
1539 3365 1741 3431 praxim
1780 3363 2025 3416 redactus
2060 3377 2071 3412 :

532 3450 550 3481 ι
586 3430 897 3487 Monachum
928 3443 1139 3502 Oportet
1166 3434 1351 3487 oculos
1379 3437 1443 3487 ad
1484 3430 1680 3488 terram
1712 3432 1910 3488 habere
1933 3432 2078 3496 deje-

527 3510 643 3555 ctos
666 3542 682 3566 ,
711 3503 944 3559 animum
972 3505 1035 3559 ad
1065 3506 1256 3558 cmlum
1288 3515 1518 3571 erectum
1540 3544 1557 3567 ,
1597 3524 1615 3556 ι
1648 3505 1813 3571 inquit
1840 3504 1894 3557 8.
1935 3502 2078 3571 Basi-

529 3572 628 3645 lius
651 3572 845 3638 (Serm.
871 3576 933 3628 de
957 3575 1167 3643 Ascesi).
1204 3575 1269 3629 Et
1308 3568 1365 3631 8.
1397 3574 1692 3628 Daretlteus
1715 3568 1913 3645 (ορατ.
1948 3569 2038 3641 ’9)
2065 3590 2075 3623 ³

534 3644 795 3697 «Honesta
839 3661 899 3699 ac
948 3647 1203 3709 modesta,
1249 3647 1461 3714 Deoque
1508 3653 1562 3699 et
1610 3643 1906 3698 hominibus
1933 3655 2077 3711 grata

531 3714 773 3769 monachi
801 3717 1114 3782 compositio
1160 3719 1269 3770 haec
1311 3729 1390 3769 est
1423 3732 1435 3770 :
1472 3716 1699 3769 Primum
1735 3715 1917 3768 oculos
1963 3722 2081 3766 tuos

530 3784 753 3847 cohibe,
803 3802 870 3840 ne
914 3786 1015 3842 huc
1061 3788 1288 3869 illucque
1331 3787 1809 3866 circumferuntur,
1841 3784 1932 3869 Sed
1963 3798 2081 3852 quae

531 3863 653 3924 ante
697 3864 748 3909 te
794 3868 914 3910 sunt
958 3867 1158 3911 tantum
1205 3854 1395 3911 intueri
1443 3871 1505 3909 ac
1549 3868 1791 3924 spectare
1833 3854 2016 3924 velint.
2056 3870 2075 3903 ι

531 3923 678 3989 Quod
714 3926 849 3979 adeo
891 3928 1136 3989 religiose
1172 3926 1488 3981 observabat
1516 3926 1762 3983 Silvanus
1793 3923 2083 3978 monachus

534 3992 670 4064 (Lib.
702 4011 731 4044 v
757 3996 818 4050 de
852 3996 953 4049 Vit.
985 3992 1129 4062 PaL,
1175 3997 1343 4051 lbrllo
1383 3997 1439 4050 H
1469 4038 1484 4060 ,
1515 4015 1567 4050 ιι.
1605 3995 1731 4064 28),
1775 4007 1830 4048 ιιι
1874 3997 2080 4047 hortum

538 4063 799 4137 rigatnrus
817 4106 832 4129 ,
863 4069 1071 4121 cucullo
1099 4078 1256 4137 caput
1285 4078 1483 4136 tegeret
1503 4066 1621 4137 ,Had
1667 4063 1830 4137 pedes
1858 4073 2080 4137 tantum

536 4134 813 4189 attendens
851 4152 917 4191 ne
943 4133 1471 4203 artioresvaspiceret.
1514 4133 1746 4191 Plurima
1782 4133 2082 4205 ltujusmodi

536 4215 820 4277 occurrunt
865 4211 1101 4276 exempla
1150 4209 1286 4277 apud
1335 4215 1613 4270 auctores,
1663 4205 1820 4270 quale
1849 4204 1948 4277 est~
1956 4204 2085 4277 illud

537 4271 743 4348 abbatis
769 4274 976 4348 Isidori,
1007 4271 1096 4348 qui
1128 4271 1389 4344 prolectus
1418 4277 1787 4331 Alexandriam
1818 4276 1883 4330 ad
1910 4275 2084 4329 Theo-

539 4345 737 4406 philum
759 4345 1240 4418 archiepiscopum,
1268 4362 1616 4414 reversusque
1645 4356 1701 4400 et
1730 4349 2085 4418 interrogatus

535 4428 581 4487 a7
608 4416 852 4487 fratribus
881 4416 1142 4487 quomodo
1172 4435 1231 4474 se
1259 4421 1477 4473 haberet
1515 4418 1734 4481 civitas,
1769 4416 2041 4485 respondit
2067 4431 2081 4469 :

540 4486 647 4555 Ego
662 4485 878 4558 hominis
900 4485 1078 4555 faciem
1102 4506 1202 4542 non
1225 4490 1324 4543 vidi
1348 4499 1677 4558 praeterquam
1699 4487 2083 4558 archiepiscopi.

540 4560 665 4611 Item
699 4557 883 4612 Elladii
910 4560 1177 4629 monachi,
1205 4562 1293 4629 qni
1322 4574 1439 4614 cum
1461 4556 1628 4613 annos
1659 4557 1917 4629 vigintiin
1952 4556 2083 4611 cella

538 4629 830 4696 exegisset,
862 4645 1070 4684 sursum
1100 4627 1282 4684 oculos
1314 4646 1415 4684 non
1447 4630 1659 4693 levavit,
1689 4627 1743 4681 ut
1770 4627 1972 4683 videret
2004 4637 2084 4679 te-

536 4711 681 4771 ctum
692 4699 821 4771 ejus
861 4701 1027 4771 (Tom.
1057 4717 1073 4755 ι
1102 4700 1244 4756 Moti.
1292 4699 1490 4756 Eccles.
1520 4701 1757 4769 ercw).
1787 4700 2086 4771 Notum__est

541 4767 782 4840 omnibus
809 4767 946 4837 quod
986 4775 1052 4825 de
1095 4775 1151 4827 8.
1201 4772 1468 4840 Bernardo
1517 4767 1785 4840 legiturin
1814 4773 1937 4840 pejus
1967 4767 2084 4840 Vita

539 4839 631 4892 lib.
673 4853 753 4902 ιιι,
780 4855 896 4906 cap.
919 4843 955 4897 ὲ
984 4841 1120 4911 (Lib.
1158 4858 1188 4894 v
1219 4845 1280 4896 de
1313 4839 1415 4896 Vit.
1448 4838 1591 4904 PaL,
1620 4841 1776 4894 libell.
1800 4838 1854 4905 4,
1886 4856 1938 4911 n.
1971 4838 2082 4911 itii.

540 4911 609 4962 At
633 4917 945 4978 stupendum
972 4909 1189 4982 prorsus
1213 4912 1422 4965 videtur
1449 4914 1588 4980 quod
1630 4914 1695 4965 de
1726 4912 1852 4967 Sara
1865 4909 2087 4982 ‘virgine

540 4982 791 5053 referunt.
815 4997 930 5053 eam
951 4978 1198 5037 nimirum
1214 4999 1379 5035 annos
1394 4978 1666 5053 seiagiuta
1682 4996 1840 5050 super
1858 4978 2086 5053 ﬂuminis

539 5054 748 5123 alveum
772 5050 1060 5115 habitasse,
1090 5070 1185 5107 nec
1209 5069 1434 5123 unquam
1460 5050 1782 5123 inclinatam,
1810 5058 1868 5123 ut
1891 5050 2088 5123 ﬂumen

536 5121 708 5191 ipsum
738 5124 996 5190 aspiceret
1023 5123 1157 5193 (Lib.
1190 5141 1221 5176 v
1253 5120 1313 5177 de
1349 5122 1447 5177 Vit.
1474 5120 1616 5185 Pat..
1640 5122 1797 5193 libell.
1820 5122 1874 5185 7,
1898 5136 1949 5173 ιι.
1976 5121 2086 5188 19).

614 5193 769 5246 Reum
798 5209 852 5246 se
877 5197 1011 5246 omni
1039 5195 1165 5247 hora
1185 5196 1490 5254 existimans,
1521 5193 1646 5265 etc.]
1673 5192 1803 5259 Quia
1832 5207 1954 5265 vero
1973 5203 2087 5243 stu-

540 5266 658 5332 pide
684 5275 972 5317 statuarmn
1025 5275 1116 5319 aut
1156 5268 1457 5318 animatum
1488 5261 1656 5319 instar
1680 5266 1861 5317 oculos
1888 5261 1953 5313 ad
1986 5269 2089 5314 tcr-

537 5352 648 5389 ram
677 5335 879 5389 defixos
908 5334 1103 5390 habt-re
1147 5338 1462 5389 monachunt
1495 5351 1598 5389 non
1647 5335 1812 5400 sapit;
1847 5332 1954 5399 jam
1984 5346 2086 5399 qua

538 5416 710 5460 tuente
736 5406 872 5459 istud
914 5405 1125 5475 Regula:
1158 5416 1474 5474 praeceptum
1496 5406 1778 5459 observare
1801 5403 2087 5475 debeamus

536 5477 809 5534 describit.
857 5474 1138 5531 nonnullas
1169 5480 1407 5531 inseteus
1436 5478 1686 5539 rationes,
1718 5474 1911 5543 quibus
1937 5474 2084 5539 quasi

539 5549 754 5599 tetidem
783 5549 1010 5601 stimulis
1039 5549 1102 5600 ad
1145 5548 1285 5600 illius
1315 5548 1516 5615 praxim
1547 5542 1763 5600 excitari
1799 5542 2081 5615 possimus.

542 5619 769 5668 l'rintam
814 5621 1054 5684 proponit
1089 5619 1171 5672 his
1200 5613 1373 5669 verbis
1404 5635 1414 5667 :
1445 5618 1611 5671 Reum
1637 5633 1689 5667 se
1715 5616 1851 5667 onmi
1876 5613 2001 5664 hora
2023 5616 2085 5666 de

545 5698 748 5747 peccatis
772 5703 870 5740 sius
893 5688 1200 5741 existimans.
1221 5690 1493 5750 Quomodo
1512 5702 1671 5745 ctum.
1701 5684 1936 5754 inquitS.
1962 5684 2084 5738 Ber-

2179 3166 2282 3204 non
2308 3153 2586 3221 negligitur
2612 3154 2813 3206 innot‘at
2836 3169 2899 3208 :s.
2931 3173 2948 3204 ι
2986 3153 3129 3208 Idem
3154 3155 3310 3208 habet
3333 3153 3611 3221 Uldaricns
3637 3154 3737 3207 lib.

2179 3237 2235 3293 tt,
2262 3220 2393 3290 cap.
2425 3224 2507 3276 11.
2536 3222 2809 3287 Quamvns,
2840 3233 2896 3277 ut
2923 3224 2996 3277 ait
3028 3230 3083 3277 ς.
3112 3224 3411 3278 Bernardus
3441 3224 3540 3293 (De
3566 3220 3737 3276 ϐαιά.

2177 3291 2381 3362 Ιιιιηιὶιη,
2414 3310 2530 3359 cap.
2586 3294 2700 3356 ill),
2736 3311 2754 3342 ι
2793 3296 2997 3347 duabus
3020 3310 3088 3348 ex
3121 3296 3296 3348 causis
3340 3291 3739 3360 inculpabiliter

2179 3365 2360 3416 oculos
2394 3364 2560 3424 levas,
2594 3366 2675 3417 vel
2725 3370 2779 3415 nt
2810 3376 2956 3429 potas
2996 3364 3273 3427 auxilium,
3321 3365 3402 3418 vel
3435 3365 3737 3430 impendas.

2180 3433 2397 3488 Levavit
2432 3434 2614 3486 oculos
2645 3432 2805 3486 David
2838 3438 2887 3485 in
2938 3446 3145 3489 montes
3185 3443 3242 3487 ut
3277 3447 3510 3501 peteret;
3544 3434 3742 3486 levavit

2180 3513 2230 3555 et
2256 3504 2506 3557 Dominus
2549 3517 2708 3571 super
2740 3503 2916 3557 turbas
2944 3514 2999 3556 ut
3029 3504 3382 3573 impenderet;
3410 3505 3545 3558 alter
3575 3504 3741 3557 mise-

2182 3574 2419 3627 rabiliter
2440 3617 2455 3639 ,
2488 3573 2624 3626 alter
2655 3573 3098 3638 misericorditer,
3131 3574 3289 3626 ambo
3326 3573 3740 3641 inculpabiliter.

2182 3642 2258 3696 Tu
2288 3658 2497 3712 quoque
2517 3646 2560 3696 si
2586 3644 2778 3704 locum,
2810 3657 3017 3712 tempus
3046 3655 3098 3699 et
3130 3659 3341 3697 causam
3365 3643 3741 3705 considerans.

2182 3722 2271 3768 tua
2302 3716 2379 3768 vel
2412 3713 2587 3767 fratris
2636 3716 2951 3768 necessitate
3000 3714 3184 3769 oculos
3232 3716 3394 3775 levas,
3432 3728 3536 3768 non
3566 3714 3747 3767 solum

2183 3798 2289 3837 non
2319 3785 2496 3851 culpo,
2529 3783 2620 3837 sed
2655 3793 2709 3837 et
2750 3784 3028 3851 plurinnnn
3059 3786 3242 3848 laudo;
3276 3784 3376 3838 hoc
3408 3786 3548 3837 enim
3579 3800 3746 3838 excu-

2182 3865 2263 3907 sat
2286 3855 2519 3917 miseria,
2546 3852 2670 3907 illud
2699 3854 3035 3908 commendat
3060 3856 3445 3908 misericordia.
3470 3855 3563 3908 Sin
3582 3854 3743 3917 alias,

2184 3939 2291 3978 non
2322 3925 2618 3993 pr0pltetzc,
2643 3938 2746 3977 non
2774 3924 3008 3988 Domini,
3035 3924 3125 3979 sed
3158 3925 3327 3987 Dinaz,
3353 3935 3441 3978 aut
3465 3924 3612 3992 Erae,
3637 3926 3752 3978 imo

2184 3997 2350 4065 ipsius
2375 3996 2582 4049 Satana:
2606 3995 2923 4048 imitatorem
2957 4004 3007 4049 te
3035 3994 3284 4065 dixerim.
3333 4014 3351 4046 ι

2256 4064 2394 4135 Ergo
2416 4066 2495 4118 his
2523 4066 2749 4117 omnibus
2782 4066 3078 4135 humilitatis
3108 4064 3345 4135 gradibus
3373 4064 3615 4135 ascensis,
3635 4079 3750 4118 mo-

2184 4133 2375 4190 nachus
2414 4151 2531 4187 mox
2549 4136 2616 4187 ad
2647 4136 2945 4188 charitatem
2977 4133 3078 4204 Dei
3098 4133 3347 4200 perveniet
3383 4134 3575 4204 illam]
3605 4134 3745 4203 Ergo

2185 4209 2268 4260 via
2291 4207 2356 4260 ad
2386 4205 2696 4260 charitatem
2724 4206 3009 4259 humilitas.
3046 4203 3138 4258 Via
3170 4204 3353 4271 utique
3373 4221 3496 4258 vera
3521 4203 3575 4259 et
3600 4207 3749 4268 sola;

2187 4279 2325 4332 unde
2355 4280 2411 4329 8.
2461 4278 2825 4344 Augustinus:
2875 4294 2893 4326 ι
2932 4274 3146 4344 Cogitas
3195 4289 3438 4344 magnam
3491 4274 3750 4328 fabricam

2187 4358 2495 4403 construere
2523 4345 2858 4400 celsitudinis
2882 4349 2902 4398 ’ἔ
2928 4346 2996 4399 de
3025 4346 3368 4399 fundamento
3399 4347 3541 4413 prius
3578 4347 3751 4413 cogita

2193 4418 2535 4474 humilitatis.
2554 4453 2568 4469 .
2591 4456 2603 4467 .
2625 4456 2637 4468 .
2664 4415 2764 4470 hoc
2795 4418 2843 4468 in
2872 4430 2922 4471 te
2950 4415 3072 4472 inde
3095 4415 3496 4470 fundamentum
3537 4415 3753 4470 humili~

2115 4456 2166 4517 ι)
2193 4456 2805 4555 ἱλῖἒὲξ’ὲῖιὶἕέν’ρηίοέἷέιι’
2828 4456 3438 4555 [πεῖιξςιῐῖηἙίἱῖηὲιειιίεῗ
3463 4456 3496 4537 ζ’
3532 4486 3591 4541 s.
3621 4456 3753 4540 ιιέἑ-

2196 4559 2391 4613 nardus
2417 4556 2609 4627 (Epist.
2640 4556 2758 4625 ωε
2795 4575 2814 4609 ι
2864 4559 2929 4611 Ut
2950 4560 3166 4610 castitas
3192 4571 3285 4609 seu
3313 4558 3543 4610 Charitas
3572 4558 3755 4627 detur,

2196 4629 2463 4683 humilitas
2494 4626 2779 4688 tueretur,
2813 4637 2916 4681 etc.
2964 4646 2982 4678 ι
3029 4627 3094 4681 Et
3137 4627 3353 4696 quidam
3400 4643 3464 4682 ex
3518 4626 3754 4696 antiquis

2196 4700 2435 4755 Patribus
2462 4697 2671 4766 (Roﬁin.
2703 4696 2790 4750 lib.
2820 4713 2874 4751 ιιι
2896 4697 2959 4751 de
2992 4696 3090 4751 Vit.
3126 4695 3270 4759 Pat.,
3298 4714 3345 4749 ιι.
3376 4696 3497 4764 126)
3525 4713 3543 4751 :
3575 4715 3594 4748 ι
3645 4699 3757 4751 tiu-

2196 4771 2390 4824 militas
2418 4782 2715 4836 praecursor
2739 4777 2821 4821 est
2863 4768 3166 4832 cltaritatis;
3194 4767 3329 4821 sicut
3365 4767 3598 4821 Joannes
3634 4779 3756 4822 erat

2195 4854 2487 4908 przecursor
2512 4838 2653 4894 Ji-sn.
2685 4852 2871 4891 omnes
2892 4837 3107 4893 trahens
3132 4838 3196 4891 ad
3220 4853 3373 4897 eum;
3404 4839 3475 4891 ita
3495 4850 3549 4892 et
3580 4839 3754 4892 humi-

2194 4913 2313 4966 litas
2339 4908 2553 4979 attrahit
2583 4908 2649 4979 ad
2689 4910 3023 4973 cltaritatem,
3054 4909 3102 4961 id
3130 4921 3213 4963 est
3240 4908 3307 4962 ad
3354 4908 3528 4977 ipsum
3554 4908 3741 4979 Deum,

2194 4986 2314 5052 quia
2345 4981 2484 5034 Deus
2512 4977 2740 5032 charitas
2769 4988 2868 5031 est.
2918 4997 2937 5052 ι

2267 5051 2392 5117 Qua:
2420 5053 2639 5119 perfecta
2686 5052 2825 5118 foras
2861 5049 3010 5101 mittit
3050 5045 3324 5120 timorem]
3368 5047 3755 5120 «Dedignatur

2196 5124 2334 5176 enim
2360 5120 2587 5177 charitas
2632 5120 2833 5172 timoris
2866 5120 3278 5183 commercium,
3308 5119 3425 5183 cogi
3472 5123 3751 5182 nesciens,

2197 5208 2315 5261 qua:
2342 5191 2510 5245 neSt-it
2548 5191 2832 5261 compesci,
2868 5190 3035 5261 inquit
3068 5187 3339 5261 Gilliertus
3363 5188 3749 5261 deﬂoillandia

2198 5257 2389 5332 (Serm.
2423 5261 2508 5325 i9,
2548 5261 2599 5313 in
2644 5257 2858 5332 Cant.)._
2887 5260 3009 5332 Ideo
3060 5258 3290 5313 cltaritas
3335 5259 3562 5327 perlecta
3610 5260 3752 5312 foras

2197 5330 2356 5386 mittit
2382 5333 2645 5395 timorem,
2672 5337 2816 5383 veiut
2846 5330 3085 5383 inutilem
3113 5338 3169 5382 et
3209 5344 3625 5396 supervacuum;
3656 5332 3749 5383 sed

2192 5418 2296 5459 non
2332 5405 2573 5456 timorem
2621 5401 2767 5454 illum
2794 5400 2883 5467 qui
2911 5408 3395 5465 castuspermanet
3420 5400 3471 5453 in
3498 5399 3749 5453 sicculunt

2190 5474 2390 5528 saeculi.
2424 5472 2516 5524 Est
2544 5473 2684 5525 enim
2726 5470 2883 5523 titnur
2910 5486 3065 5538 quem
3098 5467 3240 5526 foras
3278 5472 3440 5523 mittit
3481 5469 3747 5525 charitas;

2190 5554 2244 5600 et
2269 5556 2350 5598 est
2376 5543 2535 5595 timor
2566 5556 2720 5607 quem
2755 5540 2892 5596 foras
2932 5542 3090 5593 mittit
3127 5541 3357 5608 veritas;
3396 5552 3448 5594 et
3475 5552 3553 5593 est
3593 5541 3749 5593 timor

2191 5632 2348 5684 quem
2392 5614 2696 5684 intromittit
2723 5623 2777 5663 et
2814 5613 3045 5684 charitas
3073 5620 3124 5662 et
3150 5610 3364 5664 veritas.
3394 5610 3597 5684 Primus
3625 5624 3749 5684 cau-

2193 5681 2303 5749 tus;
2324 5682 2587 5737 secundus
2614 5689 2810 5747 castus,
2840 5682 2931 5735 sed
2956 5694 3058 5736 non
3084 5694 3399 5749 permanens
3424 5681 3474 5735 in
3501 5682 3745 5735 mentum
