3952 6182
273 261 379 313 809

1324 264 1591 320 REGUL.\
1634 261 2118 317 COMIIICNTATA.
2161 260 2310 317 CAP.
2357 261 2478 318 VIII.

3405 269 3510 322 IIO

264 375 482 437 sa-culi;
519 377 701 429 tertius
729 382 781 429 et
808 384 1003 435 castus,
1039 370 1091 429 et
1132 392 1447 444 permanens
1469 418 1482 431 .
1517 378 1722 431 Primus
1752 393 1842 430 ve-
1872 380 1919 439 Α
1947 377 2156 428 onerosi
2197 374 2409 430 labores
2435 387 2758 438 amantium;
2800 376 2891 430 sed
2924 376 3023 445 ipsi
3052 377 3336 443 delectant,
3369 392 3507 436 sicut

266 457 420 498 retur
443 460 673 513 pinnam.
697 445 962 500 secundus
984 445 1258 509 offensam,
1286 452 1474 500 tertius
1503 459 1642 503 totus
1671 449 1837 502 lihera

263 517 512 585 quaedam
535 525 588 570 et
615 530 797 570 secura
828 517 1125 571 reverentia
1151 527 1253 584 est,
1284 530 1390 573 etc.
1445 537 1464 570 ι

348 644 447 700 Per
471 662 624 715 quam
658 647 924 713 universa,
946 663 1063 719 qnw
1088 648 1228 718 prius
1275 664 1377 702 non
1416 649 1524 704 sine
1566 648 1838 718 formidine

262 716 580 781 observabat,
610 718 795 785 absque
820 719 927 771 ulla
961 716 1162 783 tabo-re,
1196 728 1241 773 et
1269 721 1401 773 velut
1443 716 1743 772 naturaliter
1774 734 1835 773 ex

261 789 634 863 tenuetudine
670 788 873 863 incipiet
907 788 1205 863 custodire.]
1244 789 1403 863 244
1440 789 1705 863 Describit
1750 792 1836 844 hic

263 857 494 911 eﬂectus
506 858 753 926 perfecta:
776 858 918 930 illius
934 857 1206 914 charitatis
1220 857 1338 929 qua;
1360 857 1498 916 tiiras
1514 862 1660 930 pellit
1673 863 1829 914 timo.

262 940 408 1000 rem,
432 945 526 1000 per
553 944 708 997 quam
739 929 936 984 scilicet
957 931 1224 996 universa,
1256 946 1373 1000 quas
1398 929 1549 997 prius
1578 947 1680 985 non
1711 932 1830 987 sine

263 998 555 1071 formidine
579 1013 749 1068 pinna:
784 1007 875 1052 aut
904 1000 1096 1054 laboris
1136 998 1471 1062 observabat.
1491 1002 1599 1070 jam
1630 1001 1830 1071 absque

263 1067 384 1141 ullo
411 1068 591 1124 labore
621 1070 835 1138 incipiat
864 1072 1151 1130 custodire.
1180 1073 1265 1141 qui
1286 1073 1417 1125 enim
1442 1067 1578 1124 amat
1608 1083 1697 1125 ant
1727 1067 1827 1126 non

261 1138 489 1212 legarat,
517 1151 605 1212 aut
626 1141 948 1212 ipsumramat
966 1138 1204 1212 laborem,
1235 1142 1403 1212 inquit
1421 1141 1480 1196 S.
1504 1143 1828 1197 Autnstinus

258 1208 382 1274 (De
422 1209 485 1263 S.
539 1211 840 1281 Viduitate).
890 1212 953 1265 Et
990 1211 1181 1267 iterum
1212 1229 1225 1264 :
1272 1208 1492 1267 t'Nullo
1522 1214 1678 1267 modo
1706 1222 1829 1267 sunt

1947 456 2270 515 venantium.
2302 447 2697 515 aucupatnimn,
2726 449 3063 515 piscantium.
3108 466 3127 498 ι

1938 580 1941 587 γ
2026 514 2140 587 Non
2156 521 2269 587 jam
2296 514 2473 587 liotore
2503 514 2788 587 gehennai]
2817 518 2982 587 Qut-tu
3009 518 3213 586 expuI-t
3248 520 3501 573 Charitas.

2017 586 2121 671 Sed
2150 585 2324 671 amore
2344 585 2531 671 Christi
2571 597 2615 641 et
2636 585 3001 671 consuetudine
3028 585 3137 671 ipsa
3162 591 3396 671 bona,“
3414 594 3503 646 dc-

1944 654 2514 728 lectatione_uirttttttm,]
2539 674 2693 728 quam
2714 657 3015 728 intromittit
3046 654 3155 727 ipsa
3176 654 3431 715 Charitas.

2017 726 2142 800 Quae
2174 723 2435 800 pommus
2460 723 2531 800 in
2558 723 2913 800 'OperarinmJ
2943 723 3108 796 Quem
3157 728 3406 800 quaesivit
3453 731 3505 785 in

1942 796 2279 868 multitudine
2311 799 2510 868 pepuli,
2543 810 2597 850 ιιι
2624 798 2674 850 in
2714 796 2922 852 olitcina
2955 796 3259 854 monaserii
3290 799 3504 868 spirita-

1944 867 2045 922 lem
2076 879 2242 921 artem
2287 867 2652 922 instrumemis
2690 869 2945 924 honorum
2995 885 3218 935 operum
3267 867 3504 925 munitus

1938 949 2246 1009 exerceret;
2272 940 2516 991 mundum
2543 956 2574 991 α
2608 939 2743 992 vitiis
2770 949 2814 991 ct
2849 938 3083 1009 peccatis,
3113 941 3232 1000 igne
3253 940 3504 995 nimirum

1937 1008 2231 1074 charitatis,
2262 1009 2328 1064 ad
2354 1011 2504 1078 cujus
2532 1011 2740 1065 culmen
2775 1011 3040 1077 pervenit;
3076 1009 3281 1074 Spiritu
3326 1021 3505 1065 saneto

1940 1078 2294 1144 praeveniente
2338 1091 2392 1135 et
2440 1080 2756 1145 adiuvante;
2800 1080 3092 1149 dignabitur
3121 1082 3466 1135 demonstrare
3491 1121 3505 1142 .

1936 1158 1990 1273 (ﬁt
2036 1150 2370 1217 posunodum
2410 1161 2662 1205 aeternam
2704 1149 2927 1217 utetiam
2977 1151 3292 1205 retribuere.
3343 1150 3504 1204 Faxit

1986 1234 2107 1273 eus.

1986 1234 2107 1274 eus.

281 1336 3513 1406 Μ

1538 1469 1928 1558 CAPUT
2001 1476 2241 1561 VIII.

1348 1608 1435 1667 De
1477 1609 1721 1688 Ofﬁciis
1767 1606 2000 1673 divinis
2042 1615 2110 1676 in
2152 1616 2461 1679 noctibus.

339 1730 545 1785 lliemis
594 1741 861 1799 tempore,
914 1731 965 1785 id
993 1740 1074 1786 est
1117 1745 1147 1783 a
1178 1730 1411 1787 calendis
1455 1731 1778 1787 Novembris
1808 1742 1834 1771 ι

263 1837 447 1889 usque
472 1821 539 1874 ad
570 1822 772 1876 Pascha
812 1820 859 1886 δ,
883 1820 1033 1889 juxta
1071 1821 1551 1875 considerationem
1597 1822 1837 1882 rationis.

262 1922 462 1965 octava
494 1911 619 1965 hora
651 1913 819 1965 noctis
842 1912 1163 1981 surgendum
1198 1924 1309 1975 est;
1342 1922 1399 1964 ut
1438 1912 1643 1966 modice
1675 1924 1697 1953 ο
1729 1930 1841 1965 am-

263 2003 412 2071 plius
431 2004 500 2059 de
526 2002 695 2057 media
717 2000 742 2039 δ
772 2012 926 2057 node
944 2013 1189 2072 pansetur
1212 2012 1257 2066 ο.
1280 2010 1335 2056 et
1360 2003 1468 2070 jam
1498 2003 1689 2068 digesti
1720 2018 1840 2057 sur-

1942 1739 2280 1794 inserviatur.
2311 1740 2354 1793 Α
2401 1739 2606 1794 Pascha
2649 1744 2825 1791 autem
2870 1749 3039 1804 usque
3080 1734 3144 1787 ad
3175 1732 3505 1802 supradictas

1942 1832 2192 1887 calendas
2213 1831 2524 1886 Novembris
2545 1829 2588 1895 τ,
2609 1826 2686 1885 sic
2707 1838 3028 1899 temperetur
3050 1828 3175 1881 hora
3206 1827 3506 1895 vigiliarum

1942 1925 2183 1995 agenda;
2212 1926 2531 1995 parvissimo
2555 1934 2578 1971 κ
2603 1921 2907 1986 intervallo,
2954 1935 3059 1991 quo
3104 1920 3292 1973 fratres
3323 1919 3386 1972 ad
3418 1934 3511 1970 nc-

1942 2017 2175 2072 cessaria
2208 2027 2412 2070 natura:
2435 2025 2649 2080 exeant,
2675 2013 2960 2077 custodito,
2985 2028 3103 2066 mox
3134 2011 3399 2079 matutini,
3421 2012 3509 2081 qui

264 2106 417 2164 gaut.
449 2096 597 2163 Quod
627 2111 754 2151 vero
792 2105 959 2151 restat
1000 2106 1115 2165 post
1143 2096 1349 2162 vigilias
1377 2111 1405 2148 a
1440 2096 1712 2160 fratribus,
1747 2098 1836 2165 qui

1950 2107 2232 2178 incipiente
2261 2106 2379 2162 luce
2408 2106 2597 2175 agendi
2625 2078 2766 2169 sunt,
2796 2104 3206 2173 subsequantur.

264 2185 513 2253 psalterii
552 2187 630 2242 vel
664 2188 946 2243 lectionum
973 2186 1168 2257 aliquid
1195 2186 1452 2257 indigent,
1502 2189 1834 2244 meditationi

350 2327 377 2353 ⁸
403 2318 574 2383 Cass.,
607 2318 773 2383 Flor.,
803 2316 1164 2371 novembribus.

348 2385 574 2453 δοω..
603 2388 769 2451 Flora,
798 2388 960 2451 Hiid.,
990 2386 1216 2456 Conch.,
1244 2387 1455 2456 Comp.,
1479 2388 1532 2441 iu
1566 2386 1792 2442 Pascha.

350 2468 375 2495 ε
407 2460 612 2524 Coron.
638 2468 691 2511 ut
722 2460 773 2511 in
803 2474 862 2511 ea
885 2458 1096 2513 modice.

349 2524 377 2564 δ
401 2531 507 2593 AL,
538 2530 767 2583 dimidia.

2007 2331 2032 2357 ⁸
2057 2320 2219 2385 Flor.,
2248 2318 2475 2385 Conch.,
2507 2330 2797 2389 pausentnr.

2010 2388 2030 2428 ί
2062 2392 2231 2455 Cass.,
2260 2390 2428 2453 FIur.,
2463 2390 2795 2445 Noveittbrcs.

2009 2470 2035 2509 ε
2071 2462 2440 2526 Recentiores,
2474 2468 2528 2513 ut
2554 2461 2875 2529 parvissima.

1573 2767 2187 2834 COMMENTARIUS

358 2920 551 2998 Hiemis
575 2931 814 2998 tempore,
840 2918 967 2989 etc.]
994 2916 1139 2973 Licet
1164 2934 1355 2998 annum
1383 2928 1607 2998 quatuor
1629 2915 1680 2970 in
1713 2930 1833 2998 par-

270 3004 363 3046 tes
390 2990 616 3059 a-qnules
656 2986 767 3044 sive
796 2986 1137 3054 tempestates
1165 2987 1403 3042 dividere
1446 2988 1685 3059 soleant,
1718 2986 1834 3059 hie-

270 3077 421 3114 mem
453 3058 679 3125 Scilicet,
722 3061 1028 3129 quejuxta
1054 3058 1111 3113 S.
1155 3059 1408 3129 Isidorum
1455 3074 1541 3111 \llt
1585 3058 1835 3111 calendas

274 3132 588 3185 Decembris
617 3130 825 3195 incipit;
850 3128 997 3198 juxta
1026 3130 1239 3185 Graacos
1259 3140 1311 3183 et
1332 3128 1615 3189 Romanos,
1648 3147 1667 3179 ι
1704 3142 1836 3198 quo-

274 3217 431 3262 rum,
478 3201 644 3266 inquit
692 3197 1053 3265 Hildemarus,
1094 3200 1145 3253 in
1191 3199 1488 3266 hujusmodi
1542 3197 1839 3266 disciplinis

276 3272 458 3338 potius
488 3268 646 3340 2&5
670 3270 1196 3340 quantillispanorum
1218 3272 1502 3340 auctoritas
1526 3268 1674 3337 sequi
1705 3283 1836 3340 con.

1937 2929 2065 2984 sane
2085 2914 2388 2984 explicatio,
2413 2914 2700 2969 dummodo
2726 2924 2963 2983 tempore
2990 2914 3046 2970 S.
3075 2915 3134 2969 P.
3166 2915 3438 2972 Benedicti
3472 2920 3517 2973 is

1940 2978 2178 3056 fueritin
2216 2985 2451 3039 Ecclesia
2476 2985 2633 3039 ofticii
2668 2978 2850 3040 divini‘
2871 2987 3123 3039 recitandi
3158 3003 3304 3051 usus,
3329 2990 3418 3056 qui
3449 2995 3519 3042 ab

1939 3071 2053 3110 mvo
2086 3054 2374 3109 ilildemari
2400 3057 2465 3109 ad
2498 3067 2737 3110 nostrmn
2762 3071 2930 3125 usque
2950 3067 3272 3124 perseverat.
3306 3054 3371 3113 At
3395 3075 3517 3114 cum

1942 3127 2093 3180 nobis
2124 3127 2173 3178 id
2205 3141 2308 3179 non
2339 3137 2566 3189 constet,
2600 3142 2697 3180 nec
2725 3127 2939 3180 aliunde
2965 3140 3217 3194 appareat
3257 3129 3316 3183 S.
3349 3130 3515 3184 Bene-

1941 3195 2137 3249 dictum
2168 3196 2308 3249 diem
2355 3197 2600 3251 Octobris
2650 3196 2712 3251 16
2747 3196 2829 3249 hic
2875 3197 3235 3254 intellexisse:
3263 3200 3520 3254 calendas

1942 3266 2256 3338 Novembris
2287 3265 2348 3338 in
2376 3268 2601 3321 naturali
2638 3278 2692 3321 et
2714 3268 2946 3338 genuino
2972 3284 3131 3321 sensu
3158 3268 3517 3333 accipientes,

272 3331 538 3405 suevit,T
562 3331 641 3393 ἶιῆ
661 3331 777 3394 idus
802 3331 1141 3405 Novembris;
1168 3356 1275 3403 ver,
1304 3341 1441 3406 qnnd
1463 3331 1618 3407 juxta
1643 3339 1834 3405 praedi-
1866 3331 1910 3392 C
1945 3337 2176 3408 primum
2211 3337 2364 3408 hujus
2390 3331 2745 3408 memisdietn
2777 3337 3180 3408 intelligendum
3210 3331 3511 3393 censemus.

274 3421 427 3465 ctum
455 3410 709 3465 lsidorum
742 3427 829 3466 vnt
859 3410 1108 3465 calendas
1145 3408 1338 3474 Martii,
1362 3410 1509 3479 juxta
1540 3408 1755 3463 Graecos
1787 3418 1841 3461 et

276 3480 551 3535 Romanos
595 3496 665 3534 vtt
711 3482 827 3535 idus
866 3480 1168 3543 Februarii;
1199 3490 1439 3535 aestatem
1521 3495 1640 3547 qua:
1688 3479 1839 3546 juxta

280 3550 545 3607 Isidorum
569 3567 660 3604 vttt
687 3553 934 3606 calendas
956 3551 1117 3615 Junii,
1142 3552 1290 3619 juxta
1320 3548 1532 3605 Crtecos
1562 3562 1615 3603 et
1644 3549 1840 3602 Itoma-

280 3636 386 3674 nos
414 3636 483 3675 vn
506 3620 622 3675 idus
653 3620 806 3686 Maii;
832 3634 884 3677 et
907 3633 1245 3683 autumnum,
1284 3624 1370 3690 qui
1394 3622 1543 3689 juxta
1574 3620 1841 3690 Alsidnrnm

282 3705 379 3745 ﬂlt
408 3692 655 3745 calendas
684 3691 1026 3759 septembris,
1064 3693 1211 3760 juxta
1243 3688 1459 3760 omns
1486 3700 1541 3745 et
1571 3688 1839 3760 Romanos

282 3776 361 3814 νιι
391 3761 508 3831 idus
556 3756 813 3831 Augusti,
841 3756 1114 3816 exordium
1158 3761 1318 3816 ducit.
1369 3756 1566 3815 Tamen
1613 3776 1675 3814 ex
1702 3759 1841 3829 justa

285 3828 514 3899 rationis
560 3828 1021 3899 consideratione,
1076 3833 1477 3887 coiivenientius
1522 3832 1845 3885 existimavit

284 3903 352 3957 S.
379 3901 438 3955 P.
470 3902 784 3957 Benedictus
812 3905 860 3955 in
900 3902 1210 3956 ordinandis
1254 3903 1447 3956 divinis
1499 3901 1686 3954 oiticiis
1712 3900 1845 3953 duas

286 3982 501 4043 tantum
522 3972 573 4026 in
601 3983 775 4041 partes
816 3988 1011 4026 annum
1041 3972 1296 4043 dividere,
1326 3972 1527 4028 scilicet
1554 3986 1585 4024 a
1612 3970 1845 4043 cedendis

284 4039 614 4097 Novembris
644 4058 807 4112 usque
849 4044 913 4096 ad
937 4043 1155 4105 Pascha,
1202 4055 1255 4097 et
1281 4039 1321 4095 ’a
1360 4043 1558 4097 Pascha
1590 4057 1753 4110 usque
1778 4039 1845 4105 ad

286 4112 567 4182 praedictas
609 4114 873 4168 calendas.
893 4113 1126 4168 Priorem
1164 4127 1362 4182 partem
1402 4114 1629 4168 hiemem
1660 4123 1844 4177 vocat,

284 4183 465 4254 hiemis
491 4192 732 4251 tempore,
754 4183 936 4252 inquit,
964 4185 1087 4238 licet
1108 4185 1157 4236 in
1188 4201 1248 4239 ea
1273 4185 1467 4254 aliquid
1492 4184 1730 4236 autumni
1760 4198 1848 4236 ve-

283 4252 466 4324 risque
484 4257 835 4317 contineatur,
861 4255 944 4309 vel
965 4255 1087 4324 quia
1101 4255 1321 4308 aliarum
1346 4252 1715 4324 tempesuitmn
1741 4268 1845 4305 non

286 4322 392 4376 nisi
420 4325 608 4393 aliqua:
652 4335 854 4391 partes;
886 4322 1055 4379 hiems
1081 4340 1205 4395 vero
1234 4334 1338 4378 tota
1366 4333 1423 4379 et
1462 4326 1665 4395 integra
1703 4322 1753 4376 in
1784 4337 1846 4377 ea

284 4396 779 4461 comprehenditur,
808 4404 863 4449 et
888 4410 916 4448 a
945 4394 1129 4462 majori
1177 4404 1323 4463 parte
1357 4395 1726 4449 denommatnr
1768 4401 1845 4446 to-

290 4476 426 4536 tum.
448 4463 535 4536 Vel
555 4466 674 4532 quia
697 4481 724 4517 a
746 4464 981 4521 Calendis
995 4465 1306 4521 Novembris
1324 4464 1523 4535 incipit,
1540 4480 1645 4536 quo
1665 4478 1849 4519 mense

288 4533 463 4603 hiems
494 4533 696 4588 inttitttn
720 4539 879 4603 Cupit.

362 4600 431 4656 Id
451 4613 533 4677 est
562 4621 592 4656 a
617 4600 839 4659 calendis
868 4603 1209 4677 Novembris.]
1237 4605 1484 4661 Calenda
1532 4604 1741 4674 proprie
1771 4604 1849 4659 I0-

286 4673 501 4747 quendo
546 4685 669 4728 sunt
698 4677 849 4743 primi
898 4675 1095 4730 mensis
1123 4673 1375 4747 cujusque
1419 4673 1570 4731 dies:
1604 4677 1694 4731 sed
1726 4690 1844 4729 cum

287 4744 524 4797 calendas
547 4748 811 4827 a_decittto
831 4756 1017 4827 quarto
1045 4756 1137 4800 aut
1173 4744 1380 4827 decimo
1417 4747 1684 4827 sexto‘die
1708 4761 1849 4826 men:

290 4828 367 4865 sis
393 4816 739 4879 praecedentis
761 4816 1012 4886 incipiant
1041 4820 1334 4881 numerari,
1356 4818 1543 4872 merito
1571 4816 1655 4871 hic
1683 4816 1846 4883 quaeri

294 4895 471 4950 posset
490 4900 588 4953 qu.
619 4887 819 4941 ratione
844 4888 943 4940 iste
965 4888 1112 4941 locus
1135 4906 1167 4940 a
1197 4890 1419 4942 colendis
1448 4888 1747 4941 Novembris
1767 4887 1848 4939 in-

294 4955 608 5034 telligendus
635 4958 731 5021 sit;
762 4972 828 5034 an
855 4959 1063 5034 scilicet
1081 4975 1109 5011 a
1136 4958 1222 5012 die
1253 4959 1318 5034 16
1344 4958 1607 5034 Octobris,
1633 4973 1741 5034 quo
1767 4957 1848 5010 in-

292 5025 494 5089 cipiunt
544 5030 805 5081 numerari
851 5030 1172 5083 Nevembres
1200 5030 1455 5093 calendaa,
1495 5044 1561 5085 eo
1597 5025 1846 5082 nimirum

295 5097 454 5168 modo
482 5110 588 5165 quo
626 5111 741 5166 cap.
774 5096 841 5153 48
868 5099 1116 5153 calendas
1145 5098 1386 5154 Octobris
1416 5115 1510 5168 pro
1538 5101 1624 5154 die
1655 5100 1718 5152 M
1744 5097 1845 5152 Se-

294 5167 548 5232 ptembris
569 5178 818 5235 usurpat;
847 5186 911 5221 an
936 5186 1060 5222 vero
1080 5187 1107 5221 a
1140 5173 1304 5237 prima
1328 5167 1764 5229 die’Novembris.
1794 5169 1844 5220 in

291 5254 449 5307 quem
480 5237 715 5290 incidunt
766 5244 889 5307 ipsze
937 5240 1187 5294 calendze.
1240 5241 1572 5294 ilildemarus
1597 5240 1663 5293 ad
1694 5254 1844 5292 usum

292 5305 429 5360 forte
456 5311 532 5360 sui
559 5305 807 5376 temporis
831 5312 1138 5378 respicietis,
1180 5312 1450 5364 existimat
1479 5326 1570 5379 per
1597 5310 1848 5364 calendas

294 5379 607 5449 .‘iovembris
627 5380 1017 5449 intelligendam
1035 5396 1152 5434 esse
1169 5382 1484 5435 dominicam
1510 5380 1679 5449 primo
1701 5396 1845 5434 men-

292 5448 367 5500 sis
389 5446 704 5503 Novembris
728 5446 830 5504 diei
858 5451 1258 5519 proximiorem,
1281 5454 1392 5505 sive
1421 5446 1591 5519 primo
1621 5451 1845 5504 Novem-

298 5519 408 5592 bris
435 5520 560 5592 die,
576 5520 689 5573 sive
724 5529 873 5583 ante,
904 5522 1017 5575 sive
1057 5534 1233 5589 postea
1276 5523 1573 5592 contingat;
1609 5523 1676 5575 ita
1720 5525 1846 5574 utsi

297 5589 426 5643 ieria
452 5590 507 5653 2,
531 5589 565 5645 3
586 5598 676 5642 aut
702 5593 754 5651 Α,
782 5592 1015 5645 calendas
1036 5593 1299 5657 eveniant,
1326 5589 1594 5647 institutus
1616 5613 1641 5643 a
1665 5594 1722 5645 S.
1748 5592 1847 5645 Bc-

301 5662 511 5714 nedicto
540 5660 672 5713 ordo
716 5661 974 5715 dominica
1002 5665 1332 5729 praecedente
1362 5665 1606 5730 incipiat;
1647 5665 1690 5715 si
1718 5678 1843 5717 vero

297 5735 426 5787 teris
456 5732 509 5792 5,
543 5736 575 5788 6
604 5742 691 5785 aut
721 5734 959 5795 sabbato,
993 5749 1020 5785 a
1048 5734 1309 5788 dominica
1339 5744 1607 5803 sequente.
1636 5735 1842 5804 Optima

2006 3405 2187 3474 «Usque
2215 3412 2281 3459 ad
2313 3406 2561 3478 Pasclta.]
2607 3427 2625 3460 t
2675 3409 2875 3462 Pascha
2896 3447 2912 3472 ,
2942 3405 3109 3476 inquit
3150 3409 3521 3469 Hildemarus.

1942 3479 2236 3543 antiquitus
2272 3479 2506 3548 Ecclesia
2538 3491 2724 3548 quarta
2754 3478 2962 3533 decima
3006 3480 3127 3533 luna
3176 3480 3519 3544 celebrabat,

1943 3563 2255 3617 quocunque
2278 3547 2366 3600 die
2391 3547 2724 3612 occurreret;
2753 3564 2907 3615 quem
2935 3549 3092 3601 ritum
3116 3549 3213 3603 SS.
3246 3548 3431 3605 Patres
3461 3552 3515 3603 in

1945 3617 2157 3688 Nicaeus
2188 3618 2393 3688 synodo
2431 3622 2839 3687 prohibuerunt,
2862 3618 3249 3674 constituentes
3297 3635 3402 3673 non
3431 3636 3516 3673 so-

1946 3685 2051 3742 lum
2077 3685 2249 3742 lunam
2276 3685 2575 3756 pascltalem
2595 3700 2647 3741 et
2667 3703 2900 3742 mensem
2929 3690 3217 3752 inquirere,
3239 3690 3331 3743 sed
3354 3691 3516 3744 etiam

1945 3767 1999 3811 et
2036 3758 2173 3813 diem
2208 3758 2631 3814 Resurrectionis
2680 3758 2960 3812 dominicae
2989 3759 3305 3823 observare,
3335 3771 3437 3815 etc.
3492 3778 3511 3811 ι

1945 3829 2044 3883 llic
2070 3831 2214 3883 lacus
2241 3833 2283 3883 si
2315 3830 2367 3883 in
2396 3832 2569 3899 rigore
2596 3839 2856 3891 sumatur,
2886 3828 3024 3883 foede
3049 3829 3366 3884 allucinatur
3398 3832 3511 3884 Ilil-

1944 3899 2193 3955 demarus
2221 3900 2272 3953 in
2293 3915 2358 3954 eo
2379 3900 2519 3969 quod
2543 3900 2634 3963 ait,
2662 3908 2846 3968 quarta
2876 3900 3079 3970 decima
3110 3901 3254 3964 luna,
3281 3915 3517 3970 quacun-

1945 3985 2048 4039 que
2091 3971 2369 4025 accidisset
2401 3970 2509 4038 die,
2542 3970 2814 4039 antiquam
2869 3969 3161 4025 Ecclesiam
3213 3969 3517 4027 celebrasse

1946 4034 2172 4111 Pascha.
2205 4042 2269 4111 Et
2296 4034 2512 4109 quidem
2558 4041 2610 4095 in
2645 4034 2772 4110 ipsis
2823 4041 3068 4095 Ecclesia-
3093 4044 3362 4095 nascentis
3405 4043 3516 4111 pri-

1947 4110 2187 4182 mordiis,
2217 4109 2415 4165 Iudaeis
2455 4109 2707 4182 adﬂtidem
2749 4113 3024 4167 conversis
3066 4113 3298 4181 priscum
3330 4109 3514 4182 quarta

1947 4180 2149 4252 decima
2182 4183 2301 4234 luna
2328 4182 2496 4236 Martii
2529 4181 2731 4236 Pascha
2772 4182 3075 4237 celebrandi
3113 4197 3316 4237 morem
3348 4180 3517 4252 'sequi

1950 4251 2263 4321 permissum
2308 4265 2424 4317 est;
2455 4262 2510 4307 at
2548 4258 2617 4307 ob
2644 4252 2900 4307 honorem
2926 4254 3207 4307 dominica:
3261 4251 3518 4308 Resurre-

1948 4323 2140 4375 ctionis
2165 4326 2519 4392 subsequente
2557 4334 2801 4391 quartam
2845 4323 3106 4378 decimam
3136 4322 3305 4377 Martii
3334 4324 3515 4379 lunam

1949 4392 2212 4463 dominica
2242 4408 2452 4463 semper
2478 4395 2529 4448 in
2562 4393 2795 4448 Ecclesia
2826 4394 3091 4463 paschalis
3132 4394 3395 4448 festivitas
3427 4410 3517 4451 ee-

1952 4462 2153 4517 lcbrata
2181 4473 2283 4518 est.
2324 4462 2480 4519 certe
2508 4474 2632 4519 ante
2670 4462 2953 4519 concilium
2999 4465 3269 4519 Nicaenum
3300 4464 3428 4519 illud
3459 4465 3511 4519 in

1951 4530 2251 4606 Arelatensi
2275 4550 2395 4589 can.
2430 4536 2455 4588 1
2500 4535 2768 4589 decretum
2802 4536 2992 4598 iuerat,
3038 4534 3199 4606 ξω
3228 4536 3514 4606 ut_eodem

1954 4604 2060 4675 die,
2086 4605 2186 4659 hoc
2210 4616 2291 4659 est
2321 4606 2605 4672 dominica,
2639 4602 3265 4675 per'nniversunTorbem
3300 4602 3517 4658 Pascha:

1957 4673 2162 4747 homini
2212 4675 2404 4730 festum
2450 4673 2841 4741 celebraretur;
2885 4676 2936 4730 id
2967 4675 3107 4747 quod
3158 4676 3312 4747 longe
3360 4684 3513 4747 antea

1956 4744 2131 4800 Victor
2164 4762 2314 4815 papa,
2348 4757 2533 4800 eoat-to
2566 4748 2746 4800 Romae
2766 4743 3012 4810 concilio,
3044 4743 3388 4815 mandaverat
3413 4746 3515 4800 sub

1952 4830 2104 4881 ptena
2135 4814 2717 4878 excetnmnnicattonis,
2746 4816 3160 4871 reclamantibus
3202 4814 3325 4869 licet
3359 4815 3517 4871 Asia-

1952 4890 2055 4949 nis,
2086 4889 2321 4940 maxime
2351 4887 2611 4941 Policrate
2645 4887 2911 4951 ilphesino
2939 4886 3211 4954 episcopo.
3243 4885 3393 4952 Quod
3421 4886 3515 4942 de-

1949 4967 2151 5011 cretum
2184 4958 2249 5010 de
2270 4958 2587 5012 celebrandn
2605 4957 2805 5011 Pascha
2821 4957 2909 5013 die
2922 4957 3190 5010 dominico
3215 4955 3268 5011 in
3285 4957 3516 5013 concilio

1950 5028 2279 5082 Antiocheno
2298 5044 2439 5081 anno
2467 5027 2594 5091 5M,
2628 5044 2747 5082 can.
2781 5029 2834 5092 1,
2858 5030 3230 5093 instauratum,
3255 5028 3513 5097 plurimas

1952 5098 2001 5151 in
2033 5099 2278 5152 Hibernia
2306 5102 2507 5161 turbas,
2535 5114 2652 5168 qua:
2691 5102 2904 5153 szeculis
2941 5100 3142 5168 secutis
3179 5098 3515 5168 contigerant

1949 5186 2009 5221 ea
2039 5173 2105 5222 de
2142 5186 2320 5233 causa,
2353 5165 2568 5224 minime
2600 5170 2889 5238 prohibuit,
2918 5167 2987 5223 de
3015 5169 3208 5232 quibus
3228 5165 3345 5221 Vide
3379 5182 3518 5236 prte-

1949 5239 2133 5292 tatinu.
2157 5241 2222 5292 ad
2247 5242 2381 5295 Sec.
2414 5255 2467 5293 ιιι
2499 5240 2723 5303 Bened.,
2752 5250 2900 5307 parte
2922 5256 2958 5292 t.

2018 5310 2179 5362 Juxta
2225 5312 2678 5364 considerationem
2722 5312 2932 5363 rationis
2977 5318 3152 5363 octava
3186 5308 3316 5363 hora
3355 5311 3517 5362 noctis

1949 5382 2259 5451 surgendum
2301 5381 2417 5452 est.]
2448 5384 2699 5446 Quaenam
2740 5383 2810 5435 sit
2842 5381 2971 5435 hora
2996 5380 3100 5452 ista
3133 5382 3303 5452 noctis
3327 5388 3514 5452 o_ctava

1949 5448 2058 5507 non
2101 5448 2440 5506 consentiunt
2473 5460 2945 5506 commentatores.
2991 5450 3292 5505 Bernardus
3335 5448 3514 5504 Cassi-

1951 5522 2131 5576 ncnsis
2169 5522 2458 5589 respiciens
2481 5522 2547 5575 ad
2576 5537 2728 5575 nsum
2756 5522 2838 5575 sui
2865 5522 3142 5590 temporis,
3183 5519 3324 5573 diem
3359 5531 3519 5575 natu-

1950 5595 2113 5646 ralem
2138 5592 2189 5645 in
2220 5597 2376 5645 horas
2402 5592 2471 5646 24
2494 5593 2783 5656 dividendi,
2812 5603 3046 5646 mentem
3074 5606 3224 5644 suam
3251 5590 3321 5645 ita
3351 5591 3518 5659 expli-

1949 5674 2067 5721 cat:
2099 5682 2115 5711 ι
2156 5663 2293 5716 Istud
2338 5665 2477 5730 quod
2514 5663 2642 5717 dicit
2690 5663 2865 5725 Pater,
2902 5662 3107 5716 scilicet
3134 5660 3286 5729 juxta
3334 5662 3517 5715 consi-

1932 5735 2275 5807 derationem
2328 5732 2581 5792 rationis.
2635 5742 2842 5803 tempus
2895 5731 3179 5801 aequinoxii
3224 5732 3519 5790 attendisse
