3952 6182
522 278 557 331 ἰ
572 277 619 333 ιι

1897 276 1956 336 S.
1994 277 2051 334 Ρ.
2097 275 2445 335 BENEDICTI

3639 280 3729 336 m

530 393 765 464 videtur.
792 390 934 460 quod
961 401 1080 461 post
1117 392 1349 448 medium
1389 392 1720 464 Septembris
1747 395 1945 448 mensis
1970 409 2090 450 esse
2118 395 2171 452 Δ
2196 402 2252 446 ttt
2269 394 2317 447 in
2347 394 2565 463 singulis
2589 394 2790 449 ordinis
2815 395 3151 451 monasteriis
3172 394 3370 451 feriatis
3395 394 3577 452 diebus
3607 397 3729 454 hora

530 463 890 531 dignoscitur;
916 472 969 517 et
999 465 1082 534 ita
1113 473 1233 531 post
1268 464 1396 518 illud
1434 463 1811 534 tequinoctium
1845 468 2091 533 Septem-

534 534 663 597 bris,
692 534 984 588 November
1004 533 1163 588 habet
1190 536 1241 587 in
1265 544 1421 589 nocte
1448 533 1607 589 horas
1636 536 1721 589 li.
1745 534 2094 589 Considerato

530 618 659 671 ergo
678 604 815 670 quod
843 604 1138 657 November
1158 604 1315 660 habet
1338 605 1401 658 Η
1425 605 1584 659 horas
1607 608 1656 658 in
1682 616 1855 667 nocte,
1882 617 1937 657 ut
1960 606 2091 671 dixi,

532 674 734 726 dividas
761 684 961 727 noctem
991 690 1086 742 per
1111 674 1362 739 medium,
1392 686 1443 728 et
1474 686 1750 729 remanent
1780 677 1830 730 in
1861 676 2095 744 qualibet

535 754 683 810 parte
720 744 889 797 noetis
930 754 1135 809 septem
1179 746 1359 809 horae;
1410 744 1543 799 facta
1588 758 1761 798 autem
1814 748 1917 808 jam
1964 746 2092 799 hora

533 822 715 865 octava
741 814 1001 867 modicum
1026 816 1128 869 erit
1156 815 1380 883 amplius
1403 816 1471 869 de
1492 816 1660 869 media
1686 825 1861 878 nocte,
1884 816 2094 882 quando

532 887 824 938 surrexerit
859 885 1132 954 horoiogio
1162 886 1424 939 excitante
1446 885 1535 954 qui
1576 886 1734 939 habet
1764 888 2094 953 horologium

533 954 822 1020 custodire,
847 965 894 1006 et
920 956 1158 1010 accensis
1180 957 1313 1009 luce:
1329 957 1410 1009 nis
1429 957 1686 1019 ecclesim,
1714 971 1832 1021 qua:
1854 966 2095 1023 poterant

541 1036 759 1091 propter
786 1026 1137 1091 prolixitatem
1167 1027 1336 1079 noctis
1365 1026 1525 1078 fuisse
1551 1027 1865 1087 obscura'm,
1891 1042 1953 1079 ac
1983 1028 2096 1092 pul-

531 1095 662 1147 suis
677 1096 945 1161 campanis
970 1096 1034 1148 ad
1057 1096 1427 1150 dormientium
1454 1096 1670 1149 fratrum
1689 1096 2092 1162 excititionem,

534 1165 703 1230 potuit
726 1165 950 1219 transire
975 1167 1189 1218 dimidia
1214 1174 1415 1219 octava:
1443 1167 1585 1217 horae
1611 1176 1891 1233 antequam
1915 1182 2096 1221 surre-

534 1235 707 1287 xerint
738 1237 944 1289 fratres.
973 1237 1033 1289 Et
1064 1238 1350 1289 secundum
1385 1236 1708 1290 intellectum
1740 1237 1896 1289 istum
1925 1246 2096 1305 potest

534 1305 700 1368 accipi
718 1306 857 1373 quod
870 1306 1029 1359 dixit:
1050 1305 1201 1360 Juxta
1222 1307 1524 1359 Considerat
1544 1322 1697 1360 onem
1719 1308 1938 1361 rationis
1958 1316 2093 1362 octa-

534 1388 598 1427 va
631 1376 757 1426 hora
804 1377 970 1430 noctis
1008 1377 1327 1443 surgendum
1359 1388 1471 1437 est;
1504 1392 1553 1428 et
1596 1377 1712 1429 ideo
1742 1377 1999 1443 sequitur,
2039 1389 2096 1431 ut

537 1445 703 1509 magis
732 1445 869 1511 quod
909 1447 1116 1499 dixerat
1155 1447 1449 1499 declaretur
1489 1462 1501 1497 :
1535 1456 1589 1500 ut
1628 1447 1831 1500 modice
1869 1448 2095 1515 amplius

536 1516 604 1567 de
628 1516 795 1567 inedia
820 1526 970 1569 nocte
998 1529 1247 1583 pausetur
1272 1533 1285 1567 :
1313 1516 1443 1569 Satis
1471 1528 1553 1569 est
1581 1518 1843 1569 modicum
1870 1519 2096 1584 amplius

540 1587 667 1637 hora
695 1586 931 1651 dimidia,
960 1589 1041 1640 vel
1068 1604 1249 1652 parum
1286 1589 1416 1650 plus.
1459 1604 1475 1635 ι
1509 1586 1773 1641 Hactenus
1795 1587 2094 1642 Bernartius

536 1655 887 1726 Cassinensis,
918 1672 981 1709 ex
1012 1657 1163 1726 cujus
1190 1668 1365 1711 mente
1397 1655 1524 1708 hora
1556 1667 1676 1725 post
1703 1669 1935 1710 nostram
1960 1657 2094 1711 duo-

536 1725 796 1796 decimam
829 1728 998 1780 media
1021 1725 1340 1796 surgendmn
1372 1726 1509 1779 foret
1538 1744 1549 1779 :
1579 1727 1691 1780 vnlt
1713 1726 1853 1780 enim
1885 1738 1939 1779 ut
1960 1728 2094 1782 far-ta

536 1795 648 1848 sive
693 1795 979 1863 incipiente
1009 1795 1133 1849 hora
1163 1808 1345 1851 octava
1376 1798 1571 1859 noctis,
1614 1812 1732 1864 qua:
1772 1812 1952 1852 mense
1990 1800 2095 1851 No-

538 1865 740 1935 vembri
776 1867 952 1920 statim
995 1875 1114 1934 post
1144 1868 1367 1922 mediam
1401 1878 1608 1920 noctem
1638 1882 1853 1920 currere
1893 1869 2095 1935 incipit,

540 1934 795 2004 horologii
826 1946 1005 1991 custos
1036 1940 1295 1991 excitatus
1341 1945 1542 2004 surgat,
1579 1939 1628 1989 in
1660 1939 1948 1991 oratorium
1982 1934 2099 2005 per-

535 2015 644 2073 gat,
664 2005 933 2075 lampades
955 2011 1088 2061 forte
1105 2009 1393 2061 exsiiuctas
1415 2018 1505 2059 aut
1529 2008 1717 2062 saltem
1740 2009 1888 2061 valde
1908 2009 2098 2062 obscu-

542 2088 682 2128 ratas
704 2080 977 2141 accendat,
1003 2079 1321 2144 tandemque
1346 2077 1410 2128 ad
1437 2078 1747 2131 excitandos
1771 2077 2098 2136 dormientes

545 2145 734 2198 fratres
761 2146 965 2216 signum
991 2150 1183 2215 pulset.
1212 2158 1368 2213 atque
1394 2146 1446 2200 in
1469 2162 1532 2200 eo
1553 2148 1783 2201 dimidia:
1807 2149 1951 2202 hora:
1981 2166 2099 2215 spa-

543 2215 679 2287 tium
701 2215 952 2281 insumat,
1005 2226 1123 2285 post
1173 2233 1331 2287 quam
1379 2218 1589 2271 excitati
1621 2218 1808 2272 fratres
1841 2231 2097 2285 surgant,

544 2284 715 2358 inedia
764 2288 964 2358 scilicet
1006 2284 1136 2356 post
1178 2284 1412 2342 nostram
1461 2288 1827 2343 duodecimam
1877 2284 2096 2358 elapsa;

540 2355 678 2425 quod
708 2357 989 2410 confirmat
1014 2355 1288 2425 exponens
1328 2359 1415 2411 illa
1447 2363 1605 2412 verba
1636 2377 1647 2412 :
1681 2359 1748 2413 Ut
1774 2355 2101 2413 ntodt’ce'am-

540 2423 672 2495 ptius
714 2427 775 2479 de
819 2429 986 2481 media
1035 2423 1179 2482 nocte
1207 2438 1477 2495 pausetur,
1508 2428 1594 2481 ubi
1623 2429 1733 2482 ait:
1779 2447 1798 2480 ι
1846 2431 1986 2484 Satis
2017 2438 2101 2485 est

542 2494 804 2565 modicum
836 2498 1060 2558 amplius
1087 2498 1216 2552 hora
1245 2498 1480 2561 dilllidifl,
1504 2501 1580 2552 vel
1607 2514 1789 2565 parum
1824 2501 1955 2563 plus.
2006 2520 2024 2552 ι

612 2564 665 2617 In
694 2566 934 2620 eamdem
958 2568 1069 2621 abit
1092 2572 1407 2623 sententiam
1432 2564 1885 2624 GuidoJuvenalis
1905 2571 1955 2623 in
1981 2587 2101 2625 ver-

541 2634 690 2690 sione
703 2635 899 2691 Gallica
927 2639 1137 2708 Regulae
1156 2640 1209 2705 S.
1241 2639 1531 2698 Benedicti.
1558 2641 1741 2693 horam
1762 2642 1931 2694 noctis
1950 2651 2098 2695 octa-

542 2719 660 2758 vam
694 2716 932 2772 tempore
966 2707 1156 2761 hiemis
1203 2709 1417 2763 circiter
1449 2709 1586 2763 intra
1618 2710 1845 2764 mediam
1883 2724 2101 2766 noctem

542 2781 597 2827 et
626 2776 806 2828 horam
839 2777 1061 2844 primam
1090 2779 1437 2832 canstituens.

614 2844 715 2915 Sed
749 2862 921 2915 neque
943 2848 1165 2900 multum
1193 2849 1258 2901 ab
1280 2864 1340 2902 ea
1365 2847 1615 2902 recc-dere
1642 2847 1848 2902 videtur
1868 2849 2102 2905 Joannes

542 2914 611 2968 de
636 2914 1039 2970 Turrecremta
1059 2961 1073 2983 ,
1124 2918 1212 2982 qtti
1243 2920 1401 2971 etiam
1430 2928 1669 2972 octavam
1718 2920 1887 2972 noctis
1918 2922 2101 2977 horam

534 2986 839 3039 secundum
873 2988 1265 3055 proportionem
1298 2989 1361 3040 ad
1394 2998 1599 3054 tempus
1628 2989 1967 3044 calendarum
2001 2991 2104 3043 No-

545 3056 782 3127 vembris
802 3057 1112 3111 sumendam
1138 3057 1437 3122 etistitnat;
1462 3067 1836 3127 quotempore,
1863 3071 1916 3113 ut
1943 3061 2103 3116 modo

2198 475 2316 531 post
2346 465 2573 519 mediam
2605 475 2813 519 noctem
2843 466 3105 526 secunda;
3132 466 3454 521 solemnibus
3478 476 3532 521 et
3566 468 3725 524 domi-

2198 535 2332 588 nicis
2360 536 2546 589 diebus
2576 537 2744 601 prima
2773 535 2977 603 vigilias
2998 537 3217 590 sacrista
3250 536 3420 601 pulset

2267 604 2396 671 Qua:
2421 621 2540 659 cum
2574 606 2642 661 ita
2668 621 2724 658 se
2748 606 2994 669 habeant,
3022 618 3205 660 octava
3232 608 3404 660 noctis
3431 606 3557 661 hora
3581 609 3725 661 modo

2198 672 2377 738 citius,
2410 675 2569 728 modo
2596 675 2797 729 tardius
2824 676 3108 740 incipiebat
3137 692 3232 743 pro
3255 678 3484 731 noctium
3512 677 3719 732 diversi-

2200 752 2325 797 tate.
2360 745 2423 797 Et
2453 746 2665 815 quidem
2710 761 2893 800 mense
2932 745 3249 810 Novembri,
3282 762 3386 815 quo
3439 762 3536 799 nox
3590 748 3724 814 juxta

2198 828 2514 882 prmsentem
2572 825 2809 870 nostrum
2866 816 3113 870 horarum
3160 831 3333 880 usum,
3380 816 3537 870 hei-as
3580 817 3726 871 habet

2197 886 2595 952 qnatuordecim
2624 930 2638 952 ,
2676 885 2802 938 hora
2832 887 3001 940 noctis
3030 896 3216 940 octava
3262 888 3549 940 secundum
3578 887 3724 940 ritum

2198 956 2468 1021 antiquum
2524 956 2810 1024 incipiebat
2858 957 3014 1024 paulo
3065 965 3190 1010 ante
3233 956 3576 1025 quadrantem
3620 971 3725 1025 post

2198 1033 2428 1099 nostram
2482 1026 2661 1080 horam
2717 1025 2979 1099 primam,
3009 1035 3063 1081 et
3110 1026 3389 1099 desinebat
3419 1028 3570 1099 paulo
3618 1040 3725 1093 post

2194 1095 2541 1165 quadrantem
2567 1105 2799 1151 nostram
2816 1096 2999 1150 horam
3011 1097 3297 1151 secundam
3309 1096 3727 1165 subsequentem.

2198 1164 2377 1219 Mense
2414 1167 2719 1229 Decembri,
2751 1182 2855 1235 quo
2887 1167 3200 1231 prolixiores
3228 1176 3411 1221 noctes
3435 1164 3589 1221 heras
3618 1183 3725 1221 sex~

2196 1236 2366 1306 decim
2386 1235 2597 1299 habent,
2613 1239 2739 1289 liora
2759 1246 2943 1290 octava
2971 1237 3256 1305 incipiebat
3288 1236 3444 1306 paulo
3468 1246 3580 1304 post
3598 1252 3717 1305 qua-

2196 1304 2437 1376 drautem
2469 1316 2589 1374 post
2632 1308 2819 1359 horam
2839 1320 3075 1361 nostram
3095 1304 3341 1376 primam,
3368 1315 3423 1359 et
3465 1304 3721 1362 desinebat

2198 1375 2356 1441 paulo
2377 1386 2501 1430 ante
2532 1378 2744 1431 tertium
2766 1375 3109 1445 quadrantem
3142 1388 3264 1448 post
3289 1385 3525 1432 nostram
3556 1376 3717 1432 horam

2196 1447 2501 1502 secundam.

2266 1514 2381 1568 Jam
2414 1531 2541 1570 vero
2564 1516 2706 1584 quia,
2729 1524 2788 1570 ut
2814 1517 2886 1570 ait
2909 1516 3267 1583 Hildemarus,
3284 1536 3303 1569 r
3326 1517 3544 1573 dubium
3571 1527 3647 1572 est
3667 1534 3723 1573 an

2200 1584 2484 1657 inchOante
2513 1596 2717 1649 octava,
2746 1602 2812 1639 an
2844 1587 3036 1651 media,
3066 1603 3132 1642 an
3175 1603 3338 1657 prope
3383 1590 3538 1642 finem
3580 1589 3725 1656 ipsius

2199 1654 2343 1709 hora:
2363 1665 2571 1727 octava:
2590 1658 2906 1725 surgendum
2938 1658 3026 1721 sit,
3066 1677 3084 1709 ι
3113 1666 3171 1711 ut
3196 1654 3357 1712 fixum
3379 1658 3585 1727 aliquod
3601 1654 3727 1713 tem-

2202 1741 2315 1791 pus,
2343 1725 2658 1798 quodiebus
2686 1728 2909 1796 singulis
2946 1729 3262 1796 regulariter
3286 1725 3531 1798 surgatur
3559 1728 3722 1796 (talem

2201 1810 2427 1865 namque
2453 1795 2616 1850 fuisse
2636 1796 2694 1851 S.
2713 1795 3059 1852 P.'Benedic’ti
3089 1795 3411 1854 voluntatem
3442 1799 3731 1853 existiman-

2199 1865 2321 1938 dum
2347 1864 2449 1938 est)
2471 1867 2788 1938 assignetur;
2819 1884 2938 1922 cum
2968 1868 3151 1923 eodem
3184 1869 3484 1924 Hildemaro
3507 1883 3728 1923 asseren-

2199 1935 2321 1988 dum
2355 1935 2602 2001 videtur,
2635 1955 2653 1987 ι
2691 1948 2889 2008 quanto
2918 1939 3149 1992 minores
3175 1950 3299 1993 sunt
3328 1951 3512 1993 noetes
3540 1980 3555 2003 ,
3597 1948 3725 2008 tanta

2202 2020 2364 2087 prope
2381 2008 2536 2087 tinem
2565 2008 2725 2073 ipsius
2750 2009 2892 2062 horte
2904 2008 3098 2063 debere
3122 2008 3325 2077 signum
3351 2008 3521 2087 ta_ng_i._
3545 2027 3561 2059 ι
3587 2007 3727 2087 248

2200 2086 2254 2129 et
2282 2085 2499 2148 econtra
2528 2088 2725 2146 quanto
2754 2093 3003 2143 maiores,
3051 2089 3196 2133 tanto
3221 2094 3384 2148 prope
3411 2079 3637 2141 initium;
3664 2079 3725 2133 ita

2202 2155 2257 2217 ut
2303 2146 2440 2198 circa
2473 2162 2711 2202 mensem
2756 2148 3018 2215 Martium,
3049 2164 3152 2217 quo
3179 2146 3359 2204 octava
3397 2149 3563 2204 noctis
3614 2149 3725 2202 hora

2201 2215 2412 2288 eirciter
2458 2218 2582 2271 hora
2612 2227 2791 2272 nostra
2824 2220 2987 2287 prima
3019 2215 3227 2273 evoluta
3259 2220 3464 2288 incipit,
3495 2230 3547 2273 et
3567 2220 3723 2287 elapsa

2202 2287 2429 2358 secunda
2467 2289 2696 2353 desinit,
2726 2298 2909 2341 octava
2964 2291 3187 2343 mediata
3219 2287 3540 2358 surgendum
3584 2289 3647 2343 sit
3670 2294 3724 2340 ad

2200 2356 2409 2427 signum
2440 2358 2735 2425 vigiliarum
2766 2361 3009 2426 primum,
3045 2369 3164 2428 post
3189 2356 3536 2427 quadrantem
3566 2360 3725 2426 pulse-

2202 2434 2288 2480 tur
2315 2430 2520 2494 siguum
2560 2429 2849 2482 secundum
2870 2472 2884 2492 ,
2914 2429 3089 2495 elapsa
3121 2445 3247 2483 vero
3268 2433 3471 2498 integra
3502 2429 3623 2482 hora
3648 2444 3726 2484 oc-

2203 2506 2322 2568 tava
2361 2508 2599 2564 tangatur
2625 2501 2835 2553 tertium
2883 2507 2935 2554 et
2978 2501 3253 2563 ultimum;
3288 2501 3430 2554 inter
3480 2499 3724 2568 signorum

2201 2567 2340 2620 enim
2374 2569 2649 2621 intervalla
2681 2570 2908 2623 mediam
2940 2569 3122 2623 horam
3150 2571 3401 2637 explicari
3432 2567 3544 2623 vult
3587 2571 3725 2623 Sma-

2203 2638 2415 2707 ragdus,
2447 2638 2571 2708 qui.
2603 2648 2658 2691 iit
2683 2638 2809 2692 dicit
2833 2638 3060 2693 Joannes
3090 2641 3228 2694 Bona
3260 2639 3372 2708 (De
3403 2639 3569 2693 Diviu.
3592 2638 3725 2693 Paulo

2203 2708 2345 2778 mod.
2371 2724 2416 2760 ε.
2448 2708 2504 2767 4,
2533 2707 2559 2777 §
2587 2712 2647 2773 3,
2679 2725 2730 2762 η.
2759 2709 2794 2762 2
2818 2710 2859 2778 ),
2888 2712 3161 2765 tnonastici
3190 2711 3411 2777 spiritus
3438 2710 3727 2778 purissimos

2204 2776 2385 2832 latices
2413 2779 2463 2831 in
2494 2776 2605 2846 ipso
2631 2779 2776 2833 fonte
2802 2776 3023 2847 putarat.
3049 2776 3421 2836 Mense’autem
3444 2776 3726 2843 Decembri,

2205 2862 2311 2915 quo
2342 2848 2568 2921 majores
2593 2859 2713 2903 sunt
2744 2859 2947 2916 noctes,
2980 2861 3033 2904 et
3056 2852 3256 2906 tardius
3283 2853 3469 2921 incipit
3500 2850 3621 2904 hora
3647 2863 3727 2921 oc-

2205 2926 2342 2981 tava,
2372 2920 2540 3000 paulo.
2570 2929 2687 3001 post
2727 2920 2967 3001 eamdem
3000 2921 3283 2989 incmptam
3332 2930 3597 3001 surgatur,
3628 2920 3723 2988 pri-

2205 3002 2454 3057 mumque
2494 2989 2789 3057 vigiliarum
2823 2992 3025 3060 signum
3058 3002 3318 3060 tangatur,
3351 2989 3588 3045 ultimum
3615 3005 3726 3043 vero

2206 3068 2385 3111 octava
2418 3061 2542 3112 hora
2582 3061 2828 3124 me-diata,
2868 3062 2965 3114 hoc
2993 3071 3076 3115 est
3117 3062 3255 3116 circa
3300 3063 3483 3115 horam
3514 3070 3726 3115 nostram

545 3124 757 3179 d:cebat
778 3126 1092 3198 Bernardus
1119 3128 1471 3193 Cassinensis,
1502 3124 1890 3183 octava'noctis
1922 3131 2047 3184 hora
2077 3148 2104 3185 a
2131 3128 2181 3192 C
2211 3130 2515 3188 secundam.
2547 3145 2650 3198 qua
2677 3132 3026 3186 communiter
3058 3134 3108 3186 in
3147 3132 3391 3187 omnibus
3425 3131 3618 3186 ordinis
3646 3145 3729 3183 no-

544 3196 1065 3269 n‘ustra‘dnndecima
1110 3198 1366 3269 incipiens
1394 3200 1459 3251 ad
1490 3211 1723 3253 nostram
1767 3201 1988 3269 primam
2017 3202 2109 3258 de-

544 3265 692 3319 sinit.
728 3266 785 3341 In
812 3269 911 3321 hoc
959 3270 1129 3323 solum
1176 3268 1353 3324 differt
1390 3286 1417 3321 a
1455 3265 1934 3341 Bernardo,'2[‘7
1967 3272 2105 3340 quod

549 3350 652 3389 non
672 3337 916 3407 assignet
934 3354 1034 3407 qua
1058 3351 1205 3405 parte
1230 3341 1372 3394 hora!
1393 3349 1615 3405 octavzc,
1640 3337 1828 3405 initio:
1840 3337 1916 3393 a1:
1934 3337 2107 3397 medio

546 3406 748 3472 spatio,
778 3422 844 3459 an
887 3406 1016 3460 vero
1062 3410 1114 3462 in
1155 3410 1259 3463 fine
1304 3412 1622 3475 surgendum
1664 3413 1769 3464 sit:
1808 3412 2108 3468 Bernartius

546 3491 675 3529 vero
695 3480 879 3558 statim
912 3490 1030 3547 post
1058 3482 1341 3535 mediatam
1364 3490 1610 3536 octavam
1638 3483 1959 3552 surgendum
1988 3498 2108 3539 esse

538 3556 750 3599 asserit.

616 3616 795 3691 Neutri
819 3628 993 3674 tamen
1014 3620 1344 3676 S.Benedicti
1359 3635 1573 3675 sensum
1591 3623 1827 3690 attigisse
1841 3624 2104 3691 videntur;

544 3702 702 3762 quem
722 3689 881 3762 etiam
908 3694 1072 3744 multo
1098 3692 1327 3757 amplius
1358 3694 1488 3757 fugit
1521 3689 1747 3762 Hispana
1764 3689 2105 3762 congregatio

548 3754 923 3829 Yallisolctana
951 3802 966 3824 ,
997 3777 1150 3829 quae,
1184 3754 1449 3815 referente
1496 3773 1550 3815 et
1582 3754 1836 3829 probante
1870 3754 2105 3819 ληῖοηίο

549 3827 787 3893 Perezio,
827 3827 1028 3885 horam
1060 3834 1229 3886 noctis
1261 3844 1499 3886 octavam
1527 3827 1593 3884 ad
1642 3836 1866 3889 inediam
1897 3845 2103 3889 noctem

547 3903 753 3972 statuit.
772 3916 838 3972 eo
866 3903 1298 3963 qnodacaleudis
1320 3902 1625 3957 novembris
1651 3919 1679 3956 a
1710 3914 1894 3972 quarta
1922 3921 2104 3971 pome-

552 3968 754 4041 ridiana
778 3969 841 4022 ad
873 3973 1098 4025 mediam
1132 3983 1338 4027 noctem
1366 3972 1511 4027 horae
1536 3983 1657 4026 octo
1678 3968 2105 4041 intercipiuntur.

546 4039 800 4102 Quamvis
826 4042 963 4115 haud
999 4045 1259 4115 improbet
1288 4060 1472 4097 eorum
1508 4045 1737 4110 praxim,
1783 4039 1881 4115 qui
1903 4046 2107 4101 duabus

550 4118 754 4181 tantum
785 4122 900 4174 post
925 4112 1069 4165 horis
1090 4123 1333 4181 surgunt.

628 4177 732 4232 Hos
760 4194 946 4234 omnes
975 4177 1289 4249 decepit'sui
1320 4184 1573 4247 temporis
1601 4198 1749 4246 usus,
1782 4185 1922 4239 diem
1952 4195 2101 4239 natu-

556 4248 719 4303 ralem
768 4251 820 4303 in
868 4251 1025 4304 horas
1061 4254 1239 4320 viginti
1272 4262 1500 4321 quatuor
1543 4256 1775 4323 aequales
1802 4254 2101 4322 dividendi;

552 4334 677 4393 cum
706 4328 880 4393 tamen
911 4332 1118 4377 veteres
1147 4328 1373 4376 maxime
1401 4324 1589 4387 Judaei,
1612 4325 1856 4383 Romani.
1889 4337 1941 4379 et
1965 4327 2098 4393 Itali,

552 4399 608 4441 ut
629 4389 861 4443 historiae
888 4400 942 4445 et
969 4395 1462 4446 mathematicorum
1495 4394 1612 4449 libri
1638 4406 1916 4459 teSIantur,
1940 4389 2103 4449 artitiL

550 4460 743 4531 cialem
774 4462 935 4525 diem,
970 4462 1070 4515 hoc
1095 4474 1177 4517 est
1212 4475 1375 4517 totum
1418 4464 1543 4517 illud
1584 4469 1811 4531 spatium
1848 4470 2101 4530 temporis

551 4529 691 4595 quod
717 4531 784 4603 ab
807 4543 928 4584 ortu
971 4533 1100 4586 solis
1143 4534 1207 4586 ad
1258 4550 1505 4588 occasum
1562 4529 1888 4603 intercipitur
1921 4529 1973 4589 et
2003 4554 2097 4589 no-

547 4610 711 4665 ctem,
741 4602 853 4673 sive
880 4612 1087 4670 tempus
1117 4604 1244 4656 illud
1268 4605 1408 4673 quod
1447 4605 1575 4659 solis
1603 4608 1739 4659 inter
1754 4602 2011 4660 occasum
2044 4615 2099 4662 et

548 4680 722 4746 ortum
750 4671 996 4746 elabitur,
1020 4673 1071 4727 in
1094 4673 1254 4746 horas
1274 4671 1385 4727 sive
1414 4687 1590 4742 partes
1616 4676 1897 4730 duodecim
1920 4693 2098 4746 atqua-

550 4740 627 4816 les
650 4743 1151 4816 p_artirentur,modo
1162 4740 1616 4808 breviores,modo
1637 4747 1969 4815 prolixiores.
1986 4740 2097 4816 'pro

550 4810 817 4885 brevitate
832 4823 921 4866 aut
958 4815 1253 4880 prolixitate
1280 4820 1452 4867 noctis
1473 4826 1562 4870 ant
1583 4810 1687 4871 diei
1716 4832 1729 4868 :
1755 4833 1874 4869 nam
1893 4810 2093 4885 aestate,

548 4895 651 4948 qua
678 4880 946 4955 breviores
968 4895 1303 4947 suntnoctes,
1325 4887 1468 4938 hora:
1487 4886 1689 4940 diurna:
1709 4880 2095 4955 prolixissime,

550 4959 821 5025 nocturna;
849 4954 1193 5025 breviSStmte,
1220 4965 1274 5009 et
1298 4972 1327 5008 e
1344 4970 1602 5011 converso
1617 4954 1804 5011 hiemis
1826 4970 2091 5025 tempore;

550 5021 691 5074 unde
708 5022 865 5075 horas
880 5023 996 5077 illas
1010 5026 1263 5079 vocabant
1289 5026 1599 5095 inmquales,
1615 5044 1718 5080 non
1735 5028 1874 5095 quod
1889 5021 2023 5081 inter
2037 5021 2098 5083 se

548 5104 655 5166 non
667 5094 1121 5166 essenttequales,
1140 5096 1231 5149 sed
1258 5097 1395 5166 quod
1416 5094 1663 5165 respectu
1694 5094 1797 5151 diei
1824 5098 2095 5166 sequentis

546 5161 627 5215 vel
661 5164 1027 5230 praecedentis,
1059 5174 1153 5219 aut
1187 5161 1390 5221 diurna:
1420 5161 1564 5221 hora:
1605 5175 1849 5236 respectu
1882 5161 2098 5222 noctur-

546 5246 755 5293 narum,
783 5244 1007 5307 escepto
1031 5236 1365 5304 :equinoctiu,
1389 5249 1565 5291 essent
1596 5238 1880 5307 intequales
1906 5254 2094 5306 :quam

544 5302 985 5358 consuetudinem
1017 5302 1110 5373 per
1140 5308 1330 5360 szecnla
1362 5308 1638 5362 duodecim
1672 5302 1729 5361 in'
1756 5302 1987 5362 Ecclesia
2017 5310 2098 5363 vi-

543 5375 929 5447 guissescribit
958 5375 1148 5447 Paulus
1179 5377 1751 5446 Lefort.Cisterciensis
1780 5380 2091 5447 monachus,

544 5457 612 5495 eo
644 5446 694 5496 in
724 5444 899 5497 libello
918 5459 1074 5567 quem
1097 5446 1164 5500 de
1184 5444 1414 5515 antiquis
1434 5458 1488 5501 et
1507 5448 1774 5503 modernis
1802 5448 1948 5502 boris
1966 5444 2094 5503 con;

544 5514 752 5567 scribsit
779 5529 898 5567 can.
970 5557 981 5567 .
1014 5514 1041 5567 ε
1068 5517 1103 5567 5
1130 5516 1232 5567 (De
1256 5519 1419 5567 prima
1446 5518 1646 5567 uiuendi
1665 5521 1860 5567 ratione
1880 5518 2089 5567 Cisterc-

541 5514 752 5578 scripsit
779 5529 898 5577 cap.
926 5514 981 5576 2.
1014 5514 1041 5583 ᾗ
1068 5517 1103 5570 5
1130 5516 1232 5585 (De
1256 5514 1419 5581 prima
1446 5518 1646 5571 vivendi
1665 5521 1860 5572 ratione
1880 5518 2089 5574 Cisterc.

544 5592 680 5655 part.
704 5588 956 5651 nt,cap.|.
988 5585 1015 5654 §
1049 5587 1119 5655 1).
1146 5588 1252 5640 lmo
1280 5597 1466 5643 auctor
1493 5597 1575 5642 est
1593 5588 1832 5643 Julianus
1862 5589 2092 5645 Parisius

545 5652 690 5703 horis
713 5652 1058 5728 inchualibus
1080 5652 1214 5728 :usos
1244 5657 1405 5711 fuisse
1430 5659 1810 5715 Cistercienses
1832 5676 1998 5728 usque
2020 5662 2087 5714 ad

542 5733 738 5775 annum
776 5727 922 5788 H29,
948 5742 1050 5794 quo
1080 5726 1130 5781 in
1172 5728 1401 5797 generali
1444 5729 1676 5797 capitulo
1704 5726 2089 5787 constituerunt

2214 3199 2306 3251 stri
2338 3201 2670 3253 monasteriis
2700 3202 2939 3255 nocturni
2975 3202 3328 3256 celebrantur.
3356 3202 3423 3256 Et
3454 3203 3527 3256 sic
3552 3199 3728 3254 intelli-

2209 3270 2435 3343 gendum
2466 3282 2609 3338 puto.
2632 3272 2778 3343 quod
2808 3276 2880 3325 ait
2906 3271 2965 3325 S.
2990 3271 3049 3324 P.
3073 3272 3382 3343 Benedictus
3399 3274 3551 3343 juxta
3574 3271 3726 3324 consi-

2209 3340 2518 3412 derationem
2544 3342 2772 3404 rationis,
2797 3350 2853 3395 ut
2882 3342 3035 3395 citius
3052 3342 3261 3411 quando
3285 3340 3596 3412 prolixiores
3618 3349 3728 3412 sunt

2208 3413 2378 3464 noctis
2408 3410 2573 3476 Itone,
2607 3412 2812 3482 tardius
2836 3426 2955 3465 cum
2985 3409 3252 3466 breviores
3281 3409 3531 3482 surgatur
3560 3432 3571 3465 :
3603 3409 3728 3465 unde

2206 3482 2415 3547 quando
2431 3484 2745 3551 Sinaragdus
2766 3481 2911 3543 dicit,
2934 3490 2991 3535 ut
3010 3482 3300 3537 dortniatur
3325 3501 3342 3534 ι
3366 3481 3495 3537 hora
3521 3482 3726 3549 septima

2208 3552 2377 3604 noctis
2409 3560 2535 3622 tota.
2570 3559 2623 3604 et
2666 3561 2849 3605 octava
2878 3552 3124 3615 dimidia;
3175 3562 3297 3606 tunc
3350 3555 3554 3622 pulsato
3592 3551 3727 3619 signo

2205 3632 2394 3691 omnes
2423 3621 2619 3687 pariter
2645 3631 2876 3687 surgant,
2900 3633 2953 3675 et
2980 3623 3058 3677 sic
3081 3623 3168 3676 illa
3191 3638 3309 3691 qua:
3340 3621 3503 3677 restat
3530 3622 3724 3678 dimidia

2208 3688 2336 3744 hora
2365 3692 2431 3743 de
2456 3701 2638 3744 octava
2659 3691 2794 3746 inter
2821 3693 3088 3761 signorum
3119 3688 3413 3761 explicetur
3440 3692 3719 3750 intervalla.

2208 3771 2263 3832 ut
2291 3766 2356 3813 ab
2384 3762 2481 3815 hac
2524 3763 2648 3814 hora
2680 3777 2815 3816 nona
2861 3763 3032 3816 noctis
3082 3764 3356 3819 inchoetur
3393 3764 3580 3832 psalmi
3625 3761 3725 3815 laus

2210 3829 2320 3899 ipsa
2355 3844 2631 3901 nocturna,
2672 3850 2690 3883 ι
2722 3831 2789 3886 ita
2822 3832 3131 3900 capiendum
3161 3844 3242 3888 est
3273 3851 3286 3886 :
3318 3829 3447 3888 Cum
3478 3833 3726 3888 breviores

2206 3912 2332 3955 sunt
2376 3903 2544 3956 noctis
2586 3902 2752 3966 horae,
2786 3913 2906 3972 puta
2936 3918 3118 3959 mense
3142 3905 3358 3968 Martio;
3391 3918 3511 3958 nam
3539 3901 3727 3972 quando

2207 3972 2520 4052 prolixiores
2580 3976 2832 4052 existunt,
2894 3983 2949 4027 ut
2983 3990 3177 4052 _mense
3226 3974 3525 4052 Decembri,
3561 3984 3725 4052 octava

2206 4043 2512 4102 inchoante.
2544 4052 2634 4095 aut
2662 4043 2847 4097 saltem
2878 4045 3033 4110 paulo
3063 4055 3177 4112 post
3213 4045 3530 4114 surgendum
3558 4054 3651 4107 est,
3678 4050 3726 4095 et

2207 4113 2383 4180 elapsa
2414 4114 2609 4175 media,
2643 4130 2758 4181 quae
2791 4114 2841 4166 in
2867 4124 3100 4167 nostram
3133 4113 3322 4169 horam
3346 4115 3628 4168 secundam
3654 4114 3727 4164 in-

2206 4182 2350 4261 cidit,
2382 4183 2507 4261 dato
2546 4183 2949 4261 ultiinqsigno,
2981 4184 3278 4261 incipienda
3306 4183 3721 4261 nocturnalatts;

2205 4254 2248 4305 si
2278 4266 2451 4306 tamen
2476 4254 2531 4307 S.
2566 4254 2877 4308 Benedictus
2900 4254 3068 4308 media
3096 4252 3229 4309 ante
3268 4256 3510 4309 ultimum
3534 4252 3724 4321 vigilia-

2208 4338 2324 4376 rum
2358 4323 2563 4395 signuui
2597 4323 2785 4377 fratres
2829 4340 3043 4393 surgere
3067 4326 3293 4379 voluerit
3318 4365 3334 4390 ,
3360 4340 3493 4395 quos
3520 4324 3725 4395 vestitos

2206 4393 2439 4447 dormire
2471 4393 2641 4457 jubet,
2665 4406 2720 4447 ut
2751 4395 2859 4447 sint
2889 4395 3074 4460 parati,
3106 4404 3158 4449 et
3182 4396 3320 4448 facto
3348 4393 3497 4464 signo
3541 4393 3726 4464 absque

2128 4496 2183 4555 Β
2207 4479 2352 4516 mora
2383 4466 2950 4555 surgetttes,lfeSIinent
2967 4480 3034 4547 .se
3057 4466 3343 4534 prazvenire
3364 4462 3425 4517 ad
3455 4478 3584 4555 oopus
3608 4462 3724 4555 Dei.3

2204 4548 2443 4601 quamvas
2473 4534 2524 4586 id
2564 4534 2699 4586 haud
2737 4531 3190 4603 iiegaveriimtum
3224 4544 3433 4603 proriter
3473 4531 3724 4603 Sniaragdi

2199 4605 2590 4668 auctoritatem,
2626 4613 2731 4657 tum
2762 4601 2880 4673 quia
2912 4605 2963 4658 id
2989 4601 3250 4672 colligitur
3290 4620 3355 4660 ex
3385 4605 3594 4673 antiquo
3633 4601 3724 4655 Ore

2200 4673 2325 4727 dine
2354 4674 2773 4728 converSationis
2818 4677 3125 4729 monasticae
3156 4676 3211 4731 S.
3250 4674 3533 4729 Benedicto
3558 4688 3725 4739 perpe-

2201 4758 2315 4797 ram
2347 4745 2600 4811 ascripto,
2629 4745 2721 4798 sed
2754 4754 2927 4798 tamen
2963 4756 3204 4811 vetusto;
3243 4754 3350 4799 tum
3391 4747 3509 4814 quia
3544 4742 3602 4814 id
3633 4755 3724 4793 non

2200 4814 2687 4886 obscureginsinuat
2715 4816 2824 4884 ipsa
2849 4815 3042 4884 Regula
3069 4830 3187 4886 cap.
3213 4817 3302 4879 48,
3326 4812 3471 4885 plura
3494 4813 3557 4886 ad
3582 4812 3726 4865 horas

2200 4884 2361 4939 divini
2389 4883 2549 4939 ofﬁcii
2578 4883 3223 4954 signa’prtescribenstt
3248 4883 3374 4942 sane
3401 4884 3601 4939 modice
3625 4895 3727 4933 am-

2203 4954 2426 5032 pliusde
2456 4955 2623 5032 media
2653 4965 2806 5032 nocte
2836 4956 3096 5032 duntaxat
3127 4971 3353 5032 pausare
3388 4955 3581 5032 debent
3617 4965 3723 5032 rno-

2200 5027 2353 5078 nachi
2374 5067 2387 5086 ,
2413 5025 2550 5093 quod
2581 5027 2844 5079 modicum
2891 5041 2993 5079 non
3016 5024 3137 5094 jam’
3168 5027 3455 5088 modicum,
3486 5024 3578 5077 sed
3615 5024 3725 5089 jure

2203 5095 2489 5171 niaximum
2533 5095 2822 5171 videbitur;
2853 5096 2897 5149 si
2929 5097 3063 5171 ultra
3096 5097 3365 5171 integram
3407 5098 3584 5149 horam
3611 5106 3722 5171 eum

2201 5164 2420 5218 dimidia
2434 5166 2788 5241 extendatur,
2811 5181 2931 5241 cum
2978 5165 3048 5241 ad
3094 5167 3192 5241 hec
3222 5162 3486 5241 fsuttlcere
3510 5162 3721 5241 mediam

2199 5248 2403 5308 asserat
2433 5236 2730 5308 Bernartius
2750 5236 3097 5291 Cassinensis.
3136 5237 3209 5308 Et
3230 5238 3341 5290 haec
3370 5236 3517 5291 nobis
3540 5236 3723 5308 certior

2199 5306 2407 5360 videtur
2434 5308 2501 5361 de
2523 5306 2783 5375 assignata
2802 5323 2831 5359 a
2858 5308 2916 5363 S.
2936 5308 2996 5361 P.
3021 5307 3305 5361 Benedicto
3335 5308 3459 5360 hora
3490 5300 3721 5371 surgendi

2197 5378 2482 5443 sententia,
2514 5392 2671 5446 quam
2699 5377 2976 5433 confirmat
3005 5377 3338 5431 Hildemarus
3369 5378 3592 5446 iterum,_
3612 5385 3720 5424 cum

2198 5447 2298 5501 sibi
2329 5443 2606 5517 objiciens,
2637 5449 2775 5516 quod
2801 5448 3079 5503 Decembri
3105 5457 3160 5502 et
3188 5446 3435 5517 Januario
3463 5459 3559 5517 ne;
3583 5443 3723 5517 horas

2197 5518 2380 5595 decem
2397 5513 2465 5573 'et
2485 5527 2606 5571 octo
2628 5513 2844 5595 habeat;
2874 5517 3159 5587 respondet
3179 5517 3236 5572 S.
3264 5516 3470 5573 Patrem
3492 5513 3554 5568 ad
3570 5513 3722 5595 sequi-

2198 5588 2451 5658 noctium,
2478 5603 2583 5658 quo
2611 5586 2801 5644 diebus
2824 5586 2977 5658 pares
3004 5598 3126 5642 sunt
3153 5598 3356 5649 noctes,
3383 5586 3683 5658 reSpexisse;

2270 5656 2338 5711 (It
2390 5650 2585 5712 modice
2619 5650 2839 5728 amplius
2865 5660 2927 5712 de
2972 5658 3139 5711 media
3181 5666 3323 5711 nocte
3350 5650 3623 5728 parastum]
3652 5650 3717 5728 εἰ

2198 5730 2297 5783 hoc
2337 5728 2453 5785 loco
2498 5721 2829 5785 manifestum
2857 5737 2939 5784 est
2987 5743 3081 5782 eos
3127 5743 3155 5782 a
3202 5721 3491 5799 pra-stituta
3524 5721 3715 5793 ltcgultc
