3952 6182
365 279 472 339 M3

1402 273 1670 337 ιιεϐυιλ
1702 277 2178 333 (ZOMMENTATA.
2219 277 2369 334 CAP.
2413 278 2543 332 VIII.

3456 278 3560 331 ιιι

364 393 531 465 [norm
560 390 837 465 recedere,
877 391 965 465 qui
999 391 1673 465 mediannoctetsurgunt,
1707 403 1761 445 ut
1801 400 1971 458 suntA
1999 398 2137 465 quod
2168 399 2430 451 necessari
2457 414 2522 449 -m
2548 399 2674 465 erit;
2708 416 2726 449 ι
2753 412 2817 451 ex
2845 396 3328 453 Consuetudinibus
3348 396 3558 450 Clunia-

368 461 833 516 Bursfeldensesin
850 462 1160 523 Allemania.
1184 460 1540 516 Vallisoletaui
1566 465 1614 515 in
1641 464 1924 531 llispania:

365 548 511 594 nam,
537 534 678 599 quod
705 532 782 585 ait
810 534 1068 585 Antonius
1090 532 1268 595 Perez,
1322 533 1585 587 modicum
1634 551 1729 599 pro
1757 535 1925 588 nihilo

364 604 638 672 reputari;
672 602 935 655 modicum
957 613 1058 662 est.
1085 614 1140 655 et
1162 618 1256 666 pro
1280 604 1448 657 nihilo
1473 605 1706 668 reputari
1741 604 1917 658 debet.

438 671 506 725 Et
519 672 633 741 jam
653 673 834 742 digesti
860 671 1115 742 surgant.]
1149 672 1294 738 Quod
1315 675 1389 726 ait
1420 674 1615 741 digesti,
1666 676 1926 742 interpre-

362 752 544 816 tantur
569 744 804 816 nonnulli
834 744 1047 796 decoctis
1069 743 1209 802 cibis.
1238 743 1389 812 juxta
1436 743 1587 816 illud,
1620 744 1923 816 Hiemiiymi

284 817 289 821 ’
362 812 430 866 ad
455 807 802 867 Eustocliium
833 830 846 865 :
880 831 898 862 ι
935 815 1014 866 Ad
1031 807 1324 867 orationem
1368 814 1527 884 249
1556 814 1647 867 tibi
1693 807 1923 883 surgenti

361 893 521 937 nocte
550 899 655 936 non
687 884 965 949 indigestio
1012 896 1214 937 ructum
1246 884 1423 951 faciat,
1471 884 1562 937 sed
1616 886 1857 939 inanitas.
1900 904 1918 936 ι

362 957 574 1007 Αιοιιιιι
601 955 656 1007 S.
682 953 998 1007 Benedictus
1028 954 1111 1007 liic
1135 956 1376 1023 loquatur
1426 958 1492 1008 de
1530 966 1764 1022 tempore
1814 955 1924 1008 hie-

360 1023 487 1087 mis,
518 1039 624 1092 quo
651 1024 846 1077 fratres
878 1024 1084 1077 unicam
1116 1026 1178 1076 ad
1207 1039 1396 1077 nouam
1424 1025 1762 1079 refectionem
1781 1026 1923 1079 acci-

364 1090 543 1157 piunt,
570 1090 685 1145 haec
724 1093 1003 1157 precautio
1025 1108 1129 1148 non
1153 1092 1358 1148 videtur
1393 1092 1552 1146 fuisse
1582 1093 1900 1147 necessaria.

367 1161 548 1231 Itaque
576 1161 754 1230 digesti
803 1161 903 1231 lioc
940 1162 1055 1215 loco
1105 1162 1401 1231 significare
1427 1162 1649 1221 videtur,
1673 1170 1730 1214 ut
1758 1159 1903 1213 sulti-

364 1232 526 1285 cieuti
556 1246 742 1284 somno
770 1230 1095 1298 refecti,jam
1127 1230 1230 1285 laeti
1255 1242 1310 1287 et
1338 1234 1540 1285 alacres
1569 1241 1804 1295 surgant.

441 1302 589 1366 Quod
605 1317 717 1353 vero
738 1311 892 1371 restat
923 1310 1033 1367 post
1055 1303 1273 1369 vigilias,
1297 1320 1328 1354 a
1351 1304 1593 1368 fratribus
1611 1302 1698 1371 qui
1724 1301 1905 1371 psalte-

365 1372 434 1424 rii
463 1375 538 1424 uel
560 1373 824 1440 lectionum
842 1370 1033 1438 aliquid
1055 1373 1301 1440 indigent,
1322 1370 1633 1424 meditationi
1665 1370 1904 1423 inservia-

366 1439 514 1511 ινα]
554 1440 649 1493 llic
698 1439 843 1511 locus
872 1456 964 1493 sua
996 1439 1303 1495 diflieultate
1335 1458 1437 1494 non
1478 1453 1657 1505 caret;
1686 1440 1822 1493 unde
1850 1450 1907 1492 et

369 1509 518 1564 varie
545 1526 572 1560 a
601 1509 1115 1572 variisintellhitur;
1142 1528 1260 1564 nam
1286 1513 1424 1579 quod
1449 1518 1519 1563 ait
1548 1527 1561 1561 :
1596 1511 1906 1562 meditationi

368 1581 684 1635 inserviatur.
716 1579 1011 1633 Bernardus
1041 1581 1370 1635 Cassinensis
1408 1582 1580 1635 tribus
1611 1580 1779 1633 modis
1808 1594 1905 1632 ex-

370 1650 517 1716 ponit
548 1668 561 1701 ;
598 1669 615 1698 ι
658 1649 709 1701 ιο
754 1662 847 1717 pro
889 1654 1064 1703 studio
1104 1662 1157 1705 et
1200 1651 1587 1720 Scripturarum
1621 1658 1906 1720 pertracta-

368 1722 544 1781 tione;
578 1721 637 1769 2°
671 1735 761 1786 pro
794 1720 1112 1787 psalmorum
1135 1719 1553 1775 silenti’sibiinet
1581 1719 1907 1773 di-cantatio-

374 1806 473 1853 ne;
505 1790 566 1843 ’5υ
589 1789 633 1842 Si
658 1788 792 1841 Deus
823 1791 1061 1856 dederit,
1093 1807 1189 1860 pro
1218 1801 1415 1844 attenta
1461 1790 1907 1860 contemplatione

366 1861 622 1927 gehennae
642 1860 712 1929 ad
735 1859 1041 1920 timendum,
1062 1858 1243 1929 gloriae
1264 1862 1326 1913 ad
1348 1861 1781 1920 desiilerattdum,
1816 1858 1908 1912 Dei

365 1931 432 1983 ad
463 1928 765 1993 amandum,
794 1928 1094 1984 sanctozuin
1117 1932 1181 1985 ad
1206 1932 1542 1997 imitandum,
1577 1937 1908 1999 [etmalorum

366 2000 431 2053 ad
457 2000 777 2065 fugiendum.
814 2017 834 2051 ι

440 2068 517 2122 Ex
545 2070 711 2121 tribus
753 2071 897 2124 lliSt'e
917 2069 1334 2132 exnositiouibns
1362 2072 1581 2137 primam
1620 2079 1673 2123 et
1698 2068 1908 2123 tertiam

370 2139 645 2192 admisisse
668 2138 873 2193 videtur
900 2140 955 2193 S.
989 2139 1355 2208 Hildegardis,
1384 2143 1523 2195 hunc
1546 2143 1599 2195 in
1626 2141 1798 2194 locum
1832 2144 1912 2193 sic

373 2208 613 2261 scribens
646 2225 661 2261 :
700 2227 717 2257 ι
751 2210 871 2262 l’ost
901 2211 1071 2263 noctis
1106 2211 1329 2278 vigilias,
1364 2210 1412 2263 id
1443 2220 1529 2263 est
1558 2212 1771 2277 psalmis
1820 2224 1914 2261 no—

371 2279 571 2330 cturnis
604 2279 785 2338 finitis.
817 2279 1145 2333 intervallum
1177 2281 1371 2335 habere
1395 2296 1485 2348 per
1518 2280 1911 2335 meditationem

372 2352 666 2418 mulionum
691 2358 779 2401 aut
808 2350 1086 2404 lectionum
1113 2349 1425 2418 deSignavit.
1456 2370 1474 2402 ι

446 2418 613 2471 Aliter
638 2417 870 2472 Joannes
906 2417 1405 2474 Craesbeeclt'hunc
1447 2422 1618 2474 locum
1653 2418 1903 2487 explicat.

374 2488 593 2559 scilicet,
620 2505 641 2559 ν(
668 2504 715 2540 ti.
748 2504 900 2556 quem
931 2492 1062 2543 forte
1084 2492 1467 2557 imprudentem
1492 2502 1545 2544 et
1565 2490 1916 2559 negligentem

374 2558 570 2624 aliquid
598 2558 665 2612 de
691 2560 904 2627 psalmis
932 2560 1012 2613 vel
1043 2561 1139 2612 alia
1169 2561 1332 2613 divini
1354 2562 1513 2614 ol'licii
1546 2575 1665 2627 pars
1697 2562 1746 2612 in
1772 2574 1919 2613 com-

380 2628 521 2698 muni
552 2629 736 2695 synaxi
779 2629 1051 2694 praeteriit,
1078 2630 1128 2682 id
1164 2630 1403 2692 privatim
1432 2632 1692 2698 suppleat.
1725 2649 1742 2679 ι
1774 2628 1917 2682 Nova

378 2697 590 2761 quidem
613 2698 911 2765 explicatio,
937 2709 989 2752 et
1020 2715 1113 2752 sua
1144 2701 1372 2754 novitate
1394 2714 1583 2754 merito
1608 2699 1916 2766 rejicienda.

378 2768 538 2838 Addit
563 2780 778 2838 tamen:
808 2787 826 2819 ι
864 2768 956 2821 Vel
987 2769 1074 2838 qui
1104 2771 1245 2837 cupit
1273 2771 1499 2837 aliquam
1526 2772 1803 2823 lectionem
1828 2784 1917 2836 pu—

378 2836 511 2892 blice
523 2836 841 2891 recitandum
865 2836 1089 2902 discere,
1114 2855 1205 2893 Scit
1228 2836 1539 2907 cogitatione
1560 2848 1651 2893 aut
1667 2838 1921 2892 memoria

380 2909 673 2980 percipere,
706 2908 785 2961 vel
811 2922 974 2980 sacra:
1006 2909 1290 2977 Scriptura:
1330 2910 1675 2980 studere,ivel
1707 2910 1806 2962 alia
1837 2923 1923 2960 ra-

382 2977 524 3031 tione
548 2977 881 3045 spiritumad
916 2981 1158 3047 pietatem
1191 2995 1461 3040 exercere,
1493 2981 1543 3033 id
1566 2979 1717 3032 faciat
1741 2993 1919 3032 secum

383 3049 522 3169 m'eili
544 3052 709 3130 arido,
740 3064 841 3101 non
884 3064 1003 3101 cum
1034 3050 1150 3103 aliis
1185 3050 1533 3116 conferendo,
1563 3050 1684 3119 quia
1717 3061 1921 3117 tempus

383 3132 423 3169 5|
453 3133 574 3169 eniti
605 3127 703 3169 est.
748 3137 766 3168 ι

380 3119 574 3170 δὶΙαοιιίὶἰ
605 3127 703 3171 est.
748 3137 766 3168 ι

452 3191 516 3240 At
542 3202 668 3241 vero
688 3188 928 3242 Nicolaus
967 3189 1165 3242 Bravus
1211 3188 1601 3244 meditationem
1637 3189 1721 3244 bic
1750 3189 1919 3243 inter-

384 3270 621 3322 pretatur
651 3274 754 3315 non
801 3259 866 3312 de
912 3261 1126 3325 Spiritus
1166 3262 1641 3329 contemplatione;
1673 3264 1764 3313 sed
1803 3278 1821 3312 ι
1856 3259 1921 3313 de

380 3329 639 3381 exercitio
670 3330 809 3385 circa
856 3330 1088 3395 psalmos
1114 3341 1167 3384 et
1191 3332 1463 3392 lectiones,
1493 3333 1699 3397 aliaque
1726 3329 1919 3383 similia

381 3398 719 3452 addiscenda.
758 3419 777 3451 ι
812 3403 1103 3455 Attendens
1124 3401 1329 3454 scilicet
1368 3402 1432 3453 ad
1465 3416 1614 3452 usum
1641 3409 1695 3454 et
1718 3416 1918 3454 morem

384 3483 495 3539 sua
519 3472 965 3539 congregationis,
996 3484 1151 3539 quem
1202 3470 1371 3524 iusius
1414 3471 1666 3524 describit
1690 3470 1920 3524 Joannes

383 3536 662 3592 Caramuel
692 3536 774 3593 liis
800 3540 973 3593 verbis
1003 3536 1023 3591 ε’
1056 3560 1074 3589 i
1103 3540 1363 3607 Tempore
1388 3542 1526 3607 quod
1556 3541 1776 3594 interest
1801 3541 1918 3594 lau-

384 3607 540 3662 dibus
558 3619 611 3662 et
638 3610 840 3677 prima},
872 3610 1073 3664 licitum
1096 3618 1177 3664 est
1198 3611 1495 3665 senioribus
1523 3610 1588 3663 ad
1614 3625 1736 3664 suas
1758 3611 1921 3665 cellas

386 3680 605 3744 reverti;
653 3680 832 3735 novuii
861 3696 987 3735 vero
1026 3681 1338 3748 etjuniores
1377 3681 1534 3748 (tales
1570 3680 1789 3734 audiunt
1830 3683 1919 3749 qui

388 3764 493 3802 non
536 3750 729 3803 habent
755 3751 984 3821 quinque
1023 3751 1365 3821 professionis
1392 3764 1560 3803 annos
1586 3757 1624 3815 ),
1654 3752 1778 3821 quia
1805 3764 1923 3804 cre-

390 3821 590 3890 duntur
617 3820 847 3887 psa.terii
881 3820 1105 3890 lectione
1134 3820 1368 3889 indigere
1386 3862 1401 3884 ,
1424 3822 1724 3890 congregati
1755 3820 1806 3873 in
1833 3834 1923 3873 cu-

385 3888 562 3942 biculo
587 3904 751 3957 pr0pe
777 3889 1170 3947 calefactorium
1202 3888 1497 3959 praeparato
1526 3888 1549 3957 ζ
1556 3892 1696 3957 quod
1729 3890 1919 3958 Hispa-

385 3960 505 4012 nice
532 3969 723 4029 vocant
767 3959 843 4012 La
888 3959 1265 4029 Lamparilla),
1299 3961 1617 4014 meditantur
1667 3960 1920 4025 psalmos,

385 4028 744 4096 mandautque
765 4031 1052 4083 memorias.
1068 4029 1169 4085 Iste
1186 4028 1450 4097 juiiiorum
1466 4040 1756 4084 cuiiventus
1775 4037 1924 4083 actus

382 4098 777 4170 communitatis
803 4112 912 4163 est,
938 4102 1021 4153 cui
1057 4099 1303 4170 praesidet
1341 4100 1556 4170 majoris
1585 4102 1760 4153 missae
1796 4101 1925 4170 beb-

383 4168 742 4233 domadarios,
767 4172 879 4222 sine
892 4172 1042 4236 cujus
1056 4169 1264 4225 licentia
1287 4168 1462 4224 nullus
1474 4169 1925 4236 potestdiscedere

383 4253 451 4291 ex
478 4238 570 4290 illo
596 4238 874 4292 loco.Cuui
894 4239 1105 4292 auditur
1126 4240 1329 4307 signum
1346 4243 1776 4309 prmparatorium
1800 4249 1924 4294 ante

386 4309 609 4375 primas,
634 4309 843 4361 advenit
883 4310 1131 4378 magister
1160 4309 1498 4373 novitiorum,
1542 4311 1627 4379 qui
1668 4310 1923 4364 lectiones

385 4392 572 4429 eorum
627 4379 814 4446 recipit
841 4418 853 4432 .
881 4388 935 4431 et
963 4380 1108 4433 videt
1134 4390 1385 4446 quantum
1423 4381 1613 4448 singuli
1654 4382 1925 4432 memoria:

384 4449 719 4501 tradiderint.
751 4452 883 4502 Ecce
907 4449 969 4501 ad
1001 4450 1224 4503 litteram
1245 4450 1389 4519 praxi
1410 4450 1685 4508 mandatur
1709 4448 1926 4519 Regulae

381 4528 417 4571 ιι
441 4527 576 4569 κω..
616 4537 635 4569 ι

459 4588 742 4642 Menardus
783 4588 939 4641 etiam
991 4589 1381 4643 meditationem
1438 4590 1523 4643 liic
1564 4589 1780 4659 exponit
1829 4606 1924 4656 pro

381 4658 558 4709 studio
594 4659 825 4725 psalterii
858 4669 911 4711 et
957 4659 1262 4720 lecionnm,
1312 4678 1329 4711 i
1363 4668 1418 4713 ut
1445 4660 1655 4717 discant
1684 4660 1923 4715 rudiores

383 4738 529 4781 recte
554 4731 751 4797 legere,
785 4736 837 4779 et
858 4730 1193 4795 pronuntiare
1210 4729 1483 4793 lectiones,
1506 4740 1561 4782 et
1593 4731 1921 4797 psalterium,

384 4814 542 4864 atque
571 4814 728 4851 etiam
761 4798 1117 4865 interpretari,
1146 4801 1250 4851 imo
1290 4808 1343 4851 et
1391 4801 1559 4866 ipsum
1607 4800 1919 4867 psalterium

385 4882 654 4921 memoria:
684 4878 933 4919 imit-ient
959 4868 1004 4921 si
1036 4871 1273 4935 possint,
1309 4889 1326 4919 ι
1364 4870 1499 4934 quod
1548 4870 1824 4924 confirmat
1853 4885 1921 4923 ex

388 4937 505 4989 Vita
536 4943 592 4988 5.
627 4936 840 4991 Gnsviui
874 4938 1031 5008 250
1076 4939 1207 4991 abba
1234 4938 1278 4992 is
1314 4939 1796 5005 Aquiscinctensis,
1831 4943 1917 5006 qui

383 5008 611 5060 instituit
636 5018 690 5058 ut
720 5016 835 5074 post
865 5007 1065 5075 vigilias
1095 5009 1236 5074 pueri
1277 5012 1340 5060 ad
1371 5010 1634 5063 lucernam
1667 5012 1915 5076 psalmos,

386 5087 441 5129 et
468 5078 750 5141 lectiones,
776 5088 828 5131 et
850 5078 1036 5130 similia
1068 5078 1403 5141 ediscerent,
1435 5087 1489 5132 et
1516 5095 1579 5133 ex
1628 5076 1919 5133 Concordia

388 5147 640 5216 Dinistaui
670 5160 787 5214 cap.
814 5147 869 5199 2.
900 5148 1416 5216 Possetqueinsuper
1440 5149 1661 5203 stabiliri
1685 5165 1749 5202 ex
1780 5151 1916 5207 anti-

386 5210 505 5280 quis
533 5210 827 5270 Germania:
856 5210 1339 5271 Consuetudinibus
1364 5233 1515 5283 mss.,
1556 5220 1610 5272 in
1639 5220 1826 5287 quibus
1865 5237 1920 5273 ιι.

384 5288 456 5341 30
486 5289 597 5341 limi:
627 5288 882 5358 habentur
911 5304 926 5339 :
963 5306 981 5336 ι
1014 5289 1163 5352 Quod
1185 5303 1311 5341 vero
1340 5299 1500 5342 restat
1528 5297 1643 5357 post
1671 5288 1870 5358 vigilias
1889 5306 1917 5342 a

389 5358 659 5417 fratribus,
684 5356 774 5425 (ιιιὶ
806 5357 1044 5409 Psalterii
1077 5367 1129 5410 et
1172 5358 1474 5420 lectionum,
1500 5375 1594 5414 seu
1615 5356 1791 5411 cantus
1817 5356 1919 5413 ali-

384 5428 510 5493 quid
539 5427 787 5493 indigent,
819 5427 1140 5480 meditationi
1172 5429 1504 5496 insei'vialut',
1525 5430 1657 5482 sicut
1685 5429 1922 5497 praecipit

389 5498 607 5569 Regula,
633 5510 902 5569 usqtiequo
927 5496 1133 5567 aliquod
1158 5499 1403 5550 indicium
1433 5499 1561 5553 lucis
1589 5507 1863 5569 appareat;
1896 5516 1916 5549 ι

384 5584 454 5621 ex
477 5567 706 5622 Statutis
735 5567 1034 5638 Lanfranci,
1063 5585 1177 5629 quae
1219 5568 1506 5623 decernunt
1534 5572 1550 5635 (
1585 5568 1710 5638 Cap.
1747 5574 1767 5621 l
1791 5568 1832 5637 ),
1866 5575 1922 5621 ut

388 5647 505 5701 post
534 5647 820 5691 nocturnos
860 5656 877 5689 i
916 5637 1140 5691 infantes
1168 5653 1287 5691 cum
1322 5637 1664 5693 luminaribus
1696 5640 1744 5691 in
1775 5640 1920 5706 capi-

386 5709 501 5762 tulo
540 5707 818 5778 diligenter
870 5726 897 5759 ιι
949 5708 1208 5775 magi~tris
1253 5709 1631 5775 custodiantur,
1670 5717 1918 5764 caticntcs

2003 472 2179 522 censis
2219 468 2546 521 monasterii.
2580 468 2631 520 in
2681 469 2872 536 quibus
2921 468 3195 522 Udalricus
3244 469 3555 534 exprimens

2000 539 2125 603 quid
2162 553 2253 598 per
2274 540 2603 591 intervallum
2633 548 2893 606 ageretur,
2914 554 2934 590 t
2962 538 3126 603 pueri,
3158 538 3344 605 inquit,
3369 537 3560 590 sedi-nt

2000 608 2052 660 in
2080 608 2331 675 capitulo.
2364 618 2416 659 et
2447 623 2544 675 per
2571 608 2801 674 aliquem
2826 611 3198 676 prtecinentem
3221 620 3432 659 cautum
3466 607 3558 658 ad-

1994 678 2241 748 discunt;
2281 697 2298 727 ι
2325 677 2552 748 denique
2565 693 2625 730 ex
2649 677 2761 730 Vita
2784 678 2841 731 S.
2875 678 3089 731 Giltlasii
3116 679 3319 748 abbatis
3344 678 3555 748 Rnyeii—

2001 747 2075 800 sis
2109 764 2161 800 ti.
2186 746 2253 798 ιιι
2276 748 2429 811 (ch.
2464 762 2479 799 ι
2514 747 2726 810 Bened.,
2750 765 2867 816 pug.
2902 749 3022 815 150)
3052 765 3064 798 :
3095 766 3111 795 ι
3145 747 3303 799 Noctu
3333 746 3558 815 quadam

2001 818 2124 869 dum
2161 816 2389 878 pueriles
2420 820 2660 869 monachi
2691 817 2753 869 ad
2785 834 3017 869 mensam
3046 819 3314 879 sederent,
3339 829 3391 870 et
3423 818 3561 886 psal-

2003 901 2122 939 mos
2151 888 2439 948 firmarent,
2468 888 2802 940 adversarius
2823 888 3005 940 adluit.
3046 908 3061 938 ι

2071 955 2304 1008 Tandem
2336 955 2503 1009 Guido
2533 956 2805 1009 thenalis
2847 958 2897 1009 in
2925 958 3119 1010 Gallica
3156 958 3398 1011 versione
3425 973 3555 1009 san-

2004 1032 2145 1078 ctuni
2184 1026 2521 1079 Benedictum
2552 1029 2620 1078 ita
2647 1028 2911 1089 intelligit,
2937 1040 2992 1078 ut
3022 1028 3104 1085 qni
3144 1028 3337 1093 legere,
3366 1030 3553 1094 pra-vr

2005 1095 2133 1148 dere
2182 1106 2233 1145 et
2264 1110 2503 1161 qumrere
2542 1096 2735 1161 aliquid
2776 1112 2908 1163 opus
2959 1100 3147 1148 habent
3186 1101 3231 1148 id
3260 1113 3556 1164 antiquan-

2004 1174 2090 1218 tur
2118 1178 2133 1215 :
2161 1166 2248 1217 alii
2281 1180 2408 1217 vero
2436 1168 2866 1232 contemplationi
2898 1183 2991 1219 seu
3025 1183 3203 1219 rerum
3251 1169 3556 1219 divinat-uin

2006 1233 2333 1287 meditationi
2360 1249 2567 1295 vacent,
2593 1236 2805 1306 Regula:
2833 1247 3028 1289 textum
3057 1246 3238 1288 contra
3273 1238 3422 1289 fidem
3447 1254 3559 1288 oni-

2008 1306 2149 1356 nium
2186 1319 2311 1357 mss.
2352 1306 2418 1357 ita
2463 1322 2806 1365 corrumpens
2840 1323 2852 1358 :
2902 1308 3049 1370 Quod
3094 1324 3211 1358 vero
3259 1319 3409 1360 restat
3443 1322 3555 1374 post

2006 1374 2221 1447 uigilias,
2242 1394 2270 1447 tt
2293 1377 2527 1447 fratribus
2549 1378 2761 1447 (nisiqni
2785 1374 3035 1439 Psalterii,
3050 1378 3123 1429 vel
3138 1375 3347 1429 lectione
3363 1378 3559 1447 aliquid

2006 1443 2256 1510 indigent)
2282 1444 2597 1499 meditationi
2624 1443 2938 1499 inserviatur.

2086 1512 2145 1566 Ut
2178 1525 2351 1567 autem
2384 1515 2435 1567 in
2467 1525 2606 1569 tanta
2638 1517 2940 1582 opinionum
2971 1517 3223 1570 varietate
3250 1519 3403 1569 etiam
3434 1518 3555 1582 quid

2008 1583 2233 1636 sentiam
2283 1586 2514 1651 aperiam
2553 1604 2566 1638 :
2599 1585 2798 1651 Primo,
2834 1587 3079 1639 existimo
3123 1586 3180 1639 S.
3224 1587 3560 1641 Benedictum

2007 1667 2124 1724 eam
2155 1670 2256 1706 non
2291 1659 2685 1723 pra-scripsisse
2714 1656 3110 1709 meditationem
3158 1672 3273 1724 qua:
3306 1662 3354 1709 in
3387 1674 3559 1711 rerum

2011 1722 2304 1796 divinarum
2327 1726 2769 1793 contemplatione
2785 1726 3048 1785 ConsiSIit,
3072 1722 3227 1793 quam
3260 1728 3411 1796 vulgo
3441 1745 3561 1779 nra—

2013 1794 2170 1845 tionis
2211 1796 2450 1846 mentalis
2495 1796 2704 1848 numine
2753 1796 3128 1859 intelligimus;
3163 1806 3271 1849 tum
3306 1794 3423 1855 quia
3459 1815 3560 1850 non

2012 1864 2215 1916 videtur
2228 1864 2477 1918 credibile
2492 1881 2610 1916 eum
2638 1875 2782 1918 tanto
2801 1866 3050 1931 temporis
3068 1866 3341 1920 intervallo
3359 1877 3563 1920 mentes

2012 1931 2387 2003 discipulorum
2434 1934 2765 2002 applicasse,
2805 1935 2893 2003 qui
2944 1935 2995 1989 iii
3041 1948 3300 1991 conventu
3350 1940 3563 1989 omnino

2015 2002 2238 2055 breviari
2269 2004 2563 2059 orationem
2593 2004 2777 2071 jubet;
2816 2002 2924 2057 tum
2952 2009 3073 2073 quia
3118 2007 3160 2058 si
3195 2009 3261 2057 ita
3295 2016 3455 2071 esset,
3483 2010 3563 2058 ιιίς

2014 2072 2100 2139 qui
2147 2073 2401 2139 psalterio
2429 2085 2483 2127 et
2512 2076 2736 2127 lectione
2783 2072 3037 2142 indigent,
3070 2077 3209 2128 aliud
3254 2086 3457 2142 tempus
3496 2080 3560 2128 ad

2014 2142 2406 2214 meditationem
2430 2144 2802 2212 assignandum
2825 2146 3027 2209 fuisset,
3057 2149 3192 2214 quod
3227 2155 3398 2199 tamen
3426 2149 3560 2199 haud

2017 2213 2169 2276 facit;
2196 2221 2300 2264 tum
2332 2214 2558 2282 denique
2587 2218 2705 2281 quia
2735 2216 2788 2268 in
2818 2215 3044 2281 antiquis
3072 2213 3446 2270 monachorum
3479 2234 3563 2270 rc—

2015 2283 2150 2350 gutis
2180 2284 2370 2334 nullaiu
2411 2285 2633 2337 orationi
2667 2288 2877 2338 meutall
2910 2286 3091 2339 horam
3124 2288 3369 2339 indicmm
3404 2288 3564 2341 fuisse

2017 2350 2257 2419 legimus,
2281 2369 2405 2425 cum
2438 2355 2487 2406 in
2518 2355 2661 2408 omni
2704 2355 2820 2408 loco
2852 2365 2904 2409 et
2934 2360 3169 2424 tempore
3213 2357 3443 2410 caelestia
3481 2358 3565 2425 ju-

2015 2436 2153 2490 giier
2174 2423 2569 2478 meditarentur.

2084 2491 2349 2554 Secundo,
2382 2493 2627 2546 existimo
2653 2494 2709 2549 S.
2740 2494 2797 2548 P.
2833 2493 3094 2547 Benedicti
3126 2510 3337 2548 sensum
3362 2495 3446 2548 hic
3462 2496 3561 2549 loci

2019 2574 2122 2613 non
2150 2575 2289 2627 esse,
2323 2571 2378 2613 ut
2404 2568 2492 2630 qui
2535 2564 2586 2616 iu
2631 2566 2844 2630 psalmis
2872 2572 2963 2617 aut
2991 2565 3301 2619 lectionibus
3343 2581 3435 2619 sua
3469 2582 3560 2618 ne-

2019 2632 2267 2704 gligentia
2304 2632 2355 2704 in
2400 2634 2665 2687 communi
2691 2634 2882 2704 synaxi
2920 2634 3115 2703 aliquid
3150 2636 3412 2698 omiserit,
3444 2646 3563 2695 post

2020 2702 2194 2768 vigilia
2242 2702 2494 2756 omissum
2508 2702 2739 2770 repetat;
2763 2707 2997 2771 quamvis
3012 2702 3066 2755 id
3087 2721 3189 2758 non
3211 2705 3559 2758 omittendum

2020 2771 2160 2824 foret
2190 2788 2203 2823 :
2229 2787 2347 2825 nam
2384 2773 2496 2826 hinc
2523 2776 2779 2827 sententia
2808 2788 2898 2827 Sua
2929 2774 3156 2828 novitate
3185 2776 3492 2828 destruitur.

2092 2841 2295 2913 Tertio,
2327 2858 2421 2897 nec
2447 2852 2571 2910 puto
2599 2847 2656 2896 ὃ.
2690 2844 2895 2896 Patrem
2926 2847 3239 2913 praacepisse
3270 2854 3323 2898 ut
3354 2857 3563 2898 cantum

2023 2910 2192 2977 ignari
2220 2922 2341 2964 tunc
2371 2914 2621 2980 temporis
2647 2914 2932 2971 discerent.
2968 2910 3181 2983 propter
3226 2915 3418 2969 silentii
3472 2931 3565 2968 no-

2023 2983 2194 3033 cturni
2220 2984 2550 3051 religionem,
2582 3000 2739 3052 quam
2769 2999 2829 3037 ea
2861 2985 3062 3037 ratione
3097 3001 3198 3039 non
3244 2986 3441 3039 violare
3470 2985 3565 3037 im.

2027 3052 2276 3118 possibile
2322 3053 2530 3119 fuisset,
2567 3056 2665 3107 nisi
2695 3070 2812 3107 cum
2860 3055 3126 3108 Bernardo
3152 3054 3449 3109 Cassiiieusi
3487 3056 3566 3108 in-

1949 3129 1996 3193 ο
2028 3120 2319 3194 telltgamus
2348 3126 2412 3175 de
2438 3129 2743 3194 psalmorum
2766 3124 2929 3177 silenti
2954 3125 3151 3179 sibimet
3185 3128 3565 3179 decantationc:

2025 3192 2147 3266 licet
2167 3208 2291 3266 eain
2316 3192 2475 3247 fuisse
2504 3210 2838 3248 communem
2869 3204 2922 3247 et
2947 3210 3079 3260 pene
3100 3202 3397 3266 generalem
3425 3196 3568 3249 ordi~

2022 3263 2103 3315 nis
2131 3263 2294 3314 nostri
2343 3279 2434 3329 per
2476 3281 2527 3328 x,
2559 3280 2608 3317 xi
2650 3275 2703 3319 et
2743 3280 2813 3317 xu
2842 3263 3566 3319 szeculum'coiisuctudinent

2024 3346 2119 3400 pro
2148 3345 2424 3401 comperto
2450 3335 2727 3387 habeatur.

2090 3401 2307 3468 Quarto,
2326 3403 2395 3456 dii
2412 3418 2444 3455 ο
2467 3403 2525 3459 S.
2561 3404 2896 3458 Benedictum
2927 3403 3025 3459 lioc
3042 3406 3158 3458 loco
3184 3405 3289 3459 duo
3305 3406 3564 3475 attigisse.

2021 3472 2273 3525 lectiones
2317 3484 2369 3526 et
2402 3474 2630 3539 psalmos
2672 3492 2684 3525 :
2740 3477 2958 3527 multum
3002 3485 3174 3530 autent
3207 3476 3257 3528 iii
3299 3472 3420 3528 eain
3446 3492 3565 3540 prn-

2022 3541 2229 3611 peudeo
2282 3547 2629 3606 sententiain,
2664 3560 2779 3612 quze
2812 3554 2951 3598 tenet
2988 3546 3047 3601 S.
3081 3546 3289 3599 Patrem
3324 3548 3565 3610 praeseri-

2024 3612 2194 3678 psisse
2220 3623 2274 3666 ut
2303 3615 2543 3669 rudiores
2573 3614 2860 3669 cantandas
2885 3615 2995 3669 sive
3022 3616 3319 3669 recitauilas
3362 3614 3567 3678 publice

2021 3682 2272 3737 lectiOues
2304 3685 2543 3750 privatim
2576 3684 2943 3752 praevidereut.
2971 3697 3023 3739 et
3053 3685 3365 3738 Psalterium
3396 3685 3563 3750 ipsum

2022 3753 2330 3808 memoriter
2346 3754 2609 3808 discerent
2640 3756 2817 3827 251,
2835 3757 3061 3827 maxime
3084 3770 3202 3809 cum
3231 3756 3569 3827 ηθιιάιηιιῖηέ

2025 3832 2181 3894 venta
2212 3824 2748 3894 artetypograpliiea,
2779 3839 2904 3877 mss.
2936 3826 3150 3879 codices
3177 3824 3357 3877 multis
3386 3825 3567 3879 relerii

2022 3893 2228 3963 mendis
2257 3894 2311 3947 in
2338 3893 2572 3947 infinitos
2610 3910 2822 3948 errores
2862 3897 2999 3947 inter
3028 3895 3303 3962 legendum
3331 3895 3569 3963 iuniores

2022 3971 2077 4016 et
2106 3962 2379 4028 imperitos
2395 3967 2722 4027 inducerem,
2746 3964 3010 4032 morisque
3037 3966 3188 4019 fuerit
3210 3962 3344 4031 apud
3367 3975 3571 4019 veteres

2028 4035 2318 4087 nionaclios
2359 4034 2671 4088 Psalterium
2706 4037 3014 4088 memoriter
3045 4037 3284 4093 discere:
3312 4052 3429 4088 nam
3470 4052 3570 4086 meo

2024 4101 2180 4175 ditari
2206 4106 2343 4173 apud
2374 4106 2620 4173 antiquus
2650 4120 2792 4172 saepe
2819 4104 3045 4159 sumitur
3077 4122 3172 4175 pro
3211 4106 3436 4173 simplici
3468 4106 3572 4158 Iec—

2027 4172 2191 4239 tione,
2222 4172 2275 4245 ut
2306 4177 2356 4227 iii
2389 4176 2619 4229 secunda
2649 4177 2842 4239 Regula
2863 4176 2958 4229 SS.
2990 4172 3203 4229 Patrum
3227 4172 3342 4245 cap.
3374 4178 3427 4236 5,
3461 4178 3575 4229 sive

2028 4258 2122 4309 pio
2146 4244 2351 4309 studio;
2396 4247 2535 4299 unde
2587 4249 2797 4313 antiqua
2830 4247 3004 4299 versio
3052 4246 3249 4301 Gallica
3298 4244 3401 4298 ms.
3435 4246 3577 4299 Con-

2026 4315 2239 4386 cliensis
2273 4316 2579 4369 monasterii
2627 4321 2765 4369 hunc
2794 4316 3012 4386 Regula:
3041 4330 3237 4370 textum
3268 4317 3337 4369 ita
3374 4319 3527 4386 υἷι-ιιι
3558 4332 3573 4367 :

2026 4379 2098 4456 [τε
2126 4392 2283 4452 temps
2303 4388 2387 4448 qui
2411 4395 2537 4456 reste
2556 4387 2703 4456 apres
2722 4379 2985 4456 vigile'soit
3004 4390 3191 4455 occupé
3220 4389 3250 4438 ὰ
3281 4389 3390 4438 dire
3414 4384 3577 4439 Psam-

2028 4452 2120 4505 tier
2145 4468 2209 4505 ou
2234 4456 2264 4506 ὰ
2299 4455 2517 4508 έιιιάίεν.

1953 4497 2057 4606 Dn
2096 4522 2309 4591 Quinto,
2341 4539 2445 4606 non
2474 4525 2641 4580 solum
2674 4526 3026 4606 Psalterium,
3048 4527 3311 4606 se.l__alios
3357 4529 3575 4606 insuper

2024 4590 2308 4659 Scripturae
2345 4595 2508 4649 libros
2550 4611 2619 4650 ex
2667 4607 2844 4651 mente
2888 4598 2942 4650 S.
2990 4597 3256 4651 Benedicti
3304 4590 3572 4649 memoria:

2024 4664 2471 4718 commendandos
2494 4679 2614 4720 esse
2653 4667 2919 4729 existimo,
2950 4669 3177 4719 maxime
3205 4682 3326 4719 cum
3355 4671 3577 4719 nonnul—

2025 4731 2101 4785 las
2123 4732 2377 4788 lectiones
2405 4735 2470 4786 ad
2496 4749 2627 4802 Opus
2652 4736 2744 4790 Dei
2769 4738 3071 4792 memoriter
3098 4736 3306 4789 recitari
3332 4736 3576 4799 voluerit,

2023 4807 2421 4873 communisque
2450 4807 2587 4873 apud
2619 4816 2822 4861 veteres
2850 4808 3135 4859 monachos
3183 4821 3307 4859 usus
3334 4807 3577 4858 obtinue-

2024 4873 2112 4934 rit,
2140 4872 2464 4945 Scripturam
2488 4872 2762 4930 memoriae
2784 4875 3084 4928 mandandi.
3140 4875 3291 4929 Addo
3321 4885 3573 4945 prasterea

2021 4943 2256 5014 occultos
2286 4944 2431 4997 illius
2456 4946 2736 5014 variosque
2760 4960 2950 5000 sensus
2974 4959 3091 4999 esse
3112 4943 3381 4999 rimandns
3404 4963 3419 4999 :
3453 4962 3571 4998 nam

2022 5010 2306 5080 Scriptura:
2325 5029 2489 5068 sacra:
2515 5010 2749 5069 studium
2779 5016 2913 5081 apud
2942 5030 3036 5069 eos
3066 5019 3383 5083 pra~cipiium
3415 5017 3577 5069 fuisse

2021 5092 2258 5155 constat;
2288 5086 2431 5155 unde
2452 5085 2611 5139 etiam
2643 5084 2972 5139 llildemarus
2994 5086 3191 5139 nolenti
3213 5088 3434 5155 vigilare
3470 5085 3576 5138 fra-

2026 5152 2199 5224 tri,et
2226 5154 2357 5208 nihil
2395 5170 2454 5209 se
2490 5156 2773 5223 adjuvante
2814 5155 3037 5208 Domino
3077 5152 3315 5224 indigere
3353 5156 3572 5220 dicenti,

2027 5240 2045 5271 ι
2076 5223 2269 5287 Abbas,
2302 5224 2487 5292 inquit,
2518 5227 2674 5278 talem
2724 5226 3137 5293 propositionem
3179 5223 3333 5281 debet
3386 5241 3578 5292 propo-

2023 5306 2172 5355 nere,
2200 5308 2356 5362 quam
2387 5295 2473 5348 ille
2494 5295 2653 5349 frater
2682 5310 2784 5348 non
2815 5296 2980 5361 possit
2998 5296 3223 5359 solvere,
3254 5306 3307 5350 ut
3334 5296 3580 5349 ltumilie-

2025 5370 2169 5434 _tur,r
2205 5365 2433 5434 aliquem
2484 5365 2685 5419 scilicet
2736 5366 3022 5433 Scriptura
3075 5367 3247 5419 locum
3293 5366 3577 5434 perdiffici-

2023 5430 2123 5509 lem
2158 5430 2309 5500 cujus
2350 5449 2563 5489 sensum
2593 5436 2752 5490 frater
2779 5430 2869 5490 ille
2915 5435 3185 5505 negligens
3226 5430 3577 5503 et'superbus

2023 5513 2246 5569 ignoret.

2092 5571 2272 5638 Sexto,
2303 5572 2528 5643 denique
2568 5590 2668 5629 non
2712 5575 2789 5629 sic
2818 5575 2979 5629 credo
3024 5577 3310 5643 Scriptura:
3338 5574 3571 5628 studium

2020 5639 2225 5714 aliaque
2251 5658 2370 5711 qua:
2399 5639 2626 5699 diximus
2650 5661 2681 5699 a
2707 5647 2766 5701 S.
2796 5645 3079 5701 Benedicto
3108 5639 3341 5714 praecipi,
3368 5654 3424 5698 ut
3449 5660 3572 5698 ora-

2023 5711 2149 5765 tioni
2181 5727 2367 5769 vacare
2389 5716 2599 5782 valenti,
2627 5716 2763 5785 quod
2792 5717 2927 5771 Deus
2956 5715 3043 5770 dat
3068 5711 3305 5787 essequi,
3341 5730 3571 5785 permis-
