3952 6182
400 198 497 250 ιιπ

1771 186 1824 243 8;
1865 185 1926 241 Ρ.
1967 183 2317 241 BENEDlCTl

3529 184 3629 245 HS

407 331 522 366 sunt
552 328 654 365 non
688 310 862 371 fuerit,
894 308 1266 379 maxiine‘cnm
1313 308 1569 379 prolixnis
1597 321 1751 362 orare
1782 306 1960 379 volen-
1991 305 2041 362 A
2064 319 2282 379 exosum
2312 302 2512 379 habuit,
2540 311 2618 379 ut,
2648 303 2805 379 Petro
2832 302 3070 379 Damiani
3089 305 3351 363 referente
3382 308 3473 379 (In
3519 310 3622 365 Vir.

411 399 515 438 tem
549 384 596 435 iii
630 380 860 433 oratorio
899 377 1149 432 remorari
1197 378 1327 430 infra
1373 378 1660 442 permittat.
1690 382 1858 443 Atque
1887 377 1958 430 ita

412 455 562 505 tiililo
590 450 873 505 Aiiluciisis
902 447 1189 500 monachus
1226 462 1321 500 tlsu
1367 447 1615 504 habuisse
1640 448 1833 501 dicitur
1858 448 1875 515 (
1900 444 1965 500 In

2071 373 2134 429 S.
2178 374 2378 440 Hann),
2406 390 2427 425 ι
2455 374 2651 446 siquis
2682 376 2744 446 ei
2779 375 3124 430 confiteretur
3177 390 3297 446 post
3344 373 3627 436 duodecim

2074 446 2394 511 psalmorum
2421 444 2641 513 vigilias,
2671 445 2752 499 vel
2796 446 3023 500 maxime
3043 444 3190 500 circa
3215 447 3504 504 diluculum
3534 454 3626 505 oh-

423 523 539 577 Vitn
562 521 623 577 S.
648 518 883 588 Παςοη..
915 537 969 572 n.
1001 519 1090 580 ll,
1117 516 1307 570 seculo
1336 518 1387 585 v)
1425 536 1442 588 ι
1470 527 1587 585 post
1612 514 1965 586 expletionem
2070 514 2351 588 dormisse,
2385 529 2711 588 nequaquam
2743 522 2923 588 posset
2944 531 3012 571 eo
3031 517 3117 588 die
3135 531 3256 572 cum
3278 519 3391 582 ejus
3421 521 3628 577 licentia

417 585 1006 657 inatutinalissynaxis,
1062 599 1115 639 ut
1158 589 1215 640 li.
1269 585 1527 654 permittit
1574 585 1886 643 Benedictus
1916 588 1967 639 iu

418 664 652 718 oratorio
682 658 960 727 peculiaris
986 658 1240 711 orationis
1272 659 1435 723 gratia
1463 658 1741 727 remorari.
1769 676 1787 709 ι

488 732 637 800 Quod
670 725 792 784 vero
820 729 879 784 8.
909 729 1061 800 Pater
1089 728 1157 781 ait
1188 744 1220 780 a
1240 727 1599 800 fratribusqui
1618 725 1972 800 Psalteriivel

421 797 692 858 tertiarium
738 799 933 865 aliquid
973 799 1221 868 inligati,
1264 798 1341 851 sic
1381 798 1625 868 intelligit
1666 797 1969 868 Menardus,

425 885 481 929 iit
510 873 699 927 fratres
742 871 830 939 qui
875 869 1127 923 Psallet'io
1170 879 1258 922 aut
1290 869 1519 939 lectione
1559 867 1665 923 non
1713 867 1972 937 indigent,

427 947 616 998 liberas
649 943 747 995 hoc
766 938 869 1009 per
898 939 1228 993 intervallum
1257 941 1413 992 horas
1442 938 1689 1009 habeant,
1715 941 1837 1006 quia
1872 952 1977 992 non

426 1014 598 1067 omnia
647 1012 748 1065 diei
774 1008 1034 1064 momenta
1076 1010 1134 1062 S.
1165 1009 1318 1063 Pater
1346 1008 1643 1063 minutatim
1669 1016 1979 1078 prosecutus

423 1094 527 1150 est,
558 1098 730 1149 neque
776 1079 1036 1134 ordinavit
1090 1080 1212 1148 quid
1268 1080 1405 1133 inter
1451 1079 1630 1133 laudes
1659 1089 1713 1150 et
1759 1082 1981 1148 primam

431 1148 540 1208 lieri
594 1148 809 1207 deberet
829 1191 844 1215 ,
889 1166 1061 1219 neque
1093 1160 1330 1219 tempore
1362 1150 1543 1217 jejunii
1580 1148 1705 1218 quid
1736 1166 1762 1201 a
1793 1163 1981 1217 vespe-

430 1228 502 1278 ris
546 1224 610 1277 ad
658 1222 951 1275 collationis
1004 1221 1301 1275 lectionem.
1354 1220 1456 1273 Sed
1509 1221 1870 1282 llilitemarus,
1928 1226 1985 1272 ut

433 1297 589 1348 modo
620 1293 943 1355 dicebamus,
968 1302 1143 1345 censet
1170 1296 1215 1344 ei
1247 1290 1333 1360 qui
1367 1290 1492 1344 nihil
1518 1306 1576 1343 se
1606 1290 1841 1358 indigere
1867 1304 1986 1343 cre-

431 1366 509 1420 dit
540 1365 695 1418 talem
722 1364 787 1415 ab
812 1362 1003 1415 abbate
1034 1362 1320 1427 Scriptura:
1347 1370 1688 1427 ῳιωειιοιιυιιι
1716 1376 1834 1415 esse
1866 1375 1985 1425 pro-

436 1435 753 1499 ponendum,
805 1449 959 1502 quam
1006 1433 1092 1485 ille
1137 1432 1349 1485 difficile
1394 1433 1585 1485 solvat.
1621 1431 1814 1484 Verum
1860 1444 1985 1502 cum

432 1506 647 1575 Regula:
676 1501 881 1575 textum
914 1517 1019 1555 non
1063 1505 1234 1575 solum
1263 1504 1328 1555 de
1361 1502 1709 1575 prgevidendis
1751 1501 1991 1575 lectioni-

440 1572 535 1630 hnI
561 1586 613 1628 et
671 1574 925 1627 Psalterio
970 1574 1276 1627 memoriter
1318 1572 1660 1635 addiscenilo,
1689 1572 1782 1626 sed
1829 1574 1987 1624 etiam

439 1648 503 1702 de
530 1647 705 1699 studio
747 1644 1149 1711 serntandisque
1188 1644 1475 1708 Scriptura:
1505 1642 1636 1695 locis
1682 1640 1992 1711 difficiliori-

440 1687 534 1771 bus
577 1715 1013 1783 explicueriinus;
1049 1687 1344 1783 ﬁnullusque
1371 1715 1438 1765 sit
1465 1714 1552 1781 qui
1587 1712 1669 1766 his
1706 1727 1809 1765 non
1857 1710 1991 1783 indi-
2021 1687 2070 1746 Β

439 1800 577 1853 goat,
611 1780 795 1839 omnes
835 1785 1109 1852 aequaliter
1140 1783 1223 1836 hic
1255 1780 1468 1854 Regula:
1484 1780 1642 1837 locus
1680 1794 1891 1849 tangere
1913 1780 1990 1854 dig

438 1851 638 1913 centius
665 1867 777 1917 est;
820 1862 1106 1923 possetque
1139 1855 1207 1906 ita
1246 1851 1457 1921 intelligi
1482 1870 1495 1905 :
1524 1855 1569 1907 A
1601 1854 1851 1906 fratribus
1903 1851 1991 1923 qui

440 1943 627 1981 omnes
677 1922 913 1995 indigent
966 1922 1224 1995 Psalterio
1267 1936 1321 1979 et
1370 1925 1617 1995 lectione,
1663 1922 1991 1977 meditationi

442 2001 756 2053 inserviatiir
782 1992 949 2050 {nam
969 1996 1126 2049 verba
1168 1992 1255 2048 illa
1282 1997 1370 2065 qui
1410 1993 1634 2065 indigent
1664 2002 1995 2065 notaat__c_au-

441 2085 553 2122 sam
602 2068 755 2132 hujus
798 2065 1067 2133 praecepti.
1094 2066 1173 2119 An
1206 2062 1331 2119 vero
1362 2069 1427 2119 ita
1474 2062 1794 2118 intellexerit
1836 2062 1993 2116 Nico-

446 2141 557 2193 laus
583 2139 649 2191 de
678 2137 951 2202 Fractura,
973 2151 1092 2189 cum
1136 2134 1271 2189 facta
1317 2136 1417 2190 sibi
1461 2134 1779 2204 olijectione,
1816 2151 1835 2185 ι
1857 2133 1993 2202 quod

445 2211 487 2264 si
514 2224 616 2262 non
647 2207 878 2275 indigeat
906 2208 1121 2274 psalmis
1145 2207 1229 2262 vel
1260 2206 1483 2261 lectione
1524 2207 1799 2259 intendere
1824 2245 1839 2268 ,
1865 2219 1997 2275 nun-

443 2281 565 2348 quid
600 2281 649 2332 in
681 2272 829 2332 leciis
846 2272 1260 2345 adpausandum
1286 2292 1343 2329 se
1370 2276 1605 2348 ponent?
1634 2294 1652 2327 ι
1673 2272 1992 2348 respondet:

450 2346 471 2400 ι’
504 2351 653 2403 Dicas
684 2352 819 2413 quod
852 2364 979 2411 non,
1014 2350 1134 2411 quia
1180 2348 1279 2401 etsi
1313 2364 1415 2400 nnii
1460 2346 1730 2416 indigeant
1761 2346 1996 2412 psalmis.

446 2422 523 2476 vel
575 2420 910 2485 leitiouibu~,
966 2434 1059 2471 seu
1106 2419 1436 2472 orationibus
1486 2415 1656 2480 quoad
1703 2415 1998 2469 doctrinam

443 2508 649 2554 eorum,
704 2490 938 2556 indigent
987 2499 1162 2543 tamen
1215 2488 1348 2557 ip.~is
1393 2486 1550 2558 252
1574 2488 1744 2558 quoad
1775 2488 1999 2558 salutent

447 2564 741 2614 animarum
767 2560 1024 2625 ipsorum;
1044 2570 1093 2613 et
1118 2556 1547 2627 proptereaﬁdicit
1573 2557 1922 2626 Hieronymus
1935 2556 1999 2627 ad

452 2632 721 2686 l’iusticnni
752 2631 1066 2683 monachum
1096 2646 1111 2685 :
1139 2626 1412 2697 Nunquam
1454 2629 1521 2683 de
1547 2644 1704 2681 manu
1737 2636 1826 2680 tua
1852 2626 2000 2680 cadat

453 2704 822 2770 psalterium.)
871 2702 1135 2753 Cancrum
1182 2702 1265 2754 hic
1313 2701 1582 2770 pra-teriri}
1627 2714 1730 2770 non
1790 2713 2002 2770 possunt

449 2767 590 2840 quod
615 2771 682 2824 de
709 2771 804 2835 piis
825 2770 1256 2837 Sanctigalleiisis
1277 2768 1589 2840 monasterii
1610 2767 1861 2840 Notkero.
1890 2768 2006 2840 Ral-

455 2838 603 2912 perto
631 2852 682 2912 et
710 2842 958 2912 'l‘iitiloiie
988 2841 1281 2912 monachis
1310 2840 1493 2894 scribit
1526 2838 2003 2912 ~Eius-bardus;_.l“’

455 2908 568 2967 iiior
599 2910 688 2977 (In
726 2911 843 2964 Vita
872 2909 1103 2972 Notkeri,
1137 2928 1189 2962 η.
1225 2911 1279 2974 4,
1313 2926 1427 2964 διες.
1461 2925 1490 2963 v
1518 2908 1748 2978 Bened.)
1784 2926 1795 2960 :
1834 2926 1852 2958 ι
1885 2910 2009 2961 Erat

455 2985 622 3038 tribus
652 2984 684 3036 il
710 2983 752 3034 is
780 2981 1223 3049 inseparabilihus
1244 2981 1589 3045 consuetudo,
1611 2978 1869 3047 permisso
1890 2979 2007 3048 qui-

454 3056 573 3109 dem
606 3069 666 3122 pr
688 3054 815 3117 oris,
844 3054 895 3107 in
934 3052 1209 3105 intervallo
1238 3052 1448 3104 laudum
1486 3062 1763 3122 nocturno,
1807 3062 2001 3122 conve-

459 3126 574 3179 nire
602 3120 652 3177 in
697 3124 999 3188 scriptorio,
1028 3123 1441 3192 collationesqiie
1470 3121 1558 3174 tali
1604 3122 1748 3174 hora:
1795 3120 2006 3190 aptissi-

458 3211 571 3252 tnas
600 3197 664 3249 de
691 3194 975 3260 Scripturis
1014 3193 1205 3246 facere.
1239 3211 1257 3244 ι

531 3266 602 3319 Es
632 3266 788 3318 dictis
821 3266 1071 3317 hactenus
1100 3272 1305 3317 constat
1330 3262 1616 3330 perfectum
1647 3260 1704 3317 8.
1738 3260 2007 3317 Benedicti

444 3337 777 3403 discipulum
802 3344 921 3401 post
949 3341 1232 3387 nocturnas
1262 3334 1466 3402 vigilias
1497 3333 1687 3385 lectum
1719 3347 1824 3386 non
1856 3348 2008 3398 posse

461 3416 720 3476 repetere;
743 3404 794 3476 id
812 3407 949 3473 quod
976 3414 1085 3457 tum
1110 3405 1335 3473 antiquis
1354 3414 1461 3457 tum
1485 3404 1865 3476 recentioribus
1896 3418 2009 3456 mo-

464 3472 645 3532 nachis
673 3475 771 3529 sub
800 3472 987 3543 magna
1012 3472 1339 3530 districtione
1367 3485 1576 3527 cautum
1599 3472 1864 3527 videmus:
1890 3487 2007 3528 nam

462 3550 522 3604 8.
540 3546 1449 3618 Chrysostomus_monachorum_sui
1469 3554 1720 3618 temporis
1743 3546 1897 3596 vitam
1919 3546 2013 3618 de-

462 3614 932 3689 scribensUIomil.
953 3615 1041 3689 59,
1062 3619 1127 3667 ad
1141 3616 1315 3685 popul.
1331 3614 1612 3689 Antioch),
1634 3629 1781 3689 «cum
1799 3616 2012 3689 m_atuti-_

467 3707 560 3744 nas
593 3686 859 3743 orationes
896 3696 947 3740 et
1006 3688 1229 3756 hymnos
1274 3686 1689 3749 celebraverint,
1718 3686 1881 3756 inquit
1907 3725 1920 3747 ,
1947 3687 2011 3739 ad

467 3761 853 3826 Scripturaruui
871 3755 1147 3812 lectionem
1160 3766 1557 3810 Convertuntur.
1572 3774 1591 3807 ι
1602 3757 1739 3810 Idem
1753 3755 2015 3826 deIEgyp-

468 3834 558 3886 tiis
582 3828 854 3883 monachis
872 3831 1058 3882 asserit
1082 3830 1365 3880 Cassianus
1392 3828 1443 3879 in
1469 3826 1560 3878 lib.
1588 3842 1642 3888 ll,
1661 3840 1780 3894 cap.
1802 3826 1888 3881 12.
1912 3830 2013 3880 lte-

471 3905 571 3956 l'ert.
598 3904 755 3953 etiam
786 3899 1021 3952 Bullinus
1051 3896 1259 3967 (Lib.itt
1292 3898 1353 3949 de
1372 3896 1475 3949 Vit.
1508 3895 1719 3959 Pat.,n.
1744 3898 1864 3965 199)
1884 3914 2013 3950 non.

474 3974 648 4025 nullus
671 3971 883 4030 fratres,
906 3976 1131 4037 quatuor
1161 3979 1314 4022 nocte
1354 3968 1498 4021 horis
1536 3983 1743 4029 somno,
1786 3978 2013 4032 quatuor

475 4041 711 4105 psalmis,
735 4048 961 4106 quatuor
1010 4038 1175 4091 labori
1227 4053 1473 4091 manuum
1518 4053 1734 4104 Operam
1779 4040 2011 4101 dedisse,

474 4114 532 4167 8.
546 4112 807 4165 Ciesarius
831 4110 880 4162 in
901 4109 1095 4179 Regula
1114 4110 1181 4179 ad,
1199 4110 1447 4179 virgines,
1462 4111 1632 4178 qualis
1652 4117 1735 4161 est
1752 4108 1886 4177 apud
1904 4110 2018 4161 liot-

477 4186 687 4235 lainlum
709 4179 827 4234 Jan.
852 4180 936 4243 l2,
955 4178 1249 4246 prazscribit
1267 4189 1322 4231 ιιι
1343 4197 1360 4229 i
1374 4183 1500 4249 ipsa:
1516 4178 1706 4249 vigilia:
1721 4179 1795 4233 sic
1819 4186 1921 4232 tein
1931 4194 2017 4246 pe-

474 4266 675 4312 rentnr,
699 4260 757 4305 ut
782 4267 899 4317 quae
926 4245 1052 4302 sane
1067 4259 1189 4303 sunt
1210 4260 1323 4316 post
1347 4245 1547 4318 vigilias
1573 4245 1765 4303 somno
1795 4266 1898 4302 non
1927 4245 2021 4318 up-

477 4325 798 4390 primantur.
832 4339 851 4371 ι
873 4319 1551 4390 etS.Aurelianus(Reguf.
1581 4334 1697 4388 cap.
1717 4319 1832 4386 28),
1857 4338 1875 4370 ι
1907 4334 2022 4386 post

2032 3024 2078 3089 C

2074 584 2352 639 missarum
2410 586 2664 640 solemnia
2709 584 3001 641 celebrare.
3032 605 3059 639 ι-
3102 587 3243 641 Idem
3295 588 3480 645 Petrus
3529 593 3627 646 Da-

2074 655 2416 729 miani_hauc
2440 655 2568 729 _suis
2608 655 2778 725 legem
2830 659 3228 729 praescripserat
3258 658 3482 729 (θρωπε.
3536 662 3624 726 15,

2075 741 2188 797 cup.
2222 726 2323 794 i7)
2348 740 2364 780 :
2396 743 2414 776 ι
2438 725 2559 780 Post
2589 735 2900 781 nocturnum
2928 726 3160 797 officium
3191 725 3434 797 repetere
3475 747 3631 787 accu-

2077 796 2242 871 bitum
2269 798 2486 871 omnino
2509 811 2613 850 non
2645 798 2803 871 licet;
2835 796 2974 852 unde
2997 813 3114 871 nos,
3144 807 3203 871 ut
3234 796 3347 856 hare
3374 803 3637 871 regularis

2077 865 2414 920 observantia
2442 875 2619 930 posset
2643 866 2846 921 facilius
2867 868 3143 929 custodiri,
3171 870 3271 926 hoc
3290 865 3631 935 instituimus.

2046 978 2049 981 .
2081 945 2138 988 ut
2158 935 2392 1002 quotidie
2410 936 2616 1004 signum
2644 937 2888 1006 primitus
2917 938 2981 991 ad
3005 939 3208 1005 vigilias
3235 950 3387 996 sonet
3406 958 3420 1007 ;
3441 944 3646 999 deinde-

2079 1007 2291 1073 expleto
2317 1022 2382 1060 es
2401 1021 2558 1078 more
2591 1008 2871 1071 Psalterio,
2900 1008 2983 1062 vel
3032 1019 3287 1078 quantum
3338 1014 3472 1067 ratio
3504 1024 3637 1068 tem-

2082 1078 2226 1145 poris
2264 1076 2597 1131 considerata
2652 1078 2931 1147 permittit,
2962 1076 3184 1133 son—ante
3229 1081 3417 1137 iterum
3461 1085 3634 1147 signa,

2085 1146 2393 1220 nocturnale
2433 1157 2712 1215 peragatur
2740 1148 2995 1215 officium,
3038 1159 3095 1203 ut
3132 1150 3281 1220 juxta
3329 1146 3633 1217 diluculum,

2085 1231 2188 1283 quo
2221 1218 2465 1272 videlicet
2487 1228 2723 1281 tempore
2740 1220 2951 1287 gravius
2974 1218 3225 1274 incumbit
3252 1225 3455 1283 acedia.
3489 1234 3637 1279 stan-

2088 1296 2168 1359 tes
2217 1298 2408 1359 noset
2449 1289 2723 1359 canonicis,
2769 1290 3007 1344 inveniat
3054 1301 3338 1359 occupatos
3382 1295 3641 1350 officiis...

2087 1357 2290 1412 Statuta
2336 1357 2664 1433 Laufranci_(
2688 1357 2870 1433 Cnp._i
2907 1360 3029 1433 ςλι)
3064 1357 3373 1433 decernunt.
3408 1375 3467 1419 ut
3524 1377 3640 1433 post

2089 1439 2373 1501 nocturnas
2392 1429 2596 1501 vigilias
2613 1428 2802 1484 fratres
2824 1429 2874 1483 in
2902 1428 3067 1485 choro
3079 1432 3318 1501 sedeant,
3336 1428 3565 1491 infantes
3588 1437 3637 1489 in

2088 1498 2320 1575 capitulo
2339 1514 2457 1575 cuin
2480 1500 2589 1553 suis
2615 1502 2881 1575 magistris
2901 1509 3120 1575 cantum
3144 1498 3449 1575 adducant,
3479 1515 3638 1575 atque

2092 1569 2300 1622 interim
2343 1571 2506 1638 prior,
2545 1569 2765 1623 accensa
2813 1572 3044 1639 lucerna,
3073 1572 3249 1627 videat
3294 1569 3643 1632 iium’omnes

2093 1639 2337 1712 ordinate
2364 1640 2522 1710 253
2561 1642 2801 1705 sedeant,
2834 1642 3116 1712 omniaque
3143 1647 3447 1700 monasterii
3477 1662 3644 1701 mem-

2096 1710 2187 1763 bra
2211 1711 2558 1778 perlustrans,
2590 1725 2632 1764 sn
2664 1727 2821 1781 quem
2844 1710 3192 1768 dormientem
3224 1717 3473 1781 reperiat,
3504 1719 3645 1773 exci-

2099 1781 2471 1853 tatum__signo
2521 1783 2715 1853 reverti
2760 1783 2811 1835 in
2850 1783 3072 1837 chorum
3124 1787 3413 1853 praecipiat.
3449 1788 3642 1842 Eadem

2098 1865 2233 1925 pene
2262 1850 2535 1925 disciplina
2580 1850 2791 1925 vigebat
2827 1854 2964 1925 apud
3006 1850 3398 1913 CluniacenSes.
3424 1874 3644 1925 quorum

2096 1922 2323 1996 antiqua:
2352 1919 2769 1996 Consuetudines
2799 1919 2935 1996 apud
2970 1925 3268 1996 Udalricum
3300 1919 3647 1996 pnescribunt

2100 1992 2247 2061 (Lib.
2282 2006 2319 2054 ι,
2341 2007 2452 2063 cap.
2472 1991 2609 2061 41),
2637 2004 2694 2046 ut
2746 1994 2962 2062 privatis
3001 1994 3207 2060 diebus,
3253 1991 3312 2053 si'
3345 2000 3502 2053 nullae
3543 2001 3647 2055 sint

2097 2070 2324 2134 oitavm,
2355 2072 2629 2134 postquam
2667 2064 2832 2119 semel
2868 2071 3218 2134 surrexerint,
3247 2068 3312 2121 ad
3344 2069 3509 2124 lectos
3541 2087 3643 2124 non

2100 2132 2347 2207 redeant;
2377 2133 2569 2207 deinde
2600 2134 2746 2187 facta:
2786 2138 3178 2207 interrogationi
3206 2132 3448 2207 'quandiu
3492 2141 3653 2195 dura-

2100 2212 2181 2255 ret
2226 2203 2397 2278 ipsum
2423 2205 2817 2278 _int~_rvallum?
2848 2203 3193 2278 respondetur
3221 2203 3297 2265 sic
3345 2212 3650 2278 temperari,

2102 2285 2157 2324 ut
2188 2288 2282 2340 per
2309 2274 2435 2326 illud
2484 2276 2629 2342 prior
2657 2274 2953 2331 claustralis
2989 2292 3175 2332 omnes
3205 2274 3503 2336 monasterii
3530 2274 3653 2335 ofﬁ;

2100 2345 2248 2415 ciiias
2297 2358 2606 2412 percurrere
2655 2347 2852 2415 possit;
2883 2358 2992 2401 tum
3024 2360 3077 2400 ut
3105 2351 3293 2404 fratres
3332 2352 3399 2405 de
3426 2355 3654 2408 ecclesia

2104 2413 2161 2467 Β.
2181 2412 2354 2488 Maria:
2379 2415 2534 2488 simul
2559 2412 2845 2488 exeuntes,
2864 2426 3136 2488 postquam
3158 2421 3430 2484 corporeis
3452 2431 3656 2477 natura:

2104 2487 2528 2549 necessitatibus,
2560 2486 2603 2540 si
2635 2489 2722 2560 qui
2748 2486 3039 2556 indigeant,
3070 2489 3420 2560 providerint,
3447 2492 3497 2547 in
3524 2495 3658 2548 cho-

2078 2569 2224 2633 -rur_n_
2242 2567 2607 2633 revertantur;
2633 2559 2717 2611 ubi
2747 2570 2906 2626 caput
2927 2563 3162 2633 cooperti
3176 2559 3434 2633 sedeant;
3472 2562 3655 2633 ibique

2104 2626 2353 2693 quidquid
2386 2627 2645 2697 voluerint
2680 2636 2770 2682 aut
2793 2626 3057 2697 potuerint
3089 2631 3318 2687 faciant:
3351 2626 3481 2688 nihil
3506 2626 3654 2690 enim

2107 2704 2234 2749 tunc
2272 2702 2523 2763 temporis
2556 2696 2807 2753 fratribus
2846 2700 3105 2767 agendum
3136 2706 3517 2770 praescribitur.
3550 2707 3658 2760 νυ-

2110 2774 2282 2843 terant
2306 2778 2481 2843 autem
2510 2772 2550 2821 si
2581 2770 2798 2843 vellen_t__
2820 2786 3059 2843 surgere,
3090 2773 3273 2827 altaria
3319 2777 3561 2843 circuire,
3591 2787 3655 2831 et

2107 2836 2720 2912 ibipecoliariterprare.
2738 2838 2837 2894 Ubi
2860 2836 3053 2895 merito
3066 2848 3300 2912 corrigas
3319 2836 3659 2911 Haeftenum,

2108 2908 2285 2986 qoi_ex
2313 2922 2382 2986 eo
2406 2909 2545 2974 quod
2582 2912 3133 2986 coriqueritur_Petru_s
3167 2908 3489 2971 venerabilis
3513 2908 3661 2986 quod

2110 2977 2274 3052 multa
2299 2977 2470 3052 adhuc
2497 2990 2650 3035 nocte
2686 2977 2737 3035 in
2769 2982 2979 3052 hymnis
3008 2983 3218 3038 landum
3242 2998 3483 3041 cantetur
3505 2977 3664 3044 τἈιι-

2109 3064 2228 3125 rora
2256 3048 2395 3125 fucis
2412 3052 2585 3125 rutilat
2610 3068 2625 3103 :
2649 3048 2851 3125 Aurora
2867 3054 2979 3125 jam
3003 3056 3195 3125 spargit
3218 3057 3414 3123 polum,
3444 3066 3497 3113 et
3519 3059 3665 3112 simi-

2110 3118 2176 3171 lia
2199 3134 2215 3183 ;
2242 3119 2509 3173 existimat
2524 3123 2641 3190 jam
2664 3123 2784 3175 olim
2814 3118 3166 3179 Cluniacensi:
3186 3118 3503 3183 intervallum
3526 3129 3664 3185 illud

2112 3204 2213 3241 non
2238 3205 2495 3262 seruasse.
2528 3192 2642 3246 Non
2673 3194 2812 3246 enim
2838 3194 3073 3262 queritur
3102 3195 3286 3252 Petrus
3338 3196 3667 3255 Venerabilis

2112 3259 2251 3327 quod
2283 3259 2481 3314 nullum
2507 3259 3207 3339 servaretur-intervallum;
3251 3271 3344 3322 sed
3386 3270 3524 3339 quod
3562 3286 3666 3324 au-

2112 3344 2286 3384 roram
2318 3344 2480 3399 usque
2506 3348 2610 3386 non
2639 3333 3033 3389 extenderetur.
3067 3338 3151 3389 Ait
3172 3347 3346 3392 autem
3382 3333 3663 3395 Udalricus

2111 3400 2275 3479 fuisse
2319 3401 2600 3479 aliquando
2643 3419 2772 3479 cum
2817 3405 3071 3479 intentius
3117 3417 3324 3476 oraret,
3375 3410 3662 3479 aliquando

2092 3475 2343 3547 psalmos
2375 3474 2683 3547 ruminat-et,
2706 3475 2987 3547 aliquando
3013 3490 3200 3531 somno
3226 3474 3528 3547 oppressus,
3550 3484 3668 3535 vel-

2118 3548 2189 3615 let
2217 3542 2400 3615 nollet,
2428 3544 2738 3615 dormitaret
2760 3560 2774 3601 :
2799 3540 3053 3615 additque
3073 3562 3176 3601 non
3209 3540 3403 3604 inultos
3422 3540 3664 3607 Clu'niaci

2113 3612 2288 3691 fuisse
2315 3612 2624 3691 dissimiles;
2668 3616 2789 3691 Haec
2835 3617 2886 3691 in
2932 3612 3238 3691 memoriam
3285 3634 3530 3691 revocant
3555 3639 3661 3691 qua

2114 3697 2227 3737 arae
2255 3682 2311 3737 S.
2331 3683 2561 3739 Joannes
2585 3684 2886 3740 Gorziensis
2915 3701 3157 3742 somnum
3189 3690 3356 3745 hocin
3388 3682 3667 3749 intervallo

2113 3751 2315 3822 fugaret
2346 3755 2434 3824 (In
2462 3758 2572 3832 eius
2608 3754 2755 3832 Vita,
2786 3772 2837 3809 η.
2869 3758 2957 3821 80,
2983 3774 3100 3832 sive.
3126 3774 3160 3813 v
3190 3759 3435 3832 Bened.),
3462 3764 3671 3819 scilicet

2120 3842 2139 3876 ι
2170 3839 2220 3877 in
2251 3838 2448 3879 morem
2488 3830 2601 3896 apis
2648 3829 2877 3895 psalmos
2922 3829 3082 3882 tacito
3118 3829 3393 3885 murmure
3416 3836 3672 3890 continue

2115 3896 2451 3970 revolvendo,
2485 3911 2625 3950 nunc
2651 3898 2792 3951 circa
2823 3897 3029 3965 altaria,
3064 3916 3201 3954 nunc
3234 3904 3500 3970 paululum
3530 3908 3668 3960 resi-

2116 3965 2308 4030 dendo,
2349 3980 2794 4044 mox__exsurgere
2818 3977 2872 4022 et
2914 3970 3213 4044 aliquandiu
3235 3965 3411 4034 stare;
3439 3977 3674 4044 itemque

2117 4047 2363 4111 egressus
2406 4037 2537 4091 cella
2570 4047 2774 4107 tempus
2813 4043 2982 4093 noctis
3005 4037 3285 4111 ’iuspii-ere
3311 4060 3325 4108 ;
3354 4045 3543 4100 deinde
3582 4037 3674 4100 lu—

2119 4108 2293 4181 cernis
2309 4117 2396 4181 aut
2419 4111 2786 4181 emungendis,
2808 4119 2898 4162 aut
2921 4108 3221 4166 reficiendis
3249 4115 3527 4181 assiStere;
3555 4126 3672 4171 tum

2120 4179 2276 4230 etiam
2319 4176 2527 4231 scholas
2557 4176 2857 4233 canentium
2885 4181 3152 4247 revisere;
3183 4183 3443 4240 interdum
3468 4176 3676 4243 retibus

2124 4248 2360 4321 texendo
2391 4250 2528 4317 quod
2570 4250 2738 4303 noctis
2765 4263 3065 4320 superesset
3093 4254 3409 4321 expendere.
3437 4276 3456 4307 ι

2193 4317 2570 4372 Cistercieuses
2599 4320 2757 4396 etiam
2781 4317 2989 4396 constat
3013 4333 3133 4396 post
3153 4317 3436 4380 nocturnas
3464 4328 3675 4396 vigilias

478 4389 759 4465 matutinas
805 4392 1093 4465 orationes,
1127 4392 1261 4454 iiilit,
1307 4391 1371 4465 ad
1420 4389 1663 4443 suntnam
1694 4392 1883 4465 reverti
1915 4406 2023 4445 non
2052 4389 2291 4465 Dlectus
2340 4406 2441 4465 non
2489 4392 2764 4458 repetiisse
2802 4407 2865 4445 ex
2910 4389 3046 4465 libro
3095 4393 3290 4465 Usuum
3336 4396 3465 4452 Cist.
3496 4389 3545 4452 c'.
3577 4400 3679 4465 74,

480 4465 652 4519 liceat.
684 4482 703 4515 ι
734 4461 787 4514 lu
815 4462 1031 4528 antiquo
1060 4472 1218 4515 etiam
1238 4461 1435 4515 Urdine
1459 4460 1872 4514 conversationis
1912 4476 2025 4514 ino-

478 4537 695 4588 iiasticaa
741 4533 930 4601 legitur
971 4530 1137 4602 (Cap.
1168 4532 1232 4603 2)
1264 4548 1277 4584 :
1308 4550 1327 4581 i
1359 4534 1479 4586 Post
1506 4532 1856 4599 expletionem
1900 4547 2026 4587 vero

478 4617 752 4659 nocturna:
799 4603 986 4668 iaudis,
1032 4603 1084 4656 in
1123 4602 1218 4656 illo
1258 4603 1534 4656 intervallo
1562 4617 1824 4655 summum
1865 4603 2025 4656 silen-

478 4685 608 4730 tium
642 4676 729 4728 fiat
758 4685 865 4727 tant
894 4675 945 4727 in
971 4688 1101 4727 voce
1124 4688 1280 4742 quam
1306 4675 1357 4727 in
1386 4674 1612 4739 incessu,
1638 4673 1750 4726 sive
1778 4685 1910 4725 sono
1934 4672 2030 4727 ali-

478 4748 629 4814 cujus
660 4745 759 4810 rei,
788 4756 844 4797 ut
874 4744 1031 4798 liceat
1070 4746 1349 4812 unicuique
1377 4745 1493 4797 sine
1523 4744 1741 4797 alterius
1771 4742 2031 4811 inquietu-

478 4813 605 4871 dine
634 4824 845 4884 peccata
877 4815 1102 4869 Domino
1129 4818 1387 4879 conliteri,
1414 4829 1468 4869 et
1500 4813 1706 4867 veniam
1750 4825 1803 4867 et
1845 4814 2032 4868 remis-

479 4889 681 4939 sionem
735 4901 828 4952 pro
879 4885 1005 4953 ipsis
1055 4886 1227 4939 flendo
1284 4885 1443 4939 Deum
1499 4885 1825 4951 postulare.’
1864 4884 1919 4936 Et
1974 4888 2025 4938 in

480 4956 963 5010 Consuetudinibus
1014 4957 1072 5011 8.
1140 4955 1406 5010 Benedicti
1457 4956 1659 5009 abbatis
1714 4956 2028 5008 Anianensis

482 5026 654 5098 (Tom.
686 5026 1028 5098 tngnnal.):
1064 5043 1083 5076 ι
1112 5026 1235 5081 Post
1280 5026 1563 5098 inauditas
1607 5027 1766 5079 horas
1796 5038 1898 5076 non
1926 5040 2030 5098 Are-

480 5096 669 5151 deatur
698 5096 760 5149 ad
790 5096 1031 5161 lectulos,
1069 5098 1169 5150 nisi
1212 5097 1426 5166 quando
1469 5096 1756 5164 ph-narium
1799 5096 2028 5149 ol‘llciom

481 5172 821 5231 culehratur,
886 5167 969 5221 vel
1024 5169 1246 5236 contigit
1295 5178 1417 5221 ante
1480 5168 1661 5219 horam
1716 5168 2030 5231 surrexisse,

481 5248 709 5305 excepto
747 5237 972 5291 infirmis
1014 5241 1091 5291 vel
1125 5252 1218 5306 pro
1248 5238 1553 5291 lassitudine
1584 5250 1687 5289 non
1716 5237 2029 5306 valentibus,

481 5324 707 5375 quorum
737 5308 1067 5362 imbecillitas
1087 5305 1132 5359 ιι
1151 5309 1325 5375 priore
1348 5307 1724 5361 consideranda
1754 5315 1887 5360 est.»
1911 5305 2035 5360 Cro-

483 5383 753 5451 degaugiis
790 5380 948 5433 etiam
976 5378 1255 5451 Mettensis
1290 5381 1569 5451 episcopus
1592 5376 1925 5451 (Spec.toni.
1966 5375 2031 5446 l),

484 5447 694 5515 nequis
725 5458 843 5516 post
887 5458 1170 5503 nocturnas
1215 5449 1435 5517 vigilias,
1467 5449 1566 5502 nisi
1611 5448 1746 5501 forte
1776 5447 2032 5513 infirmus,

484 5532 540 5573 et
569 5521 667 5572 hoc
687 5535 808 5572 cum
840 5518 1072 5583 licentia,
1097 5520 1341 5584 dormiat,
1371 5520 1469 5572 sub
1496 5533 1646 5587 pinna
1673 5521 2008 5572 excommuui

485 5588 709 5642 catioitis
733 5601 871 5644 vetat
893 5593 945 5644 in
968 5590 1165 5658 Regula
1182 5588 1590 5649 Canonicorum.
1607 5605 1722 5656 cap.
1753 5589 1835 5642 15.
1858 5587 1913 5642 8.
1933 5587 2036 5640 Ro-

486 5662 731 5713 mualdus
762 5675 923 5729 usque
952 5661 1085 5713 adeo
1116 5671 1230 5727 post
1261 5670 1540 5715 nocturnas
1565 5659 1768 5728 vigilias
1793 5671 2033 5713 Somnum

2126 4475 2230 4532 quo
2259 4460 2525 4532 statuitur,
2552 4470 2607 4532 ut
2640 4479 2659 4511 ι
2688 4471 2804 4532 post
2851 4463 3053 4532 vigilias
3084 4464 3163 4518 vel
3190 4477 3306 4532 post
3327 4469 3556 4523 ollicium
3577 4460 3679 4523 de;

2126 4530 2448 4594 functorum,
2473 4531 2516 4583 si
2541 4530 2818 4586 dicendum
2842 4530 3015 4600 fuerit,
3040 4530 3264 4589 accenso
3296 4538 3489 4594 lumine
3518 4555 3545 4593 a
3567 4555 3681 4595 ser-

2127 4604 2297 4674 vitore
2327 4602 2562 4674 ecclesia:
2591 4615 2713 4674 ante
2742 4618 3026 4656 armarium
3045 4615 3099 4660 et
3118 4608 3168 4659 in
3188 4609 3436 4674 capitulo,
3453 4611 3677 4666 sedeant

2130 4671 2320 4745 fratres
2347 4670 2396 4745 in
2426 4671 2541 4740 ipso
2575 4672 2822 4745 capitulo,
2857 4683 2908 4727 et
2940 4674 3113 4742 legant
3140 4677 3228 4745 qui
3256 4670 3534 4744 voluerint,
3576 4697 3681 4737 nec

2130 4741 2348 4796 sedeant
2372 4742 2426 4815 in
2458 4743 2664 4815 angulis
2694 4744 2791 4797 nisi
2824 4741 3058 4813 legentes
3087 4762 3100 4798 z
3130 4741 3215 4815 qui
3248 4751 3419 4806 taliter
3446 4741 3680 4807 habeant.

2132 4822 2338 4880 caputia
2370 4812 2733 4891 in__cap_ititius,
2769 4825 2825 4891 ut
2852 4812 3018 4880 possit
3045 4812 3261 4883 agnosci
3300 4824 3342 4874 si
3383 4821 3672 4891 dormiant,

2126 4897 2192 4935 an
2223 4898 2391 4936 non.)
2429 4883 2494 4936 Et
2542 4886 2655 4938 ιιωο
2697 4884 2910 4953 quidem
2958 4892 3159 4952 neme;
3212 4904 3330 4943 nam
3383 4902 3568 4946 testate
3620 4883 3673 4947 in

2128 4953 2362 5026 claustro
2393 4968 2526 5026 sese
2548 4955 2889 5021 recipiebant,
2922 4970 2985 5010 ex
3017 4972 3133 5026 cap.
3167 4958 3270 5024 8L;
3300 4962 3438 5016 unde
3466 4964 3522 5017 S.
3550 4964 3680 5018 Ber-

2130 5025 2337 5103 t_iard_us_
2360 5023 3021 5103 singula-remmonachum
3056 5023 3360 5103 describens
3384 5031 3489 5103 (De
3512 5032 3678 5093 ϐαιά.

2132 5094 2343 5163 ltiimil.)
2366 5136 2386 5172 ,_
2409 5096 2523 5149 aliis
2552 5097 2605 5149 in
2627 5100 2870 5172 _c!aus_ti_'o
2912 5099 3294 5172 quiescentibus,
3320 5094 3505 5172 inquit,
3536 5107 3681 5160 solus

2132 5177 2352 5238 remanet
2369 5166 2423 5217 in
2452 5166 2670 5219 oratorio
2700 5183 2717 5220 :
2748 5168 2836 5221 ubi
2856 5167 2994 5237 quod
3024 5167 3152 5223 dicit
3177 5166 3542 5238 quiescentian
3566 5193 3678 5231 non

2136 5236 2209 5316 de
2248 5250 2522 5305 corporea.
2554 5238 2647 5316 sed
2676 5238 2744 5316 de
2788 5236 3012 5316 spiritali
3059 5236 3234 5316 quiete
3280 5243 3678 5316 intelligendum

2135 5314 2235 5370 est,
2256 5316 2315 5359 ut
2343 5317 2482 5376 patet
2509 5322 2573 5361 ex
2617 5310 2845 5362 Aelredo
2874 5308 3061 5364 abbate
3096 5312 3236 5365 hom.
3269 5313 3336 5367 de
3362 5308 3564 5370 duobus
3608 5320 3683 5372 di-

2126 5376 2351 5447 scipulis
2377 5378 2623 5432 euntibus
2653 5379 2702 5432 in
2737 5378 3010 5445 Emmaus,
3039 5391 3093 5435 et
3112 5399 3173 5436 ex
3198 5382 3433 5438 Gilberio
3447 5388 3514 5442 de
3539 5388 3682 5441 lloil-

2137 5448 2310 5522 [ωιρἱ
2360 5447 2671 5522 8ετιιιημέέ3,
2706 5449 2956 5522 in__Cant.
3011 5448 3243 5521 Denique
3295 5457 3431 5522 apud
3482 5458 3682 5519 primos

2141 5517 2480 5597 l}_.‘Ste£bani
2506 5518 2712 5597 abbatis
2740 5519 3087 5597 Qbazinensis
3116 5517 3402 5597 discipulus
3428 5517 3594 5597 (Tom.
3613 5529 3678 5583 IV

2140 5586 2294 5662 Μὶδεἶ
2316 5585 2524 5657 Baliiz.)
2548 5630 2563 5655 ,
2600 5608 2618 5639 i
2647 5590 2772 5644 illud
2798 5591 2936 5658 quod
2967 5601 3086 5659 post
3113 5585 3319 5662 vigili-as
3348 5585 3681 5654 intervallum

2140 5659 2391 5716 restabit.
2423 5676 2524 5712 non
2575 5661 2735 5730 quieti
2785 5672 2875 5714 aut
2922 5680 3107 5717 somno
3156 5659 3500 5731 deputabatur
3583 5672 3677 5723 sed
