3952 6182
257 372 344 429 ιῖἸ

1279 368 1549 425 REGULA
1589 364 2071 422 COMMIiNTATA.
2111 362 2260 417 CAP.
2307 363 2430 417 \‘lll.

3375 370 3476 419 618

258 488 607 559 peculiaribus
646 486 970 559 orationibus
1018 494 1107 559 aut
1132 485 1415 559 operibus
1449 497 1694 538 manuum
1726 484 1801 535 ιιι-
1831 486 1883 543 Α
1909 490 1960 533 et
1987 482 2066 559 sic
2093 479 2344 559 deinceps
2369 480 2431 532 ad
2459 480 2571 559 loca
2584 479 2883 559 constituta
2908 479 3164 559 acc-edant
3184 518 3199 544 ,
3223 479 3470 559 diurnum

257 556 534 622 Serviebat,
557 577 576 609 ι
612 566 667 610 ιιι
697 557 885 625 legitur
913 559 963 609 in
990 558 1106 625 ejus
1131 556 1274 619 Vita,
1307 572 1359 610 ιι.
1392 557 1443 609 7.

327 629 464 683 Istud
497 638 670 681 autem
702 622 994 683 institutum
1022 622 1274 693 'antiquis
1314 624 1612 686 monachis,
1645 632 1697 673 ut
1728 622 1806 674 vi-

256 700 426 754 dimus
469 699 743 762 hactenus,
785 698 1085 752 inviolabile
1130 695 1288 767 255.
1327 697 1529 767 duplici
1549 707 1804 767 excausa

257 770 597 824 commendat
621 770 852 823 Joannes
878 765 1274 821 Cassianu’s’fl‘i
1295 783 1360 820 ne
1387 765 1806 834 puriﬁcationem

254 849 490 894 nostram
534 839 804 892 nocturnis
850 838 1180 892 orationibus
1227 837 1537 904 acquisitatn
1592 834 1806 887 invidus

258 912 428 964 hostis
460 910 704 963 illusione
729 910 899 962 somni
922 908 1277 971 contaminet;
1311 903 1364 961 2°
1382 921 1448 959 ne
1477 920 1696 958 somnus
1720 903 1811 956 ille

254 981 505 1035 inertiam
535 981 586 1033 in
627 981 887 1032 monacho
929 980 1207 1047 parturiat,
1238 991 1299 1030 ac
1342 992 1439 1045 per
1468 986 1633 1028 totum
1664 973 1697 1047 d_
1723 988 1809 1026 em

259 1054 498 1120 vigorem
529 1051 642 1115 ejus
683 1045 958 1111 obtundat,
989 1049 1164 1102 cordis
1195 1047 1562 1120 pinguedinem
1593 1045 1813 1120 cithari-

254 1114 380 1187 riit,
406 1130 462 1173 et
481 1114 704 1174 debilem
736 1120 919 1173 reddat
940 1135 1059 1173 eum
1082 1114 1332 1171 adversus
1355 1118 1570 1170 insidias
1592 1114 1808 1168 inimici.

257 1186 411 1245 Adde
432 1191 570 1261 quod
594 1189 670 1243 ait
698 1190 1019 1261 Sinaragdus
1046 1206 1058 1240 :
1085 1206 1113 1261 γι
1138 1190 1400 1261 Scriptum
1427 1198 1504 1240 est
1538 1187 1588 1239 in
1623 1186 1815 1261 lectulo

261 1262 412 1316 meo!
452 1255 693 1327 'Quaesivi
740 1255 910 1328 queui
952 1259 1120 1327 diligit
1173 1255 1347 1311 anima
1400 1272 1547 1321 mea;
1596 1255 1814 1324 quaesivi

256 1347 388 1386 eum
417 1340 471 1385 et
501 1346 605 1384 non
642 1332 814 1385 inveni
839 1346 958 1384 eum
987 1346 1002 1384 :
1031 1345 1133 1383 non
1168 1328 1307 1383 enim
1336 1328 1388 1381 in
1415 1328 1608 1381 lectulo
1638 1341 1818 1379 carna-

265 1402 392 1455 lium
427 1402 750 1469 voluptatum
782 1401 1003 1455 dilectus
1035 1399 1281 1454 Christus
1319 1397 1617 1469 invenitur,
1646 1397 1815 1469 sedin

260 1466 789 1536 ‘laboribus'sanctis,
823 1470 1057 1525 excubiis
1093 1470 1260 1524 sacris
1304 1479 1358 1522 et
1386 1468 1715 1521 orationibus
1744 1466 1819 1520 in-

263 1542 479 1596 venitur
516 1542 756 1595 crebris:
790 1557 893 1596 non
938 1543 991 1595 in
1019 1542 1190 1594 somni
1237 1549 1487 1608 torpore.
1521 1540 1612 1591 sed
1652 1540 1702 1590 in
1741 1538 1820 1591 vi-

261 1613 512 1681 giliarum
559 1614 819 1677 oratione,
864 1624 917 1666 et
962 1609 1526 1681 oratiooisginvenitur
1562 1623 1816 1681 compun-

260 1678 499 1737 ctionea
524 1682 588 1734 Et
612 1684 740 1735 illtid
767 1683 902 1737 Petri
928 1682 1166 1736 Damiani
1193 1679 1411 1749 (Opuac.
1442 1679 1527 1743 15,
1551 1696 1663 1748 cap.
1690 1678 1777 1748 17)
1803 1695 1815 1730 :

271 1771 291 1804 ι
325 1753 475 1807 Absit
505 1764 629 1806 tunc
658 1767 754 1805 nos
774 1753 950 1821 sopori
980 1753 1060 1806 vel
1089 1750 1309 1819 ignavia:
1330 1751 1518 1804 cedere
1548 1764 1650 1817 qua
1673 1749 1821 1802 vide-

266 1824 393 1877 licet
420 1823 547 1876 hora
574 1832 784 1876 constat
814 1824 1237 1891 ‘ltedemptorem
1282 1833 1519 1875 nostrum
1550 1830 1820 1873 destructo

265 1894 458 1948 mortis
504 1894 730 1962 imperio
773 1896 1092 1957 surrexisse,
1123 1906 1189 1947 ne
1217 1891 1260 1945 si
1301 1900 1424 1945 tunc
1470 1891 1817 1962 dormiamus,

268 1962 486 2032 quando
510 1960 715 2018 oriente
741 1964 856 2017 sole
899 1977 1158 2032 corporeo
1184 1962 1342 2015 etiam
1388 1960 1611 2013 interior
1641 1971 1823 2014 noster

274 2035 438 2087 homo
466 2034 636 2088 lucem
666 2034 823 2088 debet
846 2033 1172 2088 inocciduam
1203 2041 1532 2101 exspectare,
1566 2032 1704 2101 quod
1736 2032 1826 2084 ab~

268 2109 364 2171 sit,
391 2104 567 2158 irrisio
610 2104 762 2157 nobis
803 2104 1047 2159 videatur
1088 2104 1175 2158 illa
1216 2099 1507 2170 congruere
1533 2118 1546 2153 :
1576 2099 1826 2165 Discipuli

264 2177 384 2243 ejus
412 2184 555 2227 nocte
578 2186 840 2241 venerunt,
872 2185 920 2227 et
958 2176 1100 2228 nobis
1138 2173 1492 2227 dormientibus
1525 2174 1681 2239 furati
1706 2181 1825 2226 sunt

266 2261 407 2297 ωηι.
442 2263 461 2295 ι
500 2293 517 2300 -

346 2316 458 2368 Non
490 2313 772 2370 deluerunt
802 2325 977 2369 tamen
1008 2330 1072 2369 ex
1098 2314 1288 2384 priscis
1318 2312 1609 2377 monachis,
1636 2327 1824 2379 quam-

270 2387 355 2437 vis
381 2388 550 2453 pauci,
583 2387 672 2454 qui
700 2395 817 2455 post
846 2395 1158 2440 nocturnum
1191 2384 1423 2455 ofﬁcium
1444 2397 1632 2455 somno
1660 2384 1828 2455 indul-

269 2470 405 2523 gere
435 2453 810 2523 permiserunt,
829 2468 948 2525 puta
972 2457 1027 2510 S.
1049 2456 1302 2509 lsidorum
1323 2458 1372 2507 in
1396 2453 1608 2522 Regula:
1628 2468 1740 2520 cap.
1770 2454 1824 2517 6,

273 2536 336 2579 et
365 2526 668 2594 Magistrum
710 2524 841 2580 item
866 2526 1080 2595 Regula:
1131 2541 1246 2594 cap.
1280 2525 1368 2578 44.
1423 2524 1580 2593 quue
1614 2539 1709 2577 usu
1742 2542 1825 2582 re-

270 2605 489 2665 ceptum
520 2597 685 2652 fuisse
715 2600 853 2651 circa
888 2600 1041 2651 linem
1072 2597 1251 2649 s:ecu|i
1282 2596 1414 2649 sexti
1445 2596 1497 2648 in
1540 2595 1825 2649 Renmensi

275 2668 340 2721 S.
363 2667 585 2721 Joannis
615 2670 933 2721 monasterio
961 2669 1252 2736 colligimus
1273 2681 1336 2720 ex
1363 2666 1497 2719 libro
1525 2668 1591 2736 de
1624 2665 1824 2720 Trans-

280 2738 479 2791 latione
523 2747 578 2791 et
603 2738 868 2792 miraculis
896 2738 1032 2806 ejus,
1066 2735 1118 2791 ti.
1154 2738 1177 2787 1
1206 2753 1222 2799 ;
1272 2736 1365 2789 sed
1393 2745 1448 2789 et
1474 2736 1530 2790 8.
1560 2735 1698 2806 Galli
1730 2738 1825 2790 ab-

278 2810 418 2860 batis
443 2808 727 2872 discipulos
754 2818 863 2878 post
890 2805 1112 2863 laborem
1155 2805 1637 2878 matutinalisoﬂicii
1688 2806 1827 2875 quic-

272 2882 450 2930 scendi
478 2883 642 2947 gratia
678 2876 826 2932 lectos
857 2880 1101 2933 revisisse
1129 2891 1312 2932 auctor
1334 2888 1414 2931 est
1455 2876 1745 2947 Walfridus
1775 2882 1824 2932 in

284 2948 401 3001 Vita
441 2945 495 3003 S.
525 2949 659 3003 Galli
686 2965 801 3017 cap.
831 2951 900 3003 26
929 2954 947 3019 (
973 2949 1105 3004 ch.
1141 2966 1174 3001 ιι
1199 2950 1234 3017 ).
1271 2948 1527 3002 Similiter
1570 2947 1627 3002 8.
1662 2945 1825 3002 Gere-

278 3035 462 3071 inarus
499 3019 662 3072 abbas
707 3019 1058 3073 Flaviaci-nsis
1096 3022 1340 3089 completo
1384 3019 1539 3088 oﬁicio
1580 3029 1827 3071 revertens

277 3090 335 3140 in
361 3091 709 3142 dormitorium
736 3094 785 3143 in
815 3100 973 3143 strata
1000 3108 1089 3143 suo
1116 3092 1363 3143 collocare
1391 3105 1443 3142 se
1481 3101 1825 3152 consueverat,

283 3171 343 3212 ut
370 3162 563 3213 habent
606 3162 720 3228 ejus
760 3172 879 3214 acta
905 3181 959 3215 ιι.
997 3163 1080 3214 14.
1113 3161 1251 3214 Idem
1276 3160 1502 3228 viguisse
1522 3160 1585 3213 'in
1617 3160 1827 3230 Longo-

280 3232 450 3282 retico
471 3230 794 3284 monasterio
816 3231 1069 3285 discimus
1094 3247 1158 3285 ex
1182 3231 1395 3285 Visione
1426 3231 1661 3295 Baronti,
1690 3247 1744 3284 ιι.
1775 3233 1829 3296 7,

283 3302 482 3353 stacqu
511 3314 548 3353 ιι
600 3301 828 3366 Bened.;
881 3302 930 3355 in
984 3302 1303 3355 l’auliacensi
1355 3301 1830 3355 sanctimonialium

289 3386 357 3453 ex
390 3369 497 3453 Yita
530 3373 587 3425 S.
620 3373 997 3453 Austr‘berta},
1027 3373 1214 3453 nLﬁ,
1258 3386 1381 3453 saec.
1415 3386 1491 3433 tu,
1529 3380 1663 3453 part.
1694 3375 1831 3453 uin

286 3441 698 3494 Lindist‘arnen-i
722 3441 1045 3496 ex'tjarmine
1068 3444 1335 3497 Ethilvulli
1354 3441 1595 3494 monachi
1612 3457 1727 3509 cap.
1744 3443 1830 3508 10,

282 3510 373 3574 ‘21,
403 3511 501 3575 22;
553 3512 605 3565 in
656 3514 976 3567 monasterio
1007 3515 1063 3569 S.
1093 3512 1398 3567 Corbiniani
1438 3527 1500 3565 ex
1552 3512 1668 3579 ejus
1715 3513 1831 3565 Vita

282 3592 500 3653 auctore
525 3582 757 3637 Aribone
786 3599 840 3637 ιι.
872 3584 925 3651 5,
946 3586 1170 3653 denique
1199 3584 1247 3635 iu
1277 3583 1643 3653 sueSsiOnensi
1676 3584 1732 3636 Β.
1762 3585 1828 3638 Μ.

285 3651 621 3707 Parthenone
669 3653 786 3706 aliis
827 3655 878 3707 in
926 3651 1148 3709 ecclesia
1188 3652 1379 3720 vigiliis
1406 3661 1459 3705 et
1503 3653 1834 3705 orationibus

286 3722 680 3789 insistentibus,
709 3726 826 3778 alite
856 3738 970 3793 p05t
999 3735 1311 3778 nocturnum
1343 3722 1571 3776 ol‘lieium
1603 3724 1835 3778 dormire

288 3796 731 3859 permittebantur
752 3811 815 3852 ex
846 3795 960 3848 Vita
991 3795 1046 3850 S.
1075 3796 1276 3847 Drausii
1299 3793 1486 3861 episc.,
1511 3809 1565 3845 ιι.
1592 3795 1677 3860 17,
1698 3795 1833 3861 apud

287 3864 556 3929 Belland.,
582 3864 614 3917 5
644 3866 836 3919 Martii.
884 3869 987 3920 Sed
1036 3871 1147 3918 haec
1193 3879 1348 3918 mera:
1388 3866 1743 3933 indulgentiae,
1785 3876 1836 3919 et

286 3949 482 4006 praeter
522 3938 769 4001 Ιιιεςυιιιιιι
802 3939 857 3989 8.
889 3937 1180 4003 Benedicti,
1214 3950 1329 4006 qua:
1360 3937 1558 3987 nullum
1608 3944 1726 4004 post
1762 3937 1836 3989 vi-

284 4005 440 4074 gilias
466 4021 708 4058 Somnum
740 4008 999 4060 concedit.

340 4076 417 4128 De
430 4090 666 4145 tempore
679 4084 817 4145 quod
833 4078 1014 4131 laudes
1032 4077 1165 4130 inter
1178 4086 1230 4130 et
1246 4076 1465 4145 primam
1484 4076 1835 4144 intercipitur,

290 4148 466 4216 aliqua
500 4155 679 4214 posset
706 4161 825 4201 esse
865 4146 1148 4201 difﬁcultas
1180 4167 1191 4201 :
1224 4163 1341 4200 nam
1372 4146 1425 4200 S.
1455 4148 1610 4199 Pater
1640 4148 1837 4199 nullum

288 4229 413 4270 tunc
439 4216 677 4271 delinivit
704 4220 1030 4272 exercitium.
1062 4218 1188 4271 item
1220 4218 1285 4272 de
1325 4216 1600 4271 dominicis
1629 4219 1835 4283 diebus,

289 4302 342 4341 in
390 4287 581 4355 quibus
627 4290 884 4342 maturius
928 4292 991 4342 ad
1042 4288 1253 4357 vigilias
1305 4289 1593 4341 monachos
1624 4301 1841 4356 Surgere

283 4359 475 4426 jussit,
508 4358 794 4429 laudesque
832 4360 1025 4429 vigiliis
1051 4360 1357 4413 immediate
1386 4357 1683 4427 subjungit;
1716 4375 1839 4412 num

292 4428 517 4499 privatis
556 4430 623 4481 dic
644 4427 743 4482 bus
788 4427 974 4483 saltem
1018 4431 1162 4484 brevi
1210 4430 1305 4483 illo
1355 4440 1545 4498 spatio,
1579 4432 1719 4497 quod
1761 4441 1842 4484 est

291 4504 430 4552 inter
457 4499 639 4553 laudes
683 4508 737 4553 et
783 4504 1027 4569 primam,
1062 4516 1123 4554 ac
1167 4500 1353 4553 diebus
1396 4500 1674 4553 dominicis
1723 4511 1842 4570 post

293 4580 607 4623 noctuinum
644 4572 873 4625 ollicium
913 4587 977 4626 ex
1020 4581 1200 4625 mente
1234 4571 1295 4628 S.
1327 4570 1599 4624 Benedicti
1643 4570 1835 4626 lectum

290 4638 523 4694 revisere
561 4642 836 4709 possimus.

359 4710 463 4764 Sed
506 4726 625 4763 cum
675 4726 753 4765 ea:
806 4713 1035 4767 rationes
1080 4722 1134 4765 et
1181 4725 1392 4775 causae,
1449 4722 1662 4780 propter
1714 4726 1846 4781 quas

290 4796 480 4835 somno
542 4790 662 4851 post
727 4782 930 4852 vigilias
1004 4783 1324 4837 interdixere
1387 4781 1570 4835 Patres
1637 4785 1842 4850 nostri,

292 4852 545 4905 adversus
597 4866 717 4906 eum
761 4851 849 4922 qui
908 4864 1025 4923 post
1064 4853 1245 4906 laudes
1289 4851 1404 4920 capi
1459 4863 1656 4920 posset,
1708 4854 1847 4905 inih-

295 4933 407 4975 tare
472 4933 716 4985 constet;
768 4926 1034 4991 aequaliter
1086 4934 1311 4991 utroque
1372 4933 1609 4987 tempore
1669 4923 1847 4991 prohi-

294 4996 461 5045 bitum
509 5006 630 5046 esse
679 4995 1025 5047 asserendum
1071 5003 1172 5048 est.
1218 4997 1283 5046 Et
1328 5008 1456 5047 sane
1500 5007 1620 5046 cum
1671 5006 1845 5046 tuatu-

295 5064 419 5116 tinae
471 5063 656 5118 laudes
709 5064 775 5117 ad
814 5068 980 5118 solam
1031 5079 1277 5118 auroram
1304 5062 1560 5117 celebrari
1591 5064 1839 5133 debeant,

293 5133 454 5206 255
508 5148 607 5187 nec
665 5137 835 5206 minus
888 5134 1017 5188 hora
1055 5134 1325 5188 dimidiata
1372 5135 1585 5206 absolvi
1626 5146 1843 5203 queant,

297 5204 400 5274 tam
422 5204 593 5258 breve
620 5218 649 5257 a
708 5204 866 5258 iittitis
908 5206 1148 5258 laudibus
1191 5207 1255 5257 ad
1309 5204 1527 5269 primani
1563 5206 1705 5274 (qua:
1727 5218 1845 5260 orto

292 5270 399 5338 jam
430 5274 545 5327 sole
570 5275 840 5342 incipitur)
871 5287 1099 5343 spatium
1152 5274 1434 5328 intercedit
1462 5315 1475 5337 ,
1503 5286 1552 5325 ut
1573 5270 1581 5274 ’
1602 5270 1686 5327 vix
1715 5274 1842 5328 dor-

302 5345 496 5397 ittit‘lltil
522 5347 693 5398 locum
746 5360 1002 5414 reperias.
1050 5352 1381 5415 Quapropter
1427 5358 1483 5399 δ.
1531 5345 1844 5401 Benedictus

295 5416 787 5469 abbasAnianensis
807 5416 894 5484 (lu
920 5415 1246 5488 ejuthtaJt.
1270 5416 1358 5485 5‘2)
1379 5435 1395 5465 ι
1424 5425 1659 5488 leittputt‘.
1687 5418 1848 5488 siqui-

294 5492 415 5538 dein
454 5490 653 5557 testans
695 5493 832 5553 post
860 5484 1126 5555 expictutn
1161 5484 1539 5540 tuatutinorum
1569 5484 1799 5557 cilicium
1828 5531 1845 5557 ,

296 5573 416 5609 mox
447 5556 628 5624 egredi
650 5568 715 5610 an
740 5554 961 5612 ecclesia
992 5567 1205 5628 propter
1233 5559 1637 5611 Somnolcntiant
1668 5554 1850 5626 jussit,

296 5641 522 5695 seseque
562 5633 862 5682 calceantes
891 5630 1010 5682 lotis
1032 5629 1260 5681 {aciebus
1290 5634 1354 5679 ad
1394 5627 1670 5680 ecclesiam
1725 5642 1852 5680 con-

295 5702 397 5750 cite
423 5698 658 5759 redeant,
684 5710 735 5751 et
747 5701 894 5765 juxta
926 5699 1200 5767 praefatum
1240 5699 1478 5751 ordinem
1503 5698 1687 5766 (Quem
1715 5697 1853 5751 scili-

289 5778 373 5821 cet
405 5779 520 5819 ante
558 5769 755 5837 vigilias
788 5769 1091 5833 instituerat,
1124 5783 1237 5835 cap.
1260 5768 1354 5837 51)
1383 5770 1566 5821 altaria
1599 5782 1719 5820 cuin
1767 5784 1850 5821 re-

296 5840 531 5892 tercntia
557 5842 900 5907 circumeant,
933 5840 1231 5910 sanctisque
1246 5854 1300 5894 se
1331 5842 1482 5909 aquis
1508 5838 1844 5908 perfundant,

1868 4610 1919 4668 D

1908 551 2168 618 expleturi
2207 554 2426 604 honeste
2457 550 2709 604 olliciuui.
2749 569 2766 599 ι
2804 549 2860 602 lit
2891 551 3146 617 capituli.
3166 552 3326 603 etiam
3362 569 3476 605 mo-

1909 621 2200 674 nachorum
2227 620 2649 690 Sangalleusium
2680 634 2819 673 anno
2845 620 2947 674 8l7
2971 621 3130 673 editis
3175 625 3475 682 prtcseribi-

1912 702 1996 743 tur
2026 691 2173 763 (Cap.
2206 690 2318 753 51),
2352 709 2375 763 ι
2412 702 2467 744 ιιι
2495 691 2824 763 intervallum
2857 700 2975 758 post
3029 694 3318 744 matutinos
3351 734 3366 757 ,
3421 705 3477 750 et

1912 772 2036 814 ante
2066 761 2285 829 primum
2313 762 2500 815 hiemis
2523 762 2603 814 vel
2631 761 2830 814 aestatis
2881 771 3118 827 tempore
3143 777 3208 814 eo
3239 766 3472 829 protele-

1915 846 1999 885 tur
2019 833 2213 899 spatio,
2237 847 2341 898 quo
2364 847 2424 886 se
2445 832 2636 885 fratres
2684 842 2806 901 apte
2835 845 3021 901 parare
3049 843 3100 885 et
3146 838 3473 889 convenien-

1912 911 1994 956 ter
2018 906 2221 956 orando
2242 903 2428 956 altaria
2458 901 2685 955 circuire
2708 900 2934 967 possint,
2966 912 3021 954 ut
3072 901 3215 956 clara
3248 904 3366 958 luce
3390 909 3474 959 vel

1912 982 2033 1026 orto
2047 976 2183 1041 sole,
2212 982 2467 1027 exeuntes
2494 988 2523 1026 a
2557 972 2742 1040 prima,
2768 973 2851 1026 vel
2890 971 3103 1026 lectioni
3126 983 3313 1028 vacent
3338 1016 3354 1038 ,
3392 980 3475 1031 vel

1913 1042 2201 1115 injunctam
2235 1044 2333 1099 sibi
2362 1042 2713 1098 obedientiam
2742 1046 2982 1096 subeant.
3005 1062 3023 1094 ι
3058 1043 3111 1115 In
3141 1046 3357 1115 antiquo
3385 1063 3471 1100 or-

1914 1114 2038 1166 dine
2057 1115 2474 1169 conversationis
2505 1114 2832 1171 monasticte.
2866 1123 2922 1166 ut
2955 1131 2973 1164 ι
3013 1129 3075 1168 ex
3101 1114 3199 1168 hac
3221 1114 3474 1171 matutina

1914 1184 2069 1238 laude
2094 1200 2354 1239 summum
2379 1196 2433 1238 et
2450 1186 2771 1253 prtecipuum
2798 1186 2887 1238 liat
2915 1185 3183 1239 silentium
3207 1186 3259 1239 in
3276 1192 3481 1242 orando

1916 1267 1971 1309 et
2000 1255 2238 1323 legendo.
2278 1274 2296 1307 ι
2330 1257 2622 1309 Concordia
2648 1256 2924 1317 Dunstani,
2954 1269 3073 1323 cap.
3104 1256 3161 1320 2,
3183 1271 3213 1309 a
3242 1260 3479 1311 Calendis

1916 1326 2158 1380 Octobris
2181 1327 2246 1380 ad
2271 1327 2468 1380 Pascha
2498 1327 2770 1381 matutinis
2811 1326 3053 1380 laudibus
3092 1326 3159 1379 ad
3207 1327 3340 1381 lucis
3368 1343 3483 1382 cre-

1922 1397 2195 1463 pusculum
2238 1397 2599 1465 persolvendis
2644 1396 2864 1464 primam
2911 1397 3028 1450 sine
3066 1397 3173 1450 ullo
3200 1412 3371 1452 vacuo
3399 1400 3480 1453 iti-

1922 1467 2139 1519 tervallo
2159 1467 2370 1536 sulijicit
2394 1483 2408 1531 ;
2437 1478 2488 1521 et
2509 1483 2625 1535 cap.
2662 1465 2695 1519 5
2716 1468 2975 1529 decernit,
3008 1478 3062 1520 ut
3091 1482 3119 1520 a
3145 1468 3345 1522 Pascha
3371 1479 3479 1522 tota

1919 1546 2122 1599 testate,
2154 1537 2317 1593 ﬁnitis
2338 1538 2611 1592 matutinis
2635 1580 2650 1602 ,
2706 1557 2722 1587 ι
2758 1539 3090 1604 egredientes
3118 1539 3343 1593 ecclesia
3380 1540 3487 1593 rra-

1923 1617 2030 1662 tres
2050 1609 2255 1663 calcent
2279 1624 2356 1676 se,
2381 1611 2579 1673 lavent,
2608 1622 2946 1677 perat-iisque
2976 1609 3027 1662 in
3055 1610 3279 1663 ecclesia
3314 1611 3485 1665 tritius

1922 1678 2269 1743 orationibus,
2312 1684 2559 1734 sedentes
2596 1684 2644 1733 iu
2676 1681 2905 1732 claustro
2937 1689 3123 1734 vacent
3150 1680 3363 1734 lectioni
3396 1697 3486 1735 us-

1923 1763 2025 1821 que
2053 1750 2176 1803 dum
2210 1751 2392 1814 prima!
2412 1750 2619 1818 signum
2650 1751 2886 1821 auditum
2933 1751 3125 1804 fuerit:
3164 1768 3184 1802 ι
3217 1755 3480 1821 quamvis,

1925 1820 1967 1871 si
1998 1821 2227 1873 nondum
2273 1821 2390 1876 dies
2419 1821 2668 1879 illuxerit.
2702 1826 2767 1873 de
2809 1820 3021 1875 licentia
3069 1820 3256 1888 prioris
3287 1822 3482 1878 lectum

1925 1900 2164 1954 repetere
2197 1893 2483 1958 permittat.
2513 1891 2714 1945 Statuta
2742 1891 2899 1944 etiam
2928 1890 3211 1946 Lanfranci
3240 1907 3267 1945 a
3299 1895 3484 1949 calen-

1924 1959 2005 2014 dis
2034 1960 2349 2015 Novembr's
2373 1962 2437 2015 ad
2462 1962 2660 2015 Pascha
2694 1960 2966 2015 matutinis
2989 1962 3230 2016 laudibus
3267 1971 3321 2017 et
3358 1966 3488 2017 sub-

1924 2030 2265 2104 sequentibus
2292 2032 2389 2087 SS.
2429 2030 3025 2104 commemorationihus
3059 2036 3279 2101 primam
3323 2034 3490 2104 subji-

1926 2101 2106 2167 ciunt,
2139 2103 2216 2156 sic
2245 2111 2302 2156 ut
2322 2104 2652 2157 clarescente
2674 2102 2758 2155 die
2786 2102 2962 2155 omnia
2990 2104 3260 2168 liniantur;
3292 2104 3335 2158 si
3360 2101 3491 2160 vero

1925 2171 2047 2237 quid
2076 2175 2243 2228 noctis
2273 2173 2611 2241 superfuerit,
2643 2174 2835 2237 nullus,
2873 2186 3067 2242 praeter
3094 2175 3353 2244 satiguine
3389 2179 3487 2230 mi—

1928 2252 2101 2313 nutus,
2131 2244 2195 2296 ad
2228 2246 2417 2297 lectum
2450 2252 2749 2298 revertatur
2780 2260 2795 2308 ;
2827 2244 2919 2297 sed
2952 2245 3084 2298 sicut
3116 2247 3286 2313 primo
3317 2248 3490 2300 inter-

1927 2312 2064 2383 vallo
2096 2314 2298 2383 vigilias
2325 2318 2461 2369 inter
2489 2324 2542 2368 et
2562 2316 2844 2368 matutinas
2871 2314 3054 2369 laudes
3084 2312 3153 2369 ita
3182 2335 3239 2368 se
3278 2327 3485 2382 gerant.

1929 2381 2125 2437 Eadem
2156 2381 2293 2439 forte
2335 2386 2609 2451 disciplina
2644 2385 2851 2454 vigebat
2895 2385 3037 2453 apud
3067 2381 3446 2440 Cluniaceuses
3470 2430 3487 2455 ,

1926 2468 2149 2525 quorum
2194 2456 2423 2521 antiquae
2450 2456 2872 2510 Consuetudiues
2914 2455 2980 2509 de
3026 2465 3264 2525 tempore
3296 2457 3489 2511 hiemis

1926 2523 2062 2597 apud
2094 2524 2391 2597 Udalricum
2427 2528 2497 2579 ita
2530 2527 2725 2579 habent
2756 2526 2893 2593 (Lib.
2948 2543 2983 2588 ι,
3036 2523 3150 2597 cap.
3184 2525 3279 2595 41)
3312 2544 3324 2580 :
3377 2547 3394 2580 ι
3434 2530 3487 2583 lu

1931 2596 2155 2667 privatis
2180 2595 2388 2662 diebus,
2413 2607 2466 2651 et
2493 2597 2537 2650 si
2585 2598 2742 2649 nulla:
2772 2598 2899 2649 ﬂant
2951 2595 3177 2657 octavie,
3211 2607 3488 2667 postquam

1927 2666 2089 2735 semel
2112 2668 2374 2732 surgimus
2407 2710 2421 2733 ,
2453 2683 2557 2721 non
2582 2668 2816 2721 redimus
2846 2668 2909 2720 ad
2930 2669 3085 2721 lecta.
3123 2688 3139 2719 ι
3171 2666 3405 2735 Denique
3430 2670 3492 2724 li-

1929 2733 2024 2788 ber
2051 2735 2244 2809 usuum
2266 2737 2693 2792 (listerciensium
2722 2739 2961 2791 decernit
2996 2736 3146 2808 (Cap.
3173 2738 3261 2809 74)
3295 2733 3492 2807 hieme,

1931 2816 1985 2858 ut
2023 2823 2042 2857 t
2071 2807 2113 2858 si
2146 2807 2281 2882 forte
2303 2819 2422 2882 post
2451 2812 2732 2882 matutinas
2778 2810 2894 2882 dies
2925 2810 3154 2882 nondum
3202 2807 3492 2882 claruerit,

1929 2891 2153 2929 accenso
2185 2878 2385 2933 lumine
2413 2894 2441 2931 a
2470 2879 2738 2938 fratribus,
2769 2879 2859 2931 liat
2880 2879 3252 2945 intervallum;
3285 2892 3339 2933 et
3389 2878 3494 2935 ira;

1931 2956 2038 3000 tres
2092 2953 2178 3016 qui
2233 2950 2487 3004 voluerint
2516 2950 2735 3002 sedeant
2762 2949 2811 3002 in
2842 2952 3072 3003 claustro
3099 2994 3115 3019 ,
3146 2952 3236 3004 sed
3286 2965 3389 3005 non
3420 2956 3494 3005 le-

1928 3026 2054 3084 gaut
2086 3036 2098 3071 :
2137 3037 2154 3069 ι
2183 3030 2387 3090 testate
2416 3037 2542 3073 vero
2572 3019 2724 3089 (Cap.
2750 3020 2838 3090 δι)
2901 3038 2918 3071 t
2958 3033 3073 3087 pust
3107 3023 3389 3075 matutinas
3416 3024 3495 3077 di-

1933 3096 2055 3140 cant
2074 3089 2255 3144 laudes
2287 3106 2384 3159 pro
2405 3090 2670 3145 defunctis
2694 3134 2707 3155 ,
2740 3089 2931 3160 quibus
2961 3092 3137 3156 dictis,
3161 3102 3215 3145 et
3243 3094 3382 3146 l'acto
3409 3095 3494 3147 in-

1934 3160 2157 3213 tervallo
2202 3163 2336 3214 sicut
2362 3161 2508 3215 festis
2533 3162 2717 3215 diebus
2742 3200 2757 3224 ,
2788 3166 2997 3215 calcent
3043 3176 3102 3215 se
3145 3162 3493 3229 diurnalibus,

1860 3232 1906 3295 C
1937 3237 1990 3282 et
2013 3242 2225 3302 sumant
2255 3231 2527 3295 cultellos,
2558 3233 2695 3298 quod
2718 3242 2771 3286 et
2801 3232 2989 3285 fat-iant
3018 3234 3224 3302 quoties
3253 3232 3495 3291 calceaut

1936 3313 1993 3372 se
2022 3300 2351 3355 diurnalibus
2404 3313 2691 3366 consuete;
2723 3303 2912 3357 deinde
2953 3300 3159 3369 aspersi
3216 3319 3349 3372 aqua
3377 3346 3392 3370 ,
3441 3318 3497 3362 et

1936 3370 2071 3441 [acta
2100 3372 2339 3427 oratione
2366 3412 2381 3437 ,
2433 3374 2721 3426 Secundum
2756 3384 2964 3440 tempus
2985 3375 3166 3427 dicant
3190 3370 3433 3441 primam.
3466 3396 3489 3432 ι

1938 3439 2165 3513 Εροιιιιιιι
2188 3455 2364 3497 autem
2417 3443 2617 3513 Regula
2649 3443 2706 3496 Β.
2739 3439 2951 3496 Ae‘lredi
2981 3445 3044 3495 ad
3067 3439 3298 3513 virgines
3347 3462 3375 3500 τι
3407 3463 3496 3502 ea-

1937 3510 2107 3586 lendis
2130 3513 2442 3586 Novttmhris
2469 3510 2535 3566 ad
2577 3522 2736 3586 caput
2778 3510 3196 3586 quadragesimae
3226 3519 3494 3573 matutinas

1937 3582 2111 3634 laudes
2132 3599 2246 3635 cum
2283 3583 2420 3637 horta
2447 3588 2621 3651 prima:
2651 3585 2849 3651 hymnis
2879 3582 3268 3645 consequenter
3296 3590 3497 3652 persol-

1937 3653 2134 3727 vendas
2155 3654 2429 3727 albescente
2450 3672 2656 3727 aurora,
2676 3653 2965 3727 praescrihit
2985 3655 3134 3725 (Cap.
3157 3657 3220 3710 14
3242 3669 3287 3710 et
3316 3658 3432 3727 15);
3463 3676 3495 3714 a

1938 3721 2138 3797 Pascha
2164 3739 2291 3797 vero
2316 3725 2378 3797 ad
2406 3721 2688 3797 prtedictas
2708 3721 3284 3787 calendas,'matotinis
3312 3721 3495 3797 exple-

1941 3795 2007 3845 tis
2035 3808 2201 3860 usque
2232 3795 2294 3847 ad
2329 3795 2537 3861 plenum
2567 3795 2693 3848 solis
2724 3806 2920 3860 ortum,
2954 3798 3278 3852 orationibus
3309 3795 3497 3854 vacent

1937 3874 1987 3916 et
2013 3867 2249 3930 psalmis,
2278 3877 2329 3918 et
2355 3876 2477 3917 tunc
2506 3864 2711 3917 dicatur
2730 3867 2916 3933 prima.

2010 3934 2187 4002 beque
2219 3945 2389 3988 tamen
2420 3934 2620 3989 inﬁcias
2652 3936 2738 3989 ibo
2753 3935 2907 3989 aliam
2941 3936 3101 3992 fuisse
3128 3941 3498 3997 nonnullorum

1939 4005 2437 4079 consuetudinemet
2464 4008 2687 4074 praxim.
2720 4006 3022 4079 litteriaIios
3046 4011 3293 4079 magiSter
3318 4024 3500 4069 testate

1941 4076 2430 4151 n-atutiuaslaudes
2461 4090 2563 4151 una
2591 4091 2709 4151 cum
2741 4078 2900 4149 256
2930 4079 3119 4148 vigiliis
3138 4076 3297 4151 'jungi
3322 4084 3498 4150 jussit,

1941 4156 1995 4195 ut
2027 4147 2087 4198 iis
2108 4145 2419 4220 celebratis,
2444 4147 2531 4220 qui
2563 4145 2844 4220 velleiirail
2862 4145 3093 4214 'priniatn
3124 4145 3285 4220 usque
3317 4145 3500 4219 pausa;

1940 4226 2073 4291 rent.
2114 4216 2323 4291 _Statuta
2350 4218 2624 4291 Lauirauci
2652 4234 2679 4270 a
2706 4216 3215 4291 calendisoetohris
3236 4216 3404 4291 usque
3432 4224 3498 4278 ad

1940 4286 2188 4361 calendas
2216 4288 2523 4361 novembris
2562 4296 2851 4343 tit’CH‘lllﬂﬂ
2896 4289 2978 4359 (C.
3010 4293 3061 4355 1,
3093 4290 3119 4361 §
3160 4293 3231 4357 1),
3253 4286 3362 4347 αι’(
3399 4296 3500 4361 ρει-

1941 4357 2075 4410 vatis
2126 4356 2311 4410 diebus
2350 4366 2470 4427 post
2508 4361 2789 4415 matusinas
2848 4356 3177 4416 revertaniur
3220 4356 3294 4417 ad
3340 4356 3503 4420 lectos

1941 4441 2083 4480 sues.
2112 4446 2130 4478 ι
2170 4427 2414 4501 [denique
2442 4440 2549 4501 tota
2577 4441 2760 4483 aestate
2792 4448 2884 4482 usu
2916 4444 3184 4500 receptum
3215 4435 3374 4489 fuisse
3408 4454 3500 4501 pa-

1943 4506 2016 4573 tet
2042 4513 2105 4573 ex
2134 4513 2199 4551 eo
2227 4499 2363 4573 quod
2413 4499 2716 4573 indulgent,
2749 4512 2803 4553 ut
2837 4519 2854 4550 ι
2888 4499 3074 4573 diebus
3115 4499 3457 4571 [legationum
3481 4544 3504 4573 ,

1942 4567 2097 4621 dictis
2120 4571 2389 4622 matutinis
2427 4586 2525 4636 pro
2556 4570 2847 4636 defunctis,
2895 4572 3084 4625 fratres
3113 4577 3176 4628 ad
3196 4567 3383 4628 ‘lei-tos
3413 4567 3499 4631 re:-

1945 4646 2126 4712 oeant,
2154 4650 2207 4692 et
2227 4644 2314 4707 qui
2336 4642 2519 4712 volunt
2546 4642 2664 4707 plus
2691 4644 2847 4695 solito
2869 4644 3152 4696 dormiant.
3195 4664 3212 4695 ι
3253 4646 3390 4712 Ergo
3417 4663 3505 4697 so-

1945 4707 2121 4763 lebant
2144 4721 2327 4782 testate
2360 4710 2610 4782 dormire;
2642 4727 2760 4764 natu
2794 4712 2967 4765 hieme
2997 4712 3048 4765 id
3081 4713 3285 4782 pI‘OIIiiii
3313 4707 3505 4769 unisu-

1947 4794 2039 4849 pra
2069 4781 2313 4833 vidimus.
2358 4781 2499 4849 Idem
2532 4796 2823 4849 reperimus
2860 4781 3170 4848 etiamapud
3204 4784 3505 4839 Udalrieum

1947 4848 1999 4929 in
2029 4851 2257 4929 antiquis
2278 4848 2514 4929 Cluniae.
2539 4852 3016 4929 consul-liminibus
3037 4851 3173 4924 (Lib.
3196 4869 3232 4910 ι.
3254 4871 3367 4929 cap.
3390 4858 3506 4921 Ἡ),

1949 4920 1999 4973 in
2028 4923 2227 4999 quibus
2282 4921 2419 4974 ient
2469 4923 2535 4975 de
2586 4921 2967 4999 llogationibus
3005 4920 3261 4999 statutum
3296 4920 3507 4999 κυρίων,

1948 4999 2002 5041 et
2027 4990 2264 5059 insuper,
2295 5001 2349 5043 ut
2371 5008 2466 5061 per
2492 5003 2704 5047 octavas
2734 4994 2789 5047 8.
2823 4994 3049 5056 Martini,
3077 4990 3376 5053 Nativitatts
3407 4990 3509 5054 Do;

1951 5062 2078 5137 mitti
2117 5071 2168 5113 et
2219 5062 2521 5137 Epiphania:
2542 5065 2899 5137 __dormiatttr:
2941 5081 3046 5132 quo
3093 5068 3227 5121 torte
3278 5075 3511 5137 respexit

1951 5132 2008 5186 S.
2041 5133 2342 5186 Bernatdus
2391 5150 2509 5187 cum
2542 5133 2773 5187 llobesto
2827 5146 3000 5203 nepoti
3025 5177 3040 5196 ,
3070 5140 3157 5203 qui
3187 5139 3251 5191 ad
3292 5132 3473 5193 enim
3494 5171 3507 5181 -

1950 5216 2137 5255 censes
2165 5203 2466 5277 transierat,
2499 5207 2830 5277 exprobrans
2887 5207 2959 5258 ait
3004 5205 3196 5276 (Epist.
3230 5209 3280 5277 1)
3317 5228 3328 5261 :
3367 5230 3383 5259 ι
3416 5216 3513 5265 be-

1952 5287 2293 5348 cnrosrnunc,
2319 5274 2568 5344 projectis
2594 5276 2774 5336 armis,
2808 5279 2952 5342 teapis
2970 5274 3511 5348 niatutinos'somnos,

1953 5359 2072 5397 cum
2108 5346 2192 5396 illa
2234 5345 2362 5397 huta
2396 5348 2637 5397 Christus
2668 5352 3038 5400 resurrexerit.
3081 5368 3099 5399 ι

2030 5414 2220 5467 Verum
2247 5424 2595 5482 pra-temnunt
2619 5419 2755 5484 quod
2773 5416 2869 5468 huc
2893 5420 3121 5485 speciale
3146 5418 3241 5472 fuit
3269 5419 3510 5475 illisvon-

1952 5487 2581 5559 gregalionibusr,_idque
2631 5502 2724 5552 pro
2772 5497 2955 5541 astate
2987 5500 3185 5542 tantum
3234 5501 3415 5559 atque,
3463 5504 3516 5546 ιιι

1960 5558 2264 5620 plurimum,
2298 5558 2361 5609 ad
2394 5557 2616 5620 libitum;
2646 5558 2981 5610 ιιιτιιιιΐιιδιιιιιι
3014 5572 3094 5611 est
3121 5576 3150 5611 ιι
3174 5557 3439 5616 continuiti
3467 5582 3518 5618 ιιι

1954 5624 2055 5680 hoc
2084 5626 2261 5695 regula
2286 5627 2646 5695 dispensatutn
2664 5628 2842 5691 fuisse;
2883 5645 3038 5695 quam
3064 5632 3517 5698 dispensationem

1956 5709 2127 5774 tamen
2179 5712 2461 5774 numeroso
2495 5701 2828 5774 psalmorum
2880 5701 3145 5774 decursu,
3198 5718 3331 5774 quos
3379 5721 3515 5774 prae-

1952 5769 2153 5834 Sttriplo
2177 5783 2205 5819 a
2236 5769 2294 5820 ὃ.
2329 5768 2612 5823 Benedicto
2648 5767 2819 5821 ofﬁcia
2846 5768 3184 5829 adiiciebant,
3218 5767 3345 5829 Salis
3375 5767 3517 5829 ξυιιιο

1954 5840 2262 5908 peusabant.
