3952 6182
477 337 576 386 ιἹο

1840 332 1893 383 S.
1940 332 1996 384 P.
2039 330 2380 385 BENI‘IDIC'I'I

3590 331 3691 383 ιεο

523 435 902 496 tte-dominicas
949 430 1134 491 dii-lus
1190 440 1357 506 major
1404 439 1609 493 vitlclttr
1634 439 1935 492 diuit-ultas.
1968 438 2035 493 Ut
2065 447 2108 501 Α
2147 458 2164 488 ‹
2196 439 2323 490 (lum
2346 454 2530 489 aurora
2571 439 2671 489 dici
2713 438 3026 501 claresceret,
3056 450 3108 490 ct
3138 440 3378 492 monailii
3408 443 3689 494 matutinas

476 515 770 573 quid-etum
818 514 1073 573 .alttl'ills
1116 524 1373 578 surgere,
1429 520 1483 563 et
1517 511 1804 563 matutinas
1857 510 2036 563 laudes

476 600 598 636 cum
622 581 820 650 vigiliis
847 596 949 631 uno
973 590 1156 632 tenore
1184 585 1485 643 decurrere,
1518 582 1694 632 nisiut
1725 587 1900 650 postea
1934 580 2039 632 fes-

476 674 550 705 sis
582 649 888 717 corporibus
911 650 1084 718 aliqua
1112 652 1435 703 concedatur
1463 650 1692 718 requies?
1724 649 1870 703 Adde
1897 651 2035 716 quod

476 736 682 777 veteres
725 721 1018 781 monachi,
1073 731 1206 771 teste
1260 722 1516 772 Cassiano
1543 762 1557 786 ,
1612 732 1745 787 quos
1775 719 1823 771 in
1858 720 2036 773 multis

478 797 532 844 δ.
570 792 883 844 Benedictus
908 790 1185 842 aemulatus
1199 800 1280 843 est
1306 830 1321 851 ,
1346 789 1563 843 sabbato
1602 799 1719 856 post
1752 800 2036 842 nocturnas

477 863 679 929 vigilias
694 860 907 912 duabus
937 861 1147 912 circiter
1178 860 1320 912 horis
1343 860 1665 923 dormirent;
1689 867 1743 913 et
1769 874 1831 911 ex
1863 859 2034 927 Regu-

477 932 525 984 la
560 932 703 983 t'auli
734 942 786 982 et
830 930 1082 996 Stephani
1118 929 1253 997 (Lib.
1287 945 1340 992 ι,
1370 947 1483 995 cap.
1530 932 1609 994 8),
1639 948 1657 980 ι
1709 944 1861 982 mane
1895 930 2034 982 dicta

483 1000 648 1068 prima
673 1001 848 1053 nullus
874 1017 931 1052 se
962 1003 1014 1052 in
1044 1004 1176 1053 tecto
1218 1002 1505 1061 recubitet,
1532 1006 1738 1068 excepto
1764 999 1845 1049 die
1874 1001 2036 1052 domi-

482 1074 593 1124 nico
622 1084 710 1122 aut
742 1071 883 1139 {estis
914 1070 1104 1133 diebus,
1128 1072 1178 1123 in
1209 1070 1396 1135 quibus
1427 1070 1716 1138 vigiliarum
1751 1070 1950 1133 labore,
1983 1080 2037 1122 et

480 1141 728 1207 prmteriti
768 1142 871 1193 dici
922 1140 1076 1192 solito
1115 1144 1337 1206 amplius
1368 1139 1567 1208 fatigati
1619 1141 1882 1203 paululum
1915 1152 2032 1207 post

476 1213 699 1278 primam
722 1216 816 1277 qui
865 1225 930 1263 ex
973 1210 1123 1263 vobis
1170 1210 1432 1263 voluerint
1486 1213 1719 1261 membra
1754 1220 1948 1274 ponant
1979 1212 2030 1261 iti
2071 1234 2080 1243 -

477 1280 853 1348 lectulis,un
872 1296 974 1331 non
996 1283 1136 1333 omni
1162 1290 1395 1346 tempore
1426 1281 1678 1347 idipsum,
1708 1280 1799 1332 sed
1833 1290 2033 1332 tantum

476 1350 674 1403 assttvis
725 1349 997 1403 mensibus
1040 1351 1209 1404 liceat.
1247 1369 1264 1400 i
1324 1351 1416 1403 llis
1469 1350 1673 1402 accedit
1730 1350 2032 1419 sutiragium

477 1422 532 1474 ὃ.
570 1420 933 1489 Hildegardis,
973 1436 1090 1488 qua:
1135 1422 1218 1472 ilia
1244 1420 1299 1475 S.
1336 1419 1552 1487 Regula:
1581 1419 1739 1472 verba
1757 1434 2028 1471 commen-

477 1502 592 1543 tans
617 1506 631 1541 :
664 1488 797 1541 Data
814 1490 1151 1542 benedictione
1180 1492 1422 1559 incipiant
1442 1490 1734 1553 matutinos,
1763 1491 1839 1541 sic
1864 1490 2034 1557 loqui-

477 1572 598 1613 tur:
660 1578 677 1608 ι
716 1560 809 1612 llic
830 1560 1163 1613 intervallum
1202 1562 1265 1612 ad
1305 1559 1695 1612 meditationem
1732 1559 2029 1611 orationum

476 1645 571 1683 seu
604 1631 885 1682 lectionum
919 1646 1021 1682 non
1070 1633 1341 1693 OSieiidit;
1377 1646 1471 1683 nec
1504 1631 1553 1681 in
1588 1630 1671 1681 his
1708 1628 1898 1682 diebus
1929 1631 2033 1681 fra-

479 1714 605 1761 tres,
630 1702 791 1752 tiiittts
828 1700 1100 1753 matutinis
1120 1739 1136 1762 ,
1169 1701 1233 1751 ad
1259 1699 1629 1767 quiescenduin
1659 1700 1723 1749 ad
1763 1700 1925 1752 tectos
1951 1716 2033 1752 re-

476 1771 588 1850 dire
622 1770 899 1836 prohibet;
930 1769 1027 1849 sed
1058 1770 1101 1823 si
1132 1780 1336 1849 tempus
1367 1777 1661 1858 pertitisertt
1687 1810 1701 1831 ,
1738 1769 1804 1820 ita
1836 1780 2025 1848 ut'ma-
2062 1799 2110 1858 B

480 1843 644 1892 torius
674 1841 1026 1900 surrt-Xerint,
1076 1840 1198 1905 qttia
1232 1841 1282 1893 in
1334 1839 1630 1906 prolixitate
1682 1839 1922 1891 nocutrtti
1980 1850 2033 1891 et

476 1911 637 1962 divini
669 1910 868 1962 servitii
901 1910 1102 1978 fatigati
1132 1924 1272 1973 sunt,
1308 1914 1356 1961 in
1380 1909 1654 1963 arbitrium
1682 1924 1865 1962 eorum
1890 1921 1948 1963 ut
1966 1908 2034 1961 ad

478 1981 641 2033 lectos
675 1982 893 2033 redeant
922 1981 1140 2033 silenter
1168 1982 1331 2046 ponit.
1369 1999 1387 2030 ι

547 2052 722 2103 Nihilo
763 2065 932 2101 tamen
950 2051 1142 2112 minus,
1174 2065 1292 2102 cum
1316 2049 1514 2104 eaedem
1549 2064 1641 2108 iro
1669 2048 1914 2101 omnibus
1939 2063 2030 2116 pa-

477 2124 605 2172 riter
633 2120 820 2172 diebus
844 2120 1053 2173 valeant
1082 2123 1333 2185 rationes,
1363 2133 1493 2188 quas
1511 2134 1669 2186 supra
1696 2118 2030 2182 adduximus,

476 2190 772 2245 doininiCtis
813 2193 927 2242 dies
955 2192 1055 2243 sub
1080 2190 1262 2243 eadem
1295 2190 1411 2259 lege
1437 2192 1848 2254 comprehensos
1890 2203 2029 2252 esse,

478 2276 575 2312 nec
604 2259 655 2312 iu
714 2260 777 2313 iis
798 2275 984 2312 soutno
1024 2270 1143 2326 post
1185 2261 1386 2328 vigilias
1416 2260 1788 2326 indulgendum
1816 2274 1934 2312 esse
1963 2275 2031 2311 ex

476 2339 655 2383 mente
675 2332 733 2383 S.
768 2331 827 2383 Ρ.
863 2332 1499 2384 Benedictiasserendum
1532 2341 1634 2384 est.
1686 2330 1819 2383 Hinc
1863 2342 2032 2382 canon

476 2401 508 2451 5
537 2401 745 2453 coni-itii
794 2400 1251 2467 Aquisgrauensis,
1299 2410 1396 2454 «ut
1431 2401 1575 2453 nullo
1621 2415 1848 2469 unquam
1900 2410 2031 2451 tem-

475 2487 603 2537 pore
634 2480 750 2536 post
798 2471 1001 2538 vigilias
1046 2485 1201 2523 causa
1236 2469 1441 2524 dortiiie
1466 2472 1531 2527 adi
1568 2510 1583 2535 ,
1635 2470 1731 2524 nisi
1761 2469 2037 2537 contigerit

472 2556 567 2594 eos
596 2553 715 2593 ante
766 2542 947 2592 horam
975 2546 1310 2594 coastitutam
1363 2556 1611 2609 surgere,
1644 2543 1706 2592 ad
1747 2541 1911 2594 lectos
1942 2556 2029 2593 re-

478 2615 637 2680 dicunt
691 2624 858 2673 suos;
900 2629 919 2661 ι
971 2621 1254 2678 narratque
1294 2612 1573 2665 Bt'owerus
1623 2611 1755 2680 (Lib.
1791 2627 1822 2663 ιι
1860 2611 2029 2679 Atttiq.

478 2678 667 2739 Futd.,
693 2696 807 2746 cap.
844 2685 924 2749 to)
955 2683 1276 2735 Ludovicum
1327 2682 1470 2734 l’ium
1504 2678 1873 2749 imperatorem
1895 2678 2032 2747 apud

475 2749 785 2817 Gregorium
836 2768 1021 2818 papam
1072 2752 1362 2804 obtinuisse
1413 2755 1683 2804 monachis
1735 2752 1784 2804 iii
1815 2751 2035 2805 civitati-

481 2823 598 2883 bus,
627 2832 680 2873 et
711 2821 1131 2873 matriculartbns
1161 2822 1500 2874 ecclesiarum
1535 2822 1665 2873 locis
1694 2822 2035 2874 consistenti-

479 2892 598 2953 bus,
625 2890 852 2957 quicum
885 2905 1076 2963 titogno
1113 2892 1293 2945 labore
1315 2902 1366 2944 et
1388 2894 1562 2944 studio
1601 2891 1834 2963 divinum
1865 2892 2035 2945 servi-

478 2964 609 3013 tioin
636 2972 745 3013 toto
774 2962 894 3011 anni
922 2973 1157 3027 tempore
1183 2972 1444 3030 peragunt
1467 3002 1481 3021 ,
1530 2974 1644 3026 pOst
1668 2962 1865 3030 vigilias
1893 2967 2036 3015 testi—

483 3031 675 3083 valium
693 3030 844 3101 257
860 3032 1091 3083 noctium
1105 3042 1261 3097 atque
1284 3034 1333 3083 in
1357 3035 1501 3085 t'cStis
1519 3035 1536 3085 l
1551 3033 1869 3085 :lectionum
1894 3046 2035 3101 som-

478 3120 546 3154 no
570 3100 789 3155 reticere
810 3100 1027 3167 i-orpns.
1062 3102 1224 3154 Porro
1246 3107 1287 3153 si
1319 3102 1367 3154 id
1392 3118 1459 3154 ex
1493 3105 1684 3169 ltegula
1717 3100 1970 3168 licuisset,
2002 3120 2029 3155 a

2142 509 2446 575 psallerent,
2483 517 2535 561 ct
2565 509 2838 562 Domitium
2869 525 2968 562 una
3002 525 3128 563 voce
3159 512 3452 576 laudarent,
3479 524 3688 565 ventum

2138 590 2219 631 εει
2236 578 2300 631 ad
2332 579 2472 629 tlluiii
2500 581 2752 644 psalmum
2772 582 2859 646 qui
2882 581 3174 646 appeflator
3193 579 3343 641 Deus,
3367 580 3500 633 Deus
3524 599 3687 645 meus,

2138 649 2207 700 ad
2228 657 2274 699 te
2299 649 2360 699 de
2390 649 2497 700 luce
2526 649 2697 712 vigilo,
2738 667 2756 700 ι
2786 660 2913 710 etc.,
2935 652 3023 716 qui
3068 651 3296 716 psalmus
3326 651 3390 703 ad
3434 653 3575 704 solas
3597 653 3690 705 do-

2141 719 2320 771 minici
2349 719 2450 771 diei
2481 718 2680 779 laudes,
2704 729 2792 770 aut
2820 718 2871 771 in
2900 718 3047 773 festis
3079 718 3143 773 12
3167 722 3450 774 lectionum
3476 722 3686 776 dicitur.

2134 790 2205 842 At
2226 788 2352 841 nihil
2382 790 2691 857 tucﬁutetitius
2713 788 2846 842 banc
2866 792 2914 842 in
2940 806 3048 843 rem
3070 791 3290 855 proferri
3311 806 3375 856 po
3401 801 3504 853 est,
3528 807 3683 857 quam

2136 858 2285 912 locus
2336 874 2401 911 ex
2432 856 2544 910 Vita
2576 857 2631 912 S.
2664 858 2864 911 Adonis
2909 875 2975 912 ex
3017 860 3206 912 abbate
3254 861 3490 926 episcopi
3529 856 3684 914 Vien-

2136 932 2334 993 nensis,
2366 944 2521 993 quam
2548 942 2612 981 ex
2652 932 2866 995 antiquo
2896 930 3157 983 breviario
3190 930 3474 984 Viennensi
3518 933 3685 986 edidit

2137 1010 2315 1070 noster
2340 998 2694 1061 Mabillonius,
2721 1000 2870 1070 cujus
2892 1000 2942 1052 in
2974 1016 3029 1052 ιι.
3057 1003 3087 1050 8
3116 999 3228 1053 hinc
3256 1001 3504 1068 leguntur
3524 1000 3683 1070 (scrc.

2135 1082 2187 1118 iv
2216 1066 2428 1130 Beited.,
2460 1078 2587 1136 part.
2613 1071 2674 1129 it)
2702 1086 2713 1119 :
2750 1086 2769 1119 ι
2809 1069 3120 1135 Temporius
3150 1066 3339 1124 fratres
3381 1074 3445 1122 ad
3484 1066 3686 1137 vigilias

2136 1148 2421 1190 nocturnas
2458 1153 2676 1205 surgere
2716 1140 3084 1205 compellebat,
3132 1142 3224 1191 ubi
3278 1150 3330 1193 et
3375 1143 3486 1205 ipse
3531 1142 3686 1194 solito

2140 1224 2371 1272 pne-ens
2401 1210 2650 1261 lectiones
2679 1218 2733 1261 et
2759 1213 3090 1275 responsoha
3111 1211 3468 1277 protraheudo
3493 1210 3685 1264 decan-

2138 1277 2233 1330 tari
2283 1278 2852 1350 faciebat,_quonsque
2905 1276 3187 1350 diei-rilu’ize
3232 1280 3686 1350 appropinquante

2137 1351 2405 1399 matutina:
2438 1348 2618 1400 laudes
2645 1357 2943 1415 agerentur.
2975 1368 2993 1400 ι
3041 1349 3239 1403 Eodem
3269 1350 3427 1403 modo
3460 1348 3686 1405 Veneta.

2138 1416 2255 1469 bitis
2288 1418 2601 1470 Benedictus
2630 1422 2793 1471 abbas
2822 1418 3089 1472 Clusensis
3115 1420 3442 1483 monasivrii,
3469 1431 3526 1473 ut
3549 1424 3685 1474 scri-

2134 1488 2210 1539 bit
2233 1485 2574 1558 Vuillclmus,
2603 1488 2715 1554 ejus
2738 1489 3046 1556 discipulus,
3093 1491 3142 1541 in
3172 1486 3288 1558 ejus
3318 1490 3453 1555 Vita,
3485 1506 3605 1558 cap.
3629 1493 3687 1554 5,

2143 1575 2159 1604 ι
2195 1557 2510 1610 observabat
2554 1560 2803 1628 lectiones
2837 1557 3690 1628 terminando,’proccssitme3q~e

2137 1628 2517 1696 protrahendo,
2551 1638 2605 1678 ut
2632 1627 2697 1680 ad
2728 1629 2862 1680 diem
2888 1645 3047 1696 usque
3072 1627 3309 1683 divinum
3339 1646 3471 1695 Opus
3498 1627 3682 1695 proce-

2134 1695 2305 1754 deret.
2342 1698 2554 1764 nequid
2588 1708 2700 1764 post
2735 1701 3013 1752 matutinas
3042 1700 3108 1753 ad
3138 1701 3329 1754 lectum
3373 1702 3684 1754 reverti-titi-

2137 1767 2233 1839 bus
2266 1766 2437 1819 invida
2487 1768 2653 1821 hostis
2684 1766 2824 1821 fraus
2866 1769 3182 1837 subriperet,
3238 1772 3378 1839 quod
3428 1772 3685 1826 castitatis

2136 1835 2383 1911 flosculos
2410 1842 2776 1911 suaveoteutes
2816 1835 3077 1900 adureret,
3111 1851 3166 1893 et
3192 1835 3269 1893 ita
3293 1840 3528 1893 solemne
3557 1857 3684 1911 gau-

2134 1906 2276 1959 dium
2326 1906 2570 1961 ftedaudo
2610 1923 2638 1959 a
2688 1923 2832 1960 sacra
2861 1911 3234 1964 communione
3278 1906 3620 1967 ahsterrerét.
3658 1932 3674 1960 ι

2136 1976 2228 2029 His
2272 1977 2518 2030 omnibus
2558 1978 2761 2031 accedit
2789 1980 2951 2100 ass
2978 1980 3198 2034 Joannis
3247 1981 3489 2033 nionaclti
3533 1997 3683 2052 egre-

2136 2048 2274 2100 ttinm
2321 2048 2673 2100 testimonium
2723 2048 2775 2100 iti
2854 2052 2921 2100 ita
2951 2052 3005 2100 S.
3033 2049 3230 2100 Odonis
3276 2049 3367 2100 lib.
3412 2065 3449 2100 ι.
3480 2067 3533 2100 η.
3570 2050 3677 2100 10:

2133 2048 2274 2114 ginm
2321 2048 2673 2100 testimonium
2723 2048 2775 2100 iti
2810 2048 3005 2102 Vitas.
3033 2049 3230 2104 Odonis
3276 2049 3367 2103 lib.
3412 2065 3449 2114 i,
3480 2067 3533 2104 η.
3570 2048 3633 2103 i0
3665 2068 3677 2102 :

2138 2133 2162 2189 ι
2191 2117 2324 2170 Ecce
2372 2117 2511 2189 enim
2540 2130 2663 2170 sunt
2711 2118 2906 2172 evoluti
2938 2120 3072 2173 haud
3105 2119 3378 2189 plusquam
3415 2136 3505 2173 sex
3536 2122 3680 2183 anni,

2133 2187 2256 2239 dum
2282 2196 2411 2259 ante
2436 2188 2551 2259 ejus
2580 2204 2772 2255 corpus
2795 2188 3009 2256 (ueinpe
3036 2187 3355 2259 SCMariini)
3387 2191 3680 2259 vigili-rum

2136 2257 2392 2329 excubias
2413 2258 2651 2329 diversus
2670 2258 2802 2312 ordo
2835 2260 3075 2314 eccle~ite
3107 2257 3401 2314 celebraret
3421 2257 3682 2329 {contigit

2136 2341 2197 2399 ut
2223 2326 2333 2399 ipse
2381 2326 2577 2381 ibidem
2605 2330 2903 2383 interesset.
2939 2329 3130 2384 Verum
3156 2329 3278 2399 quia
3300 2330 3533 2399 ejusdem
3564 2326 3681 2384 offi—

2134 2398 2200 2449 eti
2229 2397 2550 2466 antipttoutc,
2604 2401 2676 2452 uti
2709 2400 2951 2454 omnibus
2999 2397 3393 2467 patet,7brevies
3435 2411 3577 2464 sunt,
3630 2413 3681 2455 it

2131 2467 2247 2535 ejus
2279 2468 2529 2535 tetiiporis
2559 2466 2822 2538 longiores
2852 2466 3053 2532 noctes,
3085 2473 3326 2525 volente.-
3353 2470 3584 2524 ollistum
3605 2477 3669 2524 ad

2136 2538 2298 2610 lucent
2343 2555 2498 2607 usque
2528 2541 2859 2610 protendere,
2892 2556 3308 2610 unamquamque
3340 2542 3677 2607 antiphonam

2137 2623 2230 2673 per
2254 2608 2488 2677 singulos
2512 2609 2830 2677 psalmorum
2852 2625 3034 2663 versos
3051 2608 3337 2678 repetendo
3358 2610 3633 2675 canebant,
3655 2630 3675 2662 ι

2135 2688 2241 2749 etc.
2272 2678 2392 2732 llaac
2418 2680 2593 2733 omnia
2641 2683 2953 2734 coutirmaut
2994 2690 3213 2749 antiqua
3261 2682 3678 2736 Consuetuttiiies

2135 2747 2432 2802 Germaniae
2474 2765 2602 2804 mss.
2642 2750 2693 2803 in
2742 2751 2931 2818 quibus
2979 2768 3031 2804 n.
3079 2747 3149 2805 21
3192 2751 3494 2805 decernitur
3524 2760 3579 2805 ut
3628 2756 3676 2803 iu

2134 2832 2284 2871 cmna
2318 2819 2545 2881 Domini,
2582 2839 2601 2872 ι
2637 2822 2880 2874 nocturni
2913 2822 2982 2874 ita
3027 2831 3400 2889 temperentur,
3439 2831 3493 2873 ut
3523 2824 3573 2875 in
3603 2834 3681 2874 te-

2138 2889 2313 2941 nebris
2338 2892 2706 2958 compleantur
2735 2908 2750 2944 :
2790 2912 2807 2942 ι
2840 2906 2903 2945 ex
2930 2907 3033 2961 quo
3060 2893 3275 2960 colligas
3305 2892 3409 2944 alio
3443 2900 3682 2960 tempore

2137 2973 2240 3011 non
2268 2962 2556 3023 completos
2586 2964 2635 3013 in
2666 2962 2917 3025 tenebris,
2945 2964 3035 3015 sed
3066 2962 3131 3015 ad
3162 2964 3329 3015 lucent
3360 2974 3523 3029 usque
3565 2975 3682 3027 pro-

2138 3029 2324 3100 ductos
2346 3031 2531 3095 fuisse,
2560 3033 2789 3100 alioquin
2819 3031 3008 3086 frustra
3034 3033 3318 3097 diceretur,
3364 3044 3417 3084 ut
3446 3035 3680 3085 nocturni

2137 3098 2187 3169 in
2237 3101 2468 3152 tenebris
2511 3098 2919 3169 complerentur.
2970 3104 3034 3155 Et
3066 3102 3199 3156 liber
3244 3106 3436 3155 lsunm
3485 3102 3679 3154 Cister-

477 3188 686 3225 summo
708 3162 954 3239 pontifice
979 3173 1427 3240 dispensationem
1462 3162 1728 3241 requirere
1762 3162 2029 3240 ltaudqua-
2058 3162 2102 3223 C
2136 3168 2412 3234 ciensium,
2433 3186 2551 3240 cap.
2571 3162 2658 3234 68',
2678 3191 2697 3223 ε
2718 3172 2850 3226 solet
2865 3175 3104 3233 sacrista,
3128 3187 3244 3225 cum
3269 3188 3326 3226 se
3345 3172 3534 3226 viderit
3553 3183 3684 3224 teuto

477 3259 639 3307 quam
668 3244 883 3296 neces~e
906 3242 1113 3296 luisset.
1141 3242 1472 3311 Quapropter
1500 3244 1641 3310 quod
1682 3245 1741 3297 S.
1778 3244 2032 3297 Benedic-

480 3323 563 3364 ιιι.
596 3311 1075 3365 ιιοιιιὶιιιοίειιὶετιιιιδ
1126 3320 1395 3366 tim-turnis
1426 3311 1618 3383 vigiliis
1657 3317 1771 3367 sine
1813 3314 1917 3367 ullo
1951 3316 2028 3367 in-

478 3394 621 3436 terra
651 3385 888 3451 lojungit
932 3382 1248 3446 matutinos,
1296 3399 1399 3435 non
1421 3382 1499 3435 sic
1545 3385 1855 3450 capiendum
1902 3393 1985 3437 est
2013 3424 2029 3449 ,

480 3456 625 3513 tillaxl
651 3455 833 3507 laudes
863 3454 1160 3507 accelerare
1189 3454 1460 3519 voluisset,
1502 3466 1553 3506 et
1581 3462 1888 3507 consuetam
1915 3457 2029 3506 ill-l-

480 3539 592 3575 rum
620 3525 800 3576 horam
844 3536 1046 3576 mutare
1078 3541 1093 3586 ;
1145 3526 1236 3577 sed
1269 3523 1439 3588 potius
1471 3534 1757 3578 nocturnus
1785 3526 1849 3575 ad
1877 3542 2031 3578 auro-

478 3610 587 3646 ram
637 3610 803 3659 usiiue
850 3600 1160 3659 produxisse
1217 3595 1509 3649 dicendus:
1577 3611 1694 3646 itaut
1745 3594 2028 3658 matutini,

477 3679 607 3729 quos
635 3663 814 3717 Iaudes
835 3667 1187 3730 appellamus,
1218 3681 1429 3732 Semper
1450 3664 1515 3718 ad
1543 3680 1804 3725 auroram,
1833 3669 1946 3719 sive
1976 3674 2032 3718 ut

478 3733 706 3802 loquitur
726 3744 781 3787 δ.
806 3735 863 3787 Ρ.
890 3732 1207 3805 Benedictus,
1223 3736 1486 3805 incipiente
1505 3738 1614 3805 luce
1636 3736 1838 3787 dicendi
1862 3746 1985 3787 sunt
2014 3752 2026 3787 :

478 3814 616 3857 unde
638 3817 691 3856 et
723 3807 963 3857 matutini
995 3804 1120 3859 dieti
1143 3818 1263 3858 sntit
1291 3804 1329 3867 α
1346 3821 1473 3859 voce
1502 3817 1714 3865 mantia,
1751 3806 1799 3858 id
1831 3816 1913 3858 est
1938 3822 2026 3857 au-

479 3890 622 3938 rora,
652 3888 718 3927 eo
744 3876 881 3941 quod
922 3877 986 3927 ad
1015 3874 1255 3927 auioram
1290 3876 1556 3930 celebrari
1584 3876 1843 3929 tlebeai.t:
1871 3890 2031 3941 quare

479 3944 809 3996 lltldemarus
855 3946 999 3996 ilttiin
1041 3947 1097 3999 S.
1128 3945 1340 4013 Regula:
1369 3955 1588 4012 textum,
1636 3948 1719 4010 qui
1765 3947 2031 4012 incipiente

479 4022 585 4064 luce
608 4014 789 4083 agendi
815 4025 951 4081 sunt,
984 4016 1509 4085 ρυιιιιιιι-ιιιίιιιδειιειεο
1536 4019 1718 4068 scribit
1747 4034 1758 4068 :
1791 4034 1807 4064 ι
1848 4017 1899 4068 lii
1931 4016 2029 4068 hoc

476 4085 593 4135 ineo
618 4086 918 4136 manifestat.
941 4086 996 4138 Β.
1026 4085 1337 4138 Benedictus
1366 4100 1484 4139 cum
1517 4087 1667 4152 dicit,
1694 4101 1774 4136 ma
1798 4098 1921 4137 ultiii
1942 4086 2029 4143 qui

477 4155 541 4204 in!
560 4155 747 4219 ipiente
776 4160 883 4206 luce
905 4159 1084 4224 agendi
1106 4165 1243 4217 sunt,
1276 4155 1394 4221 quia
1418 4160 1558 4208 omni
1588 4166 1841 4220 tcttiporc,
1878 4156 1925 4208 id
1948 4165 2030 4207 est

477 4234 579 4275 tam
608 4224 923 4294 quotidiauis
962 4224 1147 4277 diebus
1187 4240 1347 4291 quam
1397 4227 1445 4278 ιιι
1476 4225 1755 4279 dominicis
1783 4238 1835 4278 et
1888 4236 2028 4277 testis

477 4295 663 4346 debus
690 4296 931 4346 matutini
981 4297 1262 4361 incipiente
1293 4296 1408 4349 luce
1450 4297 1632 4361 agendi
1659 4308 1800 4347 sunt.
1838 4314 1855 4347 ι
1888 4299 2026 4347 Idi-tn

478 4364 635 4416 (locet
657 4367 720 4415 :ttl
749 4379 863 4431 t‘ap.
892 4364 947 4416 ll
979 4366 1113 4417 idem
1144 4379 1261 4417 Cum
1293 4381 1357 4417 eo
1395 4366 1551 4417 etiam
1585 4365 1879 4420 Bernartius
1905 4365 2030 4419 Cas-

476 4434 724 4497 stnctnis,
776 4446 829 4487 et
862 4434 1106 4486 Nicotaus
1142 4437 1208 4488 de
1259 4435 1504 4488 Fractura
1534 4438 1597 4487 ad
1625 4452 1741 4501 cap.
1775 4438 1897 4488 item
1931 4436 2025 4501 tl;

472 4519 695 4570 quorum
727 4508 1039 4556 sententiam
1071 4508 1349 4571 coiitirmat
1393 4508 1595 4572 praxis,
1642 4521 1796 4571 quum
1839 4507 2019 4560 videre

472 4589 548 4623 est
571 4576 705 4637 apud
727 4589 1044 4643 attonymutit
1072 4578 1573 4643 Sangcrmaueoseiu
1595 4590 1701 4637 qui,
1728 4577 2022 4643 principatu

474 4645 645 4695 Caroli
683 4642 1288 4712 Magni’tratislattoneiii
1334 4645 1390 4699 S.
1425 4642 1669 4697 Germani
1713 4642 2025 4701 Pai'isiensis

472 4715 704 4783 epist-otii
754 4716 1105 4777 describebat,
1138 4717 1187 4767 in
1220 4729 1340 4779 qua,
1373 4732 1426 4769 ii.
1481 4715 1532 4781 7,
1567 4715 1728 4767 refert
1767 4715 1927 4783 (Suec.
1971 4734 2025 4771 ιιι

474 4782 690 4845 lienem,
716 4795 845 4852 part.
875 4786 928 4853 ιι)
949 4794 1270 4837 contractum
1292 4785 1609 4851 quemdam:
1637 4782 2023 4853 ιηαιιείαειοηη

475 4876 483 4899 ι
509 4856 678 4905 loricis
704 4857 778 4921 (ιιι
806 4865 888 4907 est
911 4854 1224 4925 ιιιοιοιιριιιδ),
1249 4857 1396 4922 juxta
1432 4870 1631 4908 morem
1650 4857 1753 4908 diei
1776 4858 2025 4912 dominici

473 4935 847 4975 ιιιςιιιιιιιιυτιιιιι
913 4926 1083 4977 ol'ticia
1153 4928 1639 4979 Cttlhtltlllllallllblls
1693 4946 1710 4976 ι
1783 4939 2021 4981 curatum

475 5002 663 5055 tuisse;
694 4998 827 5059 apud
860 4996 1154 5047 Atiniiniiim
1182 4996 1230 5047 in
1261 4996 1348 5047 lib.
1379 5012 1412 5048 ιι
1445 4997 1627 5049 Mirac.
1659 4997 1715 5049 S.
1749 4994 2017 5062 Germani,

471 5078 587 5130 cap.
623 5067 702 5125 ll),
753 5067 835 5115 tibi
868 5067 1113 5118 tristi-ibus
1146 5083 1162 5115 ι
1197 5068 1531 5133 uiatotinate,
1564 5078 1673 5118 orto
1696 5068 1808 5137 jam
1846 5083 2024 5137 crepu-

472 5137 640 5192 scola,
674 5137 941 5186 Paschalis
971 5149 1318 5188 sacrosancta:
1351 5137 1648 5189 festivitatis
1677 5138 1904 5190 otlicium
1938 5155 2024 5191 ce-

472 5204 822 5257 lebrantibus.
872 5224 889 5255 ι
922 5207 1203 5258 Normanui
1229 5209 1413 5260 adesse
1436 5212 1715 5269 dicuntur;
1752 5211 1889 5273 apud
1917 5208 2024 5260 Ilit-

469 5276 739 5338 degariutn
769 5275 818 5325 in
842 5273 951 5326 Vita
978 5281 1032 5328 δ.
1056 5275 1293 5339 Fat-ouis,
1318 5294 1435 5341 cap.
1462 5278 1558 5329 ll5
1578 5280 1731 5342 (Sac.
1766 5282 1850 5346 ii):
1877 5296 1894 5327 ι
1922 5279 2024 5331 No-

470 5362 554 5395 ctc
580 5351 801 5409 quadam
822 5361 939 5397 cum
968 5345 1073 5412 jtm
1099 5363 1423 5399 novauuroro
1446 5353 1583 5399 claro
1613 5366 1703 5399 suo
1733 5345 2024 5413 crepusculo

470 5414 800 5475 dilucularet,
832 5431 891 5464 ac.
920 5419 1259 5469 concinentes
1308 5419 1547 5469 monachi
1601 5431 1907 5471 resotiareot
1936 5436 2024 5472 cc-

470 5486 680 5535 itexiam
729 5489 954 5549 quodam
1002 5500 1189 5549 νισι-εει,
1243 5484 1380 5539 Deus
1435 5489 1730 5540 misereatur
1782 5492 1936 5540 matri
1976 5499 2021 5541 et

471 5554 724 5605 bettcdicut
758 5556 918 5615 uobis,
959 5574 976 5604 ι
1010 5567 1133 5610 otc..
1168 5557 1255 5624 qui
1288 5572 1470 5611 versus
1497 5559 1688 5610 dicitur
1735 5561 1797 5610 ad
1856 5573 2025 5610 tuatu-

472 5634 610 5696 tinos
642 5639 664 5696 :A
686 5625 770 5676 laic
801 5635 975 5677 taini-n
1006 5626 1152 5678 locus
1208 5644 1308 5678 non
1340 5641 1555 5695 protsits
1596 5630 1788 5681 evincit
1817 5644 1910 5696 pro
1939 5631 2024 5682 die

468 5694 730 5764 dominica
765 5710 777 5744 :
810 5697 1000 5747 clarior
1020 5712 1095 5748 est
1130 5697 1239 5757 lllt‘,
1267 5694 1353 5764 qui
1383 5697 1676 5749 dcsumitur
1704 5715 1767 5753 ex
1800 5694 1890 5751 lib.
1916 5716 1929 5751 i
1954 5700 2020 5753 de

467 5762 644 5816 chtts
690 5764 788 5816 SS.
825 5766 1217 5827 liotoncnsium,
1248 5762 1362 5836 cap.
1393 5766 1425 5819 6
1450 5767 1610 5835 (ch.
1651 5785 1719 5833 ιν,
1750 5781 1883 5838 part.
1918 5773 1973 5825 ιι)
2004 5788 2016 5821 :

2052 4545 2101 4604 D

2133 3241 2313 3307 porius
2354 3255 2508 3308 quam
2550 3244 2805 3296 debuerat
2848 3246 3161 3304 surrexisse,
3204 3253 3472 3297 cautorem
3524 3243 3678 3312 signo

2132 3325 2462 3377 praemonere
2490 3323 2544 3364 tit
2571 3313 2932 3366 duodecimam
2963 3314 3237 3367 lectionem
3294 3313 3448 3366 faciat
3474 3314 3683 3380 prolon-

2129 3394 2287 3452 gare;
2314 3390 2364 3434 et
2390 3389 2512 3434 tunc
2540 3385 2627 3452 qui
2672 3399 2786 3435 eam
2817 3384 3021 3452 legerit,
3064 3382 3310 3436 non‘caui
3338 3383 3487 3435 tiniat
3513 3397 3682 3451 usque

2129 3450 2197 3503 ad
2235 3460 2417 3504 nutum
2448 3450 2680 3507 sacrtstte
2737 3454 2815 3506 vel
2844 3450 3071 3506 sonitum
3122 3455 3377 3521 horologii
3408 3471 3422 3505 :
3462 3471 3482 3503 ι
3517 3450 3683 3520 quare

2130 3522 2270 3575 enim
2315 3522 2477 3575 lectio
2525 3524 2832 3577 duodecima
2888 3524 3106 3592 prolong
3142 3534 3288 3577 retur
3334 3539 3436 3575 non
3488 3522 3681 3580 video.

2130 3592 2229 3671 nisi
2272 3598 2393 3659 quia
2446 3596 2678 3647 nondum
2734 3595 2889 3647 solita
2943 3604 3318 3647 ntatuttnorum
3350 3594 3478 3647 liora
3521 3592 3685 3646 adve-

2130 3673 2312 3715 1115881.

2199 3731 2306 3785 Nec
2355 3731 2515 3787 refert
2552 3732 2689 3803 quod
2734 3733 2791 3788 S.
2835 3734 2894 3788 Ρ.
2931 3734 3243 3788 Benedictus
3294 3731 3580 3787 Dominicis
3610 3732 3685 3803 fe-

2129 3803 2328 3871 stisque
2368 3801 2869 3871 diebuCtemporius
2909 3806 2972 3856 ad
3009 3808 3214 3874 Vigilias
3243 3819 3461 3874 surgere
3490 3801 3679 3871 praeci-

2132 3884 2259 3941 piat,
2292 3882 2344 3926 et
2376 3875 2740 3940 prolixissinta:
2763 3875 2870 3927 sint
2901 3874 3088 3928 hiemis
3112 3886 3314 3929 ttocles.
3346 3875 3474 3927 Nam
3510 3875 3680 3942 primo

2132 3945 2269 4014 istud
2308 3944 2374 3995 de
2426 3945 2683 3996 maturius
2725 3944 2988 4011 surgendo
3039 3956 3380 4014 prmceptnui,
3428 3943 3569 3997 stilas
3605 3957 3685 4014 ex

2131 4012 2434 4066 Hitdeuiaro
2463 4015 2680 4082 respicit
2701 4018 2900 4068 aestatis
2926 4012 3137 4081 noctes;
3166 4012 3340 4070 hieme
3360 4015 3498 4067 cnim
3526 4012 3684 4068 citius

2129 4083 2286 4135 solito
2330 4101 2360 4135 ιι
2387 4102 2431 4134 οιι
2464 4099 2583 4137 csse
2612 4087 2931 4150 surgendum
2959 4089 3174 4152 asserit;
3229 4089 3320 4140 sed
3352 4104 3370 4135 ι
3407 4087 3475 4137 ita
3507 4088 3684 4137 consi-

2130 4156 2418 4206 derandum
2449 4167 2551 4217 est,
2587 4156 2752 4226 inquit
2787 4154 2873 4221 (In
2915 4172 3029 4222 cap.
3060 4158 3171 4226 lt),
3219 4158 3270 4209 in
3304 4155 3515 4226 hiemali
3548 4165 3680 4208 tem-

2131 4238 2280 4293 pore,
2312 4237 2367 4275 ut
2395 4230 2463 4276 ita
2496 4221 2712 4295 surgant
2733 4221 2881 4294 juxta
2910 4221 3338 4280 numerositatem
3365 4224 3602 4285 fratrum.
3628 4233 3685 4278 et

2133 4294 2831 4365 prolixitatentlectionum,
2880 4308 2936 4349 ιιι
2985 4299 3269 4365 incipiente
3316 4298 3433 4365 luCe
3461 4304 3684 4364 agantur

2131 4364 2396 4416 matutini.
2436 4383 2453 4413 ι
2490 4364 2553 4417 Ει
2584 4366 2881 4418 Bernartius
2908 4367 3238 4420 Cassinensis
3279 4364 3366 4434 (In
3394 4381 3509 4428 cap.
3546 4365 3634 4433 ll)
3670 4380 3682 4415 :

2136 4450 2154 4482 ι
2193 4435 2301 4485 Hoc
2328 4444 2502 4486 tamen
2528 4436 2665 4502 quod
2696 4436 2840 4499 dicit,
2872 4438 3153 4491 dominicis
3180 4437 3366 4491 diebus
3391 4438 3547 4488 citius
3565 4449 3687 4489 esse

2130 4505 2472 4572 surgendum,
2505 4510 2691 4558 attinet
2720 4510 2929 4570 proprie
2973 4509 3036 4561 ad
3081 4521 3285 4575 tempus
3330 4506 3593 4568 aestivum,
3632 4506 3683 4557 iu

2128 4576 2301 4640 quosi
2350 4576 2419 4626 ita
2469 4580 2612 4628 tarde
2660 4589 2985 4645 surgeretttr,
3027 4578 3156 4631 sicut
3205 4577 3414 4645 quando
3458 4575 3687 4641 grandes

2129 4654 2252 4696 sunt
2273 4654 2474 4717 unctes,
2506 4654 2648 4699 esset
2676 4650 2990 4715 negiigcntia
3018 4663 3226 4717 magna,
3261 4664 3357 4700 nec
3385 4646 3690 4717 inciperen-

2131 4721 2213 4785 tur
2238 4716 2509 4768 matutina:
2532 4717 2711 4769 laudes
2744 4720 3027 4780 incipiente
3055 4715 3193 4781 luce,
3218 4720 3338 4785 quia
3371 4719 3419 4769 iii
3449 4715 3690 4768 lectioni-

2132 4784 2225 4854 bus
2247 4787 2491 4838 se-cuiidze
2514 4789 2711 4853 Vigilize
2734 4804 3013 4854 apparere:
3039 4784 3267 4840 aurora:
3306 4798 3541 4854 tempore
3566 4801 3692 4838 veto

2130 4853 2340 4907 hiemali
2364 4868 2493 4909 sitis
2524 4857 2717 4909 sitt‘ticit
2745 4853 2931 4911 octava
2983 4873 3200 4925 surgere
3234 4860 3381 4920 liora,
3416 4853 3535 4921 quia
3563 4867 3692 4909 tunc

2131 4924 2197 4993 li
2242 4930 2511 4991 tcctioitcs,
2544 4944 2661 4980 cum
2711 4930 2775 4981 l2
2828 4924 3198 4993 rcsponsoi'iis,
3242 4946 3361 4981 cum
3398 4926 3691 4993 psalmodia

2132 4992 2197 5067 12
2228 4999 2579 5061 ps;itinorniu,
2631 5010 2684 5051 ct
2731 4992 3170 5059 tritiuscanticis,
3216 5016 3332 5051 cum
3385 4992 3581 5067 hymno
3614 4996 3694 5049 Te

2132 5065 2291 5138 lleunt
2327 5069 2630 5132 Ι.ιιι‹1ειιιιιι5,
2664 5079 2718 5121 et
2747 5070 3035 5138 Evangelii)
3064 5086 3182 5122 cuni
3228 5065 3694 5121 ιιηιιίιειήιιιοιιιιιίι-

2129 5134 2449 5207 tioucdtcto,
2479 5138 2747 5192 matutina:
2777 5134 2956 5192 laudes
2986 5142 3271 5207 incipiente
3295 5140 3410 5192 luce
3442 5148 3693 5205 poterunt

2127 5203 2385 5260 inchoarh
2422 5228 2439 5259 ι

2200 5276 2396 5331 Deinde
2418 5278 2624 5331 etiamsi
2656 5277 2825 5330 inedia
2848 5281 2973 5331 hora
2996 5280 3149 5333 citius
3173 5279 3328 5331 solito
3351 5286 3690 5346 siit'geretur,

2128 5362 2244 5418 cum
2278 5349 2463 5400 diebus
2493 5353 2819 5402 SOlr‘lllllllmS
2851 5349 3034 5418 majori
3058 5368 3176 5402 cunt
3205 5360 3465 5418 grawtate
3493 5356 3547 5399 et
3578 5364 3691 5399 tito-

2127 5417 2394 5470 tlolattone
2416 5423 2649 5471 tltvuittin
2678 5420 2977 5473 celebretur
3007 5417 3239 5473 ol'licintn
3259 5465 3273 5486 ,
3305 5421 3442 5472 facili
3472 5426 3644 5487 negot
3666 5436 3701 5466 it

2127 5497 2292 5540 totum
2332 5490 2455 5541 illud
2489 5491 2843 5550 inerratltiin,
2879 5492 3000 5544 licet
3044 5492 3218 5543 hieute
3263 5492 3550 5557 prolixum,
3598 5502 3697 5551 po-

2125 5568 2300 5609 terant
2348 5561 2602 5626 implere;
2645 5561 2880 5614 maxime
2929 5564 2975 5613 si
3006 5562 3425 5617 eoosidcreiuus.
3479 5573 3699 5625 quanta:

2127 5629 2455 5696 prolixitatis
2497 5631 2633 5698 apud
2680 5633 2911 5696 majores
2963 5638 3174 5684 nostros
3221 5634 3475 5682 lectiones
3503 5639 3696 5683 cauta-

2127 5709 2309 5771 reutur
2334 5713 2345 5748 :
2381 5716 2521 5771 nam.
2557 5717 2607 5754 ι’.
2638 5716 2715 5770 3.,
2738 5704 2794 5756 S.
2820 5702 3084 5755 thsarius
3114 5704 3166 5754 iii
3197 5702 3392 5771 lleguta
3422 5701 3486 5752 ad
3507 5714 3699 5752 inona-

2123 5769 2273 5830 chos,
2325 5786 2440 5838 cap.
2473 5770 2549 5835 ⁵20,
2595 5769 2659 5826 ad
2707 5774 2942 5841 sinduias
2992 5773 3246 5827 lectiones
3281 5769 3392 5822 tria
3424 5771 3553 5839 [alia
3586 5771 3694 5841 legi
