  <div class='ocr_page' id='page_1' title='image "/cluster/home/n/w/nwhite01/storage/ocr_20150623/66/hvd.32044054758701/216.png"; bbox 0 0 3952 6182; ppageno 0'>
   <div class='ocr_carea' id='block_1_1' title="bbox 242 370 344 421">
    <p class='ocr_par' dir='ltr' id='par_1_1' title="bbox 242 370 344 421">
     <span class='ocr_line' id='line_1_1' title="bbox 242 370 344 421; baseline -0.01 0"><span class='ocrx_word' id='word_1_1' title='bbox 242 370 344 421; x_wconf 54' lang='lat'><strong>&quot;(‘21</strong></span> 
     </span>
    </p>
   </div>
   <div class='ocr_carea' id='block_1_2' title="bbox 1298 364 2418 426">
    <p class='ocr_par' dir='ltr' id='par_1_2' title="bbox 1298 364 2418 426">
     <span class='ocr_line' id='line_1_2' title="bbox 1298 364 2418 426; baseline -0.002 -1"><span class='ocrx_word' id='word_1_2' title='bbox 1298 371 1571 425; x_wconf 71' lang='lat' dir='ltr'><strong>REGl&#39;l.A</strong></span> <span class='ocrx_word' id='word_1_3' title='bbox 1612 369 2099 426; x_wconf 61' lang='grc' dir='ltr'><strong>(ΣΟΜΜΕῑΝΤΑΤΑ.</strong></span> <span class='ocrx_word' id='word_1_4' title='bbox 2139 366 2284 421; x_wconf 74' lang='lat' dir='ltr'><strong>CAP.</strong></span> <span class='ocrx_word' id='word_1_5' title='bbox 2331 364 2418 423; x_wconf 78' lang='lat' dir='ltr'><strong>IX.</strong></span> 
     </span>
    </p>
   </div>
   <div class='ocr_carea' id='block_1_3' title="bbox 3368 369 3468 425">
    <p class='ocr_par' dir='ltr' id='par_1_3' title="bbox 3368 369 3468 425">
     <span class='ocr_line' id='line_1_3' title="bbox 3368 369 3468 425; baseline 0.05 -5"><span class='ocrx_word' id='word_1_6' title='bbox 3368 369 3468 425; x_wconf 67' lang='lat'><strong>4‘2!</strong></span> 
     </span>
    </p>
   </div>
   <div class='ocr_carea' id='block_1_4' title="bbox 244 481 3464 557">
    <p class='ocr_par' dir='ltr' id='par_1_4' title="bbox 244 481 3464 557">
     <span class='ocr_line' id='line_1_4' title="bbox 244 481 3464 557; baseline -0.002 -17"><span class='ocrx_word' id='word_1_7' title='bbox 244 486 507 556; x_wconf 62' lang='lat' dir='ltr'><strong>praecipit.</strong></span> <span class='ocrx_word' id='word_1_8' title='bbox 562 486 818 542; x_wconf 72' lang='lat' dir='ltr'><strong>Similiter</strong></span> <span class='ocrx_word' id='word_1_9' title='bbox 859 488 914 542; x_wconf 86' lang='lat' dir='ltr'><strong>S.</strong></span> <span class='ocrx_word' id='word_1_10' title='bbox 948 489 1266 543; x_wconf 76' lang='lat' dir='ltr'><strong>Aurelianus</strong></span> <span class='ocrx_word' id='word_1_11' title='bbox 1317 490 1369 541; x_wconf 92' lang='lat' dir='ltr'><strong>in</strong></span> <span class='ocrx_word' id='word_1_12' title='bbox 1422 487 1608 543; x_wconf 85' lang='lat' dir='ltr'><strong>ordine</strong></span> <span class='ocrx_word' id='word_1_13' title='bbox 1660 488 1807 557; x_wconf 85' lang='lat' dir='ltr'><strong>psal-</strong></span> <span class='ocrx_word' id='word_1_14' title='bbox 1837 492 1886 548; x_wconf 79' lang='grc' dir='ltr'><strong>Α</strong></span> <span class='ocrx_word' id='word_1_15' title='bbox 1910 501 2143 557; x_wconf 82' lang='lat' dir='ltr'><strong>soporem</strong></span> <span class='ocrx_word' id='word_1_16' title='bbox 2172 501 2272 557; x_wconf 79' lang='lat' dir='ltr'><strong>non</strong></span> <span class='ocrx_word' id='word_1_17' title='bbox 2302 484 2597 557; x_wconf 58' lang='lat' dir='ltr'><strong>admittunt,</strong></span> <span class='ocrx_word' id='word_1_18' title='bbox 2620 492 2685 557; x_wconf 59' lang='lat' dir='ltr'><strong>tit</strong></span> <span class='ocrx_word' id='word_1_19' title='bbox 2712 481 2973 557; x_wconf 76' lang='lat' dir='ltr'><strong>scribebat</strong></span> <span class='ocrx_word' id='word_1_20' title='bbox 3001 481 3304 557; x_wconf 77' lang='lat' dir='ltr'><strong>Stephanus</strong></span> <span class='ocrx_word' id='word_1_21' title='bbox 3333 482 3464 540; x_wconf 77' lang='lat' dir='ltr'><strong>Tur-</strong></span> 
     </span>
    </p>
   </div>
   <div class='ocr_carea' id='block_1_5' title="bbox 254 557 1803 630">
    <p class='ocr_par' dir='ltr' id='par_1_5' title="bbox 254 557 1803 630">
     <span class='ocr_line' id='line_1_5' title="bbox 254 557 1803 630; baseline 0.001 -21"><span class='ocrx_word' id='word_1_22' title='bbox 254 557 386 614; x_wconf 79' lang='lat' dir='ltr'><strong>lendi</strong></span> <span class='ocrx_word' id='word_1_23' title='bbox 423 574 450 630; x_wconf 69' lang='grc' dir='ltr'><strong>ιΔ</strong></span> <span class='ocrx_word' id='word_1_24' title='bbox 474 573 602 630; x_wconf 78' lang='lat' dir='ltr'><strong>unus</strong></span> <span class='ocrx_word' id='word_1_25' title='bbox 651 558 804 625; x_wconf 74' lang='lat' dir='ltr'><strong>frater</strong></span> <span class='ocrx_word' id='word_1_26' title='bbox 853 558 986 630; x_wconf 86' lang='lat' dir='ltr'><strong>legat</strong></span> <span class='ocrx_word' id='word_1_27' title='bbox 1014 560 1224 630; x_wconf 82' lang='lat' dir='ltr'><strong>paginas</strong></span> <span class='ocrx_word' id='word_1_28' title='bbox 1269 570 1354 611; x_wconf 86' lang='lat' dir='ltr'><strong>aut</strong></span> <span class='ocrx_word' id='word_1_29' title='bbox 1380 570 1514 630; x_wconf 74' lang='lat' dir='ltr'><strong>tres.</strong></span> <span class='ocrx_word' id='word_1_30' title='bbox 1561 568 1650 611; x_wconf 87' lang='lat' dir='ltr'><strong>aut</strong></span> <span class='ocrx_word' id='word_1_31' title='bbox 1678 575 1803 630; x_wconf 79' lang='lat' dir='ltr'><strong>qua-</strong></span> 
     </span>
    </p>
   </div>
   <div class='ocr_carea' id='block_1_6' title="bbox 257 624 1803 696">
    <p class='ocr_par' dir='ltr' id='par_1_6' title="bbox 257 624 1803 696">
     <span class='ocr_line' id='line_1_6' title="bbox 257 624 1803 696; baseline 0.001 -17"><span class='ocrx_word' id='word_1_32' title='bbox 257 642 390 692; x_wconf 79' lang='lat' dir='ltr'><strong>tuor,</strong></span> <span class='ocrx_word' id='word_1_33' title='bbox 437 624 627 695; x_wconf 80' lang='lat' dir='ltr'><strong>inquit,</strong></span> <span class='ocrx_word' id='word_1_34' title='bbox 670 624 936 696; x_wconf 76' lang='lat' dir='ltr'><strong>quomodo</strong></span> <span class='ocrx_word' id='word_1_35' title='bbox 973 624 1217 683; x_wconf 81' lang='lat' dir='ltr'><strong>mensura</strong></span> <span class='ocrx_word' id='word_1_36' title='bbox 1266 628 1418 681; x_wconf 91' lang='lat' dir='ltr'><strong>fuerit</strong></span> <span class='ocrx_word' id='word_1_37' title='bbox 1454 630 1601 693; x_wconf 80' lang='lat' dir='ltr'><strong>libri;</strong></span> <span class='ocrx_word' id='word_1_38' title='bbox 1630 624 1803 682; x_wconf 86' lang='lat' dir='ltr'><strong>simi-</strong></span> 
     </span>
    </p>
   </div>
   <div class='ocr_carea' id='block_1_7' title="bbox 244 697 1800 767">
    <p class='ocr_par' dir='ltr' id='par_1_7' title="bbox 244 697 1800 767">
     <span class='ocr_line' id='line_1_7' title="bbox 244 697 1800 767; baseline 0.001 -18"><span class='ocrx_word' id='word_1_39' title='bbox 244 709 376 750; x_wconf 84' lang='lat' dir='ltr'><strong>nute</strong></span> <span class='ocrx_word' id='word_1_40' title='bbox 416 699 645 764; x_wconf 83' lang='lat' dir='ltr'><strong>scriptus</strong></span> <span class='ocrx_word' id='word_1_41' title='bbox 673 708 765 752; x_wconf 87' lang='lat' dir='ltr'><strong>aut</strong></span> <span class='ocrx_word' id='word_1_42' title='bbox 794 699 989 767; x_wconf 82' lang='lat' dir='ltr'><strong>majore</strong></span> <span class='ocrx_word' id='word_1_43' title='bbox 1018 699 1207 763; x_wconf 86' lang='lat' dir='ltr'><strong>forma,</strong></span> <span class='ocrx_word' id='word_1_44' title='bbox 1252 710 1431 752; x_wconf 90' lang='lat' dir='ltr'><strong>ternas</strong></span> <span class='ocrx_word' id='word_1_45' title='bbox 1462 697 1706 767; x_wconf 79' lang='lat' dir='ltr'><strong>paginas;</strong></span> <span class='ocrx_word' id='word_1_46' title='bbox 1756 699 1800 751; x_wconf 88' lang='lat' dir='ltr'><strong>si</strong></span> 
     </span>
    </p>
   </div>
   <div class='ocr_carea' id='block_1_8' title="bbox 255 770 1800 837">
    <p class='ocr_par' dir='ltr' id='par_1_8' title="bbox 255 770 1800 837">
     <span class='ocr_line' id='line_1_8' title="bbox 255 770 1800 837; baseline 0.003 -20"><span class='ocrx_word' id='word_1_47' title='bbox 255 770 444 829; x_wconf 87' lang='lat' dir='ltr'><strong>minor,</strong></span> <span class='ocrx_word' id='word_1_48' title='bbox 473 780 742 836; x_wconf 87' lang='lat' dir='ltr'><strong>quatuor:</strong></span> <span class='ocrx_word' id='word_1_49' title='bbox 780 786 800 819; x_wconf 75' lang='grc' dir='ltr'><strong>ι</strong></span> <span class='ocrx_word' id='word_1_50' title='bbox 833 780 1155 837; x_wconf 75' lang='lat' dir='ltr'><strong>quapropter</strong></span> <span class='ocrx_word' id='word_1_51' title='bbox 1201 783 1269 823; x_wconf 87' lang='lat' dir='ltr'><strong>ne</strong></span> <span class='ocrx_word' id='word_1_52' title='bbox 1308 782 1524 821; x_wconf 83' lang='lat' dir='ltr'><strong>somnus</strong></span> <span class='ocrx_word' id='word_1_53' title='bbox 1556 771 1606 821; x_wconf 93' lang='lat' dir='ltr'><strong>in</strong></span> <span class='ocrx_word' id='word_1_54' title='bbox 1658 777 1800 821; x_wconf 85' lang='lat' dir='ltr'><strong>tanta</strong></span> 
     </span>
    </p>
   </div>
   <div class='ocr_carea' id='block_1_9' title="bbox 254 837 1802 907">
    <p class='ocr_par' dir='ltr' id='par_1_9' title="bbox 254 837 1802 907">
     <span class='ocr_line' id='line_1_9' title="bbox 254 837 1802 907; baseline 0.003 -19"><span class='ocrx_word' id='word_1_55' title='bbox 254 838 538 890; x_wconf 75' lang='lat' dir='ltr'><strong>lectionum</strong></span> <span class='ocrx_word' id='word_1_56' title='bbox 572 837 868 903; x_wconf 46' lang='lat' dir='ltr'><strong>prolixitate</strong></span> <span class='ocrx_word' id='word_1_57' title='bbox 894 841 1237 907; x_wconf 84' lang='lat' dir='ltr'><strong>subreperet,</strong></span> <span class='ocrx_word' id='word_1_58' title='bbox 1287 838 1484 902; x_wconf 89' lang='lat' dir='ltr'><strong>aliquid</strong></span> <span class='ocrx_word' id='word_1_59' title='bbox 1532 839 1709 907; x_wconf 88' lang='lat' dir='ltr'><strong>operis</strong></span> <span class='ocrx_word' id='word_1_60' title='bbox 1738 838 1802 893; x_wconf 83' lang='lat' dir='ltr'><strong>de</strong></span> 
     </span>
    </p>
   </div>
   <div class='ocr_carea' id='block_1_10' title="bbox 242 906 1802 978">
    <p class='ocr_par' dir='ltr' id='par_1_10' title="bbox 242 906 1802 978">
     <span class='ocr_line' id='line_1_10' title="bbox 242 906 1802 978; baseline 0.002 -21"><span class='ocrx_word' id='word_1_61' title='bbox 242 922 423 978; x_wconf 72' lang='lat' dir='ltr'><strong>sporta</strong></span> <span class='ocrx_word' id='word_1_62' title='bbox 469 916 559 958; x_wconf 88' lang='lat' dir='ltr'><strong>aut</strong></span> <span class='ocrx_word' id='word_1_63' title='bbox 588 910 650 958; x_wconf 84' lang='lat' dir='ltr'><strong>de</strong></span> <span class='ocrx_word' id='word_1_64' title='bbox 685 924 893 976; x_wconf 84' lang='lat' dir='ltr'><strong>canape,</strong></span> <span class='ocrx_word' id='word_1_65' title='bbox 943 919 1033 962; x_wconf 92' lang='lat' dir='ltr'><strong>aut</strong></span> <span class='ocrx_word' id='word_1_66' title='bbox 1062 906 1266 977; x_wconf 79' lang='lat' dir='ltr'><strong>aliquis</strong></span> <span class='ocrx_word' id='word_1_67' title='bbox 1310 906 1609 978; x_wconf 83' lang='lat' dir='ltr'><strong>liujusmodi</strong></span> <span class='ocrx_word' id='word_1_68' title='bbox 1654 909 1802 961; x_wconf 90' lang='lat' dir='ltr'><strong>labor</strong></span> 
     </span>
    </p>
   </div>
   <div class='ocr_carea' id='block_1_11' title="bbox 250 977 1802 1048">
    <p class='ocr_par' dir='ltr' id='par_1_11' title="bbox 250 977 1802 1048">
     <span class='ocr_line' id='line_1_11' title="bbox 250 977 1802 1048; baseline 0.003 -21"><span class='ocrx_word' id='word_1_69' title='bbox 250 977 415 1048; x_wconf 70' lang='lat'><strong>259</strong></span> <span class='ocrx_word' id='word_1_70' title='bbox 443 992 689 1028; x_wconf 89' lang='lat' dir='ltr'><strong>manuum</strong></span> <span class='ocrx_word' id='word_1_71' title='bbox 720 980 959 1031; x_wconf 74' lang='lat' dir='ltr'><strong>exerceri</strong></span> <span class='ocrx_word' id='word_1_72' title='bbox 986 1020 999 1038; x_wconf 90' lang='lat'><strong>,</strong></span> <span class='ocrx_word' id='word_1_73' title='bbox 1042 980 1227 1032; x_wconf 83' lang='lat' dir='ltr'><strong>diebus</strong></span> <span class='ocrx_word' id='word_1_74' title='bbox 1255 977 1389 1031; x_wconf 87' lang='lat' dir='ltr'><strong>vero</strong></span> <span class='ocrx_word' id='word_1_75' title='bbox 1410 978 1691 1031; x_wconf 85' lang='lat' dir='ltr'><strong>dominicis</strong></span> <span class='ocrx_word' id='word_1_76' title='bbox 1727 978 1802 1031; x_wconf 91' lang='lat' dir='ltr'><strong>fe-</strong></span> 
     </span>
    </p>
   </div>
   <div class='ocr_carea' id='block_1_12' title="bbox 253 1048 1798 1116">
    <p class='ocr_par' dir='ltr' id='par_1_12' title="bbox 253 1048 1798 1116">
     <span class='ocr_line' id='line_1_12' title="bbox 253 1048 1798 1116; baseline 0.003 -19"><span class='ocrx_word' id='word_1_77' title='bbox 253 1050 417 1099; x_wconf 85' lang='lat' dir='ltr'><strong>stisve</strong></span> <span class='ocrx_word' id='word_1_78' title='bbox 442 1059 586 1098; x_wconf 88' lang='lat' dir='ltr'><strong>stare</strong></span> <span class='ocrx_word' id='word_1_79' title='bbox 617 1050 873 1116; x_wconf 67' lang='lat' dir='ltr'><strong>praecipit,</strong></span> <span class='ocrx_word' id='word_1_80' title='bbox 906 1050 956 1101; x_wconf 92' lang='lat' dir='ltr'><strong>in</strong></span> <span class='ocrx_word' id='word_1_81' title='bbox 990 1050 1205 1116; x_wconf 72' lang='lat' dir='ltr'><strong>Regula,</strong></span> <span class='ocrx_word' id='word_1_82' title='bbox 1231 1063 1351 1115; x_wconf 85' lang='lat' dir='ltr'><strong>cap.</strong></span> <span class='ocrx_word' id='word_1_83' title='bbox 1380 1048 1471 1111; x_wconf 67' lang='lat'><strong>29,</strong></span> <span class='ocrx_word' id='word_1_84' title='bbox 1498 1050 1637 1116; x_wconf 91' lang='lat' dir='ltr'><strong>quod</strong></span> <span class='ocrx_word' id='word_1_85' title='bbox 1675 1048 1798 1101; x_wconf 88' lang='lat' dir='ltr'><strong>item</strong></span> 
     </span>
    </p>
   </div>
   <div class='ocr_carea' id='block_1_13' title="bbox 253 1116 1797 1187">
    <p class='ocr_par' dir='ltr' id='par_1_13' title="bbox 253 1116 1797 1187">
     <span class='ocr_line' id='line_1_13' title="bbox 253 1116 1797 1187; baseline 0.001 -18"><span class='ocrx_word' id='word_1_86' title='bbox 253 1118 599 1187; x_wconf 66' lang='lat' dir='ltr'><strong>praescribunt</strong></span> <span class='ocrx_word' id='word_1_87' title='bbox 633 1116 827 1186; x_wconf 81' lang='lat' dir='ltr'><strong>Regula</strong></span> <span class='ocrx_word' id='word_1_88' title='bbox 853 1118 909 1171; x_wconf 90' lang='lat' dir='ltr'><strong>S.</strong></span> <span class='ocrx_word' id='word_1_89' title='bbox 938 1119 1156 1172; x_wconf 65' lang='lat' dir='ltr'><strong>Cazsarii</strong></span> <span class='ocrx_word' id='word_1_90' title='bbox 1184 1118 1248 1171; x_wconf 92' lang='lat' dir='ltr'><strong>ad</strong></span> <span class='ocrx_word' id='word_1_91' title='bbox 1280 1119 1530 1186; x_wconf 63' lang='lat' dir='ltr'><strong>virgines,</strong></span> <span class='ocrx_word' id='word_1_92' title='bbox 1558 1132 1676 1187; x_wconf 88' lang='lat' dir='ltr'><strong>cap.</strong></span> <span class='ocrx_word' id='word_1_93' title='bbox 1711 1118 1797 1183; x_wconf 81' lang='grc'><strong>15,</strong></span> 
     </span>
    </p>
   </div>
   <div class='ocr_carea' id='block_1_14' title="bbox 250 1186 1797 1256">
    <p class='ocr_par' dir='ltr' id='par_1_14' title="bbox 250 1186 1797 1256">
     <span class='ocr_line' id='line_1_14' title="bbox 250 1186 1797 1256; baseline 0.003 -19"><span class='ocrx_word' id='word_1_94' title='bbox 250 1197 302 1238; x_wconf 87' lang='lat' dir='ltr'><strong>ct</strong></span> <span class='ocrx_word' id='word_1_95' title='bbox 349 1186 691 1256; x_wconf 83' lang='lat' dir='ltr'><strong>Tarnatensis</strong></span> <span class='ocrx_word' id='word_1_96' title='bbox 739 1203 854 1255; x_wconf 89' lang='lat' dir='ltr'><strong>cap.</strong></span> <span class='ocrx_word' id='word_1_97' title='bbox 899 1190 1057 1242; x_wconf 68' lang='grc' dir='ltr'><strong>δίει</strong></span> <span class='ocrx_word' id='word_1_98' title='bbox 1097 1204 1200 1256; x_wconf 91' lang='lat' dir='ltr'><strong>quo</strong></span> <span class='ocrx_word' id='word_1_99' title='bbox 1251 1197 1468 1255; x_wconf 77' lang='lat' dir='ltr'><strong>apparet</strong></span> <span class='ocrx_word' id='word_1_100' title='bbox 1518 1186 1635 1241; x_wconf 9' lang='lat' dir='ltr'><strong>non,</strong></span> <span class='ocrx_word' id='word_1_101' title='bbox 1663 1187 1797 1241; x_wconf 89' lang='lat' dir='ltr'><strong>adeo</strong></span> 
     </span>
    </p>
   </div>
   <div class='ocr_carea' id='block_1_15' title="bbox 244 1255 1793 1326">
    <p class='ocr_par' dir='ltr' id='par_1_15' title="bbox 244 1255 1793 1326">
     <span class='ocr_line' id='line_1_15' title="bbox 244 1255 1793 1326; baseline 0.003 -20"><span class='ocrx_word' id='word_1_102' title='bbox 244 1257 441 1308; x_wconf 80' lang='lat' dir='ltr'><strong>breves</strong></span> <span class='ocrx_word' id='word_1_103' title='bbox 464 1255 634 1309; x_wconf 84' lang='lat' dir='ltr'><strong>fuisse</strong></span> <span class='ocrx_word' id='word_1_104' title='bbox 671 1271 854 1310; x_wconf 91' lang='lat' dir='ltr'><strong>eorum</strong></span> <span class='ocrx_word' id='word_1_105' title='bbox 904 1255 1190 1322; x_wconf 79' lang='lat' dir='ltr'><strong>lectiones;</strong></span> <span class='ocrx_word' id='word_1_106' title='bbox 1220 1259 1451 1326; x_wconf 83' lang='lat' dir='ltr'><strong>alioquin</strong></span> <span class='ocrx_word' id='word_1_107' title='bbox 1494 1256 1684 1311; x_wconf 78' lang='lat' dir='ltr'><strong>frustra</strong></span> <span class='ocrx_word' id='word_1_108' title='bbox 1728 1271 1793 1311; x_wconf 93' lang='lat' dir='ltr'><strong>eo</strong></span> 
     </span>
    </p>
   </div>
   <div class='ocr_carea' id='block_1_16' title="bbox 252 1328 1796 1394">
    <p class='ocr_par' dir='ltr' id='par_1_16' title="bbox 252 1328 1796 1394">
     <span class='ocr_line' id='line_1_16' title="bbox 252 1328 1796 1394; baseline 0.004 -20"><span class='ocrx_word' id='word_1_109' title='bbox 252 1336 492 1392; x_wconf 88' lang='lat' dir='ltr'><strong>tempore</strong></span> <span class='ocrx_word' id='word_1_110' title='bbox 517 1338 783 1394; x_wconf 82' lang='lat' dir='ltr'><strong>arreptum</strong></span> <span class='ocrx_word' id='word_1_111' title='bbox 815 1339 950 1380; x_wconf 83' lang='lat' dir='ltr'><strong>esset</strong></span> <span class='ocrx_word' id='word_1_112' title='bbox 979 1343 1111 1393; x_wconf 72' lang='lat' dir='ltr'><strong>onus</strong></span> <span class='ocrx_word' id='word_1_113' title='bbox 1136 1330 1385 1382; x_wconf 88' lang='lat' dir='ltr'><strong>continuo</strong></span> <span class='ocrx_word' id='word_1_114' title='bbox 1409 1328 1796 1381; x_wconf 90' lang='lat' dir='ltr'><strong>dimittendum.</strong></span> 
     </span>
    </p>
   </div>
   <div class='ocr_carea' id='block_1_17' title="bbox 254 1395 1789 1466">
    <p class='ocr_par' dir='ltr' id='par_1_17' title="bbox 254 1395 1789 1466">
     <span class='ocr_line' id='line_1_17' title="bbox 254 1395 1789 1466; baseline 0.001 -19"><span class='ocrx_word' id='word_1_115' title='bbox 254 1395 321 1446; x_wconf 80' lang='lat' dir='ltr'><strong>Et</strong></span> <span class='ocrx_word' id='word_1_116' title='bbox 343 1405 402 1448; x_wconf 91' lang='lat' dir='ltr'><strong>ut</strong></span> <span class='ocrx_word' id='word_1_117' title='bbox 428 1398 497 1448; x_wconf 87' lang='lat' dir='ltr'><strong>de</strong></span> <span class='ocrx_word' id='word_1_118' title='bbox 522 1397 716 1448; x_wconf 87' lang='lat' dir='ltr'><strong>nostris</strong></span> <span class='ocrx_word' id='word_1_119' title='bbox 735 1397 892 1449; x_wconf 89' lang='lat' dir='ltr'><strong>etiam</strong></span> <span class='ocrx_word' id='word_1_120' title='bbox 914 1398 1110 1466; x_wconf 89' lang='lat' dir='ltr'><strong>aliquid</strong></span> <span class='ocrx_word' id='word_1_121' title='bbox 1128 1399 1386 1457; x_wconf 86' lang='lat' dir='ltr'><strong>dicamus,</strong></span> <span class='ocrx_word' id='word_1_122' title='bbox 1416 1397 1552 1462; x_wconf 87' lang='lat' dir='ltr'><strong>apud</strong></span> <span class='ocrx_word' id='word_1_123' title='bbox 1582 1395 1789 1450; x_wconf 88' lang='lat' dir='ltr'><strong>Clunia-</strong></span> 
     </span>
    </p>
   </div>
   <div class='ocr_carea' id='block_1_18' title="bbox 248 1466 1796 1534">
    <p class='ocr_par' dir='ltr' id='par_1_18' title="bbox 248 1466 1796 1534">
     <span class='ocr_line' id='line_1_18' title="bbox 248 1466 1796 1534; baseline 0.001 -18"><span class='ocrx_word' id='word_1_124' title='bbox 248 1478 440 1518; x_wconf 86' lang='lat' dir='ltr'><strong>censes</strong></span> <span class='ocrx_word' id='word_1_125' title='bbox 479 1466 617 1517; x_wconf 89' lang='lat' dir='ltr'><strong>adeo</strong></span> <span class='ocrx_word' id='word_1_126' title='bbox 646 1478 846 1534; x_wconf 72' lang='lat' dir='ltr'><strong>magna:</strong></span> <span class='ocrx_word' id='word_1_127' title='bbox 890 1478 1042 1521; x_wconf 90' lang='lat' dir='ltr'><strong>erant</strong></span> <span class='ocrx_word' id='word_1_128' title='bbox 1069 1468 1278 1522; x_wconf 82' lang='lat' dir='ltr'><strong>hiemali</strong></span> <span class='ocrx_word' id='word_1_129' title='bbox 1322 1480 1561 1534; x_wconf 82' lang='lat' dir='ltr'><strong>tempore</strong></span> <span class='ocrx_word' id='word_1_130' title='bbox 1589 1466 1796 1533; x_wconf 78' lang='lat' dir='ltr'><strong>vigilia-</strong></span> 
     </span>
    </p>
   </div>
   <div class='ocr_carea' id='block_1_19' title="bbox 250 1534 1793 1604">
    <p class='ocr_par' dir='ltr' id='par_1_19' title="bbox 250 1534 1793 1604">
     <span class='ocr_line' id='line_1_19' title="bbox 250 1534 1793 1604; baseline 0.003 -19"><span class='ocrx_word' id='word_1_131' title='bbox 250 1550 367 1587; x_wconf 87' lang='lat' dir='ltr'><strong>rum</strong></span> <span class='ocrx_word' id='word_1_132' title='bbox 399 1534 680 1600; x_wconf 86' lang='lat' dir='ltr'><strong>lectiones,</strong></span> <span class='ocrx_word' id='word_1_133' title='bbox 717 1544 774 1588; x_wconf 90' lang='lat' dir='ltr'><strong>ut</strong></span> <span class='ocrx_word' id='word_1_134' title='bbox 811 1536 864 1588; x_wconf 91' lang='lat' dir='ltr'><strong>in</strong></span> <span class='ocrx_word' id='word_1_135' title='bbox 892 1552 995 1590; x_wconf 91' lang='lat' dir='ltr'><strong>una</strong></span> <span class='ocrx_word' id='word_1_136' title='bbox 1023 1538 1434 1604; x_wconf 69' lang='lat' dir='ltr'><strong>Septuagesime</strong></span> <span class='ocrx_word' id='word_1_137' title='bbox 1464 1536 1793 1590; x_wconf 75' lang='lat' dir='ltr'><strong>hebdomade</strong></span> 
     </span>
    </p>
   </div>
   <div class='ocr_carea' id='block_1_20' title="bbox 248 1604 1795 1675">
    <p class='ocr_par' dir='ltr' id='par_1_20' title="bbox 248 1604 1795 1675">
     <span class='ocr_line' id='line_1_20' title="bbox 248 1604 1795 1675; baseline 0.002 -19"><span class='ocrx_word' id='word_1_138' title='bbox 248 1604 514 1673; x_wconf 78' lang='lat' dir='ltr'><strong>integrum</strong></span> <span class='ocrx_word' id='word_1_139' title='bbox 557 1604 828 1659; x_wconf 87' lang='lat' dir='ltr'><strong>Geneseos</strong></span> <span class='ocrx_word' id='word_1_140' title='bbox 871 1605 1063 1661; x_wconf 91' lang='lat' dir='ltr'><strong>librum</strong></span> <span class='ocrx_word' id='word_1_141' title='bbox 1110 1609 1162 1661; x_wconf 91' lang='lat' dir='ltr'><strong>in</strong></span> <span class='ocrx_word' id='word_1_142' title='bbox 1199 1607 1365 1661; x_wconf 90' lang='lat' dir='ltr'><strong>choro</strong></span> <span class='ocrx_word' id='word_1_143' title='bbox 1407 1615 1795 1675; x_wconf 87' lang='lat' dir='ltr'><strong>percurrerent,</strong></span> 
     </span>
    </p>
   </div>
   <div class='ocr_carea' id='block_1_21' title="bbox 249 1675 1795 1746">
    <p class='ocr_par' dir='ltr' id='par_1_21' title="bbox 249 1675 1795 1746">
     <span class='ocr_line' id='line_1_21' title="bbox 249 1675 1795 1746; baseline 0.003 -21"><span class='ocrx_word' id='word_1_144' title='bbox 249 1684 522 1746; x_wconf 84' lang='lat' dir='ltr'><strong>tutamque</strong></span> <span class='ocrx_word' id='word_1_145' title='bbox 551 1675 710 1746; x_wconf 32' lang='lat' dir='ltr'><strong>ls‘aixe</strong></span> <span class='ocrx_word' id='word_1_146' title='bbox 741 1677 1065 1745; x_wconf 83' lang='lat' dir='ltr'><strong>prophetiam</strong></span> <span class='ocrx_word' id='word_1_147' title='bbox 1108 1679 1242 1730; x_wconf 89' lang='lat' dir='ltr'><strong>intra</strong></span> <span class='ocrx_word' id='word_1_148' title='bbox 1278 1693 1368 1730; x_wconf 83' lang='lat' dir='ltr'><strong>sex</strong></span> <span class='ocrx_word' id='word_1_149' title='bbox 1402 1679 1629 1746; x_wconf 85' lang='lat' dir='ltr'><strong>privatas</strong></span> <span class='ocrx_word' id='word_1_150' title='bbox 1671 1676 1795 1743; x_wconf 78' lang='lat' dir='ltr'><strong>vigi-</strong></span> 
     </span>
    </p>
   </div>
   <div class='ocr_carea' id='block_1_22' title="bbox 250 1744 1796 1816">
    <p class='ocr_par' dir='ltr' id='par_1_22' title="bbox 250 1744 1796 1816">
     <span class='ocr_line' id='line_1_22' title="bbox 250 1744 1796 1816; baseline 0.005 -23"><span class='ocrx_word' id='word_1_151' title='bbox 250 1745 370 1808; x_wconf 89' lang='lat' dir='ltr'><strong>lias,</strong></span> <span class='ocrx_word' id='word_1_152' title='bbox 424 1751 556 1797; x_wconf 83' lang='lat' dir='ltr'><strong>teste</strong></span> <span class='ocrx_word' id='word_1_153' title='bbox 585 1744 862 1809; x_wconf 32' lang='lat' dir='ltr'><strong>Udalrico’;</strong></span> <span class='ocrx_word' id='word_1_154' title='bbox 902 1762 1006 1816; x_wconf 89' lang='lat' dir='ltr'><strong>quo</strong></span> <span class='ocrx_word' id='word_1_155' title='bbox 1051 1750 1207 1801; x_wconf 86' lang='lat' dir='ltr'><strong>etiam</strong></span> <span class='ocrx_word' id='word_1_156' title='bbox 1238 1744 1501 1801; x_wconf 86' lang='lat' dir='ltr'><strong>referente</strong></span> <span class='ocrx_word' id='word_1_157' title='bbox 1545 1748 1796 1801; x_wconf 86' lang='lat' dir='ltr'><strong>discimus</strong></span> 
     </span>
    </p>
   </div>
   <div class='ocr_carea' id='block_1_23' title="bbox 224 1816 1793 1881">
    <p class='ocr_par' dir='ltr' id='par_1_23' title="bbox 224 1816 1793 1881">
     <span class='ocr_line' id='line_1_23' title="bbox 224 1816 1793 1881; baseline 0.003 -16"><span class='ocrx_word' id='word_1_158' title='bbox 224 1817 467 1868; x_wconf 59' lang='lat' dir='ltr'><strong>«tratrem</strong></span> <span class='ocrx_word' id='word_1_159' title='bbox 499 1816 586 1881; x_wconf 89' lang='lat' dir='ltr'><strong>qui</strong></span> <span class='ocrx_word' id='word_1_160' title='bbox 618 1816 868 1869; x_wconf 86' lang='lat' dir='ltr'><strong>lectiones</strong></span> <span class='ocrx_word' id='word_1_161' title='bbox 896 1818 1220 1877; x_wconf 84' lang='lat' dir='ltr'><strong>terminaret.</strong></span> <span class='ocrx_word' id='word_1_162' title='bbox 1263 1831 1382 1871; x_wconf 92' lang='lat' dir='ltr'><strong>cum</strong></span> <span class='ocrx_word' id='word_1_163' title='bbox 1408 1832 1564 1870; x_wconf 91' lang='lat' dir='ltr'><strong>unam</strong></span> <span class='ocrx_word' id='word_1_164' title='bbox 1594 1825 1793 1870; x_wconf 89' lang='lat' dir='ltr'><strong>tantum</strong></span> 
     </span>
    </p>
   </div>
   <div class='ocr_carea' id='block_1_24' title="bbox 250 1883 1794 1956">
    <p class='ocr_par' dir='ltr' id='par_1_24' title="bbox 250 1883 1794 1956">
     <span class='ocr_line' id='line_1_24' title="bbox 250 1883 1794 1956; baseline 0.005 -23"><span class='ocrx_word' id='word_1_165' title='bbox 250 1884 317 1935; x_wconf 87' lang='lat' dir='ltr'><strong>ad</strong></span> <span class='ocrx_word' id='word_1_166' title='bbox 344 1884 480 1956; x_wconf 77' lang='lat' dir='ltr'><strong>duas</strong></span> <span class='ocrx_word' id='word_1_167' title='bbox 503 1883 735 1956; x_wconf 86' lang='lat' dir='ltr'><strong>privatas</strong></span> <span class='ocrx_word' id='word_1_168' title='bbox 761 1884 968 1956; x_wconf 76' lang='lat' dir='ltr'><strong>vigilias</strong></span> <span class='ocrx_word' id='word_1_169' title='bbox 996 1887 1282 1954; x_wconf 83' lang='lat' dir='ltr'><strong>Epistolam</strong></span> <span class='ocrx_word' id='word_1_170' title='bbox 1311 1888 1376 1940; x_wconf 91' lang='lat' dir='ltr'><strong>ad</strong></span> <span class='ocrx_word' id='word_1_171' title='bbox 1406 1892 1670 1940; x_wconf 79' lang='lat' dir='ltr'><strong>ttomanos</strong></span> <span class='ocrx_word' id='word_1_172' title='bbox 1694 1887 1794 1956; x_wconf 91' lang='lat' dir='ltr'><strong>legi</strong></span> 
     </span>
    </p>
   </div>
   <div class='ocr_carea' id='block_1_25' title="bbox 251 1955 1800 2025">
    <p class='ocr_par' dir='ltr' id='par_1_25' title="bbox 251 1955 1800 2025">
     <span class='ocr_line' id='line_1_25' title="bbox 251 1955 1800 2025; baseline 0.005 -22"><span class='ocrx_word' id='word_1_173' title='bbox 251 1955 485 2019; x_wconf 78' lang='lat' dir='ltr'><strong>fecisset,</strong></span> <span class='ocrx_word' id='word_1_174' title='bbox 520 1955 847 2019; x_wconf 88' lang='lat' dir='ltr'><strong>increpatum</strong></span> <span class='ocrx_word' id='word_1_175' title='bbox 878 1956 1043 2011; x_wconf 87' lang='lat' dir='ltr'><strong>fuisse</strong></span> <span class='ocrx_word' id='word_1_176' title='bbox 1073 1960 1122 2009; x_wconf 90' lang='lat' dir='ltr'><strong>in</strong></span> <span class='ocrx_word' id='word_1_177' title='bbox 1150 1958 1401 2025; x_wconf 87' lang='lat' dir='ltr'><strong>capitulo,</strong></span> <span class='ocrx_word' id='word_1_178' title='bbox 1452 1956 1589 2023; x_wconf 87' lang='lat' dir='ltr'><strong>quod</strong></span> <span class='ocrx_word' id='word_1_179' title='bbox 1619 1955 1800 2010; x_wconf 86' lang='lat' dir='ltr'><strong>lectio-</strong></span> 
     </span>
    </p>
   </div>
   <div class='ocr_carea' id='block_1_26' title="bbox 250 2024 1800 2095">
    <p class='ocr_par' dir='ltr' id='par_1_26' title="bbox 250 2024 1800 2095">
     <span class='ocr_line' id='line_1_26' title="bbox 250 2024 1800 2095; baseline 0.006 -23"><span class='ocrx_word' id='word_1_180' title='bbox 250 2038 350 2095; x_wconf 85' lang='lat' dir='ltr'><strong>ues</strong></span> <span class='ocrx_word' id='word_1_181' title='bbox 381 2024 922 2095; x_wconf 28' lang='lat' dir='ltr'><strong>brevioresAfecissvtt.</strong></span> <span class='ocrx_word' id='word_1_182' title='bbox 958 2035 1023 2080; x_wconf 81' lang='lat' dir='ltr'><strong>At</strong></span> <span class='ocrx_word' id='word_1_183' title='bbox 1050 2029 1189 2095; x_wconf 90' lang='lat' dir='ltr'><strong>quod</strong></span> <span class='ocrx_word' id='word_1_184' title='bbox 1219 2024 1299 2082; x_wconf 86' lang='lat' dir='ltr'><strong>de</strong></span> <span class='ocrx_word' id='word_1_185' title='bbox 1341 2028 1400 2082; x_wconf 86' lang='lat' dir='ltr'><strong>S.</strong></span> <span class='ocrx_word' id='word_1_186' title='bbox 1434 2026 1637 2082; x_wconf 83' lang='lat' dir='ltr'><strong>Joanne</strong></span> <span class='ocrx_word' id='word_1_187' title='bbox 1673 2027 1800 2082; x_wconf 85' lang='lat' dir='ltr'><strong>Gor-</strong></span> 
     </span>
    </p>
   </div>
   <div class='ocr_carea' id='block_1_27' title="bbox 244 2092 1795 2152">
    <p class='ocr_par' dir='ltr' id='par_1_27' title="bbox 244 2092 1795 2152">
     <span class='ocr_line' id='line_1_27' title="bbox 244 2092 1795 2152; baseline 0.005 -7"><span class='ocrx_word' id='word_1_188' title='bbox 244 2094 415 2146; x_wconf 71' lang='lat' dir='ltr'><strong>aiensi</strong></span> <span class='ocrx_word' id='word_1_189' title='bbox 446 2095 632 2148; x_wconf 82' lang='lat' dir='ltr'><strong>scribit</strong></span> <span class='ocrx_word' id='word_1_190' title='bbox 656 2092 886 2151; x_wconf 80' lang='lat' dir='ltr'><strong>Joannes</strong></span> <span class='ocrx_word' id='word_1_191' title='bbox 915 2092 1187 2152; x_wconf 75' lang='lat' dir='ltr'><strong>Mettensis</strong></span> <span class='ocrx_word' id='word_1_192' title='bbox 1224 2113 1434 2152; x_wconf 87' lang='lat' dir='ltr'><strong>onmem</strong></span> <span class='ocrx_word' id='word_1_193' title='bbox 1471 2111 1611 2151; x_wconf 91' lang='lat' dir='ltr'><strong>nunc</strong></span> <span class='ocrx_word' id='word_1_194' title='bbox 1637 2112 1795 2152; x_wconf 78' lang='lat' dir='ltr'><strong>esce-</strong></span> 
     </span>
    </p>
   </div>
   <div class='ocr_carea' id='block_1_28' title="bbox 245 2165 1800 2225">
    <p class='ocr_par' dir='ltr' id='par_1_28' title="bbox 245 2165 1800 2225">
     <span class='ocr_line' id='line_1_28' title="bbox 245 2165 1800 2225; baseline 0.005 -11"><span class='ocrx_word' id='word_1_195' title='bbox 245 2165 402 2217; x_wconf 75' lang='lat' dir='ltr'><strong>deret</strong></span> <span class='ocrx_word' id='word_1_196' title='bbox 433 2165 613 2225; x_wconf 88' lang='lat' dir='ltr'><strong>fidem,</strong></span> <span class='ocrx_word' id='word_1_197' title='bbox 647 2166 746 2219; x_wconf 90' lang='lat' dir='ltr'><strong>nisi</strong></span> <span class='ocrx_word' id='word_1_198' title='bbox 775 2167 829 2218; x_wconf 88' lang='lat' dir='ltr'><strong>id</strong></span> <span class='ocrx_word' id='word_1_199' title='bbox 859 2170 1081 2222; x_wconf 90' lang='lat' dir='ltr'><strong>referret</strong></span> <span class='ocrx_word' id='word_1_200' title='bbox 1105 2169 1258 2221; x_wconf 88' lang='lat' dir='ltr'><strong>testis</strong></span> <span class='ocrx_word' id='word_1_201' title='bbox 1284 2169 1525 2222; x_wconf 88' lang='lat' dir='ltr'><strong>oculatus</strong></span> <span class='ocrx_word' id='word_1_202' title='bbox 1547 2177 1601 2221; x_wconf 90' lang='lat' dir='ltr'><strong>et</strong></span> <span class='ocrx_word' id='word_1_203' title='bbox 1627 2169 1800 2222; x_wconf 85' lang='lat' dir='ltr'><strong>since—</strong></span> 
     </span>
    </p>
   </div>
   <div class='ocr_carea' id='block_1_29' title="bbox 250 2235 1801 2306">
    <p class='ocr_par' dir='ltr' id='par_1_29' title="bbox 250 2235 1801 2306">
     <span class='ocr_line' id='line_1_29' title="bbox 250 2235 1801 2306; baseline 0.006 -24"><span class='ocrx_word' id='word_1_204' title='bbox 250 2250 383 2306; x_wconf 82' lang='lat' dir='ltr'><strong>rus;</strong></span> <span class='ocrx_word' id='word_1_205' title='bbox 417 2251 537 2288; x_wconf 91' lang='lat' dir='ltr'><strong>eum</strong></span> <span class='ocrx_word' id='word_1_206' title='bbox 570 2235 764 2289; x_wconf 83' lang='lat' dir='ltr'><strong>scilicet</strong></span> <span class='ocrx_word' id='word_1_207' title='bbox 804 2255 822 2286; x_wconf 79' lang='grc' dir='ltr'><strong>ι</strong></span> <span class='ocrx_word' id='word_1_208' title='bbox 852 2238 949 2292; x_wconf 89' lang='lat' dir='ltr'><strong>sub</strong></span> <span class='ocrx_word' id='word_1_209' title='bbox 978 2254 1079 2291; x_wconf 86' lang='lat' dir='ltr'><strong>una</strong></span> <span class='ocrx_word' id='word_1_210' title='bbox 1124 2240 1387 2306; x_wconf 87' lang='lat' dir='ltr'><strong>quondam</strong></span> <span class='ocrx_word' id='word_1_211' title='bbox 1435 2238 1659 2292; x_wconf 84' lang='lat' dir='ltr'><strong>lectione</strong></span> <span class='ocrx_word' id='word_1_212' title='bbox 1700 2238 1801 2292; x_wconf 86' lang='lat' dir='ltr'><strong>Da-</strong></span> 
     </span>
    </p>
   </div>
   <div class='ocr_carea' id='block_1_30' title="bbox 254 2305 1798 2373">
    <p class='ocr_par' dir='ltr' id='par_1_30' title="bbox 254 2305 1798 2373">
     <span class='ocr_line' id='line_1_30' title="bbox 254 2305 1798 2373; baseline 0.005 -19"><span class='ocrx_word' id='word_1_213' title='bbox 254 2305 451 2357; x_wconf 84' lang='lat' dir='ltr'><strong>nielem</strong></span> <span class='ocrx_word' id='word_1_214' title='bbox 513 2313 678 2358; x_wconf 92' lang='lat' dir='ltr'><strong>totum</strong></span> <span class='ocrx_word' id='word_1_215' title='bbox 733 2306 857 2359; x_wconf 91' lang='lat' dir='ltr'><strong>dum</strong></span> <span class='ocrx_word' id='word_1_216' title='bbox 902 2313 1087 2362; x_wconf 90' lang='lat' dir='ltr'><strong>tertius</strong></span> <span class='ocrx_word' id='word_1_217' title='bbox 1125 2305 1355 2362; x_wconf 85' lang='lat' dir='ltr'><strong>lecturus</strong></span> <span class='ocrx_word' id='word_1_218' title='bbox 1401 2308 1798 2373; x_wconf 81' lang='lat' dir='ltr'><strong>assurrexisset,</strong></span> 
     </span>
    </p>
   </div>
   <div class='ocr_carea' id='block_1_31' title="bbox 236 2374 1801 2447">
    <p class='ocr_par' dir='ltr' id='par_1_31' title="bbox 236 2374 1801 2447">
     <span class='ocr_line' id='line_1_31' title="bbox 236 2374 1801 2447; baseline 0.005 -22"><span class='ocrx_word' id='word_1_219' title='bbox 236 2374 565 2447; x_wconf 60' lang='lat' dir='ltr'><strong>esplmisse.</strong></span> <span class='ocrx_word' id='word_1_220' title='bbox 596 2393 615 2426; x_wconf 86' lang='grc' dir='ltr'><strong>ι</strong></span> <span class='ocrx_word' id='word_1_221' title='bbox 646 2374 736 2427; x_wconf 89' lang='lat' dir='ltr'><strong>llis</strong></span> <span class='ocrx_word' id='word_1_222' title='bbox 778 2379 1022 2432; x_wconf 87' lang='lat' dir='ltr'><strong>omnibus</strong></span> <span class='ocrx_word' id='word_1_223' title='bbox 1067 2378 1345 2447; x_wconf 78' lang='lat' dir='ltr'><strong>sull&#39;ragari</strong></span> <span class='ocrx_word' id='word_1_224' title='bbox 1385 2379 1592 2431; x_wconf 88' lang='lat' dir='ltr'><strong>videtur</strong></span> <span class='ocrx_word' id='word_1_225' title='bbox 1631 2377 1801 2433; x_wconf 88' lang='lat' dir='ltr'><strong>Bohe-</strong></span> 
     </span>
    </p>
   </div>
   <div class='ocr_carea' id='block_1_32' title="bbox 249 2444 1795 2517">
    <p class='ocr_par' dir='ltr' id='par_1_32' title="bbox 249 2444 1795 2517">
     <span class='ocr_line' id='line_1_32' title="bbox 249 2444 1795 2517; baseline 0.004 -23"><span class='ocrx_word' id='word_1_226' title='bbox 249 2444 364 2517; x_wconf 77' lang='lat' dir='ltr'><strong>rius</strong></span> <span class='ocrx_word' id='word_1_227' title='bbox 393 2444 444 2497; x_wconf 94' lang='lat' dir='ltr'><strong>in</strong></span> <span class='ocrx_word' id='word_1_228' title='bbox 474 2447 643 2517; x_wconf 83' lang='lat' dir='ltr'><strong>primo</strong></span> <span class='ocrx_word' id='word_1_229' title='bbox 668 2451 1051 2501; x_wconf 66' lang='lat' dir='ltr'><strong>commentario</strong></span> <span class='ocrx_word' id='word_1_230' title='bbox 1080 2451 1143 2501; x_wconf 90' lang='lat' dir='ltr'><strong>ad</strong></span> <span class='ocrx_word' id='word_1_231' title='bbox 1166 2444 1286 2517; x_wconf 82' lang='lat' dir='ltr'><strong>cap.</strong></span> <span class='ocrx_word' id='word_1_232' title='bbox 1317 2449 1402 2512; x_wconf 77' lang='lat' dir='ltr'><strong>il,</strong></span> <span class='ocrx_word' id='word_1_233' title='bbox 1424 2449 1498 2502; x_wconf 87' lang='lat' dir='ltr'><strong>sic</strong></span> <span class='ocrx_word' id='word_1_234' title='bbox 1526 2448 1795 2502; x_wconf 88' lang='lat' dir='ltr'><strong>scribens:</strong></span> 
     </span>
    </p>
   </div>
   <div class='ocr_carea' id='block_1_33' title="bbox 255 2513 1798 2586">
    <p class='ocr_par' dir='ltr' id='par_1_33' title="bbox 255 2513 1798 2586">
     <span class='ocr_line' id='line_1_33' title="bbox 255 2513 1798 2586; baseline 0.006 -24"><span class='ocrx_word' id='word_1_235' title='bbox 255 2534 275 2562; x_wconf 73' lang='grc' dir='ltr'><strong>ι</strong></span> <span class='ocrx_word' id='word_1_236' title='bbox 312 2513 364 2565; x_wconf 92' lang='lat' dir='ltr'><strong>lu</strong></span> <span class='ocrx_word' id='word_1_237' title='bbox 408 2516 695 2582; x_wconf 79' lang='lat' dir='ltr'><strong>majoribus</strong></span> <span class='ocrx_word' id='word_1_238' title='bbox 740 2517 982 2571; x_wconf 89' lang='lat' dir='ltr'><strong>noctibus</strong></span> <span class='ocrx_word' id='word_1_239' title='bbox 1023 2513 1253 2586; x_wconf 79' lang='lat' dir='ltr'><strong>majores</strong></span> <span class='ocrx_word' id='word_1_240' title='bbox 1300 2519 1553 2572; x_wconf 81' lang='lat' dir='ltr'><strong>lectiones</strong></span> <span class='ocrx_word' id='word_1_241' title='bbox 1591 2519 1798 2572; x_wconf 83' lang='lat' dir='ltr'><strong>recitari</strong></span> 
     </span>
    </p>
   </div>
   <div class='ocr_carea' id='block_1_34' title="bbox 234 2588 1799 2658">
    <p class='ocr_par' dir='ltr' id='par_1_34' title="bbox 234 2588 1799 2658">
     <span class='ocr_line' id='line_1_34' title="bbox 234 2588 1799 2658; baseline 0.006 -25"><span class='ocrx_word' id='word_1_242' title='bbox 234 2595 667 2658; x_wconf 77' lang='lat' dir='ltr'><strong>consueverunt,</strong></span> <span class='ocrx_word' id='word_1_243' title='bbox 714 2595 770 2641; x_wconf 89' lang='lat' dir='ltr'><strong>et</strong></span> <span class='ocrx_word' id='word_1_244' title='bbox 811 2588 996 2655; x_wconf 85' lang='lat' dir='ltr'><strong>psalmi</strong></span> <span class='ocrx_word' id='word_1_245' title='bbox 1038 2603 1101 2642; x_wconf 88' lang='lat' dir='ltr'><strong>ac</strong></span> <span class='ocrx_word' id='word_1_246' title='bbox 1129 2590 1468 2658; x_wconf 83' lang='lat' dir='ltr'><strong>responsoria</strong></span> <span class='ocrx_word' id='word_1_247' title='bbox 1521 2589 1799 2655; x_wconf 83' lang='lat' dir='ltr'><strong>spatiosius</strong></span> 
     </span>
    </p>
   </div>
   <div class='ocr_carea' id='block_1_35' title="bbox 230 2654 593 2707">
    <p class='ocr_par' dir='ltr' id='par_1_35' title="bbox 230 2654 593 2707">
     <span class='ocr_line' id='line_1_35' title="bbox 230 2654 593 2707; baseline 0 -2"><span class='ocrx_word' id='word_1_248' title='bbox 230 2654 539 2707; x_wconf 24' lang='lat' dir='ltr'><strong>idecantari.</strong></span> <span class='ocrx_word' id='word_1_249' title='bbox 573 2673 593 2705; x_wconf 85' lang='grc' dir='ltr'><strong>ι</strong></span> 
     </span>
    </p>
   </div>
   <div class='ocr_carea' id='block_1_36' title="bbox 328 2723 1800 2782">
    <p class='ocr_par' dir='ltr' id='par_1_36' title="bbox 328 2723 1800 2782">
     <span class='ocr_line' id='line_1_36' title="bbox 328 2723 1800 2782; baseline 0.003 -6"><span class='ocrx_word' id='word_1_250' title='bbox 328 2723 590 2778; x_wconf 75' lang='lat' dir='ltr'><strong>Przeterea</strong></span> <span class='ocrx_word' id='word_1_251' title='bbox 620 2725 775 2779; x_wconf 88' lang='lat' dir='ltr'><strong>docet</strong></span> <span class='ocrx_word' id='word_1_252' title='bbox 811 2724 1092 2781; x_wconf 79' lang='lat' dir='ltr'><strong>Menardus</strong></span> <span class='ocrx_word' id='word_1_253' title='bbox 1139 2728 1196 2781; x_wconf 86' lang='lat' dir='ltr'><strong>S.</strong></span> <span class='ocrx_word' id='word_1_254' title='bbox 1228 2727 1566 2782; x_wconf 84' lang='lat' dir='ltr'><strong>Benedictum</strong></span> <span class='ocrx_word' id='word_1_255' title='bbox 1593 2726 1658 2781; x_wconf 90' lang='lat' dir='ltr'><strong>ad</strong></span> <span class='ocrx_word' id='word_1_256' title='bbox 1687 2727 1800 2781; x_wconf 83' lang='lat' dir='ltr'><strong>sin-</strong></span> 
     </span>
    </p>
   </div>
   <div class='ocr_carea' id='block_1_37' title="bbox 236 2794 1801 2866">
    <p class='ocr_par' dir='ltr' id='par_1_37' title="bbox 236 2794 1801 2866">
     <span class='ocr_line' id='line_1_37' title="bbox 236 2794 1801 2866; baseline 0.006 -25"><span class='ocrx_word' id='word_1_257' title='bbox 236 2794 407 2866; x_wconf 63' lang='lat' dir='ltr'><strong>gulos</strong></span> <span class='ocrx_word' id='word_1_258' title='bbox 430 2796 662 2866; x_wconf 86' lang='lat' dir='ltr'><strong>psalmos</strong></span> <span class='ocrx_word' id='word_1_259' title='bbox 690 2795 1060 2866; x_wconf 63' lang='lat' dir='ltr'><strong>{Egyptiorum</strong></span> <span class='ocrx_word' id='word_1_260' title='bbox 1104 2800 1480 2852; x_wconf 81' lang='lat' dir='ltr'><strong>monachorum</strong></span> <span class='ocrx_word' id='word_1_261' title='bbox 1512 2812 1657 2850; x_wconf 92' lang='lat' dir='ltr'><strong>more</strong></span> <span class='ocrx_word' id='word_1_262' title='bbox 1682 2812 1801 2851; x_wconf 87' lang='lat' dir='ltr'><strong>ora-</strong></span> 
     </span>
    </p>
   </div>
   <div class='ocr_carea' id='block_1_38' title="bbox 252 2864 1802 2937">
    <p class='ocr_par' dir='ltr' id='par_1_38' title="bbox 252 2864 1802 2937">
     <span class='ocr_line' id='line_1_38' title="bbox 252 2864 1802 2937; baseline 0.005 -24"><span class='ocrx_word' id='word_1_263' title='bbox 252 2865 427 2937; x_wconf 81' lang='lat' dir='ltr'><strong>tiones</strong></span> <span class='ocrx_word' id='word_1_264' title='bbox 448 2864 864 2937; x_wconf 76' lang='lat' dir='ltr'><strong>_interposuisse;</strong></span> <span class='ocrx_word' id='word_1_265' title='bbox 893 2868 944 2921; x_wconf 91' lang='lat' dir='ltr'><strong>id</strong></span> <span class='ocrx_word' id='word_1_266' title='bbox 973 2869 1110 2937; x_wconf 90' lang='lat' dir='ltr'><strong>quod</strong></span> <span class='ocrx_word' id='word_1_267' title='bbox 1133 2870 1288 2922; x_wconf 89' lang='lat' dir='ltr'><strong>etiam</strong></span> <span class='ocrx_word' id='word_1_268' title='bbox 1314 2869 1604 2922; x_wconf 91' lang='lat' dir='ltr'><strong>decernunt</strong></span> <span class='ocrx_word' id='word_1_269' title='bbox 1628 2868 1684 2921; x_wconf 89' lang='lat' dir='ltr'><strong>S.</strong></span> <span class='ocrx_word' id='word_1_270' title='bbox 1711 2868 1802 2921; x_wconf 86' lang='lat' dir='ltr'><strong>lsi-</strong></span> 
     </span>
    </p>
   </div>
   <div class='ocr_carea' id='block_1_39' title="bbox 247 2934 1803 3008">
    <p class='ocr_par' dir='ltr' id='par_1_39' title="bbox 247 2934 1803 3008">
     <span class='ocr_line' id='line_1_39' title="bbox 247 2934 1803 3008; baseline 0.005 -25"><span class='ocrx_word' id='word_1_271' title='bbox 247 2934 418 2985; x_wconf 82' lang='lat' dir='ltr'><strong>doius</strong></span> <span class='ocrx_word' id='word_1_272' title='bbox 446 2935 498 2987; x_wconf 93' lang='lat' dir='ltr'><strong>in</strong></span> <span class='ocrx_word' id='word_1_273' title='bbox 536 2936 740 3008; x_wconf 59' lang='lat' dir='ltr'><strong>itegula</strong></span> <span class='ocrx_word' id='word_1_274' title='bbox 771 2939 838 3001; x_wconf 86' lang='lat'><strong>7;</strong></span> <span class='ocrx_word' id='word_1_275' title='bbox 866 2940 923 2992; x_wconf 90' lang='lat' dir='ltr'><strong>S.</strong></span> <span class='ocrx_word' id='word_1_276' title='bbox 957 2934 1278 3008; x_wconf 73' lang='lat' dir='ltr'><strong>Fructuosus</strong></span> <span class='ocrx_word' id='word_1_277' title='bbox 1305 2954 1421 3008; x_wconf 88' lang='lat' dir='ltr'><strong>cap.</strong></span> <span class='ocrx_word' id='word_1_278' title='bbox 1449 2941 1500 3005; x_wconf 86' lang='lat'><strong>5,</strong></span> <span class='ocrx_word' id='word_1_279' title='bbox 1542 2946 1595 2993; x_wconf 92' lang='lat' dir='ltr'><strong>et</strong></span> <span class='ocrx_word' id='word_1_280' title='bbox 1642 2938 1803 3008; x_wconf 79' lang='lat' dir='ltr'><strong>Magi-</strong></span> 
     </span>
    </p>
   </div>
   <div class='ocr_carea' id='block_1_40' title="bbox 247 3005 1803 3077">
    <p class='ocr_par' dir='ltr' id='par_1_40' title="bbox 247 3005 1803 3077">
     <span class='ocr_line' id='line_1_40' title="bbox 247 3005 1803 3077; baseline 0.006 -26"><span class='ocrx_word' id='word_1_281' title='bbox 247 3014 361 3077; x_wconf 74' lang='lat' dir='ltr'><strong>ster</strong></span> <span class='ocrx_word' id='word_1_282' title='bbox 389 3017 507 3077; x_wconf 82' lang='lat' dir='ltr'><strong>cap.</strong></span> <span class='ocrx_word' id='word_1_283' title='bbox 535 3005 622 3058; x_wconf 76' lang='lat'><strong>&#39;55.</strong></span> <span class='ocrx_word' id='word_1_284' title='bbox 653 3006 801 3077; x_wconf 74' lang='lat' dir='ltr'><strong>Adde</strong></span> <span class='ocrx_word' id='word_1_285' title='bbox 829 3009 966 3075; x_wconf 91' lang='lat' dir='ltr'><strong>quod</strong></span> <span class='ocrx_word' id='word_1_286' title='bbox 1000 3012 1055 3061; x_wconf 79' lang='lat' dir='ltr'><strong>S.</strong></span> <span class='ocrx_word' id='word_1_287' title='bbox 1079 3006 1236 3061; x_wconf 84' lang='lat' dir='ltr'><strong>Pater</strong></span> <span class='ocrx_word' id='word_1_288' title='bbox 1265 3005 1494 3077; x_wconf 45' lang='lat' dir='ltr'><strong>pSal&#39;mos</strong></span> <span class='ocrx_word' id='word_1_289' title='bbox 1520 3024 1635 3061; x_wconf 89' lang='lat' dir='ltr'><strong>cum</strong></span> <span class='ocrx_word' id='word_1_290' title='bbox 1668 3005 1803 3061; x_wconf 76' lang='lat' dir='ltr'><strong>anti-</strong></span> 
     </span>
    </p>
   </div>
   <div class='ocr_carea' id='block_1_41' title="bbox 246 3074 1803 3148">
    <p class='ocr_par' dir='ltr' id='par_1_41' title="bbox 246 3074 1803 3148">
     <span class='ocr_line' id='line_1_41' title="bbox 246 3074 1803 3148; baseline 0.006 -26"><span class='ocrx_word' id='word_1_291' title='bbox 246 3074 445 3148; x_wconf 78' lang='lat' dir='ltr'><strong>ptiouis</strong></span> <span class='ocrx_word' id='word_1_292' title='bbox 472 3076 674 3127; x_wconf 88' lang='lat' dir='ltr'><strong>cantari</strong></span> <span class='ocrx_word' id='word_1_293' title='bbox 700 3074 971 3148; x_wconf 66' lang='lat' dir='ltr'><strong>praecipit:</strong></span> <span class='ocrx_word' id='word_1_294' title='bbox 999 3082 1136 3147; x_wconf 90' lang='lat' dir='ltr'><strong>quod</strong></span> <span class='ocrx_word' id='word_1_295' title='bbox 1169 3080 1233 3133; x_wconf 92' lang='lat' dir='ltr'><strong>de</strong></span> <span class='ocrx_word' id='word_1_296' title='bbox 1261 3074 1552 3133; x_wconf 74' lang='lat' dir='ltr'><strong>inserendis</strong></span> <span class='ocrx_word' id='word_1_297' title='bbox 1584 3077 1803 3148; x_wconf 80' lang='lat' dir='ltr'><strong>singulis</strong></span> 
     </span>
    </p>
   </div>
   <div class='ocr_carea' id='block_1_42' title="bbox 251 3144 1801 3218">
    <p class='ocr_par' dir='ltr' id='par_1_42' title="bbox 251 3144 1801 3218">
     <span class='ocr_line' id='line_1_42' title="bbox 251 3144 1801 3218; baseline 0.005 -25"><span class='ocrx_word' id='word_1_298' title='bbox 251 3144 580 3218; x_wconf 45' lang='lat' dir='ltr'><strong>psalmorum</strong></span> <span class='ocrx_word' id='word_1_299' title='bbox 612 3144 886 3218; x_wconf 60' lang='lat' dir='ltr'><strong>versiculis</strong></span> <span class='ocrx_word' id='word_1_300' title='bbox 925 3144 1251 3218; x_wconf 82' lang='lat' dir='ltr'><strong>antiplionis,</strong></span> <span class='ocrx_word' id='word_1_301' title='bbox 1295 3158 1352 3201; x_wconf 89' lang='lat' dir='ltr'><strong>ut</strong></span> <span class='ocrx_word' id='word_1_302' title='bbox 1389 3164 1544 3215; x_wconf 80' lang='lat' dir='ltr'><strong>supra</strong></span> <span class='ocrx_word' id='word_1_303' title='bbox 1577 3144 1801 3218; x_wconf 76' lang='lat' dir='ltr'><strong>vidimus</strong></span> 
     </span>
    </p>
   </div>
   <div class='ocr_carea' id='block_1_43' title="bbox 1906 552 3463 622">
    <p class='ocr_par' dir='ltr' id='par_1_43' title="bbox 1906 552 3463 622">
     <span class='ocr_line' id='line_1_43' title="bbox 1906 552 3463 622; baseline 0 -11"><span class='ocrx_word' id='word_1_304' title='bbox 1906 552 2154 611; x_wconf 81' lang='lat' dir='ltr'><strong>nacensis</strong></span> <span class='ocrx_word' id='word_1_305' title='bbox 2201 554 2268 606; x_wconf 87' lang='lat' dir='ltr'><strong>ad</strong></span> <span class='ocrx_word' id='word_1_306' title='bbox 2320 553 2575 607; x_wconf 89' lang='lat' dir='ltr'><strong>novitium</strong></span> <span class='ocrx_word' id='word_1_307' title='bbox 2620 552 3233 622; x_wconf 61' lang='lat' dir='ltr'><strong>Pontiiii:iceiisein,squi</strong></span> <span class='ocrx_word' id='word_1_308' title='bbox 3275 557 3463 611; x_wconf 71' lang='lat' dir='ltr'><strong>tLister-</strong></span> 
     </span>
    </p>
   </div>
   <div class='ocr_carea' id='block_1_44' title="bbox 1905 622 3003 692">
    <p class='ocr_par' dir='ltr' id='par_1_44' title="bbox 1905 622 3003 692">
     <span class='ocr_line' id='line_1_44' title="bbox 1905 622 3003 692; baseline -0.006 -11"><span class='ocrx_word' id='word_1_309' title='bbox 1905 628 2084 681; x_wconf 90' lang='lat' dir='ltr'><strong>ciense</strong></span> <span class='ocrx_word' id='word_1_310' title='bbox 2114 623 2413 679; x_wconf 91' lang='lat' dir='ltr'><strong>institutum</strong></span> <span class='ocrx_word' id='word_1_311' title='bbox 2445 625 2693 676; x_wconf 83' lang='lat' dir='ltr'><strong>deserere</strong></span> <span class='ocrx_word' id='word_1_312' title='bbox 2722 622 3003 692; x_wconf 74' lang='lat' dir='ltr'><strong>cogitabat.</strong></span> 
     </span>
    </p>
   </div>
   <div class='ocr_carea' id='block_1_45' title="bbox 1972 711 3462 778">
    <p class='ocr_par' dir='ltr' id='par_1_45' title="bbox 1972 711 3462 778">
     <span class='ocr_line' id='line_1_45' title="bbox 1972 711 3462 778; baseline -0.002 -8"><span class='ocrx_word' id='word_1_313' title='bbox 1972 716 2233 770; x_wconf 61' lang='lat' dir='ltr'><strong>Caeterum</strong></span> <span class='ocrx_word' id='word_1_314' title='bbox 2264 713 2460 767; x_wconf 91' lang='lat' dir='ltr'><strong>nemini</strong></span> <span class='ocrx_word' id='word_1_315' title='bbox 2504 713 2695 764; x_wconf 91' lang='lat' dir='ltr'><strong>durum</strong></span> <span class='ocrx_word' id='word_1_316' title='bbox 2731 711 2925 778; x_wconf 89' lang='lat' dir='ltr'><strong>aliquid</strong></span> <span class='ocrx_word' id='word_1_317' title='bbox 2961 721 3051 764; x_wconf 89' lang='lat' dir='ltr'><strong>aut</strong></span> <span class='ocrx_word' id='word_1_318' title='bbox 3083 722 3348 767; x_wconf 72' lang='lat' dir='ltr'><strong>austerum</strong></span> <span class='ocrx_word' id='word_1_319' title='bbox 3382 716 3462 768; x_wconf 86' lang='lat' dir='ltr'><strong>ni-</strong></span> 
     </span>
    </p>
   </div>
   <div class='ocr_carea' id='block_1_46' title="bbox 1903 781 3463 849">
    <p class='ocr_par' dir='ltr' id='par_1_46' title="bbox 1903 781 3463 849">
     <span class='ocr_line' id='line_1_46' title="bbox 1903 781 3463 849; baseline -0.001 -10"><span class='ocrx_word' id='word_1_320' title='bbox 1903 786 2004 839; x_wconf 85' lang='lat' dir='ltr'><strong>mis</strong></span> <span class='ocrx_word' id='word_1_321' title='bbox 2050 787 2130 839; x_wconf 87' lang='lat' dir='ltr'><strong>his</strong></span> <span class='ocrx_word' id='word_1_322' title='bbox 2170 786 2221 837; x_wconf 93' lang='lat' dir='ltr'><strong>in</strong></span> <span class='ocrx_word' id='word_1_323' title='bbox 2267 782 2459 849; x_wconf 80' lang='lat' dir='ltr'><strong>vigiliis</strong></span> <span class='ocrx_word' id='word_1_324' title='bbox 2501 781 2669 834; x_wconf 88' lang='lat' dir='ltr'><strong>videri</strong></span> <span class='ocrx_word' id='word_1_325' title='bbox 2715 783 2892 841; x_wconf 81' lang='lat' dir='ltr'><strong>debet,</strong></span> <span class='ocrx_word' id='word_1_326' title='bbox 2934 783 3288 836; x_wconf 83' lang='lat' dir='ltr'><strong>consideranti</strong></span> <span class='ocrx_word' id='word_1_327' title='bbox 3329 787 3463 838; x_wconf 87' lang='lat' dir='ltr'><strong>ami-</strong></span> 
     </span>
    </p>
   </div>
   <div class='ocr_carea' id='block_1_47' title="bbox 1903 851 3463 919">
    <p class='ocr_par' dir='ltr' id='par_1_47' title="bbox 1903 851 3463 919">
     <span class='ocr_line' id='line_1_47' title="bbox 1903 851 3463 919; baseline 0 -11"><span class='ocrx_word' id='word_1_328' title='bbox 1903 871 2063 919; x_wconf 87' lang='lat' dir='ltr'><strong>quum</strong></span> <span class='ocrx_word' id='word_1_329' title='bbox 2095 865 2327 909; x_wconf 77' lang='lat' dir='ltr'><strong>veterum</strong></span> <span class='ocrx_word' id='word_1_330' title='bbox 2357 852 2733 905; x_wconf 83' lang='lat' dir='ltr'><strong>monachorum</strong></span> <span class='ocrx_word' id='word_1_331' title='bbox 2766 851 3046 910; x_wconf 80' lang='lat' dir='ltr'><strong>fervorem.</strong></span> <span class='ocrx_word' id='word_1_332' title='bbox 3076 851 3187 919; x_wconf 87' lang='lat' dir='ltr'><strong>qui.</strong></span> <span class='ocrx_word' id='word_1_333' title='bbox 3221 864 3275 907; x_wconf 95' lang='lat' dir='ltr'><strong>ut</strong></span> <span class='ocrx_word' id='word_1_334' title='bbox 3306 856 3463 909; x_wconf 87' lang='lat' dir='ltr'><strong>docet</strong></span> 
     </span>
    </p>
   </div>
   <div class='ocr_carea' id='block_1_48' title="bbox 1901 922 3454 989">
    <p class='ocr_par' dir='ltr' id='par_1_48' title="bbox 1901 922 3454 989">
     <span class='ocr_line' id='line_1_48' title="bbox 1901 922 3454 989; baseline 0 -9"><span class='ocrx_word' id='word_1_335' title='bbox 1901 925 2206 989; x_wconf 88' lang='lat' dir='ltr'><strong>Cassianus,</strong></span> <span class='ocrx_word' id='word_1_336' title='bbox 2237 923 2436 978; x_wconf 77' lang='lat' dir='ltr'><strong>sabbati</strong></span> <span class='ocrx_word' id='word_1_337' title='bbox 2464 933 2516 974; x_wconf 91' lang='lat' dir='ltr'><strong>et</strong></span> <span class='ocrx_word' id='word_1_338' title='bbox 2536 922 2812 975; x_wconf 72' lang='lat' dir='ltr'><strong>dominica:</strong></span> <span class='ocrx_word' id='word_1_339' title='bbox 2843 935 3020 974; x_wconf 59' lang='lat' dir='ltr'><strong>noctes</strong></span> <span class='ocrx_word' id='word_1_340' title='bbox 3041 922 3147 974; x_wconf 88' lang='lat' dir='ltr'><strong>fere</strong></span> <span class='ocrx_word' id='word_1_341' title='bbox 3180 924 3454 980; x_wconf 76' lang='lat' dir='ltr'><strong>instimnes</strong></span> 
     </span>
    </p>
   </div>
   <div class='ocr_carea' id='block_1_49' title="bbox 1903 992 3457 1065">
    <p class='ocr_par' dir='ltr' id='par_1_49' title="bbox 1903 992 3457 1065">
     <span class='ocr_line' id='line_1_49' title="bbox 1903 992 3457 1065; baseline -0.001 -16"><span class='ocrx_word' id='word_1_342' title='bbox 1903 996 2166 1065; x_wconf 88' lang='lat' dir='ltr'><strong>agebant,</strong></span> <span class='ocrx_word' id='word_1_343' title='bbox 2217 995 2260 1048; x_wconf 88' lang='lat' dir='ltr'><strong>si</strong></span> <span class='ocrx_word' id='word_1_344' title='bbox 2308 992 2442 1065; x_wconf 74' lang='lat' dir='ltr'><strong>forte</strong></span> <span class='ocrx_word' id='word_1_345' title='bbox 2477 993 2607 1045; x_wconf 91' lang='lat' dir='ltr'><strong>duas</strong></span> <span class='ocrx_word' id='word_1_346' title='bbox 2657 1000 2947 1057; x_wconf 70' lang='lat' dir='ltr'><strong>postremas</strong></span> <span class='ocrx_word' id='word_1_347' title='bbox 2996 992 3152 1045; x_wconf 87' lang='lat' dir='ltr'><strong>horas</strong></span> <span class='ocrx_word' id='word_1_348' title='bbox 3195 994 3457 1065; x_wconf 81' lang='lat' dir='ltr'><strong>excipias,</strong></span> 
     </span>
    </p>
   </div>
   <div class='ocr_carea' id='block_1_50' title="bbox 1902 1062 3457 1134">
    <p class='ocr_par' dir='ltr' id='par_1_50' title="bbox 1902 1062 3457 1134">
     <span class='ocr_line' id='line_1_50' title="bbox 1902 1062 3457 1134; baseline 0 -15"><span class='ocrx_word' id='word_1_349' title='bbox 1902 1062 1959 1119; x_wconf 77' lang='lat' dir='ltr'><strong>in</strong></span> <span class='ocrx_word' id='word_1_350' title='bbox 2013 1062 2204 1134; x_wconf 90' lang='lat' dir='ltr'><strong>quibus</strong></span> <span class='ocrx_word' id='word_1_351' title='bbox 2254 1062 2616 1134; x_wconf 80' lang='lat' dir='ltr'><strong>qualicunque</strong></span> <span class='ocrx_word' id='word_1_352' title='bbox 2651 1065 2832 1134; x_wconf 84' lang='lat' dir='ltr'><strong>requie</strong></span> <span class='ocrx_word' id='word_1_353' title='bbox 2878 1076 3069 1127; x_wconf 86' lang='lat' dir='ltr'><strong>corpus</strong></span> <span class='ocrx_word' id='word_1_354' title='bbox 3120 1064 3457 1134; x_wconf 78' lang='lat' dir='ltr'><strong>retiriebaut;</strong></span> 
     </span>
    </p>
   </div>
   <div class='ocr_carea' id='block_1_51' title="bbox 1900 1130 3451 1203">
    <p class='ocr_par' dir='ltr' id='par_1_51' title="bbox 1900 1130 3451 1203">
     <span class='ocr_line' id='line_1_51' title="bbox 1900 1130 3451 1203; baseline 0 -14"><span class='ocrx_word' id='word_1_355' title='bbox 1900 1130 2042 1203; x_wconf 74' lang='lat' dir='ltr'><strong>quas</strong></span> <span class='ocrx_word' id='word_1_356' title='bbox 2062 1150 2161 1189; x_wconf 90' lang='lat' dir='ltr'><strong>nec</strong></span> <span class='ocrx_word' id='word_1_357' title='bbox 2192 1130 2451 1203; x_wconf 84' lang='lat' dir='ltr'><strong>monacho</strong></span> <span class='ocrx_word' id='word_1_358' title='bbox 2479 1130 2819 1203; x_wconf 67' lang='lat' dir='ltr'><strong>indulgeudus</strong></span> <span class='ocrx_word' id='word_1_359' title='bbox 2843 1146 2957 1203; x_wconf 58' lang='lat' dir='ltr'><strong>esse</strong></span> <span class='ocrx_word' id='word_1_360' title='bbox 2987 1132 3235 1203; x_wconf 86' lang='lat' dir='ltr'><strong>censebat</strong></span> <span class='ocrx_word' id='word_1_361' title='bbox 3264 1133 3319 1187; x_wconf 88' lang='lat' dir='ltr'><strong>S.</strong></span> <span class='ocrx_word' id='word_1_362' title='bbox 3359 1139 3451 1189; x_wconf 81' lang='lat' dir='ltr'><strong>Ar-</strong></span> 
     </span>
    </p>
   </div>
   <div class='ocr_carea' id='block_1_52' title="bbox 1899 1200 3451 1274">
    <p class='ocr_par' dir='ltr' id='par_1_52' title="bbox 1899 1200 3451 1274">
     <span class='ocr_line' id='line_1_52' title="bbox 1899 1200 3451 1274; baseline 0 -15"><span class='ocrx_word' id='word_1_363' title='bbox 1899 1200 2078 1259; x_wconf 61' lang='lat' dir='ltr'><strong>senins</strong></span> <span class='ocrx_word' id='word_1_364' title='bbox 2118 1204 2289 1274; x_wconf 85' lang='lat' dir='ltr'><strong>(Tom.</strong></span> <span class='ocrx_word' id='word_1_365' title='bbox 2342 1202 2359 1255; x_wconf 92' lang='grc'><strong>1</strong></span> <span class='ocrx_word' id='word_1_366' title='bbox 2398 1202 2629 1274; x_wconf 78' lang='lat' dir='ltr'><strong>Monum.</strong></span> <span class='ocrx_word' id='word_1_367' title='bbox 2683 1200 2857 1274; x_wconf 61' lang='grc' dir='ltr'><strong>βαι-[εδ</strong></span> <span class='ocrx_word' id='word_1_368' title='bbox 2913 1200 3371 1274; x_wconf 16' lang='grc' dir='ltr'><strong>(ἱνζετιε),ᾼάἱςε³ης</strong></span> <span class='ocrx_word' id='word_1_369' title='bbox 3403 1207 3451 1259; x_wconf 87' lang='lat' dir='ltr'><strong>ei</strong></span> 
     </span>
    </p>
   </div>
   <div class='ocr_carea' id='block_1_53' title="bbox 1898 1272 3451 1344">
    <p class='ocr_par' dir='ltr' id='par_1_53' title="bbox 1898 1272 3451 1344">
     <span class='ocr_line' id='line_1_53' title="bbox 1898 1272 3451 1344; baseline 0.002 -18"><span class='ocrx_word' id='word_1_370' title='bbox 1898 1272 2294 1344; x_wconf 19' lang='lat' dir='ltr'><strong>suﬂicere‘unam</strong></span> <span class='ocrx_word' id='word_1_371' title='bbox 2330 1273 2505 1344; x_wconf 83' lang='lat' dir='ltr'><strong>horam</strong></span> <span class='ocrx_word' id='word_1_372' title='bbox 2534 1272 2773 1344; x_wconf 82' lang='lat' dir='ltr'><strong>dormire,</strong></span> <span class='ocrx_word' id='word_1_373' title='bbox 2810 1272 2960 1344; x_wconf 73' lang='lat' dir='ltr'><strong>modo</strong></span> <span class='ocrx_word' id='word_1_374' title='bbox 2989 1272 3031 1322; x_wconf 85' lang='lat' dir='ltr'><strong>is</strong></span> <span class='ocrx_word' id='word_1_375' title='bbox 3056 1272 3242 1344; x_wconf 81' lang='lat' dir='ltr'><strong>pugilis</strong></span> <span class='ocrx_word' id='word_1_376' title='bbox 3260 1290 3451 1344; x_wconf 70' lang='lat' dir='ltr'><strong>nomen</strong></span> 
     </span>
    </p>
   </div>
   <div class='ocr_carea' id='block_1_54' title="bbox 1899 1341 3461 1412">
    <p class='ocr_par' dir='ltr' id='par_1_54' title="bbox 1899 1341 3461 1412">
     <span class='ocr_line' id='line_1_54' title="bbox 1899 1341 3461 1412; baseline -0.002 -15"><span class='ocrx_word' id='word_1_377' title='bbox 1899 1341 2170 1397; x_wconf 78' lang='lat' dir='ltr'><strong>mereatur.</strong></span> <span class='ocrx_word' id='word_1_378' title='bbox 2223 1344 2383 1412; x_wconf 81' lang='lat' dir='ltr'><strong>Cujus</strong></span> <span class='ocrx_word' id='word_1_379' title='bbox 2434 1343 2508 1395; x_wconf 90' lang='lat' dir='ltr'><strong>rei</strong></span> <span class='ocrx_word' id='word_1_380' title='bbox 2555 1342 2830 1409; x_wconf 84' lang='lat' dir='ltr'><strong>vestigium</strong></span> <span class='ocrx_word' id='word_1_381' title='bbox 2878 1341 3088 1400; x_wconf 82' lang='lat' dir='ltr'><strong>al.unod</strong></span> <span class='ocrx_word' id='word_1_382' title='bbox 3146 1344 3197 1395; x_wconf 90' lang='lat' dir='ltr'><strong>in</strong></span> <span class='ocrx_word' id='word_1_383' title='bbox 3243 1342 3461 1399; x_wconf 77' lang='lat' dir='ltr'><strong>Clunl-i-</strong></span> 
     </span>
    </p>
   </div>
   <div class='ocr_carea' id='block_1_55' title="bbox 1899 1411 3454 1482">
    <p class='ocr_par' dir='ltr' id='par_1_55' title="bbox 1899 1411 3454 1482">
     <span class='ocr_line' id='line_1_55' title="bbox 1899 1411 3454 1482; baseline 0.001 -13"><span class='ocrx_word' id='word_1_384' title='bbox 1899 1416 2047 1469; x_wconf 85' lang='lat' dir='ltr'><strong>censi</strong></span> <span class='ocrx_word' id='word_1_385' title='bbox 2092 1411 2415 1468; x_wconf 89' lang='lat' dir='ltr'><strong>monasterio</strong></span> <span class='ocrx_word' id='word_1_386' title='bbox 2442 1413 2598 1482; x_wconf 76' lang='lat'><strong>260</strong></span> <span class='ocrx_word' id='word_1_387' title='bbox 2618 1414 2742 1482; x_wconf 88' lang='lat' dir='ltr'><strong>olim</strong></span> <span class='ocrx_word' id='word_1_388' title='bbox 2782 1411 3134 1472; x_wconf 81' lang='lat' dir='ltr'><strong>advertimus.</strong></span> <span class='ocrx_word' id='word_1_389' title='bbox 3164 1412 3254 1465; x_wconf 91' lang='lat' dir='ltr'><strong>ubi</strong></span> <span class='ocrx_word' id='word_1_390' title='bbox 3284 1413 3336 1467; x_wconf 92' lang='lat' dir='ltr'><strong>in</strong></span> <span class='ocrx_word' id='word_1_391' title='bbox 3367 1415 3454 1469; x_wconf 89' lang='lat' dir='ltr'><strong>dic</strong></span> 
     </span>
    </p>
   </div>
   <div class='ocr_carea' id='block_1_56' title="bbox 1898 1480 3457 1550">
    <p class='ocr_par' dir='ltr' id='par_1_56' title="bbox 1898 1480 3457 1550">
     <span class='ocr_line' id='line_1_56' title="bbox 1898 1480 3457 1550; baseline 0.001 -13"><span class='ocrx_word' id='word_1_392' title='bbox 1898 1485 2055 1537; x_wconf 89' lang='lat' dir='ltr'><strong>natali</strong></span> <span class='ocrx_word' id='word_1_393' title='bbox 2103 1483 2198 1538; x_wconf 89' lang='lat' dir='ltr'><strong>SS.</strong></span> <span class='ocrx_word' id='word_1_394' title='bbox 2255 1484 2393 1536; x_wconf 84' lang='lat' dir='ltr'><strong>Petri</strong></span> <span class='ocrx_word' id='word_1_395' title='bbox 2444 1480 2688 1535; x_wconf 58' lang='lat' dir='ltr'><strong>Et&#39;Pauli</strong></span> <span class='ocrx_word' id='word_1_396' title='bbox 2734 1482 2924 1550; x_wconf 74' lang='lat' dir='ltr'><strong>vigilize</strong></span> <span class='ocrx_word' id='word_1_397' title='bbox 2975 1492 3244 1534; x_wconf 69' lang='lat' dir='ltr'><strong>nocturnae</strong></span> <span class='ocrx_word' id='word_1_398' title='bbox 3290 1485 3457 1549; x_wconf 74' lang='lat' dir='ltr'><strong>pridie</strong></span> 
     </span>
    </p>
   </div>
   <div class='ocr_carea' id='block_1_57' title="bbox 1897 1551 3454 1621">
    <p class='ocr_par' dir='ltr' id='par_1_57' title="bbox 1897 1551 3454 1621">
     <span class='ocr_line' id='line_1_57' title="bbox 1897 1551 3454 1621; baseline 0 -15"><span class='ocrx_word' id='word_1_399' title='bbox 1897 1555 2037 1606; x_wconf 89' lang='lat' dir='ltr'><strong>clara</strong></span> <span class='ocrx_word' id='word_1_400' title='bbox 2065 1556 2234 1605; x_wconf 89' lang='lat' dir='ltr'><strong>adhuc</strong></span> <span class='ocrx_word' id='word_1_401' title='bbox 2260 1554 2344 1605; x_wconf 80' lang='lat' dir='ltr'><strong>die.</strong></span> <span class='ocrx_word' id='word_1_402' title='bbox 2370 1551 2778 1621; x_wconf 55' lang='lat' dir='ltr'><strong>incipivbantur,</strong></span> <span class='ocrx_word' id='word_1_403' title='bbox 2808 1567 2903 1606; x_wconf 87' lang='lat' dir='ltr'><strong>nec</strong></span> <span class='ocrx_word' id='word_1_404' title='bbox 2932 1552 3031 1605; x_wconf 89' lang='lat' dir='ltr'><strong>nisi</strong></span> <span class='ocrx_word' id='word_1_405' title='bbox 3056 1553 3309 1619; x_wconf 86' lang='lat' dir='ltr'><strong>postridie</strong></span> <span class='ocrx_word' id='word_1_406' title='bbox 3334 1564 3454 1609; x_wconf 88' lang='lat' dir='ltr'><strong>ortu</strong></span> 
     </span>
    </p>
   </div>
   <div class='ocr_carea' id='block_1_58' title="bbox 1892 1621 3164 1692">
    <p class='ocr_par' dir='ltr' id='par_1_58' title="bbox 1892 1621 3164 1692">
     <span class='ocr_line' id='line_1_58' title="bbox 1892 1621 3164 1692; baseline -0.002 -17"><span class='ocrx_word' id='word_1_407' title='bbox 1892 1623 2000 1692; x_wconf 85' lang='lat' dir='ltr'><strong>jam</strong></span> <span class='ocrx_word' id='word_1_408' title='bbox 2026 1627 2139 1678; x_wconf 89' lang='lat' dir='ltr'><strong>sole</strong></span> <span class='ocrx_word' id='word_1_409' title='bbox 2163 1624 2573 1679; x_wconf 66' lang='lat' dir='ltr'><strong>absolvcbautur</strong></span> <span class='ocrx_word' id='word_1_410' title='bbox 2602 1621 2809 1690; x_wconf 87' lang='lat' dir='ltr'><strong>(Udalr.</strong></span> <span class='ocrx_word' id='word_1_411' title='bbox 2841 1624 2876 1675; x_wconf 88' lang='grc' dir='ltr'>ι.</span> <span class='ocrx_word' id='word_1_412' title='bbox 2904 1638 2942 1685; x_wconf 86' lang='grc' dir='ltr'>ι,</span> <span class='ocrx_word' id='word_1_413' title='bbox 2975 1638 3019 1674; x_wconf 85' lang='lat' dir='ltr'><strong>c.</strong></span> <span class='ocrx_word' id='word_1_414' title='bbox 3052 1623 3164 1690; x_wconf 72' lang='grc'><strong>41).</strong></span> 
     </span>
    </p>
   </div>
   <div class='ocr_carea' id='block_1_59' title="bbox 1966 1714 3456 1780">
    <p class='ocr_par' dir='ltr' id='par_1_59' title="bbox 1966 1714 3456 1780">
     <span class='ocr_line' id='line_1_59' title="bbox 1966 1714 3456 1780; baseline 0.003 -13"><span class='ocrx_word' id='word_1_415' title='bbox 1966 1714 2009 1767; x_wconf 83' lang='grc' dir='ltr'><em>Α</em></span> <span class='ocrx_word' id='word_1_416' title='bbox 2037 1714 2237 1769; x_wconf 83' lang='lat' dir='ltr'><strong>Pascha</strong></span> <span class='ocrx_word' id='word_1_417' title='bbox 2269 1725 2435 1767; x_wconf 88' lang='lat' dir='ltr'><strong>autem</strong></span> <span class='ocrx_word' id='word_1_418' title='bbox 2458 1731 2615 1780; x_wconf 84' lang='lat' dir='ltr'><strong>usque</strong></span> <span class='ocrx_word' id='word_1_419' title='bbox 2636 1715 2702 1766; x_wconf 85' lang='lat' dir='ltr'><strong>ad</strong></span> <span class='ocrx_word' id='word_1_420' title='bbox 2728 1716 3046 1768; x_wconf 69' lang='lat' dir='ltr'><strong>supradictas</strong></span> <span class='ocrx_word' id='word_1_421' title='bbox 3076 1718 3313 1769; x_wconf 86' lang='lat' dir='ltr'><strong>calendas</strong></span> <span class='ocrx_word' id='word_1_422' title='bbox 3344 1716 3456 1771; x_wconf 90' lang='lat' dir='ltr'><strong>No-</strong></span> 
     </span>
    </p>
   </div>
   <div class='ocr_carea' id='block_1_60' title="bbox 1900 1786 3458 1867">
    <p class='ocr_par' dir='ltr' id='par_1_60' title="bbox 1900 1786 3458 1867">
     <span class='ocr_line' id='line_1_60' title="bbox 1900 1786 3458 1867; baseline 0.003 -30"><span class='ocrx_word' id='word_1_423' title='bbox 1900 1788 2109 1867; x_wconf 68' lang='lat' dir='ltr'><strong>vembris</strong></span> <span class='ocrx_word' id='word_1_424' title='bbox 2154 1786 2227 1866; x_wconf 73' lang='lat' dir='ltr'><strong>sic</strong></span> <span class='ocrx_word' id='word_1_425' title='bbox 2264 1795 2561 1867; x_wconf 66' lang='lat' dir='ltr'><strong>temprretnr</strong></span> <span class='ocrx_word' id='word_1_426' title='bbox 2592 1786 2716 1867; x_wconf 66' lang='lat' dir='ltr'><strong>hpra</strong></span> <span class='ocrx_word' id='word_1_427' title='bbox 2756 1786 3047 1867; x_wconf 71' lang='lat' dir='ltr'><strong>vigiliarum</strong></span> <span class='ocrx_word' id='word_1_428' title='bbox 3076 1790 3273 1867; x_wconf 79' lang='lat' dir='ltr'><strong>agenda</strong></span> <span class='ocrx_word' id='word_1_429' title='bbox 3297 1804 3313 1840; x_wconf 92' lang='lat'><strong><em>:</em></strong></span> <span class='ocrx_word' id='word_1_430' title='bbox 3335 1803 3458 1858; x_wconf 85' lang='lat' dir='ltr'><strong>par-</strong></span> 
     </span>
    </p>
   </div>
   <div class='ocr_carea' id='block_1_61' title="bbox 1825 1856 3459 1923">
    <p class='ocr_par' dir='ltr' id='par_1_61' title="bbox 1825 1856 3459 1923">
     <span class='ocr_line' id='line_1_61' title="bbox 1825 1856 3459 1923; baseline 0.002 -14"><span class='ocrx_word' id='word_1_431' title='bbox 1825 1857 1872 1917; x_wconf 86' lang='lat' dir='ltr'><strong>B</strong></span> <span class='ocrx_word' id='word_1_432' title='bbox 1898 1857 2101 1909; x_wconf 85' lang='lat' dir='ltr'><strong>vissimo</strong></span> <span class='ocrx_word' id='word_1_433' title='bbox 2148 1856 2431 1918; x_wconf 73' lang='lat' dir='ltr'><strong>intervallo,</strong></span> <span class='ocrx_word' id='word_1_434' title='bbox 2472 1871 2569 1921; x_wconf 86' lang='lat' dir='ltr'><strong>quo</strong></span> <span class='ocrx_word' id='word_1_435' title='bbox 2614 1859 2793 1923; x_wconf 77' lang='lat' dir='ltr'><strong>fratres</strong></span> <span class='ocrx_word' id='word_1_436' title='bbox 2819 1857 2887 1907; x_wconf 81' lang='lat' dir='ltr'><strong>ad</strong></span> <span class='ocrx_word' id='word_1_437' title='bbox 2934 1856 3218 1908; x_wconf 81' lang='lat' dir='ltr'><strong>necessaria</strong></span> <span class='ocrx_word' id='word_1_438' title='bbox 3261 1856 3459 1913; x_wconf 73' lang='lat' dir='ltr'><strong>natura:</strong></span> 
     </span>
    </p>
   </div>
   <div class='ocr_carea' id='block_1_62' title="bbox 1898 1926 3458 1995">
    <p class='ocr_par' dir='ltr' id='par_1_62' title="bbox 1898 1926 3458 1995">
     <span class='ocr_line' id='line_1_62' title="bbox 1898 1926 3458 1995; baseline 0.001 -15"><span class='ocrx_word' id='word_1_439' title='bbox 1898 1936 2078 1980; x_wconf 72' lang='lat' dir='ltr'><strong>careant</strong></span> <span class='ocrx_word' id='word_1_440' title='bbox 2121 1928 2390 1986; x_wconf 80' lang='lat' dir='ltr'><strong>custodito,</strong></span> <span class='ocrx_word' id='word_1_441' title='bbox 2439 1941 2556 1977; x_wconf 70' lang='lat' dir='ltr'><strong>mox</strong></span> <span class='ocrx_word' id='word_1_442' title='bbox 2601 1926 2855 1988; x_wconf 83' lang='lat' dir='ltr'><strong>matutini,</strong></span> <span class='ocrx_word' id='word_1_443' title='bbox 2906 1929 2992 1995; x_wconf 84' lang='lat' dir='ltr'><strong>qui</strong></span> <span class='ocrx_word' id='word_1_444' title='bbox 3034 1926 3301 1995; x_wconf 76' lang='lat' dir='ltr'><strong>incipiente</strong></span> <span class='ocrx_word' id='word_1_445' title='bbox 3348 1929 3458 1983; x_wconf 86' lang='lat' dir='ltr'><strong>luce</strong></span> 
     </span>
    </p>
   </div>
   <div class='ocr_carea' id='block_1_63' title="bbox 1897 1996 2663 2068">
    <p class='ocr_par' dir='ltr' id='par_1_63' title="bbox 1897 1996 2663 2068">
     <span class='ocr_line' id='line_1_63' title="bbox 1897 1996 2663 2068; baseline -0.003 -19"><span class='ocrx_word' id='word_1_446' title='bbox 1897 1997 2079 2068; x_wconf 80' lang='lat' dir='ltr'><strong>agendi</strong></span> <span class='ocrx_word' id='word_1_447' title='bbox 2106 2006 2243 2058; x_wconf 84' lang='lat' dir='ltr'><strong>sunt,</strong></span> <span class='ocrx_word' id='word_1_448' title='bbox 2276 1996 2663 2065; x_wconf 78' lang='lat' dir='ltr'><strong>subsequantur.</strong></span> 
     </span>
    </p>
   </div>
   <div class='ocr_carea' id='block_1_64' title="bbox 1974 2086 3455 2159">
    <p class='ocr_par' dir='ltr' id='par_1_64' title="bbox 1974 2086 3455 2159">
     <span class='ocr_line' id='line_1_64' title="bbox 1974 2086 3455 2159; baseline 0.001 -17"><span class='ocrx_word' id='word_1_449' title='bbox 1974 2089 2170 2142; x_wconf 84' lang='lat' dir='ltr'><strong>Hicmis</strong></span> <span class='ocrx_word' id='word_1_450' title='bbox 2199 2100 2437 2152; x_wconf 75' lang='lat' dir='ltr'><strong>tempore</strong></span> <span class='ocrx_word' id='word_1_451' title='bbox 2462 2098 2700 2159; x_wconf 82' lang='lat' dir='ltr'><strong>octavam</strong></span> <span class='ocrx_word' id='word_1_452' title='bbox 2733 2088 2903 2141; x_wconf 87' lang='lat' dir='ltr'><strong>noetis</strong></span> <span class='ocrx_word' id='word_1_453' title='bbox 2927 2086 3106 2159; x_wconf 86' lang='lat' dir='ltr'><strong>horam</strong></span> <span class='ocrx_word' id='word_1_454' title='bbox 3137 2089 3201 2142; x_wconf 89' lang='lat' dir='ltr'><strong>ad</strong></span> <span class='ocrx_word' id='word_1_455' title='bbox 3230 2105 3455 2159; x_wconf 82' lang='lat' dir='ltr'><strong>surgen-</strong></span> 
     </span>
    </p>
   </div>
   <div class='ocr_carea' id='block_1_65' title="bbox 1897 2158 3456 2224">
    <p class='ocr_par' dir='ltr' id='par_1_65' title="bbox 1897 2158 3456 2224">
     <span class='ocr_line' id='line_1_65' title="bbox 1897 2158 3456 2224; baseline 0 -11"><span class='ocrx_word' id='word_1_456' title='bbox 1897 2161 2023 2214; x_wconf 91' lang='lat' dir='ltr'><strong>dum</strong></span> <span class='ocrx_word' id='word_1_457' title='bbox 2071 2159 2129 2213; x_wconf 91' lang='lat' dir='ltr'><strong>S.</strong></span> <span class='ocrx_word' id='word_1_458' title='bbox 2181 2159 2496 2212; x_wconf 76' lang='lat' dir='ltr'><strong>Benedicms</strong></span> <span class='ocrx_word' id='word_1_459' title='bbox 2548 2158 2809 2223; x_wconf 78' lang='lat' dir='ltr'><strong>assignat;</strong></span> <span class='ocrx_word' id='word_1_460' title='bbox 2859 2158 2998 2224; x_wconf 90' lang='lat' dir='ltr'><strong>quod</strong></span> <span class='ocrx_word' id='word_1_461' title='bbox 3042 2174 3168 2212; x_wconf 84' lang='lat' dir='ltr'><strong>vero</strong></span> <span class='ocrx_word' id='word_1_462' title='bbox 3216 2158 3456 2216; x_wconf 68' lang='lat' dir='ltr'><strong>aestatem</strong></span> 
     </span>
    </p>
   </div>
   <div class='ocr_carea' id='block_1_66' title="bbox 1898 2228 3461 2299">
    <p class='ocr_par' dir='ltr' id='par_1_66' title="bbox 1898 2228 3461 2299">
     <span class='ocr_line' id='line_1_66' title="bbox 1898 2228 3461 2299; baseline 0.002 -16"><span class='ocrx_word' id='word_1_463' title='bbox 1898 2238 2104 2299; x_wconf 88' lang='lat' dir='ltr'><strong>spectat</strong></span> <span class='ocrx_word' id='word_1_464' title='bbox 2153 2230 2353 2281; x_wconf 89' lang='lat' dir='ltr'><strong>nullum</strong></span> <span class='ocrx_word' id='word_1_465' title='bbox 2400 2236 2609 2295; x_wconf 90' lang='lat' dir='ltr'><strong>tempus</strong></span> <span class='ocrx_word' id='word_1_466' title='bbox 2648 2231 2804 2281; x_wconf 78' lang='lat' dir='ltr'><strong>lixum</strong></span> <span class='ocrx_word' id='word_1_467' title='bbox 2853 2228 3204 2291; x_wconf 87' lang='lat' dir='ltr'><strong>determinat;</strong></span> <span class='ocrx_word' id='word_1_468' title='bbox 3254 2230 3347 2285; x_wconf 91' lang='lat' dir='ltr'><strong>sed</strong></span> <span class='ocrx_word' id='word_1_469' title='bbox 3380 2232 3461 2286; x_wconf 88' lang='lat' dir='ltr'><strong>sic</strong></span> 
     </span>
    </p>
   </div>
   <div class='ocr_carea' id='block_1_67' title="bbox 1900 2299 3458 2367">
    <p class='ocr_par' dir='ltr' id='par_1_67' title="bbox 1900 2299 3458 2367">
     <span class='ocr_line' id='line_1_67' title="bbox 1900 2299 3458 2367; baseline 0.001 -14"><span class='ocrx_word' id='word_1_470' title='bbox 1900 2300 2085 2353; x_wconf 89' lang='lat' dir='ltr'><strong>boram</strong></span> <span class='ocrx_word' id='word_1_471' title='bbox 2138 2300 2417 2366; x_wconf 82' lang='lat' dir='ltr'><strong>temperari</strong></span> <span class='ocrx_word' id='word_1_472' title='bbox 2466 2300 2709 2363; x_wconf 81' lang='lat' dir='ltr'><strong>imperat,</strong></span> <span class='ocrx_word' id='word_1_473' title='bbox 2747 2307 2802 2351; x_wconf 92' lang='lat' dir='ltr'><strong>ut</strong></span> <span class='ocrx_word' id='word_1_474' title='bbox 2843 2299 3157 2367; x_wconf 82' lang='lat' dir='ltr'><strong>parvissima</strong></span> <span class='ocrx_word' id='word_1_475' title='bbox 3192 2301 3458 2355; x_wconf 76' lang='lat' dir='ltr'><strong>custodto</strong></span> 
     </span>
    </p>
   </div>
   <div class='ocr_carea' id='block_1_68' title="bbox 1900 2368 3455 2434">
    <p class='ocr_par' dir='ltr' id='par_1_68' title="bbox 1900 2368 3455 2434">
     <span class='ocr_line' id='line_1_68' title="bbox 1900 2368 3455 2434; baseline 0.002 -12"><span class='ocrx_word' id='word_1_476' title='bbox 1900 2370 2202 2433; x_wconf 86' lang='lat' dir='ltr'><strong>intervallo,</strong></span> <span class='ocrx_word' id='word_1_477' title='bbox 2258 2384 2378 2422; x_wconf 84' lang='lat' dir='ltr'><strong>mox</strong></span> <span class='ocrx_word' id='word_1_478' title='bbox 2429 2368 2745 2434; x_wconf 85' lang='lat' dir='ltr'><strong>incipiantur</strong></span> <span class='ocrx_word' id='word_1_479' title='bbox 2790 2370 3051 2422; x_wconf 87' lang='lat' dir='ltr'><strong>matutini.</strong></span> <span class='ocrx_word' id='word_1_480' title='bbox 3112 2370 3299 2423; x_wconf 83' lang='lat' dir='ltr'><strong>Verum</strong></span> <span class='ocrx_word' id='word_1_481' title='bbox 3336 2386 3455 2426; x_wconf 89' lang='lat' dir='ltr'><strong>cum</strong></span> 
     </span>
    </p>
   </div>
   <div class='ocr_carea' id='block_1_69' title="bbox 1901 2438 3457 2508">
    <p class='ocr_par' dir='ltr' id='par_1_69' title="bbox 1901 2438 3457 2508">
     <span class='ocr_line' id='line_1_69' title="bbox 1901 2438 3457 2508; baseline 0.002 -15"><span class='ocrx_word' id='word_1_482' title='bbox 1901 2440 2172 2494; x_wconf 85' lang='lat' dir='ltr'><strong>breviores</strong></span> <span class='ocrx_word' id='word_1_483' title='bbox 2219 2441 2325 2492; x_wconf 89' lang='lat' dir='ltr'><strong>sint</strong></span> <span class='ocrx_word' id='word_1_484' title='bbox 2370 2440 2567 2491; x_wconf 80' lang='lat' dir='ltr'><strong>astatis</strong></span> <span class='ocrx_word' id='word_1_485' title='bbox 2597 2438 2806 2502; x_wconf 67' lang='lat' dir='ltr'><strong>vigilias,</strong></span> <span class='ocrx_word' id='word_1_486' title='bbox 2840 2453 2939 2491; x_wconf 82' lang='lat' dir='ltr'><strong>nec</strong></span> <span class='ocrx_word' id='word_1_487' title='bbox 2984 2439 3082 2491; x_wconf 91' lang='lat' dir='ltr'><strong>nisi</strong></span> <span class='ocrx_word' id='word_1_488' title='bbox 3115 2438 3275 2494; x_wconf 89' lang='lat' dir='ltr'><strong>breve</strong></span> <span class='ocrx_word' id='word_1_489' title='bbox 3320 2456 3457 2508; x_wconf 79' lang='lat' dir='ltr'><strong>pra-.-</strong></span> 
     </span>
    </p>
   </div>
   <div class='ocr_carea' id='block_1_70' title="bbox 1902 2508 3453 2570">
    <p class='ocr_par' dir='ltr' id='par_1_70' title="bbox 1902 2508 3453 2570">
     <span class='ocr_line' id='line_1_70' title="bbox 1902 2508 3453 2570; baseline 0.001 -7"><span class='ocrx_word' id='word_1_490' title='bbox 1902 2511 2100 2564; x_wconf 88' lang='lat' dir='ltr'><strong>scribat</strong></span> <span class='ocrx_word' id='word_1_491' title='bbox 2138 2508 2497 2570; x_wconf 83' lang='lat' dir='ltr'><strong>intervallum,</strong></span> <span class='ocrx_word' id='word_1_492' title='bbox 2528 2510 2580 2561; x_wconf 93' lang='lat' dir='ltr'><strong>in</strong></span> <span class='ocrx_word' id='word_1_493' title='bbox 2610 2508 2848 2562; x_wconf 87' lang='lat' dir='ltr'><strong>eamdem</strong></span> <span class='ocrx_word' id='word_1_494' title='bbox 2870 2508 3081 2563; x_wconf 85' lang='lat' dir='ltr'><strong>circiter</strong></span> <span class='ocrx_word' id='word_1_495' title='bbox 3104 2509 3286 2562; x_wconf 91' lang='lat' dir='ltr'><strong>horam</strong></span> <span class='ocrx_word' id='word_1_496' title='bbox 3311 2515 3453 2565; x_wconf 87' lang='lat' dir='ltr'><strong>omni</strong></span> 
     </span>
    </p>
   </div>
   <div class='ocr_carea' id='block_1_71' title="bbox 1900 2578 2486 2646">
    <p class='ocr_par' dir='ltr' id='par_1_71' title="bbox 1900 2578 2486 2646">
     <span class='ocr_line' id='line_1_71' title="bbox 1900 2578 2486 2646; baseline -0.009 -12"><span class='ocrx_word' id='word_1_497' title='bbox 1900 2588 2138 2646; x_wconf 85' lang='lat' dir='ltr'><strong>tempore</strong></span> <span class='ocrx_word' id='word_1_498' title='bbox 2170 2578 2486 2632; x_wconf 65' lang='lat' dir='ltr'><strong>incide-bant.</strong></span> 
     </span>
    </p>
   </div>
   <div class='ocr_carea' id='block_1_72' title="bbox 1970 2655 3453 2724">
    <p class='ocr_par' dir='ltr' id='par_1_72' title="bbox 1970 2655 3453 2724">
     <span class='ocr_line' id='line_1_72' title="bbox 1970 2655 3453 2724; baseline 0.001 -13"><span class='ocrx_word' id='word_1_499' title='bbox 1970 2658 2232 2724; x_wconf 85' lang='lat' dir='ltr'><strong>Quantum</strong></span> <span class='ocrx_word' id='word_1_500' title='bbox 2270 2672 2399 2710; x_wconf 88' lang='lat' dir='ltr'><strong>vero</strong></span> <span class='ocrx_word' id='word_1_501' title='bbox 2440 2669 2558 2709; x_wconf 87' lang='lat' dir='ltr'><strong>esse</strong></span> <span class='ocrx_word' id='word_1_502' title='bbox 2585 2655 2778 2709; x_wconf 88' lang='lat' dir='ltr'><strong>debeat</strong></span> <span class='ocrx_word' id='word_1_503' title='bbox 2822 2655 2949 2708; x_wconf 91' lang='lat' dir='ltr'><strong>illud</strong></span> <span class='ocrx_word' id='word_1_504' title='bbox 2996 2666 3354 2724; x_wconf 64' lang='lat' dir='ltr'><strong>interval-um,</strong></span> <span class='ocrx_word' id='word_1_505' title='bbox 3398 2658 3453 2712; x_wconf 85' lang='lat' dir='ltr'><strong>S.</strong></span> 
     </span>
    </p>
   </div>
   <div class='ocr_carea' id='block_1_73' title="bbox 1902 2726 3453 2796">
    <p class='ocr_par' dir='ltr' id='par_1_73' title="bbox 1902 2726 3453 2796">
     <span class='ocr_line' id='line_1_73' title="bbox 1902 2726 3453 2796; baseline -0.001 -13"><span class='ocrx_word' id='word_1_506' title='bbox 1902 2729 2056 2783; x_wconf 85' lang='lat' dir='ltr'><strong>Pater</strong></span> <span class='ocrx_word' id='word_1_507' title='bbox 2111 2743 2214 2781; x_wconf 92' lang='lat' dir='ltr'><strong>non</strong></span> <span class='ocrx_word' id='word_1_508' title='bbox 2274 2727 2444 2790; x_wconf 84' lang='lat' dir='ltr'><strong>dicit,</strong></span> <span class='ocrx_word' id='word_1_509' title='bbox 2502 2726 2845 2796; x_wconf 83' lang='lat' dir='ltr'><strong>brerissimum</strong></span> <span class='ocrx_word' id='word_1_510' title='bbox 2904 2738 3104 2779; x_wconf 87' lang='lat' dir='ltr'><strong>tantum</strong></span> <span class='ocrx_word' id='word_1_511' title='bbox 3158 2731 3453 2796; x_wconf 85' lang='lat' dir='ltr'><strong>requirens.</strong></span> 
     </span>
    </p>
   </div>
   <div class='ocr_carea' id='block_1_74' title="bbox 1904 2795 3456 2866">
    <p class='ocr_par' dir='ltr' id='par_1_74' title="bbox 1904 2795 3456 2866">
     <span class='ocr_line' id='line_1_74' title="bbox 1904 2795 3456 2866; baseline 0 -15"><span class='ocrx_word' id='word_1_512' title='bbox 1904 2798 2071 2853; x_wconf 84' lang='lat' dir='ltr'><strong>Porro</strong></span> <span class='ocrx_word' id='word_1_513' title='bbox 2100 2799 2152 2852; x_wconf 93' lang='lat' dir='ltr'><strong>in</strong></span> <span class='ocrx_word' id='word_1_514' title='bbox 2190 2811 2312 2866; x_wconf 91' lang='lat' dir='ltr'><strong>cap.</strong></span> <span class='ocrx_word' id='word_1_515' title='bbox 2341 2796 2373 2850; x_wconf 86' lang='lat'><strong>6</strong></span> <span class='ocrx_word' id='word_1_516' title='bbox 2400 2798 2778 2849; x_wconf 84' lang='lat' dir='ltr'><strong>monachorum</strong></span> <span class='ocrx_word' id='word_1_517' title='bbox 2814 2795 3245 2861; x_wconf 83' lang='lat' dir='ltr'><strong>Sangallensium</strong></span> <span class='ocrx_word' id='word_1_518' title='bbox 3266 2799 3456 2853; x_wconf 86' lang='lat' dir='ltr'><strong>decer-</strong></span> 
     </span>
    </p>
   </div>
   <div class='ocr_carea' id='block_1_75' title="bbox 1904 2867 3459 2935">
    <p class='ocr_par' dir='ltr' id='par_1_75' title="bbox 1904 2867 3459 2935">
     <span class='ocr_line' id='line_1_75' title="bbox 1904 2867 3459 2935; baseline -0.003 -13"><span class='ocrx_word' id='word_1_519' title='bbox 1904 2870 2067 2935; x_wconf 87' lang='lat' dir='ltr'><strong>nitur,</strong></span> <span class='ocrx_word' id='word_1_520' title='bbox 2117 2886 2137 2918; x_wconf 73' lang='lat' dir='ltr'><strong>r</strong></span> <span class='ocrx_word' id='word_1_521' title='bbox 2175 2878 2229 2920; x_wconf 93' lang='lat' dir='ltr'><strong>ut</strong></span> <span class='ocrx_word' id='word_1_522' title='bbox 2280 2867 2614 2919; x_wconf 87' lang='lat' dir='ltr'><strong>intervallum</strong></span> <span class='ocrx_word' id='word_1_523' title='bbox 2656 2876 2775 2933; x_wconf 91' lang='lat' dir='ltr'><strong>post</strong></span> <span class='ocrx_word' id='word_1_524' title='bbox 2817 2876 3130 2919; x_wconf 89' lang='lat' dir='ltr'><strong>nocturnum</strong></span> <span class='ocrx_word' id='word_1_525' title='bbox 3178 2869 3231 2921; x_wconf 93' lang='lat' dir='ltr'><strong>in</strong></span> <span class='ocrx_word' id='word_1_526' title='bbox 3276 2868 3459 2922; x_wconf 66' lang='lat' dir='ltr'><strong>aestiva</strong></span> 
     </span>
    </p>
   </div>
   <div class='ocr_carea' id='block_1_76' title="bbox 1903 2936 3458 3006">
    <p class='ocr_par' dir='ltr' id='par_1_76' title="bbox 1903 2936 3458 3006">
     <span class='ocr_line' id='line_1_76' title="bbox 1903 2936 3458 3006; baseline -0.003 -13"><span class='ocrx_word' id='word_1_527' title='bbox 1903 2949 2141 3006; x_wconf 89' lang='lat' dir='ltr'><strong>tempore</strong></span> <span class='ocrx_word' id='word_1_528' title='bbox 2165 2952 2330 3003; x_wconf 85' lang='lat' dir='ltr'><strong>usque</strong></span> <span class='ocrx_word' id='word_1_529' title='bbox 2352 2936 2475 2989; x_wconf 92' lang='lat' dir='ltr'><strong>dum</strong></span> <span class='ocrx_word' id='word_1_530' title='bbox 2506 2936 2691 3003; x_wconf 90' lang='lat' dir='ltr'><strong>psalmi</strong></span> <span class='ocrx_word' id='word_1_531' title='bbox 2719 2936 2950 3003; x_wconf 88' lang='lat' dir='ltr'><strong>quinque</strong></span> <span class='ocrx_word' id='word_1_532' title='bbox 2970 2936 3072 2989; x_wconf 88' lang='lat' dir='ltr'><strong>dici</strong></span> <span class='ocrx_word' id='word_1_533' title='bbox 3099 2948 3319 3004; x_wconf 84' lang='lat' dir='ltr'><strong>possunt</strong></span> <span class='ocrx_word' id='word_1_534' title='bbox 3338 2954 3458 3006; x_wconf 61' lang='lat' dir='ltr'><strong>pro.</strong></span> 
     </span>
    </p>
   </div>
   <div class='ocr_carea' id='block_1_77' title="bbox 1906 3006 3458 3064">
    <p class='ocr_par' dir='ltr' id='par_1_77' title="bbox 1906 3006 3458 3064">
     <span class='ocr_line' id='line_1_77' title="bbox 1906 3006 3458 3064; baseline 0 -1"><span class='ocrx_word' id='word_1_535' title='bbox 1906 3009 2119 3064; x_wconf 90' lang='lat' dir='ltr'><strong>teletur.</strong></span> <span class='ocrx_word' id='word_1_536' title='bbox 2158 3026 2176 3058; x_wconf 82' lang='grc' dir='ltr'><strong>ι</strong></span> <span class='ocrx_word' id='word_1_537' title='bbox 2235 3008 2295 3061; x_wconf 82' lang='lat' dir='ltr'><strong>Et</strong></span> <span class='ocrx_word' id='word_1_538' title='bbox 2351 3008 2401 3059; x_wconf 92' lang='lat' dir='ltr'><strong>in</strong></span> <span class='ocrx_word' id='word_1_539' title='bbox 2450 3020 2573 3060; x_wconf 89' lang='lat' dir='ltr'><strong>mss.</strong></span> <span class='ocrx_word' id='word_1_540' title='bbox 2626 3006 2928 3059; x_wconf 70' lang='lat' dir='ltr'><strong>Germauize</strong></span> <span class='ocrx_word' id='word_1_541' title='bbox 2979 3006 3458 3063; x_wconf 71' lang='lat' dir='ltr'><strong>Consuetudinibns</strong></span> 
     </span>
    </p>
   </div>
   <div class='ocr_carea' id='block_1_78' title="bbox 1905 3074 3461 3145">
    <p class='ocr_par' dir='ltr' id='par_1_78' title="bbox 1905 3074 3461 3145">
     <span class='ocr_line' id='line_1_78' title="bbox 1905 3074 3461 3145; baseline 0.001 -13"><span class='ocrx_word' id='word_1_542' title='bbox 1905 3096 1960 3133; x_wconf 85' lang='grc' dir='ltr'>ιι.</span> <span class='ocrx_word' id='word_1_543' title='bbox 1991 3078 2081 3141; x_wconf 78' lang='grc'><strong>28,</strong></span> <span class='ocrx_word' id='word_1_544' title='bbox 2116 3097 2134 3128; x_wconf 74' lang='grc' dir='ltr'><strong>ι</strong></span> <span class='ocrx_word' id='word_1_545' title='bbox 2172 3077 2239 3130; x_wconf 90' lang='lat' dir='ltr'><strong>ab</strong></span> <span class='ocrx_word' id='word_1_546' title='bbox 2277 3079 2476 3131; x_wconf 74' lang='lat' dir='ltr'><strong>ortavis</strong></span> <span class='ocrx_word' id='word_1_547' title='bbox 2524 3074 2738 3129; x_wconf 62' lang='lat' dir='ltr'><strong>Pascha!</strong></span> <span class='ocrx_word' id='word_1_548' title='bbox 2785 3091 2952 3145; x_wconf 90' lang='lat' dir='ltr'><strong>usque</strong></span> <span class='ocrx_word' id='word_1_549' title='bbox 2994 3076 3045 3132; x_wconf 90' lang='lat' dir='ltr'><strong>in</strong></span> <span class='ocrx_word' id='word_1_550' title='bbox 3080 3076 3318 3132; x_wconf 75' lang='lat' dir='ltr'><strong>colendis</strong></span> <span class='ocrx_word' id='word_1_551' title='bbox 3357 3079 3461 3133; x_wconf 78' lang='lat' dir='ltr'><strong>No-</strong></span> 
     </span>
    </p>
   </div>
   <div class='ocr_carea' id='block_1_79' title="bbox 1903 3146 3451 3211">
    <p class='ocr_par' dir='ltr' id='par_1_79' title="bbox 1903 3146 3451 3211">
     <span class='ocr_line' id='line_1_79' title="bbox 1903 3146 3451 3211; baseline -0.001 -9"><span class='ocrx_word' id='word_1_552' title='bbox 1903 3149 2231 3205; x_wconf 87' lang='lat' dir='ltr'><strong>vembris....</strong></span> <span class='ocrx_word' id='word_1_553' title='bbox 2258 3146 2503 3201; x_wconf 85' lang='lat' dir='ltr'><strong>matutini</strong></span> <span class='ocrx_word' id='word_1_554' title='bbox 2533 3155 2860 3199; x_wconf 88' lang='lat' dir='ltr'><strong>mortuorum</strong></span> <span class='ocrx_word' id='word_1_555' title='bbox 2882 3146 2945 3198; x_wconf 90' lang='lat' dir='ltr'><strong>ad</strong></span> <span class='ocrx_word' id='word_1_556' title='bbox 2977 3147 3349 3211; x_wconf 74' lang='lat' dir='ltr'><strong>parvissimum</strong></span> <span class='ocrx_word' id='word_1_557' title='bbox 3374 3150 3451 3203; x_wconf 85' lang='lat' dir='ltr'><strong>iti-</strong></span> 
     </span>
    </p>
   </div>
   <div class='ocr_carea' id='block_1_80' title="bbox 252 3212 3461 3286">
    <p class='ocr_par' dir='ltr' id='par_1_80' title="bbox 252 3212 3461 3286">
     <span class='ocr_line' id='line_1_80' title="bbox 252 3212 3461 3286; baseline 0.002 -22"><span class='ocrx_word' id='word_1_558' title='bbox 252 3212 309 3264; x_wconf 85' lang='lat' dir='ltr'><strong>in</strong></span> <span class='ocrx_word' id='word_1_559' title='bbox 342 3216 564 3267; x_wconf 76' lang='lat' dir='ltr'><strong>ecclesia</strong></span> <span class='ocrx_word' id='word_1_560' title='bbox 610 3216 931 3279; x_wconf 83' lang='lat' dir='ltr'><strong>Tumnensi,</strong></span> <span class='ocrx_word' id='word_1_561' title='bbox 978 3212 1081 3271; x_wconf 82' lang='grc' dir='ltr'><strong>ιιυίι</strong></span> <span class='ocrx_word' id='word_1_562' title='bbox 1132 3212 1244 3272; x_wconf 77' lang='lat' dir='ltr'><strong>sine</strong></span> <span class='ocrx_word' id='word_1_563' title='bbox 1273 3212 1610 3271; x_wconf 83' lang='lat' dir='ltr'><strong>fundamento</strong></span> <span class='ocrx_word' id='word_1_564' title='bbox 1640 3217 1801 3271; x_wconf 89' lang='lat' dir='ltr'><strong>inter—</strong></span> <span class='ocrx_word' id='word_1_565' title='bbox 1830 3220 1875 3280; x_wconf 85' lang='lat' dir='ltr'><strong>C.</strong></span> <span class='ocrx_word' id='word_1_566' title='bbox 1908 3220 2181 3273; x_wconf 83' lang='lat' dir='ltr'><strong>tervallum</strong></span> <span class='ocrx_word' id='word_1_567' title='bbox 2230 3218 2367 3271; x_wconf 90' lang='lat' dir='ltr'><strong>inter</strong></span> <span class='ocrx_word' id='word_1_568' title='bbox 2414 3225 2728 3270; x_wconf 88' lang='lat' dir='ltr'><strong>nocturnum</strong></span> <span class='ocrx_word' id='word_1_569' title='bbox 2770 3230 2821 3269; x_wconf 84' lang='lat' dir='ltr'><strong>et</strong></span> <span class='ocrx_word' id='word_1_570' title='bbox 2867 3216 3133 3286; x_wconf 81' lang='lat' dir='ltr'><strong>regulares</strong></span> <span class='ocrx_word' id='word_1_571' title='bbox 3176 3219 3461 3274; x_wconf 89' lang='lat' dir='ltr'><strong>matutinos</strong></span> 
     </span>
    </p>
   </div>
   <div class='ocr_carea' id='block_1_81' title="bbox 228 3288 1794 3355">
    <p class='ocr_par' dir='ltr' id='par_1_81' title="bbox 228 3288 1794 3355">
     <span class='ocr_line' id='line_1_81' title="bbox 228 3288 1794 3355; baseline 0.004 -22"><span class='ocrx_word' id='word_1_572' title='bbox 228 3294 453 3355; x_wconf 76' lang='lat' dir='ltr'><strong>&#39;pretari</strong></span> <span class='ocrx_word' id='word_1_573' title='bbox 505 3295 687 3351; x_wconf 78' lang='lat' dir='ltr'><strong>pos-et</strong></span> <span class='ocrx_word' id='word_1_574' title='bbox 726 3288 935 3355; x_wconf 89' lang='lat' dir='ltr'><strong>aliquis.</strong></span> <span class='ocrx_word' id='word_1_575' title='bbox 977 3290 1103 3355; x_wconf 64' lang='lat' dir='ltr'><strong>Quae</strong></span> <span class='ocrx_word' id='word_1_576' title='bbox 1148 3304 1264 3341; x_wconf 91' lang='lat' dir='ltr'><strong>cum</strong></span> <span class='ocrx_word' id='word_1_577' title='bbox 1318 3291 1384 3341; x_wconf 90' lang='lat' dir='ltr'><strong>ita</strong></span> <span class='ocrx_word' id='word_1_578' title='bbox 1428 3305 1485 3341; x_wconf 83' lang='lat' dir='ltr'><strong>se</strong></span> <span class='ocrx_word' id='word_1_579' title='bbox 1540 3288 1794 3355; x_wconf 84' lang='lat' dir='ltr'><strong>habeant,</strong></span> 
     </span>
    </p>
   </div>
   <div class='ocr_carea' id='block_1_82' title="bbox 251 3353 1799 3426">
    <p class='ocr_par' dir='ltr' id='par_1_82' title="bbox 251 3353 1799 3426">
     <span class='ocr_line' id='line_1_82' title="bbox 251 3353 1799 3426; baseline 0.005 -22"><span class='ocrx_word' id='word_1_580' title='bbox 251 3353 545 3426; x_wconf 29' lang='lat' dir='ltr'><strong>neruo-jam</strong></span> <span class='ocrx_word' id='word_1_581' title='bbox 578 3372 681 3408; x_wconf 90' lang='lat' dir='ltr'><strong>non</strong></span> <span class='ocrx_word' id='word_1_582' title='bbox 708 3353 849 3410; x_wconf 70' lang='lat' dir='ltr'><strong>videt</strong></span> <span class='ocrx_word' id='word_1_583' title='bbox 871 3374 972 3426; x_wconf 90' lang='lat' dir='ltr'><strong>qua</strong></span> <span class='ocrx_word' id='word_1_584' title='bbox 1003 3353 1207 3413; x_wconf 80' lang='lat' dir='ltr'><strong>ratione</strong></span> <span class='ocrx_word' id='word_1_585' title='bbox 1225 3359 1380 3413; x_wconf 81' lang='lat' dir='ltr'><strong>etiam</strong></span> <span class='ocrx_word' id='word_1_586' title='bbox 1412 3359 1462 3411; x_wconf 93' lang='lat' dir='ltr'><strong>iu</strong></span> <span class='ocrx_word' id='word_1_587' title='bbox 1494 3368 1647 3411; x_wconf 91' lang='lat' dir='ltr'><strong>nocte</strong></span> <span class='ocrx_word' id='word_1_588' title='bbox 1670 3353 1799 3426; x_wconf 49' lang='lat' dir='ltr'><strong>pro?</strong></span> 
     </span>
    </p>
   </div>
   <div class='ocr_carea' id='block_1_83' title="bbox 249 3423 1799 3498">
    <p class='ocr_par' dir='ltr' id='par_1_83' title="bbox 249 3423 1799 3498">
     <span class='ocr_line' id='line_1_83' title="bbox 249 3423 1799 3498; baseline 0.005 -25"><span class='ocrx_word' id='word_1_589' title='bbox 249 3423 663 3498; x_wconf 78' lang='lat' dir='ltr'><strong>ti_x_iorivigilias</strong></span> <span class='ocrx_word' id='word_1_590' title='bbox 692 3428 767 3479; x_wconf 86' lang='lat' dir='ltr'><strong>ad</strong></span> <span class='ocrx_word' id='word_1_591' title='bbox 784 3423 1028 3482; x_wconf 84' lang='lat' dir='ltr'><strong>auroram</strong></span> <span class='ocrx_word' id='word_1_592' title='bbox 1053 3443 1216 3491; x_wconf 80' lang='lat' dir='ltr'><strong>usque</strong></span> <span class='ocrx_word' id='word_1_593' title='bbox 1246 3430 1535 3498; x_wconf 81' lang='lat' dir='ltr'><strong>producere</strong></span> <span class='ocrx_word' id='word_1_594' title='bbox 1559 3423 1799 3493; x_wconf 82' lang='lat' dir='ltr'><strong>possent;</strong></span> 
     </span>
    </p>
   </div>
   <div class='ocr_carea' id='block_1_84' title="bbox 247 3493 1796 3560">
    <p class='ocr_par' dir='ltr' id='par_1_84' title="bbox 247 3493 1796 3560">
     <span class='ocr_line' id='line_1_84' title="bbox 247 3493 1796 3560; baseline 0.007 -20"><span class='ocrx_word' id='word_1_595' title='bbox 247 3493 488 3560; x_wconf 79' lang='lat' dir='ltr'><strong>alioquin</strong></span> <span class='ocrx_word' id='word_1_596' title='bbox 514 3497 556 3547; x_wconf 89' lang='lat' dir='ltr'><strong>si</strong></span> <span class='ocrx_word' id='word_1_597' title='bbox 588 3500 868 3549; x_wconf 83' lang='lat' dir='ltr'><strong>matutinas</strong></span> <span class='ocrx_word' id='word_1_598' title='bbox 898 3499 1077 3552; x_wconf 90' lang='lat' dir='ltr'><strong>laudes</strong></span> <span class='ocrx_word' id='word_1_599' title='bbox 1107 3515 1206 3552; x_wconf 89' lang='lat' dir='ltr'><strong>una</strong></span> <span class='ocrx_word' id='word_1_600' title='bbox 1235 3493 1352 3551; x_wconf 73' lang='lat' dir='ltr'><strong>cum</strong></span> <span class='ocrx_word' id='word_1_601' title='bbox 1387 3500 1655 3551; x_wconf 62' lang='lat' dir='ltr'><strong>nocturnis</strong></span> <span class='ocrx_word' id='word_1_602' title='bbox 1685 3513 1796 3551; x_wconf 61' lang='lat' dir='ltr'><strong>meo</strong></span> 
     </span>
    </p>
   </div>
   <div class='ocr_carea' id='block_1_85' title="bbox 248 3563 1801 3637">
    <p class='ocr_par' dir='ltr' id='par_1_85' title="bbox 248 3563 1801 3637">
     <span class='ocr_line' id='line_1_85' title="bbox 248 3563 1801 3637; baseline 0.007 -25"><span class='ocrx_word' id='word_1_603' title='bbox 248 3563 357 3614; x_wconf 85' lang='lat' dir='ltr'><strong>diis</strong></span> <span class='ocrx_word' id='word_1_604' title='bbox 404 3564 575 3637; x_wconf 83' lang='lat' dir='ltr'><strong>adhuc</strong></span> <span class='ocrx_word' id='word_1_605' title='bbox 623 3567 674 3617; x_wconf 93' lang='lat' dir='ltr'><strong>in</strong></span> <span class='ocrx_word' id='word_1_606' title='bbox 721 3567 957 3621; x_wconf 90' lang='lat' dir='ltr'><strong>tenebris</strong></span> <span class='ocrx_word' id='word_1_607' title='bbox 1004 3569 1401 3637; x_wconf 84' lang='lat' dir='ltr'><strong>persolvissent,</strong></span> <span class='ocrx_word' id='word_1_608' title='bbox 1453 3583 1555 3620; x_wconf 93' lang='lat' dir='ltr'><strong>non</strong></span> <span class='ocrx_word' id='word_1_609' title='bbox 1604 3569 1801 3636; x_wconf 88' lang='lat' dir='ltr'><strong>septies</strong></span> 
     </span>
    </p>
   </div>
   <div class='ocr_carea' id='block_1_86' title="bbox 247 3632 1799 3705">
    <p class='ocr_par' dir='ltr' id='par_1_86' title="bbox 247 3632 1799 3705">
     <span class='ocr_line' id='line_1_86' title="bbox 247 3632 1799 3705; baseline 0.006 -23"><span class='ocrx_word' id='word_1_610' title='bbox 247 3632 495 3700; x_wconf 82' lang='lat' dir='ltr'><strong>exemplo</strong></span> <span class='ocrx_word' id='word_1_611' title='bbox 542 3636 835 3705; x_wconf 58' lang='lat' dir='ltr'><strong>prophetat,</strong></span> <span class='ocrx_word' id='word_1_612' title='bbox 873 3638 965 3693; x_wconf 90' lang='lat' dir='ltr'><strong>sed</strong></span> <span class='ocrx_word' id='word_1_613' title='bbox 1003 3632 1175 3692; x_wconf 75' lang='lat' dir='ltr'><strong>sexies</strong></span> <span class='ocrx_word' id='word_1_614' title='bbox 1224 3640 1428 3691; x_wconf 77' lang='lat' dir='ltr'><strong>laudent</strong></span> <span class='ocrx_word' id='word_1_615' title='bbox 1484 3640 1589 3689; x_wconf 81' lang='lat' dir='ltr'><strong>Deo</strong></span> <span class='ocrx_word' id='word_1_616' title='bbox 1634 3632 1799 3691; x_wconf 79' lang='lat' dir='ltr'><strong>dixis-</strong></span> 
     </span>
    </p>
   </div>
   <div class='ocr_carea' id='block_1_87' title="bbox 251 3707 1801 3775">
    <p class='ocr_par' dir='ltr' id='par_1_87' title="bbox 251 3707 1801 3775">
     <span class='ocr_line' id='line_1_87' title="bbox 251 3707 1801 3775; baseline 0.005 -20"><span class='ocrx_word' id='word_1_617' title='bbox 251 3713 396 3766; x_wconf 83' lang='lat' dir='ltr'><strong>sent,</strong></span> <span class='ocrx_word' id='word_1_618' title='bbox 427 3718 481 3756; x_wconf 86' lang='grc' dir='ltr'><strong>ιιι</strong></span> <span class='ocrx_word' id='word_1_619' title='bbox 513 3715 657 3758; x_wconf 89' lang='lat' dir='ltr'><strong>notat</strong></span> <span class='ocrx_word' id='word_1_620' title='bbox 689 3708 875 3760; x_wconf 88' lang='lat' dir='ltr'><strong>iterum</strong></span> <span class='ocrx_word' id='word_1_621' title='bbox 924 3708 1255 3763; x_wconf 87' lang='lat' dir='ltr'><strong>Hildemarus</strong></span> <span class='ocrx_word' id='word_1_622' title='bbox 1282 3708 1345 3762; x_wconf 89' lang='lat' dir='ltr'><strong>ad</strong></span> <span class='ocrx_word' id='word_1_623' title='bbox 1376 3725 1491 3775; x_wconf 88' lang='lat' dir='ltr'><strong>cap.</strong></span> <span class='ocrx_word' id='word_1_624' title='bbox 1537 3707 1621 3761; x_wconf 85' lang='lat' dir='ltr'><strong>tl.</strong></span> <span class='ocrx_word' id='word_1_625' title='bbox 1653 3707 1801 3763; x_wconf 85' lang='lat' dir='ltr'><strong>Unde</strong></span> 
     </span>
    </p>
   </div>
   <div class='ocr_carea' id='block_1_88' title="bbox 224 3774 1802 3845">
    <p class='ocr_par' dir='ltr' id='par_1_88' title="bbox 224 3774 1802 3845">
     <span class='ocr_line' id='line_1_88' title="bbox 224 3774 1802 3845; baseline 0.006 -23"><span class='ocrx_word' id='word_1_626' title='bbox 224 3792 225 3795; x_wconf 51' lang='grc' dir='ltr'><strong>η</strong></span> <span class='ocrx_word' id='word_1_627' title='bbox 256 3787 359 3845; x_wconf 84' lang='lat' dir='ltr'><strong>nec</strong></span> <span class='ocrx_word' id='word_1_628' title='bbox 392 3775 460 3845; x_wconf 77' lang='lat' dir='ltr'><strong>_S.</strong></span> <span class='ocrx_word' id='word_1_629' title='bbox 505 3774 835 3845; x_wconf 72' lang='lat' dir='ltr'><strong>Hildegardis</strong></span> <span class='ocrx_word' id='word_1_630' title='bbox 877 3781 1116 3832; x_wconf 85' lang='lat' dir='ltr'><strong>absolute</strong></span> <span class='ocrx_word' id='word_1_631' title='bbox 1146 3781 1271 3833; x_wconf 84' lang='lat' dir='ltr'><strong>dicit</strong></span> <span class='ocrx_word' id='word_1_632' title='bbox 1313 3774 1496 3832; x_wconf 63' lang='lat' dir='ltr'><strong>diebus</strong></span> <span class='ocrx_word' id='word_1_633' title='bbox 1526 3778 1802 3833; x_wconf 86' lang='lat' dir='ltr'><strong>dominicis</strong></span> 
     </span>
    </p>
   </div>
   <div class='ocr_carea' id='block_1_89' title="bbox 256 3843 1803 3917">
    <p class='ocr_par' dir='ltr' id='par_1_89' title="bbox 256 3843 1803 3917">
     <span class='ocr_line' id='line_1_89' title="bbox 256 3843 1803 3917; baseline 0.006 -25"><span class='ocrx_word' id='word_1_634' title='bbox 256 3843 514 3895; x_wconf 89' lang='lat' dir='ltr'><strong>indultum</strong></span> <span class='ocrx_word' id='word_1_635' title='bbox 550 3843 710 3917; x_wconf 76' lang='lat' dir='ltr'><strong>luisse</strong></span> <span class='ocrx_word' id='word_1_636' title='bbox 739 3865 765 3897; x_wconf 86' lang='lat' dir='ltr'><strong>a</strong></span> <span class='ocrx_word' id='word_1_637' title='bbox 797 3850 852 3901; x_wconf 75' lang='grc' dir='ltr'><strong>ὃ.</strong></span> <span class='ocrx_word' id='word_1_638' title='bbox 880 3850 939 3902; x_wconf 83' lang='grc' dir='ltr'><strong>Ρ.</strong></span> <span class='ocrx_word' id='word_1_639' title='bbox 987 3850 1327 3903; x_wconf 82' lang='lat' dir='ltr'><strong>Benedictino</strong></span> <span class='ocrx_word' id='word_1_640' title='bbox 1371 3859 1488 3917; x_wconf 86' lang='lat' dir='ltr'><strong>post</strong></span> <span class='ocrx_word' id='word_1_641' title='bbox 1517 3858 1803 3902; x_wconf 84' lang='lat' dir='ltr'><strong>matutinas</strong></span> 
     </span>
    </p>
   </div>
   <div class='ocr_carea' id='block_1_90' title="bbox 243 3916 1801 3988">
    <p class='ocr_par' dir='ltr' id='par_1_90' title="bbox 243 3916 1801 3988">
     <span class='ocr_line' id='line_1_90' title="bbox 243 3916 1801 3988; baseline 0.006 -26"><span class='ocrx_word' id='word_1_642' title='bbox 243 3927 527 3988; x_wconf 81' lang='lat' dir='ltr'><strong>somnum;</strong></span> <span class='ocrx_word' id='word_1_643' title='bbox 559 3916 652 3968; x_wconf 90' lang='lat' dir='ltr'><strong>sed</strong></span> <span class='ocrx_word' id='word_1_644' title='bbox 681 3927 882 3972; x_wconf 89' lang='lat' dir='ltr'><strong>tantum</strong></span> <span class='ocrx_word' id='word_1_645' title='bbox 902 3920 945 3972; x_wconf 89' lang='lat' dir='ltr'><strong>si</strong></span> <span class='ocrx_word' id='word_1_646' title='bbox 970 3930 1161 3985; x_wconf 82' lang='lat' dir='ltr'><strong>tempus</strong></span> <span class='ocrx_word' id='word_1_647' title='bbox 1194 3916 1489 3988; x_wconf 68' lang='lat' dir='ltr'><strong>permiserit,</strong></span> <span class='ocrx_word' id='word_1_648' title='bbox 1516 3922 1586 3971; x_wconf 88' lang='lat' dir='ltr'><strong>ita</strong></span> <span class='ocrx_word' id='word_1_649' title='bbox 1614 3928 1666 3971; x_wconf 86' lang='lat' dir='ltr'><strong>ut</strong></span> <span class='ocrx_word' id='word_1_650' title='bbox 1692 3935 1801 3971; x_wconf 89' lang='lat' dir='ltr'><strong>ma-</strong></span> 
     </span>
    </p>
   </div>
   <div class='ocr_carea' id='block_1_91' title="bbox 244 3984 1795 4056">
    <p class='ocr_par' dir='ltr' id='par_1_91' title="bbox 244 3984 1795 4056">
     <span class='ocr_line' id='line_1_91' title="bbox 244 3984 1795 4056; baseline 0.007 -25"><span class='ocrx_word' id='word_1_651' title='bbox 244 3984 412 4035; x_wconf 77' lang='lat' dir='ltr'><strong>turius</strong></span> <span class='ocrx_word' id='word_1_652' title='bbox 452 3989 798 4053; x_wconf 69' lang='lat' dir='ltr'><strong>surrexerint;</strong></span> <span class='ocrx_word' id='word_1_653' title='bbox 837 4004 944 4056; x_wconf 87' lang='lat' dir='ltr'><strong>quo</strong></span> <span class='ocrx_word' id='word_1_654' title='bbox 989 3984 1135 4052; x_wconf 86' lang='lat' dir='ltr'><strong>casu,</strong></span> <span class='ocrx_word' id='word_1_655' title='bbox 1182 3984 1238 4042; x_wconf 86' lang='lat' dir='ltr'><strong>ut</strong></span> <span class='ocrx_word' id='word_1_656' title='bbox 1266 3991 1393 4043; x_wconf 83' lang='lat' dir='ltr'><strong>dicit</strong></span> <span class='ocrx_word' id='word_1_657' title='bbox 1441 3989 1795 4055; x_wconf 86' lang='lat' dir='ltr'><strong>Hildemarus,</strong></span> 
     </span>
    </p>
   </div>
   <div class='ocr_carea' id='block_1_92' title="bbox 249 4056 1797 4129">
    <p class='ocr_par' dir='ltr' id='par_1_92' title="bbox 249 4056 1797 4129">
     <span class='ocr_line' id='line_1_92' title="bbox 249 4056 1797 4129; baseline 0.006 -28"><span class='ocrx_word' id='word_1_658' title='bbox 249 4072 269 4101; x_wconf 77' lang='grc' dir='ltr'><strong>ι</strong></span> <span class='ocrx_word' id='word_1_659' title='bbox 310 4063 433 4107; x_wconf 89' lang='lat' dir='ltr'><strong>tunc</strong></span> <span class='ocrx_word' id='word_1_660' title='bbox 460 4056 503 4108; x_wconf 86' lang='lat' dir='ltr'><strong>si</strong></span> <span class='ocrx_word' id='word_1_661' title='bbox 542 4056 667 4129; x_wconf 81' lang='lat' dir='ltr'><strong>dies</strong></span> <span class='ocrx_word' id='word_1_662' title='bbox 706 4074 808 4111; x_wconf 86' lang='lat' dir='ltr'><strong>non</strong></span> <span class='ocrx_word' id='word_1_663' title='bbox 840 4059 1016 4121; x_wconf 72' lang='lat' dir='ltr'><strong>furrit,</strong></span> <span class='ocrx_word' id='word_1_664' title='bbox 1049 4059 1206 4113; x_wconf 87' lang='lat' dir='ltr'><strong>debet</strong></span> <span class='ocrx_word' id='word_1_665' title='bbox 1254 4063 1398 4128; x_wconf 93' lang='lat' dir='ltr'><strong>prior</strong></span> <span class='ocrx_word' id='word_1_666' title='bbox 1443 4064 1649 4129; x_wconf 87' lang='lat' dir='ltr'><strong>signum</strong></span> <span class='ocrx_word' id='word_1_667' title='bbox 1684 4072 1797 4112; x_wconf 88' lang='lat' dir='ltr'><strong>tan-</strong></span> 
     </span>
    </p>
   </div>
   <div class='ocr_carea' id='block_1_93' title="bbox 243 4128 1795 4197">
    <p class='ocr_par' dir='ltr' id='par_1_93' title="bbox 243 4128 1795 4197">
     <span class='ocr_line' id='line_1_93' title="bbox 243 4128 1795 4197; baseline 0.005 -23"><span class='ocrx_word' id='word_1_668' title='bbox 243 4138 398 4192; x_wconf 69' lang='lat' dir='ltr'><strong>geve,</strong></span> <span class='ocrx_word' id='word_1_669' title='bbox 428 4135 487 4197; x_wconf 87' lang='lat' dir='ltr'><strong>ut</strong></span> <span class='ocrx_word' id='word_1_670' title='bbox 506 4128 800 4194; x_wconf 88' lang='lat' dir='ltr'><strong>dormiant;</strong></span> <span class='ocrx_word' id='word_1_671' title='bbox 840 4147 858 4180; x_wconf 88' lang='grc' dir='ltr'><strong>ι</strong></span> <span class='ocrx_word' id='word_1_672' title='bbox 896 4138 1142 4197; x_wconf 87' lang='lat' dir='ltr'><strong>tuncque.</strong></span> <span class='ocrx_word' id='word_1_673' title='bbox 1178 4139 1232 4183; x_wconf 92' lang='lat' dir='ltr'><strong>ut</strong></span> <span class='ocrx_word' id='word_1_674' title='bbox 1258 4128 1528 4193; x_wconf 79' lang='lat' dir='ltr'><strong>existimo,</strong></span> <span class='ocrx_word' id='word_1_675' title='bbox 1549 4128 1729 4183; x_wconf 90' lang='lat' dir='ltr'><strong>laudes</strong></span> <span class='ocrx_word' id='word_1_676' title='bbox 1765 4143 1795 4181; x_wconf 89' lang='lat' dir='ltr'><strong>a</strong></span> 
     </span>
    </p>
   </div>
   <div class='ocr_carea' id='block_1_94' title="bbox 245 4195 1799 4268">
    <p class='ocr_par' dir='ltr' id='par_1_94' title="bbox 245 4195 1799 4268">
     <span class='ocr_line' id='line_1_94' title="bbox 245 4195 1799 4268; baseline 0.006 -25"><span class='ocrx_word' id='word_1_677' title='bbox 245 4195 522 4268; x_wconf 54' lang='lat' dir='ltr'><strong>nocturnis</strong></span> <span class='ocrx_word' id='word_1_678' title='bbox 571 4200 917 4264; x_wconf 83' lang='lat' dir='ltr'><strong>separabant:</strong></span> <span class='ocrx_word' id='word_1_679' title='bbox 946 4195 1071 4267; x_wconf 83' lang='lat' dir='ltr'><strong>quia</strong></span> <span class='ocrx_word' id='word_1_680' title='bbox 1100 4214 1201 4253; x_wconf 90' lang='lat' dir='ltr'><strong>non</strong></span> <span class='ocrx_word' id='word_1_681' title='bbox 1226 4202 1325 4255; x_wconf 90' lang='lat' dir='ltr'><strong>nisi</strong></span> <span class='ocrx_word' id='word_1_682' title='bbox 1368 4199 1650 4268; x_wconf 84' lang='lat' dir='ltr'><strong>incipiente</strong></span> <span class='ocrx_word' id='word_1_683' title='bbox 1685 4200 1799 4253; x_wconf 89' lang='lat' dir='ltr'><strong>luce</strong></span> 
     </span>
    </p>
   </div>
   <div class='ocr_carea' id='block_1_95' title="bbox 246 4263 1799 4338">
    <p class='ocr_par' dir='ltr' id='par_1_95' title="bbox 246 4263 1799 4338">
     <span class='ocr_line' id='line_1_95' title="bbox 246 4263 1799 4338; baseline 0.008 -27"><span class='ocrx_word' id='word_1_684' title='bbox 246 4278 315 4315; x_wconf 63' lang='lat' dir='ltr'><strong>ex</strong></span> <span class='ocrx_word' id='word_1_685' title='bbox 372 4263 831 4338; x_wconf 70' lang='lat' dir='ltr'><strong>ltegnladicendaa</strong></span> <span class='ocrx_word' id='word_1_686' title='bbox 873 4263 1017 4322; x_wconf 81' lang='lat' dir='ltr'><strong>sunt.</strong></span> <span class='ocrx_word' id='word_1_687' title='bbox 1049 4272 1220 4338; x_wconf 82' lang='lat' dir='ltr'><strong>Atque</strong></span> <span class='ocrx_word' id='word_1_688' title='bbox 1264 4286 1325 4324; x_wconf 82' lang='lat' dir='ltr'><strong>ex</strong></span> <span class='ocrx_word' id='word_1_689' title='bbox 1356 4263 1513 4324; x_wconf 80' lang='lat' dir='ltr'><strong>dictis</strong></span> <span class='ocrx_word' id='word_1_690' title='bbox 1547 4271 1799 4323; x_wconf 89' lang='lat' dir='ltr'><strong>hactenus</strong></span> 
     </span>
    </p>
   </div>
   <div class='ocr_carea' id='block_1_96' title="bbox 244 4336 1800 4410">
    <p class='ocr_par' dir='ltr' id='par_1_96' title="bbox 244 4336 1800 4410">
     <span class='ocr_line' id='line_1_96' title="bbox 244 4336 1800 4410; baseline 0.007 -30"><span class='ocrx_word' id='word_1_691' title='bbox 244 4343 392 4398; x_wconf 71' lang='lat' dir='ltr'><strong>patet</strong></span> <span class='ocrx_word' id='word_1_692' title='bbox 440 4336 580 4400; x_wconf 88' lang='lat' dir='ltr'><strong>quod</strong></span> <span class='ocrx_word' id='word_1_693' title='bbox 624 4336 809 4391; x_wconf 88' lang='lat' dir='ltr'><strong>diebus</strong></span> <span class='ocrx_word' id='word_1_694' title='bbox 851 4336 1148 4410; x_wconf 78' lang='lat' dir='ltr'><strong>dominicis</strong></span> <span class='ocrx_word' id='word_1_695' title='bbox 1180 4340 1368 4410; x_wconf 75' lang='lat' dir='ltr'><strong>vigilia:</strong></span> <span class='ocrx_word' id='word_1_696' title='bbox 1407 4340 1724 4408; x_wconf 75' lang='lat' dir='ltr'><strong>prolixiores,</strong></span> <span class='ocrx_word' id='word_1_697' title='bbox 1754 4348 1800 4393; x_wconf 86' lang='lat' dir='ltr'><strong>et</strong></span> 
     </span>
    </p>
   </div>
   <div class='ocr_carea' id='block_1_97' title="bbox 241 4409 1802 4481">
    <p class='ocr_par' dir='ltr' id='par_1_97' title="bbox 241 4409 1802 4481">
     <span class='ocr_line' id='line_1_97' title="bbox 241 4409 1802 4481; baseline 0.006 -28"><span class='ocrx_word' id='word_1_698' title='bbox 241 4415 495 4456; x_wconf 73' lang='lat' dir='ltr'><strong>nocturna</strong></span> <span class='ocrx_word' id='word_1_699' title='bbox 522 4410 732 4477; x_wconf 71' lang='lat' dir='ltr'><strong>synaxis</strong></span> <span class='ocrx_word' id='word_1_700' title='bbox 761 4410 814 4461; x_wconf 84' lang='lat' dir='ltr'><strong>in</strong></span> <span class='ocrx_word' id='word_1_701' title='bbox 841 4409 1003 4463; x_wconf 82' lang='lat' dir='ltr'><strong>lucem</strong></span> <span class='ocrx_word' id='word_1_702' title='bbox 1033 4427 1188 4480; x_wconf 85' lang='lat' dir='ltr'><strong>usque</strong></span> <span class='ocrx_word' id='word_1_703' title='bbox 1221 4409 1467 4481; x_wconf 82' lang='lat' dir='ltr'><strong>producm</strong></span> <span class='ocrx_word' id='word_1_704' title='bbox 1497 4412 1802 4464; x_wconf 81' lang='lat' dir='ltr'><strong>matutinum</strong></span> 
     </span>
    </p>
   </div>
   <div class='ocr_carea' id='block_1_98' title="bbox 1908 3287 3457 3357">
    <p class='ocr_par' dir='ltr' id='par_1_98' title="bbox 1908 3287 3457 3357">
     <span class='ocr_line' id='line_1_98' title="bbox 1908 3287 3457 3357; baseline -0.001 -14"><span class='ocrx_word' id='word_1_705' title='bbox 1908 3289 2306 3357; x_wconf 90' lang='lat' dir='ltr'><strong>compleantur;</strong></span> <span class='ocrx_word' id='word_1_706' title='bbox 2350 3288 2449 3341; x_wconf 77' lang='lat' dir='ltr'><strong>nisi</strong></span> <span class='ocrx_word' id='word_1_707' title='bbox 2482 3287 2617 3339; x_wconf 90' lang='lat' dir='ltr'><strong>forte</strong></span> <span class='ocrx_word' id='word_1_708' title='bbox 2648 3287 2736 3340; x_wconf 73' lang='lat' dir='ltr'><strong>lux</strong></span> <span class='ocrx_word' id='word_1_709' title='bbox 2764 3287 3097 3357; x_wconf 66' lang='lat' dir='ltr'><strong>pratveuerit.</strong></span> <span class='ocrx_word' id='word_1_710' title='bbox 3131 3297 3185 3342; x_wconf 90' lang='lat' dir='ltr'><strong>et</strong></span> <span class='ocrx_word' id='word_1_711' title='bbox 3215 3299 3338 3343; x_wconf 90' lang='lat' dir='ltr'><strong>tunc</strong></span> <span class='ocrx_word' id='word_1_712' title='bbox 3359 3290 3457 3342; x_wconf 83' lang='lat' dir='ltr'><strong>dif-</strong></span> 
     </span>
    </p>
   </div>
   <div class='ocr_carea' id='block_1_99' title="bbox 1908 3356 3458 3425">
    <p class='ocr_par' dir='ltr' id='par_1_99' title="bbox 1908 3356 3458 3425">
     <span class='ocr_line' id='line_1_99' title="bbox 1908 3356 3458 3425; baseline 0 -12"><span class='ocrx_word' id='word_1_713' title='bbox 1908 3356 2109 3414; x_wconf 85' lang='lat' dir='ltr'><strong>ferendi</strong></span> <span class='ocrx_word' id='word_1_714' title='bbox 2152 3369 2329 3419; x_wconf 89' lang='lat' dir='ltr'><strong>erunt,</strong></span> <span class='ocrx_word' id='word_1_715' title='bbox 2371 3371 2647 3424; x_wconf 89' lang='lat' dir='ltr'><strong>usquequo</strong></span> <span class='ocrx_word' id='word_1_716' title='bbox 2691 3359 2757 3408; x_wconf 89' lang='lat' dir='ltr'><strong>de</strong></span> <span class='ocrx_word' id='word_1_717' title='bbox 2789 3356 3033 3410; x_wconf 88' lang='lat' dir='ltr'><strong>omnibus</strong></span> <span class='ocrx_word' id='word_1_718' title='bbox 3069 3361 3267 3413; x_wconf 84' lang='lat' dir='ltr'><strong>sanctis</strong></span> <span class='ocrx_word' id='word_1_719' title='bbox 3302 3363 3458 3425; x_wconf 88' lang='lat' dir='ltr'><strong>perli-</strong></span> 
     </span>
    </p>
   </div>
   <div class='ocr_carea' id='block_1_100' title="bbox 1909 3427 3463 3495">
    <p class='ocr_par' dir='ltr' id='par_1_100' title="bbox 1909 3427 3463 3495">
     <span class='ocr_line' id='line_1_100' title="bbox 1909 3427 3463 3495; baseline 0.001 -12"><span class='ocrx_word' id='word_1_720' title='bbox 1909 3429 2131 3483; x_wconf 85' lang='lat' dir='ltr'><strong>ciantur.</strong></span> <span class='ocrx_word' id='word_1_721' title='bbox 2157 3446 2176 3480; x_wconf 83' lang='grc' dir='ltr'><strong>ι</strong></span> <span class='ocrx_word' id='word_1_722' title='bbox 2206 3428 2281 3482; x_wconf 82' lang='grc' dir='ltr'>Ειι</span> <span class='ocrx_word' id='word_1_723' title='bbox 2310 3427 2506 3495; x_wconf 75' lang='lat' dir='ltr'><strong>Regula</strong></span> <span class='ocrx_word' id='word_1_724' title='bbox 2535 3435 2709 3478; x_wconf 68' lang='lat' dir='ltr'><strong>autem</strong></span> <span class='ocrx_word' id='word_1_725' title='bbox 2738 3427 2979 3480; x_wconf 86' lang='lat' dir='ltr'><strong>sufficere</strong></span> <span class='ocrx_word' id='word_1_726' title='bbox 2996 3428 3171 3495; x_wconf 85' lang='lat' dir='ltr'><strong>debet,</strong></span> <span class='ocrx_word' id='word_1_727' title='bbox 3195 3439 3252 3482; x_wconf 92' lang='lat' dir='ltr'><strong>ut</strong></span> <span class='ocrx_word' id='word_1_728' title='bbox 3278 3430 3463 3484; x_wconf 65' lang='lat' dir='ltr'><strong>fratres</strong></span> 
     </span>
    </p>
   </div>
   <div class='ocr_carea' id='block_1_101' title="bbox 1907 3496 3459 3566">
    <p class='ocr_par' dir='ltr' id='par_1_101' title="bbox 1907 3496 3459 3566">
     <span class='ocr_line' id='line_1_101' title="bbox 1907 3496 3459 3566; baseline -0.001 -13"><span class='ocrx_word' id='word_1_729' title='bbox 1907 3501 1973 3553; x_wconf 89' lang='lat' dir='ltr'><strong>ad</strong></span> <span class='ocrx_word' id='word_1_730' title='bbox 2004 3507 2209 3553; x_wconf 78' lang='lat' dir='ltr'><strong>natura:</strong></span> <span class='ocrx_word' id='word_1_731' title='bbox 2240 3498 2534 3551; x_wconf 81' lang='lat' dir='ltr'><strong>necessaria</strong></span> <span class='ocrx_word' id='word_1_732' title='bbox 2563 3496 2708 3549; x_wconf 77' lang='lat' dir='ltr'><strong>exire</strong></span> <span class='ocrx_word' id='word_1_733' title='bbox 2737 3497 2959 3560; x_wconf 83' lang='lat' dir='ltr'><strong>possint,</strong></span> <span class='ocrx_word' id='word_1_734' title='bbox 2996 3497 3093 3549; x_wconf 89' lang='lat' dir='ltr'><strong>hoc</strong></span> <span class='ocrx_word' id='word_1_735' title='bbox 3126 3508 3209 3551; x_wconf 87' lang='lat' dir='ltr'><strong>est</strong></span> <span class='ocrx_word' id='word_1_736' title='bbox 3237 3502 3300 3551; x_wconf 91' lang='lat' dir='ltr'><strong>ad</strong></span> <span class='ocrx_word' id='word_1_737' title='bbox 3331 3515 3459 3566; x_wconf 87' lang='lat' dir='ltr'><strong>pur-</strong></span> 
     </span>
    </p>
   </div>
   <div class='ocr_carea' id='block_1_102' title="bbox 1905 3566 3462 3639">
    <p class='ocr_par' dir='ltr' id='par_1_102' title="bbox 1905 3566 3462 3639">
     <span class='ocr_line' id='line_1_102' title="bbox 1905 3566 3462 3639; baseline -0.001 -16"><span class='ocrx_word' id='word_1_738' title='bbox 1905 3570 2135 3639; x_wconf 90' lang='lat' dir='ltr'><strong>gandum</strong></span> <span class='ocrx_word' id='word_1_739' title='bbox 2165 3577 2437 3639; x_wconf 84' lang='lat' dir='ltr'><strong>ventrem;</strong></span> <span class='ocrx_word' id='word_1_740' title='bbox 2470 3568 2553 3620; x_wconf 92' lang='lat' dir='ltr'><strong>ubi</strong></span> <span class='ocrx_word' id='word_1_741' title='bbox 2590 3566 2843 3639; x_wconf 75' lang='lat' dir='ltr'><strong>Bolierius</strong></span> <span class='ocrx_word' id='word_1_742' title='bbox 2870 3566 2921 3618; x_wconf 90' lang='lat' dir='ltr'><strong>iu</strong></span> <span class='ocrx_word' id='word_1_743' title='bbox 2950 3567 3121 3639; x_wconf 78' lang='lat' dir='ltr'><strong>primo</strong></span> <span class='ocrx_word' id='word_1_744' title='bbox 3140 3582 3462 3623; x_wconf 84' lang='lat' dir='ltr'><strong>cntumenta-</strong></span> 
     </span>
    </p>
   </div>
   <div class='ocr_carea' id='block_1_103' title="bbox 1908 3635 3458 3705">
    <p class='ocr_par' dir='ltr' id='par_1_103' title="bbox 1908 3635 3458 3705">
     <span class='ocr_line' id='line_1_103' title="bbox 1908 3635 3458 3705; baseline -0.002 -11"><span class='ocrx_word' id='word_1_745' title='bbox 1908 3635 2011 3705; x_wconf 72' lang='lat' dir='ltr'><strong>rio,</strong></span> <span class='ocrx_word' id='word_1_746' title='bbox 2053 3661 2070 3689; x_wconf 79' lang='grc' dir='ltr'><strong>ι</strong></span> <span class='ocrx_word' id='word_1_747' title='bbox 2098 3649 2243 3703; x_wconf 87' lang='lat' dir='ltr'><strong>nuta,</strong></span> <span class='ocrx_word' id='word_1_748' title='bbox 2276 3638 2467 3705; x_wconf 91' lang='lat' dir='ltr'><strong>inquit,</strong></span> <span class='ocrx_word' id='word_1_749' title='bbox 2506 3637 2645 3703; x_wconf 86' lang='lat' dir='ltr'><strong>quod</strong></span> <span class='ocrx_word' id='word_1_750' title='bbox 2686 3637 2940 3689; x_wconf 87' lang='lat' dir='ltr'><strong>intrantes</strong></span> <span class='ocrx_word' id='word_1_751' title='bbox 2969 3635 3181 3689; x_wconf 89' lang='lat' dir='ltr'><strong>domum</strong></span> <span class='ocrx_word' id='word_1_752' title='bbox 3210 3653 3458 3692; x_wconf 65' lang='lat' dir='ltr'><strong>necessa-</strong></span> 
     </span>
    </p>
   </div>
   <div class='ocr_carea' id='block_1_104' title="bbox 1908 3705 3457 3774">
    <p class='ocr_par' dir='ltr' id='par_1_104' title="bbox 1908 3705 3457 3774">
     <span class='ocr_line' id='line_1_104' title="bbox 1908 3705 3457 3774; baseline -0.005 -11"><span class='ocrx_word' id='word_1_753' title='bbox 1908 3711 2106 3763; x_wconf 89' lang='lat' dir='ltr'><strong>riarum</strong></span> <span class='ocrx_word' id='word_1_754' title='bbox 2132 3712 2307 3761; x_wconf 88' lang='lat' dir='ltr'><strong>vultus</strong></span> <span class='ocrx_word' id='word_1_755' title='bbox 2337 3722 2460 3762; x_wconf 89' lang='lat' dir='ltr'><strong>suos</strong></span> <span class='ocrx_word' id='word_1_756' title='bbox 2489 3707 2676 3760; x_wconf 82' lang='lat' dir='ltr'><strong>debent</strong></span> <span class='ocrx_word' id='word_1_757' title='bbox 2710 3705 3035 3759; x_wconf 72' lang='lat' dir='ltr'><strong>abscondere</strong></span> <span class='ocrx_word' id='word_1_758' title='bbox 3078 3720 3199 3760; x_wconf 86' lang='lat' dir='ltr'><strong>cum</strong></span> <span class='ocrx_word' id='word_1_759' title='bbox 3229 3708 3457 3774; x_wconf 67' lang='lat' dir='ltr'><strong>caputiis</strong></span> 
     </span>
    </p>
   </div>
   <div class='ocr_carea' id='block_1_105' title="bbox 1904 3776 3462 3849">
    <p class='ocr_par' dir='ltr' id='par_1_105' title="bbox 1904 3776 3462 3849">
     <span class='ocr_line' id='line_1_105' title="bbox 1904 3776 3462 3849; baseline 0.001 -19"><span class='ocrx_word' id='word_1_760' title='bbox 1904 3792 2158 3849; x_wconf 90' lang='lat' dir='ltr'><strong>quantum</strong></span> <span class='ocrx_word' id='word_1_761' title='bbox 2191 3780 2385 3841; x_wconf 87' lang='lat' dir='ltr'><strong>valent,</strong></span> <span class='ocrx_word' id='word_1_762' title='bbox 2419 3792 2515 3831; x_wconf 82' lang='lat' dir='ltr'><strong>nec</strong></span> <span class='ocrx_word' id='word_1_763' title='bbox 2560 3778 2814 3849; x_wconf 75' lang='lat' dir='ltr'><strong>intrantes</strong></span> <span class='ocrx_word' id='word_1_764' title='bbox 2855 3776 3220 3849; x_wconf 78' lang='lat' dir='ltr'><strong>dormitorium</strong></span> <span class='ocrx_word' id='word_1_765' title='bbox 3262 3780 3462 3846; x_wconf 85' lang='lat' dir='ltr'><strong>absque</strong></span> 
     </span>
    </p>
   </div>
   <div class='ocr_carea' id='block_1_106' title="bbox 1902 3845 3465 3918">
    <p class='ocr_par' dir='ltr' id='par_1_106' title="bbox 1902 3845 3465 3918">
     <span class='ocr_line' id='line_1_106' title="bbox 1902 3845 3465 3918; baseline -0.002 -14"><span class='ocrx_word' id='word_1_766' title='bbox 1902 3845 2129 3918; x_wconf 80' lang='lat' dir='ltr'><strong>caputiis</strong></span> <span class='ocrx_word' id='word_1_767' title='bbox 2157 3865 2275 3904; x_wconf 87' lang='lat' dir='ltr'><strong>esse</strong></span> <span class='ocrx_word' id='word_1_768' title='bbox 2303 3850 2550 3903; x_wconf 84' lang='lat' dir='ltr'><strong>convenit</strong></span> <span class='ocrx_word' id='word_1_769' title='bbox 2575 3847 2625 3900; x_wconf 91' lang='lat' dir='ltr'><strong>in</strong></span> <span class='ocrx_word' id='word_1_770' title='bbox 2657 3846 2850 3918; x_wconf 25' lang='lat' dir='ltr'><strong>capive.</strong></span> <span class='ocrx_word' id='word_1_771' title='bbox 2882 3858 2935 3897; x_wconf 91' lang='lat' dir='ltr'><strong>ut</strong></span> <span class='ocrx_word' id='word_1_772' title='bbox 2974 3845 3154 3900; x_wconf 87' lang='lat' dir='ltr'><strong>Patres</strong></span> <span class='ocrx_word' id='word_1_773' title='bbox 3182 3849 3349 3901; x_wconf 83' lang='lat' dir='ltr'><strong>nostri</strong></span> <span class='ocrx_word' id='word_1_774' title='bbox 3381 3845 3465 3902; x_wconf 83' lang='lat' dir='ltr'><strong>as-</strong></span> 
     </span>
    </p>
   </div>
   <div class='ocr_carea' id='block_1_107' title="bbox 1903 3916 3317 3984">
    <p class='ocr_par' dir='ltr' id='par_1_107' title="bbox 1903 3916 3317 3984">
     <span class='ocr_line' id='line_1_107' title="bbox 1903 3916 3317 3984; baseline -0.003 -10"><span class='ocrx_word' id='word_1_775' title='bbox 1903 3916 2205 3984; x_wconf 85' lang='lat' dir='ltr'><strong>serucrunt,</strong></span> <span class='ocrx_word' id='word_1_776' title='bbox 2231 3928 2284 3974; x_wconf 93' lang='lat' dir='ltr'><strong>et</strong></span> <span class='ocrx_word' id='word_1_777' title='bbox 2306 3922 2437 3973; x_wconf 86' lang='lat' dir='ltr'><strong>ordo</strong></span> <span class='ocrx_word' id='word_1_778' title='bbox 2464 3927 2639 3970; x_wconf 90' lang='lat' dir='ltr'><strong>servat</strong></span> <span class='ocrx_word' id='word_1_779' title='bbox 2661 3916 3262 3970; x_wconf 69' lang='lat' dir='ltr'><strong>Pracmonstratensium.</strong></span> <span class='ocrx_word' id='word_1_780' title='bbox 3299 3935 3317 3969; x_wconf 85' lang='grc' dir='ltr'><strong>ι</strong></span> 
     </span>
    </p>
   </div>
   <div class='ocr_carea' id='block_1_108' title="bbox 1975 3985 3462 4058">
    <p class='ocr_par' dir='ltr' id='par_1_108' title="bbox 1975 3985 3462 4058">
     <span class='ocr_line' id='line_1_108' title="bbox 1975 3985 3462 4058; baseline -0.001 -15"><span class='ocrx_word' id='word_1_781' title='bbox 1975 3989 2209 4058; x_wconf 88' lang='lat' dir='ltr'><strong>Denique</strong></span> <span class='ocrx_word' id='word_1_782' title='bbox 2256 4003 2419 4057; x_wconf 90' lang='lat' dir='ltr'><strong>quare</strong></span> <span class='ocrx_word' id='word_1_783' title='bbox 2468 3985 2927 4058; x_wconf 12' lang='lat' dir='ltr'><strong>incipicnteilncc</strong></span> <span class='ocrx_word' id='word_1_784' title='bbox 2981 3990 3220 4041; x_wconf 86' lang='lat' dir='ltr'><strong>matutini</strong></span> <span class='ocrx_word' id='word_1_785' title='bbox 3275 3990 3462 4058; x_wconf 77' lang='lat' dir='ltr'><strong>agendi</strong></span> 
     </span>
    </p>
   </div>
   <div class='ocr_carea' id='block_1_109' title="bbox 1904 4057 3465 4127">
    <p class='ocr_par' dir='ltr' id='par_1_109' title="bbox 1904 4057 3465 4127">
     <span class='ocr_line' id='line_1_109' title="bbox 1904 4057 3465 4127; baseline -0.003 -14"><span class='ocrx_word' id='word_1_786' title='bbox 1904 4071 2025 4113; x_wconf 91' lang='lat' dir='ltr'><strong>sunt</strong></span> <span class='ocrx_word' id='word_1_787' title='bbox 2054 4057 2210 4113; x_wconf 82' lang='lat' dir='ltr'><strong>docet</strong></span> <span class='ocrx_word' id='word_1_788' title='bbox 2241 4059 2440 4127; x_wconf 80' lang='lat' dir='ltr'><strong>Regula</strong></span> <span class='ocrx_word' id='word_1_789' title='bbox 2472 4072 2571 4111; x_wconf 91' lang='lat' dir='ltr'><strong>ms.</strong></span> <span class='ocrx_word' id='word_1_790' title='bbox 2603 4057 2788 4110; x_wconf 85' lang='lat' dir='ltr'><strong>incerti</strong></span> <span class='ocrx_word' id='word_1_791' title='bbox 2816 4061 3071 4127; x_wconf 77' lang='lat' dir='ltr'><strong>auctoris,</strong></span> <span class='ocrx_word' id='word_1_792' title='bbox 3102 4074 3257 4124; x_wconf 83' lang='lat' dir='ltr'><strong>quam</strong></span> <span class='ocrx_word' id='word_1_793' title='bbox 3290 4057 3352 4127; x_wconf 72' lang='lat' dir='ltr'><strong>ex</strong></span> <span class='ocrx_word' id='word_1_794' title='bbox 3376 4074 3465 4111; x_wconf 78' lang='lat' dir='ltr'><strong>cu-</strong></span> 
     </span>
    </p>
   </div>
   <div class='ocr_carea' id='block_1_110' title="bbox 1906 4126 3465 4196">
    <p class='ocr_par' dir='ltr' id='par_1_110' title="bbox 1906 4126 3465 4196">
     <span class='ocr_line' id='line_1_110' title="bbox 1906 4126 3465 4196; baseline -0.001 -13"><span class='ocrx_word' id='word_1_795' title='bbox 1906 4131 2024 4183; x_wconf 89' lang='lat' dir='ltr'><strong>dice</strong></span> <span class='ocrx_word' id='word_1_796' title='bbox 2050 4126 2391 4184; x_wconf 60' lang='lat' dir='ltr'><strong>bibliotheca</strong></span> <span class='ocrx_word' id='word_1_797' title='bbox 2433 4130 2629 4196; x_wconf 69' lang='lat' dir='ltr'><strong>regina:</strong></span> <span class='ocrx_word' id='word_1_798' title='bbox 2670 4126 2875 4182; x_wconf 69' lang='lat' dir='ltr'><strong>Succiaz</strong></span> <span class='ocrx_word' id='word_1_799' title='bbox 2904 4128 3041 4180; x_wconf 91' lang='lat' dir='ltr'><strong>eruit</strong></span> <span class='ocrx_word' id='word_1_800' title='bbox 3072 4142 3254 4181; x_wconf 90' lang='lat' dir='ltr'><strong>noster</strong></span> <span class='ocrx_word' id='word_1_801' title='bbox 3286 4126 3465 4182; x_wconf 76' lang='lat' dir='ltr'><strong>litabil-</strong></span> 
     </span>
    </p>
   </div>
   <div class='ocr_carea' id='block_1_111' title="bbox 1905 4197 3466 4268">
    <p class='ocr_par' dir='ltr' id='par_1_111' title="bbox 1905 4197 3466 4268">
     <span class='ocr_line' id='line_1_111' title="bbox 1905 4197 3466 4268; baseline -0.002 -14"><span class='ocrx_word' id='word_1_802' title='bbox 1905 4200 2104 4263; x_wconf 84' lang='lat' dir='ltr'><strong>ionius,</strong></span> <span class='ocrx_word' id='word_1_803' title='bbox 2136 4199 2187 4253; x_wconf 92' lang='lat' dir='ltr'><strong>in</strong></span> <span class='ocrx_word' id='word_1_804' title='bbox 2210 4199 2360 4267; x_wconf 86' lang='lat' dir='ltr'><strong>cujus</strong></span> <span class='ocrx_word' id='word_1_805' title='bbox 2386 4214 2503 4268; x_wconf 89' lang='lat' dir='ltr'><strong>cap.</strong></span> <span class='ocrx_word' id='word_1_806' title='bbox 2531 4197 2564 4250; x_wconf 82' lang='grc'>5</span> <span class='ocrx_word' id='word_1_807' title='bbox 2595 4197 2705 4251; x_wconf 75' lang='lat' dir='ltr'><strong>haec</strong></span> <span class='ocrx_word' id='word_1_808' title='bbox 2737 4198 2983 4263; x_wconf 75' lang='lat' dir='ltr'><strong>leguntur</strong></span> <span class='ocrx_word' id='word_1_809' title='bbox 3008 4216 3018 4249; x_wconf 93' lang='lat'><strong>:</strong></span> <span class='ocrx_word' id='word_1_810' title='bbox 3051 4216 3069 4250; x_wconf 76' lang='grc' dir='ltr'><strong>ι</strong></span> <span class='ocrx_word' id='word_1_811' title='bbox 3096 4198 3466 4252; x_wconf 81' lang='lat' dir='ltr'><strong>Matutinorum</strong></span> 
     </span>
    </p>
   </div>
   <div class='ocr_carea' id='block_1_112' title="bbox 1907 4268 3465 4337">
    <p class='ocr_par' dir='ltr' id='par_1_112' title="bbox 1907 4268 3465 4337">
     <span class='ocr_line' id='line_1_112' title="bbox 1907 4268 3465 4337; baseline -0.003 -12"><span class='ocrx_word' id='word_1_812' title='bbox 1907 4270 2217 4325; x_wconf 89' lang='lat' dir='ltr'><strong>solemnitas</strong></span> <span class='ocrx_word' id='word_1_813' title='bbox 2250 4268 2533 4336; x_wconf 90' lang='lat' dir='ltr'><strong>incipiente</strong></span> <span class='ocrx_word' id='word_1_814' title='bbox 2563 4268 2680 4322; x_wconf 93' lang='lat' dir='ltr'><strong>luce</strong></span> <span class='ocrx_word' id='word_1_815' title='bbox 2708 4268 3020 4322; x_wconf 83' lang='lat' dir='ltr'><strong>celebranda</strong></span> <span class='ocrx_word' id='word_1_816' title='bbox 3050 4278 3160 4329; x_wconf 90' lang='lat' dir='ltr'><strong>est,</strong></span> <span class='ocrx_word' id='word_1_817' title='bbox 3188 4269 3305 4337; x_wconf 79' lang='lat' dir='ltr'><strong>quit</strong></span> <span class='ocrx_word' id='word_1_818' title='bbox 3349 4284 3465 4321; x_wconf 88' lang='lat' dir='ltr'><strong>ma-</strong></span> 
     </span>
    </p>
   </div>
   <div class='ocr_carea' id='block_1_113' title="bbox 1908 4337 3468 4395">
    <p class='ocr_par' dir='ltr' id='par_1_113' title="bbox 1908 4337 3468 4395">
     <span class='ocr_line' id='line_1_113' title="bbox 1908 4337 3468 4395; baseline -0.002 -1"><span class='ocrx_word' id='word_1_819' title='bbox 1908 4344 2075 4394; x_wconf 90' lang='lat' dir='ltr'><strong>tutina</strong></span> <span class='ocrx_word' id='word_1_820' title='bbox 2118 4340 2233 4394; x_wconf 92' lang='lat' dir='ltr'><strong>luce</strong></span> <span class='ocrx_word' id='word_1_821' title='bbox 2275 4340 2514 4395; x_wconf 85' lang='lat' dir='ltr'><strong>radiante</strong></span> <span class='ocrx_word' id='word_1_822' title='bbox 2544 4338 2799 4393; x_wconf 88' lang='lat' dir='ltr'><strong>Dominus</strong></span> <span class='ocrx_word' id='word_1_823' title='bbox 2827 4348 2877 4391; x_wconf 91' lang='lat' dir='ltr'><strong>et</strong></span> <span class='ocrx_word' id='word_1_824' title='bbox 2914 4337 3157 4393; x_wconf 79' lang='lat' dir='ltr'><strong>Salvator</strong></span> <span class='ocrx_word' id='word_1_825' title='bbox 3197 4352 3377 4393; x_wconf 85' lang='lat' dir='ltr'><strong>noster</strong></span> <span class='ocrx_word' id='word_1_826' title='bbox 3402 4342 3468 4391; x_wconf 87' lang='lat' dir='ltr'><strong>ab</strong></span> 
     </span>
    </p>
   </div>
   <div class='ocr_carea' id='block_1_114' title="bbox 1909 4411 2436 4465">
    <p class='ocr_par' dir='ltr' id='par_1_114' title="bbox 1909 4411 2436 4465">
     <span class='ocr_line' id='line_1_114' title="bbox 1909 4411 2436 4465; baseline -0.002 -1"><span class='ocrx_word' id='word_1_827' title='bbox 1909 4411 2095 4465; x_wconf 89' lang='lat' dir='ltr'><strong>inferis</strong></span> <span class='ocrx_word' id='word_1_828' title='bbox 2120 4411 2436 4465; x_wconf 76' lang='lat' dir='ltr'><strong>resurrexit.</strong></span> 
     </span>
    </p>
   </div>
   <div class='ocr_carea' id='block_1_115' title="bbox 231 4541 3365 4581">
    <p class='ocr_par' dir='ltr' id='par_1_115' title="bbox 231 4541 3365 4581">
     <span class='ocr_line' id='line_1_115' title="bbox 231 4541 3365 4581; baseline 0 -3"><span class='ocrx_word' id='word_1_829' title='bbox 231 4541 3365 4581; x_wconf 52' lang='grc' dir='ltr'><strong>’ΔΕΜ</strong></span> 
     </span>
    </p>
   </div>
   <div class='ocr_carea' id='block_1_116' title="bbox 1558 4662 2159 4747">
    <p class='ocr_par' dir='ltr' id='par_1_116' title="bbox 1558 4662 2159 4747">
     <span class='ocr_line' id='line_1_116' title="bbox 1558 4662 2159 4747; baseline -0.013 0"><span class='ocrx_word' id='word_1_830' title='bbox 1558 4662 1944 4747; x_wconf 85' lang='lat' dir='ltr'><strong>CAPUT</strong></span> <span class='ocrx_word' id='word_1_831' title='bbox 1995 4663 2159 4744; x_wconf 83' lang='lat' dir='ltr'><strong>IX.</strong></span> 
     </span>
    </p>
   </div>
   <div class='ocr_carea' id='block_1_117' title="bbox 1100 4800 2603 4880">
    <p class='ocr_par' dir='ltr' id='par_1_117' title="bbox 1100 4800 2603 4880">
     <span class='ocr_line' id='line_1_117' title="bbox 1100 4800 2603 4880; baseline 0 -20"><span class='ocrx_word' id='word_1_832' title='bbox 1100 4801 1341 4876; x_wconf 81' lang='lat' dir='ltr'><strong>Quanti</strong></span> <span class='ocrx_word' id='word_1_833' title='bbox 1368 4802 1593 4880; x_wconf 84' lang='lat' dir='ltr'><strong>psalmi</strong></span> <span class='ocrx_word' id='word_1_834' title='bbox 1621 4800 1866 4861; x_wconf 84' lang='lat' dir='ltr'><strong>dicendi</strong></span> <span class='ocrx_word' id='word_1_835' title='bbox 1898 4802 2026 4861; x_wconf 84' lang='lat' dir='ltr'><strong>sint</strong></span> <span class='ocrx_word' id='word_1_836' title='bbox 2060 4801 2388 4862; x_wconf 82' lang='lat' dir='ltr'><strong>nocturnis</strong></span> <span class='ocrx_word' id='word_1_837' title='bbox 2418 4800 2603 4860; x_wconf 78' lang='lat' dir='ltr'><strong>horis.</strong></span> 
     </span>
    </p>
   </div>
   <div class='ocr_carea' id='block_1_118' title="bbox 315 4916 3467 4994">
    <p class='ocr_par' dir='ltr' id='par_1_118' title="bbox 315 4916 3467 4994">
     <span class='ocr_line' id='line_1_118' title="bbox 315 4916 3467 4994; baseline 0.002 -25"><span class='ocrx_word' id='word_1_838' title='bbox 315 4916 515 4971; x_wconf 84' lang='lat' dir='ltr'><strong>Hiemis</strong></span> <span class='ocrx_word' id='word_1_839' title='bbox 556 4926 814 4986; x_wconf 86' lang='lat' dir='ltr'><strong>tempore,</strong></span> <span class='ocrx_word' id='word_1_840' title='bbox 870 4921 1143 4988; x_wconf 71' lang='lat' dir='ltr'><strong>praemisso</strong></span> <span class='ocrx_word' id='word_1_841' title='bbox 1176 4930 1200 4958; x_wconf 77' lang='grc' dir='ltr'><strong>ι</strong></span> <span class='ocrx_word' id='word_1_842' title='bbox 1250 4923 1300 4975; x_wconf 91' lang='lat' dir='ltr'><strong>in</strong></span> <span class='ocrx_word' id='word_1_843' title='bbox 1354 4922 1539 4991; x_wconf 86' lang='lat' dir='ltr'><strong>primis</strong></span> <span class='ocrx_word' id='word_1_844' title='bbox 1579 4926 1732 4976; x_wconf 86' lang='lat' dir='ltr'><strong>versu</strong></span> <span class='ocrx_word' id='word_1_845' title='bbox 1755 4919 1806 4987; x_wconf 71' lang='grc' dir='ltr'><strong>δ,</strong></span> <span class='ocrx_word' id='word_1_846' title='bbox 1836 4936 1886 4994; x_wconf 82' lang='lat' dir='ltr'><strong>D</strong></span> <span class='ocrx_word' id='word_1_847' title='bbox 1912 4922 2149 4990; x_wconf 87' lang='lat' dir='ltr'><strong>psalmus</strong></span> <span class='ocrx_word' id='word_1_848' title='bbox 2180 4921 2553 4989; x_wconf 88' lang='lat' dir='ltr'><strong>nonagesimus</strong></span> <span class='ocrx_word' id='word_1_849' title='bbox 2579 4930 2796 4988; x_wconf 85' lang='lat' dir='ltr'><strong>quartus</strong></span> <span class='ocrx_word' id='word_1_850' title='bbox 2840 4935 2958 4974; x_wconf 91' lang='lat' dir='ltr'><strong>cum</strong></span> <span class='ocrx_word' id='word_1_851' title='bbox 2992 4920 3279 4987; x_wconf 83' lang='lat' dir='ltr'><strong>antiphone</strong></span> <span class='ocrx_word' id='word_1_852' title='bbox 3301 4919 3347 4987; x_wconf 78' lang='grc' dir='ltr'><strong>δ,</strong></span> <span class='ocrx_word' id='word_1_853' title='bbox 3381 4935 3467 4982; x_wconf 79' lang='lat' dir='ltr'><strong>aut</strong></span> 
     </span>
    </p>
   </div>
   <div class='ocr_carea' id='block_1_119' title="bbox 243 5008 1804 5084">
    <p class='ocr_par' dir='ltr' id='par_1_119' title="bbox 243 5008 1804 5084">
     <span class='ocr_line' id='line_1_119' title="bbox 243 5008 1804 5084; baseline 0.003 -23"><span class='ocrx_word' id='word_1_854' title='bbox 243 5008 406 5075; x_wconf 86' lang='lat' dir='ltr'><strong>Deus,</strong></span> <span class='ocrx_word' id='word_1_855' title='bbox 433 5011 485 5062; x_wconf 86' lang='lat' dir='ltr'><strong>in</strong></span> <span class='ocrx_word' id='word_1_856' title='bbox 513 5010 827 5082; x_wconf 87' lang='lat' dir='ltr'><strong>adjutorium</strong></span> <span class='ocrx_word' id='word_1_857' title='bbox 856 5028 1019 5064; x_wconf 86' lang='lat' dir='ltr'><strong>meum</strong></span> <span class='ocrx_word' id='word_1_858' title='bbox 1040 5013 1279 5076; x_wconf 82' lang='lat' dir='ltr'><strong>intende;</strong></span> <span class='ocrx_word' id='word_1_859' title='bbox 1314 5013 1544 5076; x_wconf 87' lang='lat' dir='ltr'><strong>Domine,</strong></span> <span class='ocrx_word' id='word_1_860' title='bbox 1569 5014 1634 5065; x_wconf 90' lang='lat' dir='ltr'><strong>ad</strong></span> <span class='ocrx_word' id='word_1_861' title='bbox 1654 5016 1804 5084; x_wconf 86' lang='lat' dir='ltr'><strong>adja-</strong></span> 
     </span>
    </p>
   </div>
   <div class='ocr_carea' id='block_1_120' title="bbox 235 5102 1803 5173">
    <p class='ocr_par' dir='ltr' id='par_1_120' title="bbox 235 5102 1803 5173">
     <span class='ocr_line' id='line_1_120' title="bbox 235 5102 1803 5173; baseline 0.003 -23"><span class='ocrx_word' id='word_1_862' title='bbox 235 5102 459 5152; x_wconf 77' lang='lat' dir='ltr'><strong>vandnm</strong></span> <span class='ocrx_word' id='word_1_863' title='bbox 503 5118 583 5153; x_wconf 88' lang='lat' dir='ltr'><strong>me</strong></span> <span class='ocrx_word' id='word_1_864' title='bbox 628 5102 783 5172; x_wconf 74' lang='lat'><strong>261</strong></span> <span class='ocrx_word' id='word_1_865' title='bbox 816 5105 996 5171; x_wconf 74' lang='lat' dir='ltr'><strong>[estina</strong></span> <span class='ocrx_word' id='word_1_866' title='bbox 1039 5102 1207 5173; x_wconf 85' lang='lat' dir='ltr'><strong>(Psal.</strong></span> <span class='ocrx_word' id='word_1_867' title='bbox 1242 5103 1418 5173; x_wconf 78' lang='lat' dir='ltr'><strong>uix);</strong></span> <span class='ocrx_word' id='word_1_868' title='bbox 1469 5104 1521 5156; x_wconf 91' lang='lat' dir='ltr'><strong>in</strong></span> <span class='ocrx_word' id='word_1_869' title='bbox 1570 5102 1803 5157; x_wconf 87' lang='lat' dir='ltr'><strong>secundo</strong></span> 
     </span>
    </p>
   </div>
   <div class='ocr_carea' id='block_1_121' title="bbox 238 5191 1802 5261">
    <p class='ocr_par' dir='ltr' id='par_1_121' title="bbox 238 5191 1802 5261">
     <span class='ocr_line' id='line_1_121' title="bbox 238 5191 1802 5261; baseline 0.004 -21"><span class='ocrx_word' id='word_1_870' title='bbox 238 5201 323 5242; x_wconf 69' lang='lat' dir='ltr'><strong>ter</strong></span> <span class='ocrx_word' id='word_1_871' title='bbox 355 5200 377 5228; x_wconf 72' lang='grc' dir='ltr'><em>ε</em></span> <span class='ocrx_word' id='word_1_872' title='bbox 408 5191 690 5245; x_wconf 86' lang='lat' dir='ltr'><strong>dicendum</strong></span> <span class='ocrx_word' id='word_1_873' title='bbox 722 5203 841 5246; x_wconf 83' lang='lat' dir='ltr'><strong>est:</strong></span> <span class='ocrx_word' id='word_1_874' title='bbox 871 5192 1103 5252; x_wconf 84' lang='lat' dir='ltr'><strong>Domine.</strong></span> <span class='ocrx_word' id='word_1_875' title='bbox 1135 5194 1274 5246; x_wconf 82' lang='lat' dir='ltr'><strong>labia</strong></span> <span class='ocrx_word' id='word_1_876' title='bbox 1299 5211 1406 5246; x_wconf 84' lang='lat' dir='ltr'><strong>mea</strong></span> <span class='ocrx_word' id='word_1_877' title='bbox 1434 5195 1653 5261; x_wconf 86' lang='lat' dir='ltr'><strong>aperies,</strong></span> <span class='ocrx_word' id='word_1_878' title='bbox 1681 5206 1727 5249; x_wconf 87' lang='lat' dir='ltr'><strong>et</strong></span> <span class='ocrx_word' id='word_1_879' title='bbox 1747 5211 1802 5247; x_wconf 86' lang='lat' dir='ltr'><strong>os</strong></span> 
     </span>
    </p>
   </div>
   <div class='ocr_carea' id='block_1_122' title="bbox 235 5282 1804 5351">
    <p class='ocr_par' dir='ltr' id='par_1_122' title="bbox 235 5282 1804 5351">
     <span class='ocr_line' id='line_1_122' title="bbox 235 5282 1804 5351; baseline 0.003 -20"><span class='ocrx_word' id='word_1_880' title='bbox 235 5296 405 5333; x_wconf 83' lang='lat' dir='ltr'><strong>meum</strong></span> <span class='ocrx_word' id='word_1_881' title='bbox 446 5283 769 5335; x_wconf 80' lang='lat' dir='ltr'><strong>annuntiobit</strong></span> <span class='ocrx_word' id='word_1_882' title='bbox 808 5283 1011 5335; x_wconf 87' lang='lat' dir='ltr'><strong>laudem</strong></span> <span class='ocrx_word' id='word_1_883' title='bbox 1052 5294 1190 5335; x_wconf 66' lang='lat' dir='ltr'><strong>tuan:</strong></span> <span class='ocrx_word' id='word_1_884' title='bbox 1220 5282 1391 5350; x_wconf 85' lang='lat' dir='ltr'><strong>(Psal.</strong></span> <span class='ocrx_word' id='word_1_885' title='bbox 1432 5285 1503 5351; x_wconf 81' lang='grc' dir='ltr'><strong>ι).</strong></span> <span class='ocrx_word' id='word_1_886' title='bbox 1547 5284 1639 5337; x_wconf 87' lang='lat' dir='ltr'><strong>Cui</strong></span> <span class='ocrx_word' id='word_1_887' title='bbox 1682 5285 1804 5336; x_wconf 86' lang='lat' dir='ltr'><strong>sub-</strong></span> 
     </span>
    </p>
   </div>
   <div class='ocr_carea' id='block_1_123' title="bbox 230 5369 1801 5440">
    <p class='ocr_par' dir='ltr' id='par_1_123' title="bbox 230 5369 1801 5440">
     <span class='ocr_line' id='line_1_123' title="bbox 230 5369 1801 5440; baseline 0.004 -18"><span class='ocrx_word' id='word_1_888' title='bbox 230 5369 531 5440; x_wconf 74' lang='lat' dir='ltr'><strong>iungendus</strong></span> <span class='ocrx_word' id='word_1_889' title='bbox 559 5383 641 5426; x_wconf 89' lang='lat' dir='ltr'><strong>est</strong></span> <span class='ocrx_word' id='word_1_890' title='bbox 672 5374 858 5427; x_wconf 81' lang='lat' dir='ltr'><strong>tertius</strong></span> <span class='ocrx_word' id='word_1_891' title='bbox 892 5372 1146 5439; x_wconf 86' lang='lat' dir='ltr'><strong>psalmus,</strong></span> <span class='ocrx_word' id='word_1_892' title='bbox 1178 5384 1232 5427; x_wconf 92' lang='lat' dir='ltr'><strong>et</strong></span> <span class='ocrx_word' id='word_1_893' title='bbox 1260 5372 1459 5426; x_wconf 81' lang='lat' dir='ltr'><strong>Gloria.</strong></span> <span class='ocrx_word' id='word_1_894' title='bbox 1493 5373 1616 5426; x_wconf 87' lang='lat' dir='ltr'><strong>P0st</strong></span> <span class='ocrx_word' id='word_1_895' title='bbox 1640 5373 1801 5438; x_wconf 84' lang='lat' dir='ltr'><strong>hunc,</strong></span> 
     </span>
    </p>
   </div>
   <div class='ocr_carea' id='block_1_124' title="bbox 307 5527 1574 5599">
    <p class='ocr_par' dir='ltr' id='par_1_124' title="bbox 307 5527 1574 5599">
     <span class='ocr_line' id='line_1_124' title="bbox 307 5527 1574 5599; baseline 0.002 -20"><span class='ocrx_word' id='word_1_896' title='bbox 307 5527 525 5599; x_wconf 47' lang='lat'><strong>$010&quot;.</strong></span> <span class='ocrx_word' id='word_1_897' title='bbox 558 5528 726 5599; x_wconf 79' lang='lat' dir='ltr'><strong>Flor.,</strong></span> <span class='ocrx_word' id='word_1_898' title='bbox 759 5530 933 5583; x_wconf 74' lang='lat' dir='ltr'><strong>hiemis</strong></span> <span class='ocrx_word' id='word_1_899' title='bbox 962 5542 1178 5599; x_wconf 83' lang='lat' dir='ltr'><strong>tempore</strong></span> <span class='ocrx_word' id='word_1_900' title='bbox 1206 5532 1574 5595; x_wconf 82' lang='lat' dir='ltr'><strong>suprascripto.</strong></span> 
     </span>
    </p>
   </div>
   <div class='ocr_carea' id='block_1_125' title="bbox 303 5595 1792 5669">
    <p class='ocr_par' dir='ltr' id='par_1_125' title="bbox 303 5595 1792 5669">
     <span class='ocr_line' id='line_1_125' title="bbox 303 5595 1792 5669; baseline 0.001 -18"><span class='ocrx_word' id='word_1_901' title='bbox 303 5595 553 5669; x_wconf 57' lang='lat' dir='ltr'><strong>5_thon.,</strong></span> <span class='ocrx_word' id='word_1_902' title='bbox 586 5597 651 5651; x_wconf 85' lang='lat' dir='ltr'><strong>In</strong></span> <span class='ocrx_word' id='word_1_903' title='bbox 678 5603 855 5669; x_wconf 82' lang='lat' dir='ltr'><strong>primis</strong></span> <span class='ocrx_word' id='word_1_904' title='bbox 880 5595 1096 5662; x_wconf 80' lang='lat' dir='ltr'><strong>versum,</strong></span> <span class='ocrx_word' id='word_1_905' title='bbox 1141 5601 1191 5651; x_wconf 87' lang='lat' dir='ltr'><strong>in</strong></span> <span class='ocrx_word' id='word_1_906' title='bbox 1216 5604 1491 5653; x_wconf 77' lang='lat' dir='ltr'><strong>secundum</strong></span> <span class='ocrx_word' id='word_1_907' title='bbox 1523 5601 1792 5653; x_wconf 75' lang='lat' dir='ltr'><strong>dicrndum</strong></span> 
     </span>
    </p>
   </div>
   <div class='ocr_carea' id='block_1_126' title="bbox 227 5666 1790 5735">
    <p class='ocr_par' dir='ltr' id='par_1_126' title="bbox 227 5666 1790 5735">
     <span class='ocr_line' id='line_1_126' title="bbox 227 5666 1790 5735; baseline 0.001 -14"><span class='ocrx_word' id='word_1_908' title='bbox 227 5666 448 5721; x_wconf 84' lang='lat' dir='ltr'><strong>omissis</strong></span> <span class='ocrx_word' id='word_1_909' title='bbox 476 5666 824 5731; x_wconf 52' lang='lat' dir='ltr'><strong>psalmi&#39;mx</strong></span> <span class='ocrx_word' id='word_1_910' title='bbox 853 5672 1047 5725; x_wconf 88' lang='lat' dir='ltr'><strong>verbis.</strong></span> <span class='ocrx_word' id='word_1_911' title='bbox 1081 5670 1249 5734; x_wconf 80' lang='lat' dir='ltr'><strong>Flor.,</strong></span> <span class='ocrx_word' id='word_1_912' title='bbox 1290 5670 1344 5723; x_wconf 92' lang='lat' dir='ltr'><strong>in</strong></span> <span class='ocrx_word' id='word_1_913' title='bbox 1383 5672 1557 5735; x_wconf 77' lang='lat' dir='ltr'><strong>primis</strong></span> <span class='ocrx_word' id='word_1_914' title='bbox 1598 5687 1790 5733; x_wconf 79' lang='lat' dir='ltr'><strong>versus,</strong></span> 
     </span>
    </p>
   </div>
   <div class='ocr_carea' id='block_1_127' title="bbox 224 5738 1791 5811">
    <p class='ocr_par' dir='ltr' id='par_1_127' title="bbox 224 5738 1791 5811">
     <span class='ocr_line' id='line_1_127' title="bbox 224 5738 1791 5811; baseline 0.003 -22"><span class='ocrx_word' id='word_1_915' title='bbox 224 5738 286 5811; x_wconf 74' lang='lat' dir='ltr'><strong>id</strong></span> <span class='ocrx_word' id='word_1_916' title='bbox 310 5746 404 5811; x_wconf 76' lang='lat' dir='ltr'><strong>est,</strong></span> <span class='ocrx_word' id='word_1_917' title='bbox 440 5738 597 5811; x_wconf 68' lang='lat' dir='ltr'><strong>Deus,</strong></span> <span class='ocrx_word' id='word_1_918' title='bbox 624 5740 675 5792; x_wconf 90' lang='lat' dir='ltr'><strong>in</strong></span> <span class='ocrx_word' id='word_1_919' title='bbox 702 5742 1035 5811; x_wconf 67' lang='lat' dir='ltr'><strong>adjutorinm,</strong></span> <span class='ocrx_word' id='word_1_920' title='bbox 1063 5751 1191 5800; x_wconf 88' lang='lat' dir='ltr'><strong>etc..</strong></span> <span class='ocrx_word' id='word_1_921' title='bbox 1213 5756 1324 5792; x_wconf 87' lang='lat' dir='ltr'><strong>cum</strong></span> <span class='ocrx_word' id='word_1_922' title='bbox 1352 5742 1537 5809; x_wconf 81' lang='lat' dir='ltr'><strong>gloria.</strong></span> <span class='ocrx_word' id='word_1_923' title='bbox 1574 5742 1626 5793; x_wconf 89' lang='lat' dir='ltr'><strong>In</strong></span> <span class='ocrx_word' id='word_1_924' title='bbox 1661 5744 1791 5794; x_wconf 78' lang='lat' dir='ltr'><strong>titill-</strong></span> 
     </span>
    </p>
   </div>
   <div class='ocr_carea' id='block_1_128' title="bbox 226 5808 1556 5882">
    <p class='ocr_par' dir='ltr' id='par_1_128' title="bbox 226 5808 1556 5882">
     <span class='ocr_line' id='line_1_128' title="bbox 226 5808 1556 5882; baseline 0.001 -23"><span class='ocrx_word' id='word_1_925' title='bbox 226 5810 295 5861; x_wconf 70' lang='lat' dir='ltr'><strong>tt;</strong></span> <span class='ocrx_word' id='word_1_926' title='bbox 329 5808 478 5862; x_wconf 71' lang='lat' dir='ltr'><strong>deest</strong></span> <span class='ocrx_word' id='word_1_927' title='bbox 506 5809 743 5878; x_wconf 76' lang='lat' dir='ltr'><strong>Domine,</strong></span> <span class='ocrx_word' id='word_1_928' title='bbox 765 5808 846 5862; x_wconf 29' lang='lat' dir='ltr'><strong>Vat!</strong></span> <span class='ocrx_word' id='word_1_929' title='bbox 870 5812 1215 5882; x_wconf 82' lang='lat' dir='ltr'><strong>adjnrandum</strong></span> <span class='ocrx_word' id='word_1_930' title='bbox 1246 5828 1323 5864; x_wconf 84' lang='lat' dir='ltr'><strong>nte</strong></span> <span class='ocrx_word' id='word_1_931' title='bbox 1357 5813 1556 5863; x_wconf 62' lang='lat' dir='ltr'><strong>tcstina.</strong></span> 
     </span>
    </p>
   </div>
   <div class='ocr_carea' id='block_1_129' title="bbox 1908 5010 3458 5077">
    <p class='ocr_par' dir='ltr' id='par_1_129' title="bbox 1908 5010 3458 5077">
     <span class='ocr_line' id='line_1_129' title="bbox 1908 5010 3458 5077; baseline 0 -10"><span class='ocrx_word' id='word_1_932' title='bbox 1908 5022 2052 5067; x_wconf 90' lang='lat' dir='ltr'><strong>certe</strong></span> <span class='ocrx_word' id='word_1_933' title='bbox 2080 5010 2441 5066; x_wconf 86' lang='lat' dir='ltr'><strong>decantandus</strong></span> <span class='ocrx_word' id='word_1_934' title='bbox 2463 5020 2511 5064; x_wconf 73' lang='grc' dir='ltr'><strong>ο.</strong></span> <span class='ocrx_word' id='word_1_935' title='bbox 2544 5010 2667 5063; x_wconf 87' lang='lat' dir='ltr'><strong>Inde</strong></span> <span class='ocrx_word' id='word_1_936' title='bbox 2688 5021 2940 5077; x_wconf 83' lang='lat' dir='ltr'><strong>sequatur</strong></span> <span class='ocrx_word' id='word_1_937' title='bbox 2964 5012 3373 5067; x_wconf 80' lang='lat' dir='ltr'><strong>Ambrosianum</strong></span> <span class='ocrx_word' id='word_1_938' title='bbox 3404 5012 3423 5051; x_wconf 74' lang='grc' dir='ltr'>ί</span> <span class='ocrx_word' id='word_1_939' title='bbox 3444 5034 3458 5067; x_wconf 89' lang='lat'><strong>:</strong></span> 
     </span>
    </p>
   </div>
   <div class='ocr_carea' id='block_1_130' title="bbox 1906 5100 3469 5171">
    <p class='ocr_par' dir='ltr' id='par_1_130' title="bbox 1906 5100 3469 5171">
     <span class='ocr_line' id='line_1_130' title="bbox 1906 5100 3469 5171; baseline -0.001 -14"><span class='ocrx_word' id='word_1_940' title='bbox 1906 5103 2099 5157; x_wconf 88' lang='lat' dir='ltr'><strong>deinde</strong></span> <span class='ocrx_word' id='word_1_941' title='bbox 2128 5117 2220 5156; x_wconf 78' lang='lat' dir='ltr'><strong>sex</strong></span> <span class='ocrx_word' id='word_1_942' title='bbox 2252 5100 2437 5171; x_wconf 89' lang='lat' dir='ltr'><strong>psalmi</strong></span> <span class='ocrx_word' id='word_1_943' title='bbox 2464 5115 2583 5153; x_wconf 91' lang='lat' dir='ltr'><strong>cum</strong></span> <span class='ocrx_word' id='word_1_944' title='bbox 2610 5100 2931 5168; x_wconf 84' lang='lat' dir='ltr'><strong>autipliouis.</strong></span> <span class='ocrx_word' id='word_1_945' title='bbox 2963 5100 3164 5165; x_wconf 84' lang='lat' dir='ltr'><strong>Quibus</strong></span> <span class='ocrx_word' id='word_1_946' title='bbox 3186 5102 3362 5165; x_wconf 88' lang='lat' dir='ltr'><strong>dictis,</strong></span> <span class='ocrx_word' id='word_1_947' title='bbox 3388 5102 3469 5156; x_wconf 91' lang='lat' dir='ltr'><strong>di-</strong></span> 
     </span>
    </p>
   </div>
   <div class='ocr_carea' id='block_1_131' title="bbox 1908 5192 3468 5260">
    <p class='ocr_par' dir='ltr' id='par_1_131' title="bbox 1908 5192 3468 5260">
     <span class='ocr_line' id='line_1_131' title="bbox 1908 5192 3468 5260; baseline 0 -11"><span class='ocrx_word' id='word_1_948' title='bbox 1908 5205 1996 5249; x_wconf 92' lang='lat' dir='ltr'><strong>cto</strong></span> <span class='ocrx_word' id='word_1_949' title='bbox 2023 5210 2199 5260; x_wconf 90' lang='lat' dir='ltr'><strong>versu,</strong></span> <span class='ocrx_word' id='word_1_950' title='bbox 2234 5192 2512 5248; x_wconf 89' lang='lat' dir='ltr'><strong>benedicat</strong></span> <span class='ocrx_word' id='word_1_951' title='bbox 2549 5192 2734 5245; x_wconf 87' lang='lat' dir='ltr'><strong>abbas.</strong></span> <span class='ocrx_word' id='word_1_952' title='bbox 2784 5192 2847 5245; x_wconf 84' lang='lat' dir='ltr'><strong>Et</strong></span> <span class='ocrx_word' id='word_1_953' title='bbox 2888 5193 3194 5248; x_wconf 87' lang='lat' dir='ltr'><strong>sedentibus</strong></span> <span class='ocrx_word' id='word_1_954' title='bbox 3221 5197 3468 5249; x_wconf 91' lang='lat' dir='ltr'><strong>omnibus</strong></span> 
     </span>
    </p>
   </div>
   <div class='ocr_carea' id='block_1_132' title="bbox 1907 5283 3467 5353">
    <p class='ocr_par' dir='ltr' id='par_1_132' title="bbox 1907 5283 3467 5353">
     <span class='ocr_line' id='line_1_132' title="bbox 1907 5283 3467 5353; baseline 0.001 -13"><span class='ocrx_word' id='word_1_955' title='bbox 1907 5287 1958 5340; x_wconf 90' lang='lat' dir='ltr'><strong>in</strong></span> <span class='ocrx_word' id='word_1_956' title='bbox 2007 5287 2258 5349; x_wconf 87' lang='lat' dir='ltr'><strong>scamnis,</strong></span> <span class='ocrx_word' id='word_1_957' title='bbox 2306 5285 2545 5353; x_wconf 87' lang='lat' dir='ltr'><strong>legantur</strong></span> <span class='ocrx_word' id='word_1_958' title='bbox 2572 5283 2804 5336; x_wconf 88' lang='lat' dir='ltr'><strong>vicissim</strong></span> <span class='ocrx_word' id='word_1_959' title='bbox 2848 5299 2875 5334; x_wconf 87' lang='lat' dir='ltr'><strong>a</strong></span> <span class='ocrx_word' id='word_1_960' title='bbox 2905 5283 3153 5339; x_wconf 80' lang='lat' dir='ltr'><strong>fratribus</strong></span> <span class='ocrx_word' id='word_1_961' title='bbox 3201 5288 3252 5339; x_wconf 92' lang='lat' dir='ltr'><strong>in</strong></span> <span class='ocrx_word' id='word_1_962' title='bbox 3285 5288 3467 5341; x_wconf 79' lang='lat' dir='ltr'><strong>codice</strong></span> 
     </span>
    </p>
   </div>
   <div class='ocr_carea' id='block_1_133' title="bbox 1911 5372 3469 5445">
    <p class='ocr_par' dir='ltr' id='par_1_133' title="bbox 1911 5372 3469 5445">
     <span class='ocr_line' id='line_1_133' title="bbox 1911 5372 3469 5445; baseline 0.002 -16"><span class='ocrx_word' id='word_1_963' title='bbox 1911 5391 2074 5445; x_wconf 89' lang='lat' dir='ltr'><strong>super</strong></span> <span class='ocrx_word' id='word_1_964' title='bbox 2100 5373 2401 5444; x_wconf 80' lang='lat' dir='ltr'><strong>analogiam</strong></span> <span class='ocrx_word' id='word_1_965' title='bbox 2429 5382 2536 5427; x_wconf 90' lang='lat' dir='ltr'><strong>tres</strong></span> <span class='ocrx_word' id='word_1_966' title='bbox 2559 5372 2835 5440; x_wconf 90' lang='lat' dir='ltr'><strong>lectiones,</strong></span> <span class='ocrx_word' id='word_1_967' title='bbox 2869 5374 3006 5428; x_wconf 87' lang='lat' dir='ltr'><strong>inter</strong></span> <span class='ocrx_word' id='word_1_968' title='bbox 3033 5391 3163 5445; x_wconf 88' lang='lat' dir='ltr'><strong>quas</strong></span> <span class='ocrx_word' id='word_1_969' title='bbox 3182 5386 3235 5430; x_wconf 91' lang='lat' dir='ltr'><strong>et</strong></span> <span class='ocrx_word' id='word_1_970' title='bbox 3259 5379 3359 5430; x_wconf 90' lang='lat' dir='ltr'><strong>tria</strong></span> <span class='ocrx_word' id='word_1_971' title='bbox 3388 5392 3469 5432; x_wconf 81' lang='lat' dir='ltr'><strong>re-</strong></span> 
     </span>
    </p>
   </div>
   <div class='ocr_carea' id='block_1_134' title="bbox 1976 5533 2684 5598">
    <p class='ocr_par' dir='ltr' id='par_1_134' title="bbox 1976 5533 2684 5598">
     <span class='ocr_line' id='line_1_134' title="bbox 1976 5533 2684 5598; baseline 0.003 -11"><span class='ocrx_word' id='word_1_972' title='bbox 1976 5545 1999 5572; x_wconf 74' lang='grc' dir='ltr'><strong><em>ο</em></strong></span> <span class='ocrx_word' id='word_1_973' title='bbox 2029 5536 2134 5596; x_wconf 84' lang='grc' dir='ltr'><strong>ΛΙ.,</strong></span> <span class='ocrx_word' id='word_1_974' title='bbox 2164 5536 2345 5598; x_wconf 81' lang='lat' dir='ltr'><strong>tertio;</strong></span> <span class='ocrx_word' id='word_1_975' title='bbox 2372 5533 2441 5587; x_wconf 91' lang='lat' dir='ltr'><strong>al.</strong></span> <span class='ocrx_word' id='word_1_976' title='bbox 2465 5535 2684 5589; x_wconf 86' lang='lat' dir='ltr'><strong>tertium.</strong></span> 
     </span>
    </p>
   </div>
   <div class='ocr_carea' id='block_1_135' title="bbox 1972 5601 3465 5668">
    <p class='ocr_par' dir='ltr' id='par_1_135' title="bbox 1972 5601 3465 5668">
     <span class='ocr_line' id='line_1_135' title="bbox 1972 5601 3465 5668; baseline 0.001 -11"><span class='ocrx_word' id='word_1_977' title='bbox 1972 5601 1996 5639; x_wconf 72' lang='grc' dir='ltr'>ἀ</span> <span class='ocrx_word' id='word_1_978' title='bbox 2028 5604 2197 5658; x_wconf 67' lang='lat' dir='ltr'><strong>Oxon.</strong></span> <span class='ocrx_word' id='word_1_979' title='bbox 2229 5621 2348 5659; x_wconf 90' lang='lat' dir='ltr'><strong>cum</strong></span> <span class='ocrx_word' id='word_1_980' title='bbox 2386 5620 2589 5668; x_wconf 80' lang='lat' dir='ltr'><strong>septem</strong></span> <span class='ocrx_word' id='word_1_981' title='bbox 2618 5620 2742 5657; x_wconf 86' lang='lat' dir='ltr'><strong>mss.</strong></span> <span class='ocrx_word' id='word_1_982' title='bbox 2772 5604 2917 5659; x_wconf 87' lang='lat' dir='ltr'><strong>addit</strong></span> <span class='ocrx_word' id='word_1_983' title='bbox 2949 5608 3109 5661; x_wconf 61' lang='lat' dir='ltr'><strong>venite</strong></span> <span class='ocrx_word' id='word_1_984' title='bbox 3135 5606 3465 5660; x_wconf 77' lang='lat' dir='ltr'><strong>exsultemus.</strong></span> 
     </span>
    </p>
   </div>
   <div class='ocr_carea' id='block_1_136' title="bbox 1973 5674 3472 5795">
    <p class='ocr_par' dir='ltr' id='par_1_136' title="bbox 1973 5674 3472 5795">
     <span class='ocr_line' id='line_1_136' title="bbox 1973 5674 3472 5795; baseline 0.002 -68"><span class='ocrx_word' id='word_1_985' title='bbox 1973 5674 2222 5795; x_wconf 63' lang='lat' dir='ltr'><strong>&#39;dCass.,</strong></span> <span class='ocrx_word' id='word_1_986' title='bbox 2278 5675 2615 5728; x_wconf 83' lang='lat' dir='ltr'><strong>decantando.</strong></span> <span class='ocrx_word' id='word_1_987' title='bbox 2664 5676 2870 5739; x_wconf 79' lang='lat' dir='ltr'><strong>llaelt.,</strong></span> <span class='ocrx_word' id='word_1_988' title='bbox 2920 5680 3221 5731; x_wconf 63' lang='lat' dir='ltr'><strong>indirectum</strong></span> <span class='ocrx_word' id='word_1_989' title='bbox 3280 5682 3472 5730; x_wconf 55' lang='lat' dir='ltr'><strong>decan-</strong></span> 
     </span>
     <span class='ocr_line' id='line_1_137' title="bbox 1975 5761 2110 5795; baseline 0.007 -1"><span class='ocrx_word' id='word_1_990' title='bbox 1975 5762 1989 5794; x_wconf 88' lang='grc' dir='ltr'><strong>ι</strong></span> <span class='ocrx_word' id='word_1_991' title='bbox 2034 5761 2110 5795; x_wconf 87' lang='lat' dir='ltr'><strong>ns.</strong></span> 
     </span>
    </p>
   </div>
   <div class='ocr_carea' id='block_1_137' title="bbox 1905 5752 2110 5796">
    <p class='ocr_par' dir='ltr' id='par_1_137' title="bbox 1905 5752 2110 5796">
     <span class='ocr_line' id='line_1_138' title="bbox 1905 5752 2110 5796; baseline 0.005 -2"><span class='ocrx_word' id='word_1_992' title='bbox 1905 5752 2110 5796; x_wconf 84' lang='lat' dir='ltr'><strong>tandns.</strong></span> 
     </span>
    </p>
   </div>
   <div class='ocr_carea' id='block_1_138' title="bbox 1977 5813 3052 5885">
    <p class='ocr_par' dir='ltr' id='par_1_138' title="bbox 1977 5813 3052 5885">
     <span class='ocr_line' id='line_1_139' title="bbox 1977 5813 3052 5885; baseline 0.001 -17"><span class='ocrx_word' id='word_1_993' title='bbox 1977 5813 1992 5849; x_wconf 68' lang='grc' dir='ltr'><em>τ</em></span> <span class='ocrx_word' id='word_1_994' title='bbox 2028 5815 2207 5868; x_wconf 73' lang='lat' dir='ltr'><strong>Subit).</strong></span> <span class='ocrx_word' id='word_1_995' title='bbox 2245 5815 2422 5879; x_wconf 66' lang='lat' dir='ltr'><strong>Diom,</strong></span> <span class='ocrx_word' id='word_1_996' title='bbox 2449 5813 2807 5869; x_wconf 61' lang='lat' dir='ltr'><strong>Ambrosianus</strong></span> <span class='ocrx_word' id='word_1_997' title='bbox 2839 5819 3052 5885; x_wconf 78' lang='lat' dir='ltr'><strong>hymnus</strong></span> 
     </span>
    </p>
   </div>
  </div>
