3952 6182
202 292 309 343 ιὲὄ

1259 293 1535 351 REGULA
1573 290 2062 351 COMMENTATA.
2104 294 2252 347 CAP.
2290 290 2379 347 IX.

3346 286 3447 343 ΗΟ

198 406 502 462 ὃσιιοιιιριιαι
524 406 614 462 lib.
667 421 743 472 ιιι,
791 421 909 476 cap.
945 406 1043 471 l9;
1095 405 1379 474 Tripartita
1415 407 1505 459 lib.
1541 422 1610 469 iv,
1642 422 1760 473 cap.
1795 410 1841 467 Λ
1872 406 1974 471 (ηε
2014 404 2179 456 Dirin.
2241 403 2435 455 Psutm.
2472 419 2584 476 rap.
2609 402 2711 476 Alli,
2748 401 2771 466 ξ
2804 400 2855 469 ἲς)
2896 415 2921 450 a
2980 399 3196 454 Nicmno
3224 406 3451 455 concilio

199 478 273 532 55
296 494 311 539 ;
337 479 533 531 clarius
559 495 624 531 ex
654 478 951 545 Nicephoro
982 479 1073 529 lih.
1105 492 1178 537 ix,
1206 492 1322 542 cap.
1343 477 1431 539 ‘24,
1452 478 1759 529 Flavianum

199 548 515 601 monachum
537 548 924 603 Antiochcnum
958 548 1111 616 hujus
1141 549 1320 617 hymni
1356 548 1552 600 faciunt
1575 559 1761 599 aucto-

199 632 337 671 rem.
373 620 508 672 Cum
534 620 675 673 enim
706 620 952 672 catholici
982 619 1274 684 imperante
1320 618 1634 671 Constantio
1667 617 1763 670 Pa-

198 696 340 741 tren
384 703 503 742 cum
548 688 684 742 Filio
713 689 825 756 pari
873 689 1037 751 gloria
1068 688 1419 749 celebrarent,
1476 697 1532 740 et
1583 688 1762 741 Ariani

199 759 455 828 ambiguis
488 759 845 812 locationibus
869 759 1056 812 Filium
1076 758 1551 811 l’atreinferiurem
1584 767 1766 811 osten-

198 829 332 883 dere
357 839 709 889 conarentur:
753 829 1068 892 Flavianus,
1102 837 1160 882 ut
1205 830 1353 882 aiunt
1402 830 1529 889 isti,
1580 838 1764 881 coacta

198 901 585 957 monachorum
612 909 823 952 caterva
851 943 865 965 ,
922 904 1124 966 primus
1170 899 1405 951 omnium
1458 900 1601 951 clara
1634 913 1766 951 voce

198 970 433 1023 cantavit
460 967 638 1023 Gloria
674 970 836 1030 Patri,
865 980 913 1022 et
946 966 1102 1033 Filio,
1136 980 1180 1021 et
1204 969 1422 1035 Spiritui
1444 982 1636 1020 sancto.
1659 969 1763 1022 Sed

199 1039 345 1092 hunc
365 1040 622 1110 hymnum
669 1039 921 1094 Flaviano
967 1040 1316 1105 antiquiorem
1365 1040 1611 1110 ei‘incuut
1663 1039 1761 1093 SS.

197 1109 473 1163 Athanasii
504 1121 558 1162 et
614 1110 789 1163 Basilii
842 1112 1203 1163 auctoritates.
1253 1111 1309 1164 S.
1365 1109 1681 1161 Athanasius
1714 1114 1763 1161 in

200 1179 298 1233 lib.
322 1188 387 1237 de
441 1178 585 1249 Virg.
618 1196 632 1233 :
663 1198 683 1229 ι
718 1182 849 1233 Cum
893 1180 1189 1232 surrexerit;
1218 1198 1273 1249 ira
1305 1193 1506 1238 mensa,
1568 1180 1761 1245 inquit,

201 1265 413 1302 rursum
438 1255 633 1312 gestias
654 1253 858 1317 agritudo
890 1263 969 1302 ter
991 1252 1135 1302 diCas
1160 1268 1172 1302 :
1203 1248 1491 1301 Misericors
1534 1261 1577 1301 et
1609 1254 1765 1299 ause-

199 1332 342 1371 rntor
366 1320 609 1372 Dominus
630 1337 795 1373 escam
817 1321 952 1372 dedit
974 1320 1256 1372 timentibus
1273 1337 1325 1373 se
1350 1337 1366 1372 :
1396 1318 1571 1373 Gloria
1598 1319 1762 1381 Patri,

199 1401 244 1442 et
279 1387 438 1455 Filio,
459 1403 507 1442 et
530 1392 749 1459 Spiritui
775 1400 985 1450 sancto;
1016 1406 1329 1458 rursumque
1351 1399 1470 1458 post
1497 1401 1763 1458 peractam

201 1462 641 1527 glor'dicationem
680 1476 874 1528 preces
910 1474 1030 1513 uias
1080 1462 1345 1513 absolves.
1387 1478 1404 1511 ι
1434 1460 1494 1514 S.
1544 1462 1766 1513 Basilius

201 1546 333 1582 Vero
387 1533 438 1583 in
494 1532 630 1585 libro
672 1537 739 1585 de
789 1532 986 1596 Spiritu
1030 1542 1237 1593 sancto,
1266 1545 1421 1598 capo.
1457 1532 1486 1583 7
1522 1549 1532 1584 :
1572 1551 1589 1580 ι
1621 1532 1761 1597 Qua-

200 1610 420 1667 propter
434 1603 831 1669 glnrilicationis
852 1603 1101 1669 hymnum
1122 1602 1260 1654 Patri
1289 1602 1444 1653 simul
1482 1618 1600 1654 cum
1635 1602 1766 1653 Filio

200 1670 511 1733 offerimus;
535 1674 627 1724 sed
668 1688 848 1725 nonne
880 1675 978 1724 hoc
1030 1673 1182 1724 nobis
1230 1673 1457 1730 snflicit,
1485 1672 1619 1729 mind
1653 1674 1765 1725 lucc

205 1740 419 1793 Patrum
446 1746 516 1794 ait
536 1744 787 1794 traditio?
818 1762 834 1791 ι
867 1743 1009 1794 Idem
1034 1744 1188 1795 docet
1208 1756 1326 1807 Cap.
1354 1742 1418 1793 ‘27
1448 1753 1499 1795 ct
1528 1743 1596 1796 29
1625 1742 1762 1810 ejus-

203 1814 327 1864 dem
356 1812 496 1873 libri,
524 1815 613 1866 ubi
645 1814 753 1878 agit
778 1813 845 1866 de
869 1814 1239 1866 traditionibus
1262 1816 1583 1880 apostolicis.
1612 1815 1763 1877 Ejus-

203 1881 326 1935 Διτυι
358 1898 568 1950 quoque
596 1885 775 1952 hymni
810 1884 867 1936 lit
906 1883 1103 1936 mentio
1154 1884 1206 1936 in
1242 1882 1352 1935 Vita
1384 1884 1439 1936 S.
1492 1884 1761 1950 Eugeniae,

204 1954 443 2019 qnazsub
463 1955 754 2006 Commodo
802 1954 1121 2021 imperatore
1173 1954 1391 2007 ﬂoruit:
1430 1971 1447 2002 ‹
1488 1958 1550 2006 lit
1597 1956 1766 2019 angeli

206 2032 546 2078 transeuntes
577 2025 828 2094 hymnum
879 2027 987 2077 Deo
1034 2023 1278 2094 dicebant
1309 2042 1320 2074 :
1356 2022 1454 2094 bo:
1486 2026 1653 2076 solum
1688 2026 1768 2076 in-

207 2095 563 2162 telligebatur,
602 2092 740 2163 quod
770 2110 963 2148 nomen
1014 2094 1140 2148 Jesu
1190 2092 1390 2163 Christi
1447 2106 1495 2148 et
1541 2096 1768 2163 Spiritus

203 2164 379 2218 Sancti
404 2164 458 2216 in
505 2162 633 2229 ipsis
669 2165 916 2218 laudibus
962 2166 1280 2218 resonabat:
1310 2162 1487 2216 Gloria
1514 2176 1560 2217 et
1586 2162 1769 2216 ’honor

204 2232 375 2295 Patri,
399 2244 445 2287 et
472 2231 630 2295 Filio,
663 2245 708 2287 et
734 2235 954 2301 Spiritui
980 2244 1173 2296 sancto,
1211 2244 1258 2287 et
1283 2249 1436 2293 nunc,
1462 2246 1508 2287 et
1550 2251 1764 2304 semper,

204 2313 251 2357 et
275 2306 325 2356 in
350 2308 537 2358 arcula
555 2305 878 2358 straulorwn.
910 2307 1083 2361 Amen.
1124 2325 1143 2355 ι

282 2374 443 2445 268,
491 2376 826 2445 Quapropter
870 2379 1008 2445 quod
1064 2374 1353 2429 Wall'ridus
1414 2375 1465 2428 in
1522 2374 1656 2429 libro
1702 2373 1770 2428 de

204 2445 387 2500 Rebus
405 2448 601 2500 eccles.
655 2461 773 2514 cap.
801 2445 872 2500 25
899 2447 1089 2499 asserit
1112 2463 1137 2497 τι
1179 2461 1369 2509 magno
1398 2446 1613 2498 Niemno
1638 2459 1766 2499 con—

202 2515 332 2570 cilio
353 2515 709 2581 compositum
736 2516 920 2581 fuisse,
940 2518 1335 2585 intelligendum
1364 2526 1447 2570 est
1473 2518 1540 2570 de
1569 2530 1768 2584 appeti.

200 2587 325 2640 dice
356 2585 501 2642 Sicut
531 2597 662 2648 erat,
689 2596 819 2653 ete.,
841 2603 999 2655 quam
1030 2602 1211 2641 revera
1239 2601 1305 2640 eo
1336 2588 1389 2639 in
1412 2587 1642 2639 concilio
1671 2585 1770 2639 ad-

202 2656 370 2711 ditam
394 2658 555 2712 luisse
574 2656 729 2712 docet
759 2658 1038 2711 cardiualis
1056 2657 1218 2721 Bona,
1238 2656 1470 2725 idquead
1494 2657 1773 2711 obstruen-

204 2728 331 2781 dum
356 2730 672 2796 sacrilegum
712 2745 773 2781 os
814 2730 1131 2782 Arianorum
1191 2728 1693 2796 hlaSphemantzum,
1719 2736 1773 2782 et

206 2800 568 2868 asserentium
593 2799 758 2853 fuisse
797 2808 1006 2868 tempus
1030 2813 1149 2852 cum
1181 2798 1348 2852 Filius
1375 2814 1479 2851 non
1505 2809 1621 2851 erat
1647 2811 1770 2851 cum

204 2868 404 2933 Patre;
465 2867 514 2922 id
543 2869 687 2937 quod
734 2867 921 2924 testari
962 2870 1174 2922 videtur
1200 2870 1484 2923 concilium
1516 2868 1767 2932 Vasense,

201 2953 303 2993 seu
337 2939 661 3004 Vasatense,
690 2939 870 2993 verius
903 2940 1229 2993 Vasionense
1257 2955 1306 3006 i,
1340 2940 1392 2992 in
1423 2939 1593 2992 Gallia
1616 2939 1771 3007 patilo

207 3018 331 3075 post
361 3009 664 3071 Numanum.
697 3021 935 3078 tempore
959 3010 1255 3062 Constantii
1289 3012 1644 3077 imperatoris,
1671 3011 1771 3062 sub

204 3079 351 3133 Julio
382 3095 512 3148 papa
536 3081 860 3139 celebratum
888 3121 904 3142 ,
958 3081 1078 3134 licet
1130 3081 1245 3146 eius
1277 3095 1510 3135 canones
1536 3080 1772 3133 existant

1796 1785 1843 1843 B

1872 478 2107 528 additum
2152 476 2297 528 Sirut
2325 482 2431 527 erat
2462 474 2814 542 inprincipio,
2858 486 2903 523 et
2931 488 3085 530 nunc,
3133 483 3179 524 rt
3230 488 3447 537 semper,

1868 558 1913 599 et
1939 548 1991 598 in
2020 549 2206 598 ματαία
2247 549 2569 602 art-culorum,
2606 545 2797 606 Amen;
2848 545 2986 603 quod
3021 546 3181 596 etiam
3216 544 3448 595 vidimus

1868 625 2119 668 statutum
2150 618 2198 667 iu
2223 617 2450 669 concilio
2480 614 2808 665 Vasionensi.
2845 610 2908 665 Et
2940 622 3117 665 tamen
3150 614 3200 664 in
3234 611 3354 664 Vita
3386 613 3445 666 S.

1870 687 2145 753 Eugeuize,
2170 688 2221 739 in
2244 686 2469 750 Liturgia
2496 686 2551 736 S.
2572 684 3017 753 Jo.m.Chry«ost.
3047 693 3099 736 et
3127 683 3263 752 apud
3287 684 3448 736 Joan-

1870 774 1988 809 nem
2013 757 2280 810 Moschum
2309 758 2360 809 in
2389 757 2543 809 l'rato
2561 755 2781 819 Spiritali
2814 770 2859 807 c.
2902 755 3019 816 H9,
3055 756 3166 806 sola
3212 757 3320 805 lucc
3355 758 3448 806 ha-

1868 828 2023 881 betur
2052 831 2286 880 clausula
2314 845 2327 880 :
2365 826 2540 887 Nunc,
2567 836 2611 877 et
2638 841 2850 893 semper,
2881 834 2926 878 et
2948 825 2999 876 in
3023 825 3211 877 srrcula
3234 828 3455 877 surrqu-

1867 914 2001 957 rum,
2036 899 2225 957 Amen;
2270 912 2425 961 quam
2468 899 2634 948 solam
2666 895 2800 963 apud
2827 896 3042 947 Cruces
3070 897 3121 947 in
3155 911 3250 946 ttstt
3282 896 3446 946 fuisse

1868 979 2052 1021 auctor
2091 980 2172 1020 est
2219 967 2508 1020 Wall‘ridus
2556 981 2675 1030 eap.
2722 967 2809 1018 ‘25.
2842 965 3066 1030 Quidam
3122 965 3283 1017 etiam
3331 965 3445 1019 ha‘c

1866 1042 2025 1092 verba
2060 1049 2261 1091 tantum
2293 1037 2591 1091 addebant:
2618 1035 2682 1088 In
2709 1038 2897 1088 swcula
2914 1036 3234 1095 srrculorum,
3262 1036 3440 1101 Amen,

1869 1118 1927 1161 ut
1957 1109 2139 1161 videre
2168 1121 2249 1162 est
2279 1110 2331 1162 in
2354 1122 2505 1161 conc.
2539 1107 2705 1160 Tolet.
2744 1122 2816 1159 l\'.

1940 1181 2096 1251 285
2128 1180 2278 1251 Nunc.
2301 1182 2366 1232 de
2397 1193 2492 1231 usu
2525 1177 2679 1245 hujus
2707 1174 2959 1251 versiculi
3016 1176 3209 1251 aliquid
3264 1173 3443 1251 prole:

1868 1243 2110 1304 rea—dum.
2161 1248 2350 1303 In'line
2394 1243 2649 1316 cujusque
2682 1248 2866 1313 psalmi
2896 1261 2924 1298 a
2971 1246 3119 1299 nobis
3170 1243 3441 1299 decnntari

1869 1322 2025 1379 solet,
2060 1322 2471 1386 bonoquerilnm
2495 1321 2549 1372 S.
2576 1318 2898 1387 Hieronymo
2927 1318 3137 1383 quidam
3162 1330 3441 1384 perperam

1867 1393 2156 1445 ascribunt.
2200 1406 2318 1444 eum
2352 1392 2439 1443 illa
2465 1390 2708 1452 epistola.
2742 1389 2879 1441 unde
2919 1388 2967 1439 id
3002 1387 3291 1449 deducunt,
3325 1397 3441 1437 tan—

1867 1477 2023 1527 quam
2074 1462 2201 1514 falsa
2258 1462 2325 1513 ab
2376 1460 2598 1516 eruditis
2646 1460 2773 1511 viris
2824 1464 3015 1511 merito
3053 1458 3367 1523 explodatur
3420 1472 3435 1508 :

1868 1548 1988 1583 nam
2022 1534 2073 1585 in
2103 1549 2163 1585 ea
2192 1531 2386 1585 dicitur
2437 1531 2504 1584 ita
2532 1529 2650 1582 cani
2698 1530 2750 1582 in
2802 1530 3039 1590 Oriente,
3071 1530 3209 1595 quod
3256 1528 3439 1580 !alsum

1867 1618 1986 1655 esse
2013 1605 2277 1655 convincit
2327 1604 2464 1655 istud
2521 1598 2757 1653 Cassiani
2808 1600 3167 1652 tcSIimouium
3215 1597 3346 1667 (Lib.
3381 1612 3437 1659 tt,

1870 1689 1981 1741 cap.
2008 1675 2061 1739 8)
2089 1691 2102 1726 :
2142 1693 2159 1721 ι
2200 1675 2326 1726 Illud
2358 1687 2530 1725 autem
2558 1671 2693 1738 quod
2715 1671 2763 1722 in
2795 1669 2892 1722 hac
2920 1671 3191 1737 provincia
3229 1670 3439 1741 (Massi:

1871 1736 2053 1811 lie-usi)-
2078 1744 2325 1809 vidimus,
2358 1754 2410 1796 ιιι
2457 1736 2836 1795 ιιιιοίπιιιιειιιιε
2866 1736 2927 1791 in
2966 1742 3202 1811 clausula
3251 1736 3438 1811 psalmi

1869 1808 2053 1865 omnes
2075 1825 2307 1867 astantes
2328 1813 2611 1867 concinam
2632 1827 2750 1863 rum
2772 1812 3026 1873 clamore,
3058 1808 3237 1863 Gloria
3267 1809 3436 1865 Patri,

1867 1897 1915 1934 et
1938 1882 2098 1939 Filio.
2148 1894 2195 1937 et
2248 1885 2467 1951 Spiritui
2518 1894 2729 1942 sancto,
2775 1898 3032 1946 nusquam
3081 1897 3175 1948 per
3223 1895 3437 1951 omnem

1867 1955 2138 2007 Orientem
2192 1955 2523 2016 audivimus;
2574 1954 2667 2005 sed
2700 1966 2817 2005 cum
2846 1953 3081 2006 omnium
3110 1951 3343 2010 silentio,
3370 1950 3438 2003 ab

1869 2040 1932 2076 eo
1954 2025 2043 2092 qui
2087 2036 2265 2079 cantat
2318 2025 2464 2078 linito
2515 2026 2716 2092 psalmo
2744 2024 2890 2075 orati«
2916 2037 3036 2075 nem
3068 2021 3432 2092 ειιιὉιιόιιιαι

1871 2095 2170 2161 Aliquando
2194 2091 2723 2164 prolixiores’psalmi
2755 2093 3144 2156 dividebantur,
3168 2101 3222 2145 ut
3252 2091 3438 2164 ιιι-ξιξςῆ-

1870 2166 1947 2233 pit
1968 2160 2023 2220 S.
2056 2160 2389 2229 Bern-dictus,
2417 2175 2472 2219 et
2499 2160 2550 2219 iri
2600 2164 2702 2217 line
2734 2164 3018 2231 cuju~lihet
3044 2164 3320 2216 divisionis
3349 2160 3441 2214 ad—

1870 2236 2093 2289 debatur
2141 2235 2319 2290 Gloria
2368 2237 2552 2299 Patri;
2598 2236 2647 2288 id
2696 2237 2836 2303 quod
2889 2235 3130 2289 decernit
3153 2233 3435 2289 concilium

1871 2306 2211 2361 Narbonense
2260 2307 2343 2361 his
2370 2309 2547 2361 verbis
2577 2303 2728 2377 (Con.
2760 2306 2816 2373 ‘2)
2846 2322 2873 2377 ί
2892 2323 2915 2377 γε
2958 2305 3011 2357 III
3036 2305 3323 2373 Ρεθηεηίηδ
3354 2318 3440 2377 0'."

1872 2378 2083 2429 dinihus
2114 2393 2206 2443 per
2228 2392 2493 2447 quemque
2524 2372 2805 2442 psalmum
2832 2373 3012 2427 Gloria
3040 2372 3440 2447 dicaturpmpi-

1874 2448 2074 2513 potenti
2110 2444 2362 2518 Deo,'per
2376 2444 2605 2517 majores
2628 2461 2754 2498 vero
2784 2447 3037 2516 psalmos,
3056 2456 3214 2515 prout
3243 2444 3440 2497 fuerint

1872 2518 2211 2583 prolixiores,
2243 2519 2582 2586 pausationes
2613 2518 2761 2583 (iant,
2787 2526 2840 2569 et
2868 2532 2963 2585 per
2998 2531 3261 2584 quamque
3311 2529 3439 2582 pau-

1872 2591 2130 2642 sationem
2164 2587 2345 2642 Gloria
2370 2588 2644 2642 Trinitatis
2676 2586 2900 2640 Dmnino
2926 2587 3255 2640 decantetur.
3289 2602 3306 2636 ι

1943 2658 2241 2726 Aliquando
2270 2661 2373 2711 duo
2403 2661 2501 2711 sub
2528 2675 2626 2710 una
2660 2655 2836 2709 Gloria
2866 2658 3177 2711 dicebantur
3222 2655 3437 2725 psalmi,

1876 2740 1928 2782 ut
1956 2731 2248 2794 pra-scribit
2269 2729 2466 2799 Regula
2495 2728 2551 2782 S.
2588 2726 2879 2799 Beiiedicti,
2918 2730 3008 2780 sed
3033 2728 3083 2799 id
3116 2727 3439 2799 liefiprohi-

1875 2800 1965 2854 bet
1987 2800 2186 2869 [tegula
2212 2796 2441 2869 Magistri
2471 2814 2589 2866 cap.
2613 2797 2701 2853 55.
2727 2798 2782 2851 lu
2805 2797 3021 2851 Oriente
3044 2796 3142 2853 hac
3163 2798 3441 2852 Trinitatis

1872 2886 1905 2937 κ
1929 2868 2259 2925 oriﬂcatione
2303 2868 2621 2938 aniiplionas
2646 2868 3011 2924 tantummodo
3040 2870 3323 2923 terminare
3350 2883 3440 2921 so-

1878 2943 2083 3003 lebant,
2115 2949 2173 2993 ut
2212 2941 2395 2995 scribit
2442 2938 2746 2995 Cassianus.
2788 2940 3023 3005 Denique
3052 2941 3104 2995 in
3138 2942 3240 2992 line
3270 2939 3440 2994 ultimi

1876 3011 2199 3080 responsorii
2228 3012 2590 3080 cujuscunque
2621 3012 2863 3066 nocturni
2886 3026 2914 3063 a
2943 3010 3004 3065 S.
3039 3010 3326 3065 Benedicm
3347 3011 3442 3065 de-

1876 3083 2111 3136 cerniaur
2131 3083 2255 3142 dici.
2288 3092 2443 3150 atque
2474 3084 2523 3133 in
2546 3082 2899 3150 responSoriis
2920 3082 3158 3135 crebrius
3183 3096 3210 3133 a
3250 3083 3445 3134 [toma-

206 3165 327 3201 cum
358 3152 666 3221 Vasmnensi
699 3167 756 3216 ll,
810 3152 910 3204 sub
936 3151 1113 3205 Leone
1142 3153 1327 3219 Magno
1370 3151 1468 3205 hac
1497 3151 1770 3204 sanctione
1797 3148 1841 3210 C
1876 3156 1957 3207 nis
1984 3156 2225 3221 usurpari
2251 3148 2439 3207 asserit
2464 3148 2749 3205 Walfridus
2771 3167 2887 3220 cap.
2918 3153 3009 3207 25.
3046 3153 3119 3206 De
3146 3152 3255 3221 hoc
3274 3153 3447 3205 versia

205 3223 389 3275 edita:
429 3238 448 3273 ι
486 3220 617 3286 Quia
672 3236 776 3281 non
817 3222 988 3275 solum
1044 3221 1094 3274 in
1144 3223 1271 3275 sede
1314 3222 1599 3288 apostolica
1626 3260 1641 3282 ,
1673 3222 1765 3274 sed

205 3295 370 3360 etiam
397 3307 491 3360 per
521 3302 688 3345 totum
718 3292 988 3345 Orientem
1013 3302 1067 3346 et
1094 3299 1259 3344 totam
1301 3294 1532 3346 Atricam
1560 3293 1641 3344 vel
1665 3291 1767 3345 Ita-

205 3358 354 3425 liam,
388 3358 603 3429 prOpter
630 3363 1001 3416 haereticorum
1027 3363 1297 3422 astutiam,
1325 3378 1425 3430 qua
1454 3363 1543 3416 Dei
1577 3361 1766 3413 Filium

206 3446 313 3485 non
338 3448 553 3500 semper
576 3448 696 3487 cum
723 3433 880 3486 Patre
902 3433 1085 3493 fuisse,
1105 3436 1194 3485 sed
1226 3448 1252 3483 a
1279 3444 1516 3500 tempore
1540 3435 1770 3492 omnisse

206 3503 600 3568 blasphemant,
632 3504 682 3557 in
715 3504 961 3557 onmibus
978 3503 1227 3558 clausulis
1250 3512 1367 3562 μοςι
1397 3501 1573 3555 Gloria
1599 3500 1764 3565 Patri,

205 3582 255 3625 et
285 3573 441 3633 Filio.
471 3585 520 3627 et
547 3574 769 3638 Spiritui
797 3584 993 3639 sancto,
1041 3573 1187 3627 Sicut
1214 3585 1318 3624 emt
1341 3575 1393 3625 in
1424 3574 1687 3642 principio,
1723 3582 1768 3625 et

206 3653 711 3707 utrunetsemper,”
732 3645 783 3695 in
798 3646 982 3697 stccula
1008 3646 1329 3704 surculorum,
1361 3644 1517 3695 Amen
1547 3645 1766 3696 dicitur:

203 3715 368 3767 etiam
400 3730 496 3768 nos
516 3714 568 3768 iu
590 3715 847 3768 universis
867 3715 1107 3768 ecclesiis
1134 3715 1329 3767 nostris
1362 3716 1459 3768 hoc
1491 3716 1560 3766 ita
1592 3714 1773 3768 dicen-

204 3786 331 3837 dum
364 3800 483 3838 esse
508 3787 864 3838 decernimus.
897 3804 914 3836 ι
950 3788 1257 3853 Quanquam
1292 3787 1403 3839 lucc
1423 3786 1579 3836 verba
1612 3797 1772 3837 totum

208 3856 471 3907 Urimtem
526 3856 764 3909 addititia
817 3870 935 3910 esse
983 3856 1249 3909 exisdmet
1304 3855 1619 3917 Menardus,
1650 3869 1770 3908 eum

206 3941 469 3994 nusquam
492 3929 755 3993 repereris
770 3937 907 3995 apud
932 3924 1146 3979 Grzccos
1170 3926 1313 3979 Sicut
1334 3929 1502 3977 eratin
1520 3927 1772 3994 principio

203 3996 372 4053 [uisse
404 3998 454 4053 in
479 4011 599 4051 usu.
656 3997 757 4050 Sed
806 4007 860 4050 et
892 3996 1176 4049 Walfrtdns
1221 4010 1338 4063 cap.
1368 3997 1437 4047 εδ
1464 3998 1535 4047 ait
1560 3996 1773 4048 Cra-cos

202 4082 311 4118 non
342 4067 522 4119 dicere
550 4067 697 4121 Sicut
721 4078 827 4119 erat
856 4068 905 4120 in
934 4067 1181 4135 principio
1202 4108 1215 4129 ,
1250 4066 1341 4119 sed
1392 4067 1492 4119 hoc
1522 4066 1679 4119 modo
1710 4065 1774 4118 Et

201 4152 363 4198 ιιιηιο,
392 4146 442 4190 et
466 4153 682 4205 scalper,
715 4146 758 4190 et
786 4140 837 4190 iu
866 4138 1052 4191 alecula
1080 4137 1398 4190 swculorum.
1430 4136 1609 4188 Amen.

276 4208 463 4260 Modus
490 4210 641 4262 illum
684 4207 1014 4277 exprimendi
1066 4207 1243 4261 varius
1271 4206 1363 4260 fuit
1393 4222 1447 4260 οι
1479 4207 1771 4277 multiplex.

202 4278 265 4331 ιο
295 4277 475 4332 Gloria
501 4279 663 4339 Patri,
693 4289 739 4331 et
756 4274 924 4338 Filio,
952 4288 1000 4332 et
1032 4278 1252 4345 Spiritui
1290 4288 1483 4331 sancto.
1514 4278 1571 4330 2"
1604 4274 1682 4330 Ex
1711 4280 1773 4332 S.

204 4349 407 4402 Basilio
439 4348 528 4401 lib.
562 4350 627 4403 de
654 4348 796 4414 Spir.
830 4362 1014 4403 sancto
1051 4362 1169 4415 cap.
1200 4347 1299 4400 27:
1330 4347 1508 4401 Gloria
1530 4345 1699 4413 Patri,
1728 4358 1776 4399 el

202 4416 371 4481 Filio,
399 4434 512 4471 cum
546 4418 606 4473 S.
658 4420 881 4485 Spiritu.
936 4419 993 4474 5⁸
1021 4417 1199 4472 Gloria
1241 4430 1288 4471 et
1329 4418 1492 4471 honor
1518 4417 1689 4480 Patri,
1728 4429 1776 4472 et

201 4490 366 4550 Filio,
394 4502 443 4541 et
488 4490 709 4559 Spiritui
749 4500 922 4543 sancto
951 4505 971 4544 :
995 4491 1084 4557 qui
1138 4489 1326 4542 modus
1374 4490 1690 4555 exprimitur
1720 4489 1770 4543 in

205 4561 320 4613 Vita
354 4561 411 4613 S.
445 4559 694 4627 Eugeniae
723 4575 879 4628 supra
906 4560 1087 4624 citata,
1115 4568 1169 4613 et
1217 4562 1522 4613 decernitur
1550 4561 1603 4612 in
1645 4574 1770 4613 con-

201 4632 330 4684 cilto
377 4631 636 4684 Toletauo
683 4646 770 4693 ιν,
808 4646 927 4685 can.
956 4632 1052 4691 16,
1107 4630 1189 4682 bis
1234 4633 1453 4683 verbis:
1493 4648 1510 4679 t
1562 4629 1615 4681 ltl
1669 4634 1773 4685 line

202 4702 532 4767 psalmorum
583 4716 686 4754 non
727 4704 865 4757 sicut
891 4718 918 4753 a
946 4701 1263 4769 quihusdam
1295 4702 1568 4769 hucusque
1591 4699 1771 4754 Gloria

202 4769 388 4834 Puri,
420 4772 513 4826 sed
543 4770 722 4827 Glaria
751 4782 797 4823 et
835 4772 996 4825 honor
1026 4771 1175 4825 Patri
1199 4772 1424 4832 dicatur,
1463 4770 1623 4823 ltavid
1651 4788 1772 4840 pro-

198 4842 365 4909 pheta
396 4842 605 4896 dicente
647 4860 659 4895 :
693 4841 883 4906 A/Terte
912 4843 1131 4895 Domino
1162 4842 1375 4910 gloriam
1396 4852 1443 4894 et
1472 4845 1729 4894 honorem.
1748 4859 1766 4891 ι

203 4912 265 4963 ιο
295 4912 475 4965 Ariani
508 4912 682 4966 verbis
729 4913 968 4979 Apostoli
1018 4912 1081 4965 ad
1114 4926 1222 4965 suae
1254 4914 1518 4966 Increseos
1547 4911 1773 4979 patroci-

201 4981 353 5034 nium
380 4984 682 5044 abutentes,
714 4984 782 5034 ita
829 4983 1121 5037 elferebaut
1147 4998 1163 5036 :
1195 4981 1371 5035 Gloria
1398 4981 1542 5034 Patri
1560 4998 1650 5049 per
1682 4981 1775 5035 Fi-

200 5052 330 5104 lium
355 5054 405 5104 in
438 5052 637 5121 Spiritu
660 5067 856 5113 saneto,
905 5065 963 5107 ut
1000 5062 1210 5106 constat
1232 5068 1296 5105 ex
1329 5053 1666 5106 Theodoreto
1692 5053 1725 5106 l.
1758 5069 1772 5107 ι

203 5124 342 5176 Hist.
371 5130 531 5179 eccl..
563 5140 611 5181 c.
636 5124 727 5184 Si,
758 5125 843 5177 ubi
876 5125 1128 5177 Leontius
1160 5125 1454 5190 patriarcha
1486 5123 1775 5175 Antioche-

200 5209 326 5259 nus,
356 5204 410 5245 ut
432 5194 787 5247 dissimularet
815 5195 1082 5255 haeresim,
1131 5210 1251 5246 cum
1282 5204 1423 5246 esset
1472 5193 1522 5262 in
1564 5196 1771 5262 synaxi,

198 5269 319 5317 lure
348 5268 585 5331 ejusdem
613 5270 789 5333 hymni
814 5267 972 5318 verba
996 5263 1170 5317 Gloria
1200 5262 1347 5315 Patri
1377 5279 1464 5331 per
1496 5261 1691 5316 Filium
1723 5268 1774 5316 in

201 5335 409 5401 Spiritu
434 5346 610 5387 sancta
640 5335 904 5389 subtiiisse
927 5336 1167 5396 dicenat;
1199 5334 1397 5401 reliqua
1429 5348 1557 5387 vero
1606 5335 1657 5385 in
1680 5352 1775 5388 sar-

198 5407 323 5457 cuia
342 5408 648 5458 sucu/orum
689 5409 829 5459 clare
880 5416 934 5459 et
976 5405 1240 5459 distincte.
1273 5406 1334 5458 5°
1382 5404 1599 5469 Vigilius
1641 5421 1773 5474 papa

197 5482 361 5541 epist.
394 5492 406 5528 ι
437 5486 594 5530 ettam
624 5477 970 5544 quorumdam
1022 5475 1361 5543 reprehendit
1391 5490 1653 5539 errorem,
1686 5478 1774 5541 qui

196 5545 467 5601 subducta
496 5561 597 5601 una
620 5548 951 5613 coniunctiva
971 5546 1189 5617 syllaba,
1219 5550 1510 5611 perfectum
1535 5547 1629 5600 SS.
1656 5546 1774 5599 Tri-

199 5618 384 5669 nitatis
440 5619 751 5670 vocabulum
819 5618 1058 5670 minuere
1117 5621 1485 5684 conabantur,
1536 5618 1774 5672 dicentes

199 5685 384 5742 Gloria
418 5685 563 5741 Patri
587 5697 633 5739 et
655 5684 796 5738 Filio
820 5687 1039 5752 Spiritui
1065 5695 1261 5739 sancto.

269 5759 422 5824 Quod
444 5768 653 5825 spectat
677 5758 742 5810 ad
764 5757 1133 5825 appendicem,
1154 5756 1390 5812 Joannes
1405 5756 1546 5810 Bona
1576 5758 1773 5814 asserit

470 5862 739 5925 ΡΑτιιοι..
792 5870 988 5931 LXVI
1005 5912 1021 5930 .

1873 3225 1995 3276 culo
2023 3237 2301 3278 tractatum
2360 3224 2716 3295 Anagogicum
2746 3223 2911 3295 edidit
2940 3223 3187 3295 Joannes
3206 3220 3439 3295 Gerson.

1870 3310 2023 3361 quem
2055 3296 2295 3360 consule,
2322 3294 2364 3346 si
2394 3292 2559 3354 lubet,
2588 3304 2715 3347 tom.
2751 3292 2815 3346 Ill
2843 3293 2909 3347 de
2940 3293 3148 3363 llymno
3170 3292 3369 3362 glortm.

1943 3364 2067 3416 Post
2092 3368 2225 3417 hunc
2251 3364 2475 3433 psalmus
2503 3365 2854 3433 nonagesimus
2875 3363 3133 3434 quartus.]
3186 3368 3435 3415 luvtatn-

1870 3437 1980 3488 rTus
2010 3435 2264 3504 appellari
2294 3435 2499 3496 solitus,
2533 3450 2689 3505 quem
2723 3434 2921 3505 llegula
2950 3434 3180 3501 Magistri
3215 3434 3439 3505 Respon-

1871 3505 2062 3557 sorium
2114 3505 2435 3565 hortatiouis,
2469 3505 2526 3559 S.
2558 3504 2805 3558 l'sidorus
2850 3504 2901 3557 in
2948 3506 3119 3558 ollicio
3160 3506 3443 3559 Mozarabo

1872 3576 2069 3629 Sanum
2101 3587 2274 3629 vocat.
2308 3575 2522 3628 Huncin
2550 3576 2667 3642 ipso
2688 3574 2775 3628 div
2802 3576 2850 3627 ni
2880 3574 3039 3628 ofﬁcit
3067 3576 3287 3629 exordio
3316 3587 3440 3632 ante

1871 3648 1925 3697 S.
1957 3647 2225 3701 Benedicti
2260 3656 2497 3714 tempora
2534 3648 2811 3700 recitatum
2851 3645 3013 3698 fuisse
3043 3655 3251 3699 constat
3276 3662 3336 3698 ex
3374 3650 3433 3703 s.

1872 3717 2162 3770 Athanasio
2193 3727 2419 3770 testante
2444 3717 2640 3779 (Serm.
2665 3718 2727 3769 de
2756 3716 2996 3785 Deipara)
3018 3715 3346 3769 Christianos
3370 3718 3437 3771 ad

1874 3802 2089 3853 precum
2113 3789 2423 3857 principium
2446 3787 2731 3841 invitantes
2760 3786 2984 3857 invicem
3003 3787 3437 3854 ctadliortantes,

1874 3859 2108 3911 clamare
2134 3859 2320 3912 SOlllOS
2346 3859 2507 3911 verba
2540 3859 2695 3924 hujus
2720 3856 2923 3923 psalmi.

1950 3931 2022 3982 De
2048 3930 2189 3982 illius
2216 3944 2312 3983 usu
2341 3930 2410 3983 ita
2438 3929 2624 3982 scribit
2639 3927 2921 3982 cardinalis
2953 3925 3091 3979 Bona
3125 3925 3224 3994 (De
3262 3927 3436 3984 Diiiiu.

1876 4000 2027 4053 Psal.
2060 4016 2173 4071 cap.
2203 3999 2290 4063 16,
2320 3999 2347 4069 §
2373 4000 2429 4068 8)
2461 4018 2473 4071 ς
2510 4018 2528 4049 ‹
2566 4000 2775 4071 Marcus
2796 3998 3015 4053 Gazrcus
3039 3998 3319 4062 Diaconos,
3349 4007 3440 4069 qui

1875 4072 2085 4125 vivebat
2123 4069 2267 4123 anno
2326 4069 2529 4123 ltoniini
2579 4069 2720 4133 450,
2763 4073 3154 4138 processioiiem
3186 4070 3441 4125 describit

1874 4142 2071 4195 Christi
2131 4141 2365 4194 ﬁdelium
2409 4141 2669 4209 psalmum
2723 4140 2902 4193 Venite
2923 4142 3229 4195 exsultemus
3256 4145 3439 4196 conci-

1878 4212 2112 4266 nentium
2133 4252 2147 4276 ,
2176 4221 2229 4264 et
2258 4211 2310 4265 in
2353 4212 2735 4266 versiculorum
2769 4210 2957 4280 psalmi
2991 4212 3328 4266 intercisione
3357 4214 3441 4266 di-

1876 4283 2106 4338 centium
2135 4281 2371 4346 alleluia;
2389 4297 2506 4352 qum
2525 4282 2815 4336 modulatio
2842 4283 3119 4351 quamdam
3151 4282 3441 4339 invitatorii

1877 4355 2109 4420 speciem
2132 4361 2500 4420 repraesentat.
2527 4353 2948 4421 Scribitquoiiue
2978 4353 3273 4407 Ain/«larius
3301 4354 3442 4409 hunc

1879 4425 2143 4493 psalmum
2159 4438 2218 4478 se
2246 4423 2923 4489 audisseConstantinOpoli
2944 4422 2996 4476 ln
3020 4424 3243 4478 ecclesia
3268 4424 3323 4477 S.
3344 4426 3444 4479 So-

1881 4496 2017 4563 phia:
2045 4497 2093 4547 in
2118 4494 2381 4563 principio
2402 4496 2579 4547 missae
2607 4494 2885 4549 celebrari.
2914 4495 3059 4550 Solet
3079 4494 3310 4547 Ecclesia
3337 4494 3442 4548 Ro-

1877 4581 2030 4619 mana
2056 4565 2422 4618 invitatorium
2438 4565 2685 4619 omittere
2703 4568 2754 4617 in
2774 4565 2888 4618 solo
2905 4565 3083 4617 ollicio
3102 4564 3407 4632 Epiphania:
3425 4583 3439 4629 ;

1872 4639 1959 4706 qui
1989 4636 2123 4690 ritus
2152 4636 2550 4706 antiquiSsimus
2577 4644 2678 4695 est,
2709 4645 2842 4688 teste
2858 4634 3081 4706 Alcuino
3106 4646 3161 4687 et
3191 4637 3436 4706 llugone;

1875 4704 1985 4759 tum
2011 4708 2132 4774 quia
2166 4704 2333 4759 totum
2359 4705 2590 4759 olﬁcium
2620 4716 2700 4759 est
2716 4705 3077 4777 devocatione
3108 4704 3363 4773 gentium,
3390 4717 3444 4777 ut

1876 4778 2032 4831 docet
2048 4778 2436 4839 Bonaventura,
2456 4786 2582 4830 etea
2603 4780 2760 4831 verba
2778 4776 3106 4844 frequentius
3136 4778 3395 4829 iterantur
3419 4792 3433 4831 :

1887 4847 2062 4900 Venite
2087 4850 2358 4901 adoremus
2386 4861 2531 4909 eum;
2550 4859 2655 4899 tum
2676 4849 2795 4912 quia
2814 4846 2949 4902 idem
2973 4846 3269 4914 psalmusin
3289 4848 3446 4902 lertio

1878 4934 2138 4972 nocturno
2169 4928 2438 4982 cantatur;
2493 4918 2873 4971 inconveniens
2902 4927 3079 4970 autem
3108 4928 3251 4971 esset
3282 4917 3361 4971 bis
3391 4917 3443 4971 in

1879 4990 2067 5043 eodem
2105 4989 2281 5041 ofﬁcio
2322 4987 2570 5042 eumdem
2602 4988 2860 5054 psalmum
2891 4988 3118 5040 recitari.
3163 4990 3269 5041 nos
3297 5004 3445 5053 vero,

1879 5062 1969 5121 qui
1998 5076 2061 5113 ex
2094 5059 2401 5127 praescripto
2440 5060 2637 5128 regula:
2666 5070 2860 5111 nostra:
2906 5059 2957 5109 in
2986 5062 3143 5111 tertio
3187 5070 3447 5113 nocturno

1880 5133 1978 5183 tria
2017 5135 2221 5183 cantica
2268 5144 2298 5182 e
2343 5129 2517 5182 Veteri
2569 5129 2910 5181 Testamento
2958 5129 3275 5196 psallimus.
3337 5132 3459 5197 ipsa

1882 5212 2042 5253 etiam
2069 5201 2431 5267 Apparitionis
2479 5201 2565 5253 die
2595 5199 2957 5251 invitatorium
2991 5216 3138 5251 more
3176 5201 3333 5253 solito
3358 5201 3447 5252 de-

1880 5284 2174 5324 canlamns.
2199 5290 2215 5319 ι
2251 5271 2513 5323 Hactenus
2530 5271 2813 5322 cardinalis
2834 5272 2998 5325 Bona.
3021 5271 3239 5322 Constat
3269 5281 3445 5323 tamen

1883 5360 1943 5394 ev
1973 5342 2223 5394 Ainalarii
2254 5342 2634 5410 Supplementa
2663 5342 2915 5410 (Analect.
2950 5350 3071 5392 tom.
3092 5339 3162 5409 ll)
3194 5342 3446 5393 omissum

1884 5413 2048 5465 fuisse
2078 5413 2200 5465 olim
2225 5414 2381 5465 etiam
2409 5414 2546 5479 apud
2568 5411 3002 5483 Benedictinosin
3028 5410 3187 5483 266
3216 5410 3450 5483 Epipha-

1885 5484 1971 5535 nia
2007 5484 2145 5536 ltttnc
2177 5499 2208 5551 p
2240 5484 2458 5545 almum,
2514 5490 2568 5536 et
2613 5484 2663 5535 in
2708 5482 2944 5536 secundo
2972 5496 3229 5534 nocturno
3254 5481 3450 5534 det-anc

1883 5562 2070 5605 totum.

1953 5622 2078 5674 Cum
2095 5622 2422 5693 autiphonn.]
2444 5623 2798 5693 Antiphonam
2817 5623 2900 5677 hic
2918 5633 3068 5675 vocat
3092 5622 3453 5693 invitatoriam

1884 5693 2004 5746 huic
2032 5698 2235 5761 psalmo
2267 5692 2514 5760 praemitti
2571 5692 2808 5755 suillum,
2862 5694 3008 5747 verbi
3039 5694 3235 5765 gratia,
3272 5692 3453 5760 Regem

1879 5765 2223 5833 confessorum
2259 5766 2529 5817 Dominum
2558 5767 2718 5819 venit:
2738 5769 3030 5832 adoremus,
3064 5766 3205 5831 (ιιιοά
3234 5767 3449 5819 Αιιιιιιεο

3093 5878 3166 5938 13
