  <div class='ocr_page' id='page_1' title='image "/cluster/home/n/w/nwhite01/storage/ocr_20150623/66/hvd.32044054758701/219.png"; bbox 0 0 3952 6182; ppageno 0'>
   <div class='ocr_carea' id='block_1_1' title="bbox 541 254 644 308">
    <p class='ocr_par' dir='ltr' id='par_1_1' title="bbox 541 254 644 308">
     <span class='ocr_line' id='line_1_1' title="bbox 541 254 644 308; baseline 0 -1"><span class='ocrx_word' id='word_1_1' title='bbox 541 254 644 308; x_wconf 61' lang='grc'><strong>427</strong></span> 
     </span>
    </p>
   </div>
   <div class='ocr_carea' id='block_1_2' title="bbox 1886 246 2130 303">
    <p class='ocr_par' dir='ltr' id='par_1_2' title="bbox 1886 248 2125 303">
     <span class='ocr_line' id='line_1_2' title="bbox 1886 248 2125 303; baseline -0.004 0"><span class='ocrx_word' id='word_1_2' title='bbox 1886 248 2125 303; x_wconf 78' lang='lat' dir='ltr'><strong>S.P.B</strong></span> 
     </span>
    </p>
   </div>
   <div class='ocr_carea' id='block_1_3' title="bbox 2236 246 3781 303">
    <p class='ocr_par' dir='ltr' id='par_1_3' title="bbox 2236 246 3781 301">
     <span class='ocr_line' id='line_1_3' title="bbox 2236 246 3781 301; baseline -0.001 0"><span class='ocrx_word' id='word_1_3' title='bbox 2236 246 2446 301; x_wconf 66' lang='lat' dir='ltr'><strong>iLDil.Ti</strong></span> <span class='ocrx_word' id='word_1_4' title='bbox 3688 247 3781 300; x_wconf 63' lang='lat'><strong>428</strong></span> 
     </span>
    </p>
   </div>
   <div class='ocr_carea' id='block_1_4' title="bbox 546 357 3777 433">
    <p class='ocr_par' dir='ltr' id='par_1_4' title="bbox 546 357 3777 433">
     <span class='ocr_line' id='line_1_4' title="bbox 546 357 3777 433; baseline -0.002 -14"><span class='ocrx_word' id='word_1_5' title='bbox 546 367 657 421; x_wconf 89' lang='lat' dir='ltr'><strong>rius</strong></span> <span class='ocrx_word' id='word_1_6' title='bbox 679 363 779 426; x_wconf 81' lang='lat' dir='ltr'><strong>(De</strong></span> <span class='ocrx_word' id='word_1_7' title='bbox 811 364 937 417; x_wconf 86' lang='lat' dir='ltr'><strong>0rd.</strong></span> <span class='ocrx_word' id='word_1_8' title='bbox 971 363 1090 415; x_wconf 78' lang='lat' dir='ltr'><strong>Ant.</strong></span> <span class='ocrx_word' id='word_1_9' title='bbox 1122 378 1235 433; x_wconf 86' lang='lat' dir='ltr'><strong>cap.</strong></span> <span class='ocrx_word' id='word_1_10' title='bbox 1284 360 1353 416; x_wconf 80' lang='lat'><strong>69</strong></span> <span class='ocrx_word' id='word_1_11' title='bbox 1383 371 1429 414; x_wconf 88' lang='lat' dir='ltr'><strong>et</strong></span> <span class='ocrx_word' id='word_1_12' title='bbox 1458 361 1546 427; x_wconf 81' lang='lat'><strong>70)</strong></span> <span class='ocrx_word' id='word_1_13' title='bbox 1580 368 1735 433; x_wconf 75' lang='lat' dir='ltr'><strong>vocat</strong></span> <span class='ocrx_word' id='word_1_14' title='bbox 1758 360 2113 415; x_wconf 72' lang='lat' dir='ltr'><strong>invitatoriam</strong></span> <span class='ocrx_word' id='word_1_15' title='bbox 2148 370 2199 425; x_wconf 75' lang='grc' dir='ltr'>Α</span> <span class='ocrx_word' id='word_1_16' title='bbox 2227 365 2367 414; x_wconf 81' lang='lat' dir='ltr'><strong>iuras</strong></span> <span class='ocrx_word' id='word_1_17' title='bbox 2413 360 2577 414; x_wconf 75' lang='lat' dir='ltr'><strong>exivit</strong></span> <span class='ocrx_word' id='word_1_18' title='bbox 2609 374 2702 428; x_wconf 88' lang='lat' dir='ltr'><strong>per</strong></span> <span class='ocrx_word' id='word_1_19' title='bbox 2744 360 3110 433; x_wconf 81' lang='lat' dir='ltr'><strong>evagationcm</strong></span> <span class='ocrx_word' id='word_1_20' title='bbox 3138 398 3151 420; x_wconf 84' lang='lat'><strong>.</strong></span> <span class='ocrx_word' id='word_1_21' title='bbox 3195 367 3492 433; x_wconf 78' lang='lat' dir='ltr'><strong>revertatur</strong></span> <span class='ocrx_word' id='word_1_22' title='bbox 3532 358 3598 411; x_wconf 90' lang='lat' dir='ltr'><strong>ad</strong></span> <span class='ocrx_word' id='word_1_23' title='bbox 3621 357 3777 433; x_wconf 64' lang='lat' dir='ltr'><strong>peiuri</strong></span> 
     </span>
    </p>
   </div>
   <div class='ocr_carea' id='block_1_5' title="bbox 548 432 2117 501">
    <p class='ocr_par' dir='ltr' id='par_1_5' title="bbox 548 432 2117 501">
     <span class='ocr_line' id='line_1_5' title="bbox 548 432 2117 501; baseline -0.005 -10"><span class='ocrx_word' id='word_1_24' title='bbox 548 437 893 500; x_wconf 84' lang='lat' dir='ltr'><strong>antipbonam</strong></span> <span class='ocrx_word' id='word_1_25' title='bbox 932 451 942 485; x_wconf 95' lang='lat'>:</span> <span class='ocrx_word' id='word_1_26' title='bbox 990 434 1041 485; x_wconf 91' lang='lat' dir='ltr'><strong>id</strong></span> <span class='ocrx_word' id='word_1_27' title='bbox 1086 432 1224 501; x_wconf 80' lang='lat' dir='ltr'><strong>quod</strong></span> <span class='ocrx_word' id='word_1_28' title='bbox 1252 434 1533 486; x_wconf 87' lang='lat' dir='ltr'><strong>conlirmat</strong></span> <span class='ocrx_word' id='word_1_29' title='bbox 1554 432 1697 484; x_wconf 83' lang='lat' dir='ltr'><strong>Ordo</strong></span> <span class='ocrx_word' id='word_1_30' title='bbox 1723 432 1904 501; x_wconf 46' lang='lat' dir='ltr'><strong>lium&quot;</strong></span> <span class='ocrx_word' id='word_1_31' title='bbox 1930 434 1980 484; x_wconf 91' lang='lat' dir='ltr'><strong>in</strong></span> <span class='ocrx_word' id='word_1_32' title='bbox 2012 447 2117 500; x_wconf 90' lang='lat' dir='ltr'><strong>quo</strong></span> 
     </span>
    </p>
   </div>
   <div class='ocr_carea' id='block_1_6' title="bbox 547 500 2120 575">
    <p class='ocr_par' dir='ltr' id='par_1_6' title="bbox 547 500 2120 575">
     <span class='ocr_line' id='line_1_6' title="bbox 547 500 2120 575; baseline -0.004 -17"><span class='ocrx_word' id='word_1_33' title='bbox 547 507 611 558; x_wconf 85' lang='lat' dir='ltr'><strong>ad</strong></span> <span class='ocrx_word' id='word_1_34' title='bbox 641 506 845 575; x_wconf 78' lang='lat' dir='ltr'><strong>vigilias</strong></span> <span class='ocrx_word' id='word_1_35' title='bbox 871 502 1088 557; x_wconf 69' lang='lat' dir='ltr'><strong>Paschae</strong></span> <span class='ocrx_word' id='word_1_36' title='bbox 1108 500 1309 575; x_wconf 83' lang='lat' dir='ltr'><strong>legitur</strong></span> <span class='ocrx_word' id='word_1_37' title='bbox 1340 520 1355 558; x_wconf 84' lang='lat'><strong>:</strong></span> <span class='ocrx_word' id='word_1_38' title='bbox 1390 502 1538 575; x_wconf 72' lang='lat' dir='ltr'><strong>Infra</strong></span> <span class='ocrx_word' id='word_1_39' title='bbox 1561 501 1703 575; x_wconf 78' lang='lat' dir='ltr'><strong>albn_s</strong></span> <span class='ocrx_word' id='word_1_40' title='bbox 1734 500 1947 555; x_wconf 76' lang='lat' dir='ltr'><strong>Pascha:</strong></span> <span class='ocrx_word' id='word_1_41' title='bbox 1967 519 2120 569; x_wconf 71' lang='lat' dir='ltr'><strong>super</strong></span> 
     </span>
    </p>
   </div>
   <div class='ocr_carea' id='block_1_7' title="bbox 563 571 2113 644">
    <p class='ocr_par' dir='ltr' id='par_1_7' title="bbox 563 571 2113 644">
     <span class='ocr_line' id='line_1_7' title="bbox 563 571 2113 644; baseline -0.005 -15"><span class='ocrx_word' id='word_1_42' title='bbox 563 571 746 630; x_wconf 72' lang='lat' dir='ltr'><strong>Venite</strong></span> <span class='ocrx_word' id='word_1_43' title='bbox 768 577 953 627; x_wconf 84' lang='lat' dir='ltr'><strong>dicitur</strong></span> <span class='ocrx_word' id='word_1_44' title='bbox 981 571 1262 644; x_wconf 77' lang='lat' dir='ltr'><strong>antiphona</strong></span> <span class='ocrx_word' id='word_1_45' title='bbox 1292 590 1310 627; x_wconf 90' lang='lat'><em>:</em></span> <span class='ocrx_word' id='word_1_46' title='bbox 1342 594 1359 624; x_wconf 80' lang='grc' dir='ltr'><strong>ι</strong></span> <span class='ocrx_word' id='word_1_47' title='bbox 1393 573 1625 629; x_wconf 71' lang='lat' dir='ltr'><strong>Surrexit</strong></span> <span class='ocrx_word' id='word_1_48' title='bbox 1650 571 1900 624; x_wconf 78' lang='lat' dir='ltr'><strong>Dominus</strong></span> <span class='ocrx_word' id='word_1_49' title='bbox 1928 588 2060 625; x_wconf 78' lang='lat' dir='ltr'><strong>vere.</strong></span> <span class='ocrx_word' id='word_1_50' title='bbox 2097 592 2113 622; x_wconf 78' lang='grc' dir='ltr'><strong>ι</strong></span> 
     </span>
    </p>
   </div>
   <div class='ocr_carea' id='block_1_8' title="bbox 559 644 2122 713">
    <p class='ocr_par' dir='ltr' id='par_1_8' title="bbox 559 644 2122 713">
     <span class='ocr_line' id='line_1_8' title="bbox 559 644 2122 713; baseline -0.004 -11"><span class='ocrx_word' id='word_1_51' title='bbox 559 647 833 713; x_wconf 76' lang='lat' dir='ltr'><strong>Hepetitnr</strong></span> <span class='ocrx_word' id='word_1_52' title='bbox 857 654 1030 697; x_wconf 86' lang='lat' dir='ltr'><strong>autem</strong></span> <span class='ocrx_word' id='word_1_53' title='bbox 1057 655 1147 697; x_wconf 87' lang='lat' dir='ltr'><strong>aut</strong></span> <span class='ocrx_word' id='word_1_54' title='bbox 1170 660 1234 697; x_wconf 79' lang='lat' dir='ltr'><strong>ex</strong></span> <span class='ocrx_word' id='word_1_55' title='bbox 1259 654 1391 709; x_wconf 88' lang='lat' dir='ltr'><strong>toto,</strong></span> <span class='ocrx_word' id='word_1_56' title='bbox 1417 656 1509 696; x_wconf 88' lang='lat' dir='ltr'><strong>aut</strong></span> <span class='ocrx_word' id='word_1_57' title='bbox 1529 660 1592 697; x_wconf 78' lang='lat' dir='ltr'><strong>ex</strong></span> <span class='ocrx_word' id='word_1_58' title='bbox 1625 652 1771 711; x_wconf 85' lang='lat' dir='ltr'><strong>parte</strong></span> <span class='ocrx_word' id='word_1_59' title='bbox 1796 645 1858 694; x_wconf 89' lang='lat' dir='ltr'><strong>ad</strong></span> <span class='ocrx_word' id='word_1_60' title='bbox 1884 644 2122 710; x_wconf 79' lang='lat' dir='ltr'><strong>singulos</strong></span> 
     </span>
    </p>
   </div>
   <div class='ocr_carea' id='block_1_9' title="bbox 552 713 2122 784">
    <p class='ocr_par' dir='ltr' id='par_1_9' title="bbox 552 713 2122 784">
     <span class='ocr_line' id='line_1_9' title="bbox 552 713 2122 784; baseline -0.001 -16"><span class='ocrx_word' id='word_1_61' title='bbox 552 719 736 784; x_wconf 83' lang='lat' dir='ltr'><strong>psalmi</strong></span> <span class='ocrx_word' id='word_1_62' title='bbox 768 715 1094 778; x_wconf 82' lang='lat' dir='ltr'><strong>versiculos;</strong></span> <span class='ocrx_word' id='word_1_63' title='bbox 1126 714 1284 782; x_wconf 82' lang='lat' dir='ltr'><strong>idque</strong></span> <span class='ocrx_word' id='word_1_64' title='bbox 1312 730 1340 767; x_wconf 92' lang='lat' dir='ltr'><strong>a</strong></span> <span class='ocrx_word' id='word_1_65' title='bbox 1373 725 1612 783; x_wconf 81' lang='lat' dir='ltr'><strong>tempore</strong></span> <span class='ocrx_word' id='word_1_66' title='bbox 1643 715 1698 768; x_wconf 87' lang='grc'><strong>8.</strong></span> <span class='ocrx_word' id='word_1_67' title='bbox 1734 713 2036 778; x_wconf 87' lang='lat' dir='ltr'><strong>Benedicti,</strong></span> <span class='ocrx_word' id='word_1_68' title='bbox 2065 721 2122 767; x_wconf 88' lang='lat' dir='ltr'><strong>ut</strong></span> 
     </span>
    </p>
   </div>
   <div class='ocr_carea' id='block_1_10' title="bbox 554 784 1811 839">
    <p class='ocr_par' dir='ltr' id='par_1_10' title="bbox 554 784 1811 839">
     <span class='ocr_line' id='line_1_10' title="bbox 554 784 1811 839; baseline -0.002 0"><span class='ocrx_word' id='word_1_69' title='bbox 554 788 738 839; x_wconf 82' lang='lat' dir='ltr'><strong>scribit</strong></span> <span class='ocrx_word' id='word_1_70' title='bbox 776 784 1033 838; x_wconf 83' lang='lat' dir='ltr'><strong>Bolierius</strong></span> <span class='ocrx_word' id='word_1_71' title='bbox 1065 785 1115 837; x_wconf 92' lang='lat' dir='ltr'><strong>in</strong></span> <span class='ocrx_word' id='word_1_72' title='bbox 1149 786 1383 838; x_wconf 85' lang='lat' dir='ltr'><strong>secundo</strong></span> <span class='ocrx_word' id='word_1_73' title='bbox 1410 785 1811 838; x_wconf 82' lang='lat' dir='ltr'><strong>commentario.</strong></span> 
     </span>
    </p>
   </div>
   <div class='ocr_carea' id='block_1_11' title="bbox 623 854 2124 926">
    <p class='ocr_par' dir='ltr' id='par_1_11' title="bbox 623 854 2124 926">
     <span class='ocr_line' id='line_1_11' title="bbox 623 854 2124 926; baseline 0 -19"><span class='ocrx_word' id='word_1_74' title='bbox 623 859 720 907; x_wconf 82' lang='lat' dir='ltr'><strong>Aut</strong></span> <span class='ocrx_word' id='word_1_75' title='bbox 772 867 905 907; x_wconf 85' lang='lat' dir='ltr'><strong>certe</strong></span> <span class='ocrx_word' id='word_1_76' title='bbox 946 854 1353 926; x_wconf 75' lang='lat' dir='ltr'><strong>decantnndus.]</strong></span> <span class='ocrx_word' id='word_1_77' title='bbox 1399 855 1662 909; x_wconf 75' lang='lat' dir='ltr'><strong>l’articula</strong></span> <span class='ocrx_word' id='word_1_78' title='bbox 1697 864 1782 906; x_wconf 88' lang='lat' dir='ltr'><strong>aut</strong></span> <span class='ocrx_word' id='word_1_79' title='bbox 1824 854 2124 926; x_wconf 72' lang='lat' dir='ltr'><strong>copulative</strong></span> 
     </span>
    </p>
   </div>
   <div class='ocr_carea' id='block_1_12' title="bbox 554 923 2118 994">
    <p class='ocr_par' dir='ltr' id='par_1_12' title="bbox 554 923 2118 994">
     <span class='ocr_line' id='line_1_12' title="bbox 554 923 2118 994; baseline -0.001 -16"><span class='ocrx_word' id='word_1_80' title='bbox 554 942 648 993; x_wconf 88' lang='lat' dir='ltr'><strong>pro</strong></span> <span class='ocrx_word' id='word_1_81' title='bbox 674 935 719 978; x_wconf 87' lang='lat' dir='ltr'><strong>et</strong></span> <span class='ocrx_word' id='word_1_82' title='bbox 746 926 828 978; x_wconf 90' lang='lat' dir='ltr'><strong>hic</strong></span> <span class='ocrx_word' id='word_1_83' title='bbox 850 926 983 977; x_wconf 83' lang='lat' dir='ltr'><strong>sumi</strong></span> <span class='ocrx_word' id='word_1_84' title='bbox 1008 926 1237 989; x_wconf 89' lang='lat' dir='ltr'><strong>videtur,</strong></span> <span class='ocrx_word' id='word_1_85' title='bbox 1265 923 1411 994; x_wconf 71' lang='lat' dir='ltr'><strong>quasi</strong></span> <span class='ocrx_word' id='word_1_86' title='bbox 1441 926 1641 979; x_wconf 91' lang='lat' dir='ltr'><strong>diceret</strong></span> <span class='ocrx_word' id='word_1_87' title='bbox 1665 940 1782 976; x_wconf 80' lang='lat' dir='ltr'><strong>cum</strong></span> <span class='ocrx_word' id='word_1_88' title='bbox 1818 923 2118 993; x_wconf 76' lang='lat' dir='ltr'><strong>untiphonu,</strong></span> 
     </span>
    </p>
   </div>
   <div class='ocr_carea' id='block_1_13' title="bbox 550 996 2135 1061">
    <p class='ocr_par' dir='ltr' id='par_1_13' title="bbox 550 996 2135 1061">
     <span class='ocr_line' id='line_1_13' title="bbox 550 996 2135 1061; baseline 0 -13"><span class='ocrx_word' id='word_1_89' title='bbox 550 1006 596 1048; x_wconf 88' lang='lat' dir='ltr'><strong>et</strong></span> <span class='ocrx_word' id='word_1_90' title='bbox 622 1007 752 1049; x_wconf 84' lang='lat' dir='ltr'><strong>certe</strong></span> <span class='ocrx_word' id='word_1_91' title='bbox 772 996 1154 1060; x_wconf 77' lang='lat' dir='ltr'><strong>decantandus;</strong></span> <span class='ocrx_word' id='word_1_92' title='bbox 1183 1012 1301 1049; x_wconf 88' lang='lat' dir='ltr'><strong>nam</strong></span> <span class='ocrx_word' id='word_1_93' title='bbox 1336 999 1570 1061; x_wconf 83' lang='lat' dir='ltr'><strong>psalmus</strong></span> <span class='ocrx_word' id='word_1_94' title='bbox 1621 996 1720 1048; x_wconf 90' lang='lat' dir='ltr'><strong>iste</strong></span> <span class='ocrx_word' id='word_1_95' title='bbox 1765 997 1980 1047; x_wconf 85' lang='lat' dir='ltr'><strong>omnino</strong></span> <span class='ocrx_word' id='word_1_96' title='bbox 2012 1009 2135 1048; x_wconf 75' lang='grc' dir='ltr'>ιιιοο-</span> 
     </span>
    </p>
   </div>
   <div class='ocr_carea' id='block_1_14' title="bbox 556 1066 2124 1134">
    <p class='ocr_par' dir='ltr' id='par_1_14' title="bbox 556 1066 2124 1134">
     <span class='ocr_line' id='line_1_14' title="bbox 556 1066 2124 1134; baseline 0.001 -19"><span class='ocrx_word' id='word_1_97' title='bbox 556 1081 678 1120; x_wconf 81' lang='lat' dir='ltr'><strong>roso</strong></span> <span class='ocrx_word' id='word_1_98' title='bbox 710 1066 1040 1134; x_wconf 78' lang='lat' dir='ltr'><strong>pronuntiari</strong></span> <span class='ocrx_word' id='word_1_99' title='bbox 1066 1067 1307 1119; x_wconf 83' lang='lat' dir='ltr'><strong>debetex</strong></span> <span class='ocrx_word' id='word_1_100' title='bbox 1332 1068 1543 1134; x_wconf 72' lang='lat' dir='ltr'><strong>Regula:</strong></span> <span class='ocrx_word' id='word_1_101' title='bbox 1568 1080 1686 1132; x_wconf 89' lang='lat' dir='ltr'><strong>cap.</strong></span> <span class='ocrx_word' id='word_1_102' title='bbox 1714 1067 1806 1127; x_wconf 71' lang='grc'><strong>43,</strong></span> <span class='ocrx_word' id='word_1_103' title='bbox 1837 1077 1888 1117; x_wconf 91' lang='lat' dir='ltr'><strong>et</strong></span> <span class='ocrx_word' id='word_1_104' title='bbox 1911 1079 2124 1130; x_wconf 79' lang='lat' dir='ltr'><strong>semper</strong></span> 
     </span>
    </p>
   </div>
   <div class='ocr_carea' id='block_1_15' title="bbox 554 1135 2121 1204">
    <p class='ocr_par' dir='ltr' id='par_1_15' title="bbox 554 1135 2121 1204">
     <span class='ocr_line' id='line_1_15' title="bbox 554 1135 2121 1204; baseline -0.003 -13"><span class='ocrx_word' id='word_1_105' title='bbox 554 1138 607 1191; x_wconf 90' lang='lat' dir='ltr'><strong>in</strong></span> <span class='ocrx_word' id='word_1_106' title='bbox 638 1139 873 1191; x_wconf 75' lang='lat' dir='ltr'><strong>Ecclesia</strong></span> <span class='ocrx_word' id='word_1_107' title='bbox 902 1150 1088 1204; x_wconf 80' lang='lat' dir='ltr'><strong>magna</strong></span> <span class='ocrx_word' id='word_1_108' title='bbox 1112 1152 1231 1189; x_wconf 90' lang='lat' dir='ltr'><strong>cum</strong></span> <span class='ocrx_word' id='word_1_109' title='bbox 1274 1138 1613 1190; x_wconf 74' lang='lat' dir='ltr'><strong>solemnitate</strong></span> <span class='ocrx_word' id='word_1_110' title='bbox 1653 1135 1751 1189; x_wconf 81' lang='lat' dir='ltr'><strong>fuit</strong></span> <span class='ocrx_word' id='word_1_111' title='bbox 1790 1140 2121 1188; x_wconf 84' lang='lat' dir='ltr'><strong>decantatus.</strong></span> 
     </span>
    </p>
   </div>
   <div class='ocr_carea' id='block_1_16' title="bbox 562 1205 2122 1261">
    <p class='ocr_par' dir='ltr' id='par_1_16' title="bbox 562 1205 2122 1261">
     <span class='ocr_line' id='line_1_16' title="bbox 562 1205 2122 1261; baseline -0.002 0"><span class='ocrx_word' id='word_1_112' title='bbox 562 1208 846 1261; x_wconf 76' lang='lat' dir='ltr'><strong>Existimat</strong></span> <span class='ocrx_word' id='word_1_113' title='bbox 873 1217 1046 1259; x_wconf 86' lang='lat' dir='ltr'><strong>tamen</strong></span> <span class='ocrx_word' id='word_1_114' title='bbox 1080 1208 1375 1260; x_wconf 80' lang='lat' dir='ltr'><strong>Bernartius</strong></span> <span class='ocrx_word' id='word_1_115' title='bbox 1404 1206 1736 1260; x_wconf 53' lang='lat' dir='ltr'><strong>Cassinensis</strong></span> <span class='ocrx_word' id='word_1_116' title='bbox 1770 1207 1820 1259; x_wconf 92' lang='lat' dir='ltr'><strong>in</strong></span> <span class='ocrx_word' id='word_1_117' title='bbox 1864 1205 2122 1259; x_wconf 81' lang='lat' dir='ltr'><strong>directum</strong></span> 
     </span>
    </p>
   </div>
   <div class='ocr_carea' id='block_1_17' title="bbox 556 1276 2119 1332">
    <p class='ocr_par' dir='ltr' id='par_1_17' title="bbox 556 1276 2119 1332">
     <span class='ocr_line' id='line_1_17' title="bbox 556 1276 2119 1332; baseline -0.003 0"><span class='ocrx_word' id='word_1_118' title='bbox 556 1291 679 1332; x_wconf 81' lang='lat' dir='ltr'><strong>esse</strong></span> <span class='ocrx_word' id='word_1_119' title='bbox 705 1279 990 1331; x_wconf 90' lang='lat' dir='ltr'><strong>dicendum</strong></span> <span class='ocrx_word' id='word_1_120' title='bbox 1021 1294 1032 1328; x_wconf 90' lang='lat'><strong>:</strong></span> <span class='ocrx_word' id='word_1_121' title='bbox 1067 1278 1145 1329; x_wconf 86' lang='lat' dir='ltr'><strong>sic</strong></span> <span class='ocrx_word' id='word_1_122' title='bbox 1184 1278 1325 1330; x_wconf 90' lang='lat' dir='ltr'><strong>enim</strong></span> <span class='ocrx_word' id='word_1_123' title='bbox 1380 1276 1445 1327; x_wconf 85' lang='lat' dir='ltr'><strong>ad</strong></span> <span class='ocrx_word' id='word_1_124' title='bbox 1480 1278 1616 1329; x_wconf 86' lang='lat' dir='ltr'><strong>hunc</strong></span> <span class='ocrx_word' id='word_1_125' title='bbox 1662 1277 1835 1329; x_wconf 88' lang='lat' dir='ltr'><strong>locum</strong></span> <span class='ocrx_word' id='word_1_126' title='bbox 1886 1277 2068 1331; x_wconf 90' lang='lat' dir='ltr'><strong>scribit</strong></span> <span class='ocrx_word' id='word_1_127' title='bbox 2106 1293 2119 1328; x_wconf 90' lang='lat'>:</span> 
     </span>
    </p>
   </div>
   <div class='ocr_carea' id='block_1_18' title="bbox 564 1346 2123 1414">
    <p class='ocr_par' dir='ltr' id='par_1_18' title="bbox 564 1346 2123 1414">
     <span class='ocr_line' id='line_1_18' title="bbox 564 1346 2123 1414; baseline 0.001 -18"><span class='ocrx_word' id='word_1_128' title='bbox 564 1367 583 1396; x_wconf 73' lang='grc' dir='ltr'><strong>ι</strong></span> <span class='ocrx_word' id='word_1_129' title='bbox 623 1349 722 1400; x_wconf 81' lang='lat' dir='ltr'><strong>Ant</strong></span> <span class='ocrx_word' id='word_1_130' title='bbox 746 1358 875 1399; x_wconf 86' lang='lat' dir='ltr'><strong>certe</strong></span> <span class='ocrx_word' id='word_1_131' title='bbox 909 1348 1257 1411; x_wconf 84' lang='lat' dir='ltr'><strong>decantando,</strong></span> <span class='ocrx_word' id='word_1_132' title='bbox 1308 1352 1492 1414; x_wconf 88' lang='lat' dir='ltr'><strong>snpple</strong></span> <span class='ocrx_word' id='word_1_133' title='bbox 1524 1347 1575 1399; x_wconf 91' lang='lat' dir='ltr'><strong>in</strong></span> <span class='ocrx_word' id='word_1_134' title='bbox 1618 1346 1903 1409; x_wconf 70' lang='lat' dir='ltr'><strong>diri-ctum,</strong></span> <span class='ocrx_word' id='word_1_135' title='bbox 1935 1355 1986 1398; x_wconf 91' lang='lat' dir='ltr'><strong>et</strong></span> <span class='ocrx_word' id='word_1_136' title='bbox 2007 1348 2123 1397; x_wconf 89' lang='lat' dir='ltr'><strong>sine</strong></span> 
     </span>
    </p>
   </div>
   <div class='ocr_carea' id='block_1_19' title="bbox 558 1418 2124 1485">
    <p class='ocr_par' dir='ltr' id='par_1_19' title="bbox 558 1418 2124 1485">
     <span class='ocr_line' id='line_1_19' title="bbox 558 1418 2124 1485; baseline 0 -16"><span class='ocrx_word' id='word_1_137' title='bbox 558 1421 875 1483; x_wconf 81' lang='lat' dir='ltr'><strong>anttpliona,</strong></span> <span class='ocrx_word' id='word_1_138' title='bbox 905 1424 1041 1469; x_wconf 82' lang='lat' dir='ltr'><strong>sicut</strong></span> <span class='ocrx_word' id='word_1_139' title='bbox 1072 1420 1256 1472; x_wconf 83' lang='lat' dir='ltr'><strong>tertius</strong></span> <span class='ocrx_word' id='word_1_140' title='bbox 1277 1422 1543 1481; x_wconf 83' lang='lat' dir='ltr'><strong>psalmus;</strong></span> <span class='ocrx_word' id='word_1_141' title='bbox 1574 1419 1709 1485; x_wconf 85' lang='lat' dir='ltr'><strong>quod</strong></span> <span class='ocrx_word' id='word_1_142' title='bbox 1738 1418 1787 1469; x_wconf 91' lang='lat' dir='ltr'><strong>in</strong></span> <span class='ocrx_word' id='word_1_143' title='bbox 1839 1426 2025 1469; x_wconf 71' lang='lat' dir='ltr'><strong>testate</strong></span> <span class='ocrx_word' id='word_1_144' title='bbox 2048 1421 2124 1469; x_wconf 82' lang='lat' dir='ltr'><strong>la-</strong></span> 
     </span>
    </p>
   </div>
   <div class='ocr_carea' id='block_1_20' title="bbox 554 1485 2122 1555">
    <p class='ocr_par' dir='ltr' id='par_1_20' title="bbox 554 1485 2122 1555">
     <span class='ocr_line' id='line_1_20' title="bbox 554 1485 2122 1555; baseline -0.001 -14"><span class='ocrx_word' id='word_1_145' title='bbox 554 1493 704 1541; x_wconf 80' lang='lat' dir='ltr'><strong>ciunt</strong></span> <span class='ocrx_word' id='word_1_146' title='bbox 753 1490 803 1541; x_wconf 92' lang='lat' dir='ltr'><strong>in</strong></span> <span class='ocrx_word' id='word_1_147' title='bbox 858 1491 1095 1555; x_wconf 88' lang='lat' dir='ltr'><strong>partibus</strong></span> <span class='ocrx_word' id='word_1_148' title='bbox 1148 1488 1457 1542; x_wconf 78' lang='lat' dir='ltr'><strong>Gallicanis.</strong></span> <span class='ocrx_word' id='word_1_149' title='bbox 1491 1508 1508 1539; x_wconf 74' lang='grc' dir='ltr'><strong>ι</strong></span> <span class='ocrx_word' id='word_1_150' title='bbox 1562 1488 1819 1542; x_wconf 87' lang='lat' dir='ltr'><strong>Similiter</strong></span> <span class='ocrx_word' id='word_1_151' title='bbox 1874 1485 1925 1538; x_wconf 90' lang='lat' dir='ltr'><strong>in</strong></span> <span class='ocrx_word' id='word_1_152' title='bbox 1982 1488 2122 1540; x_wconf 79' lang='lat' dir='ltr'><strong>i’etri</strong></span> 
     </span>
    </p>
   </div>
   <div class='ocr_carea' id='block_1_21' title="bbox 558 1558 2123 1625">
    <p class='ocr_par' dir='ltr' id='par_1_21' title="bbox 558 1558 2123 1625">
     <span class='ocr_line' id='line_1_21' title="bbox 558 1558 2123 1625; baseline -0.001 -14"><span class='ocrx_word' id='word_1_153' title='bbox 558 1559 776 1611; x_wconf 88' lang='lat' dir='ltr'><strong>Diaconi</strong></span> <span class='ocrx_word' id='word_1_154' title='bbox 812 1570 956 1612; x_wconf 80' lang='lat' dir='ltr'><strong>textu</strong></span> <span class='ocrx_word' id='word_1_155' title='bbox 988 1559 1177 1625; x_wconf 75' lang='lat' dir='ltr'><strong>legitur</strong></span> <span class='ocrx_word' id='word_1_156' title='bbox 1210 1576 1225 1612; x_wconf 90' lang='lat'><strong>:</strong></span> <span class='ocrx_word' id='word_1_157' title='bbox 1276 1577 1293 1609; x_wconf 76' lang='grc' dir='ltr'><strong>ι</strong></span> <span class='ocrx_word' id='word_1_158' title='bbox 1325 1560 1422 1612; x_wconf 84' lang='lat' dir='ltr'><strong>Ant</strong></span> <span class='ocrx_word' id='word_1_159' title='bbox 1456 1567 1600 1611; x_wconf 77' lang='lat' dir='ltr'><strong>certe</strong></span> <span class='ocrx_word' id='word_1_160' title='bbox 1652 1558 1984 1610; x_wconf 79' lang='lat' dir='ltr'><strong>decantando</strong></span> <span class='ocrx_word' id='word_1_161' title='bbox 2010 1559 2123 1611; x_wconf 87' lang='lat' dir='ltr'><strong>sine</strong></span> 
     </span>
    </p>
   </div>
   <div class='ocr_carea' id='block_1_22' title="bbox 557 1629 2122 1695">
    <p class='ocr_par' dir='ltr' id='par_1_22' title="bbox 557 1629 2122 1695">
     <span class='ocr_line' id='line_1_22' title="bbox 557 1629 2122 1695; baseline -0.001 -13"><span class='ocrx_word' id='word_1_162' title='bbox 557 1630 844 1695; x_wconf 84' lang='lat' dir='ltr'><strong>autipliona</strong></span> <span class='ocrx_word' id='word_1_163' title='bbox 896 1630 945 1682; x_wconf 89' lang='lat' dir='ltr'><strong>in</strong></span> <span class='ocrx_word' id='word_1_164' title='bbox 1003 1631 1282 1682; x_wconf 89' lang='lat' dir='ltr'><strong>directum.</strong></span> <span class='ocrx_word' id='word_1_165' title='bbox 1322 1648 1339 1682; x_wconf 75' lang='grc' dir='ltr'><strong>ι</strong></span> <span class='ocrx_word' id='word_1_166' title='bbox 1390 1632 1677 1683; x_wconf 66' lang='grc' dir='ltr'>Οιιιιίιτιιιςιι</span> <span class='ocrx_word' id='word_1_167' title='bbox 1723 1629 2022 1680; x_wconf 88' lang='lat' dir='ltr'><strong>Amalarius</strong></span> <span class='ocrx_word' id='word_1_168' title='bbox 2071 1630 2122 1681; x_wconf 89' lang='lat' dir='ltr'><strong>in</strong></span> 
     </span>
    </p>
   </div>
   <div class='ocr_carea' id='block_1_23' title="bbox 558 1699 2121 1767">
    <p class='ocr_par' dir='ltr' id='par_1_23' title="bbox 558 1699 2121 1767">
     <span class='ocr_line' id='line_1_23' title="bbox 558 1699 2121 1767; baseline 0.001 -17"><span class='ocrx_word' id='word_1_169' title='bbox 558 1706 929 1767; x_wconf 85' lang='lat' dir='ltr'><strong>supplemento</strong></span> <span class='ocrx_word' id='word_1_170' title='bbox 954 1700 1017 1751; x_wconf 86' lang='lat' dir='ltr'><strong>ad</strong></span> <span class='ocrx_word' id='word_1_171' title='bbox 1042 1699 1135 1752; x_wconf 85' lang='lat' dir='ltr'><strong>lib.</strong></span> <span class='ocrx_word' id='word_1_172' title='bbox 1182 1714 1232 1753; x_wconf 80' lang='lat' dir='ltr'><strong>tv</strong></span> <span class='ocrx_word' id='word_1_173' title='bbox 1261 1701 1327 1753; x_wconf 86' lang='lat' dir='ltr'><strong>tle</strong></span> <span class='ocrx_word' id='word_1_174' title='bbox 1348 1700 1501 1752; x_wconf 72' lang='lat' dir='ltr'><strong>Ul&#39;lic.</strong></span> <span class='ocrx_word' id='word_1_175' title='bbox 1536 1700 1728 1752; x_wconf 86' lang='lat' dir='ltr'><strong>divinis</strong></span> <span class='ocrx_word' id='word_1_176' title='bbox 1760 1716 1772 1751; x_wconf 87' lang='lat'><strong>:</strong></span> <span class='ocrx_word' id='word_1_177' title='bbox 1812 1718 1829 1749; x_wconf 79' lang='grc' dir='ltr'><strong>ι</strong></span> <span class='ocrx_word' id='word_1_178' title='bbox 1867 1699 2121 1753; x_wconf 83' lang='lat' dir='ltr'><strong>Invitatu-</strong></span> 
     </span>
    </p>
   </div>
   <div class='ocr_carea' id='block_1_24' title="bbox 555 1769 2127 1824">
    <p class='ocr_par' dir='ltr' id='par_1_24' title="bbox 555 1769 2127 1824">
     <span class='ocr_line' id='line_1_24' title="bbox 555 1769 2127 1824; baseline -0.001 -1"><span class='ocrx_word' id='word_1_179' title='bbox 555 1773 699 1823; x_wconf 83' lang='lat' dir='ltr'><strong>rium</strong></span> <span class='ocrx_word' id='word_1_180' title='bbox 724 1774 925 1824; x_wconf 68' lang='lat' dir='ltr'><strong>mstivis</strong></span> <span class='ocrx_word' id='word_1_181' title='bbox 938 1770 1127 1823; x_wconf 85' lang='lat' dir='ltr'><strong>diebus</strong></span> <span class='ocrx_word' id='word_1_182' title='bbox 1140 1770 1610 1823; x_wconf 74' lang='lat' dir='ltr'><strong>hebdomadalibus</strong></span> <span class='ocrx_word' id='word_1_183' title='bbox 1632 1770 1745 1823; x_wconf 87' lang='lat' dir='ltr'><strong>sine</strong></span> <span class='ocrx_word' id='word_1_184' title='bbox 1765 1769 2127 1821; x_wconf 61' lang='lat' dir='ltr'><strong>modulatione</strong></span> 
     </span>
    </p>
   </div>
   <div class='ocr_carea' id='block_1_25' title="bbox 558 1840 2124 1907">
    <p class='ocr_par' dir='ltr' id='par_1_25' title="bbox 558 1840 2124 1907">
     <span class='ocr_line' id='line_1_25' title="bbox 558 1840 2124 1907; baseline 0.001 -18"><span class='ocrx_word' id='word_1_185' title='bbox 558 1843 865 1907; x_wconf 73' lang='lat' dir='ltr'><strong>antiptionzc</strong></span> <span class='ocrx_word' id='word_1_186' title='bbox 894 1840 1029 1892; x_wconf 83' lang='lat' dir='ltr'><strong>solet</strong></span> <span class='ocrx_word' id='word_1_187' title='bbox 1051 1841 1175 1892; x_wconf 89' lang='lat' dir='ltr'><strong>dici.</strong></span> <span class='ocrx_word' id='word_1_188' title='bbox 1207 1861 1224 1890; x_wconf 79' lang='grc' dir='ltr'><strong>ι</strong></span> <span class='ocrx_word' id='word_1_189' title='bbox 1273 1844 1332 1892; x_wconf 57' lang='grc' dir='ltr'><strong>ιιι</strong></span> <span class='ocrx_word' id='word_1_190' title='bbox 1363 1853 1507 1893; x_wconf 84' lang='lat' dir='ltr'><strong>certe</strong></span> <span class='ocrx_word' id='word_1_191' title='bbox 1537 1841 1728 1892; x_wconf 76' lang='lat' dir='ltr'><strong>l’aulns</strong></span> <span class='ocrx_word' id='word_1_192' title='bbox 1749 1843 2069 1907; x_wconf 72' lang='lat' dir='ltr'><strong>Augustinus</strong></span> <span class='ocrx_word' id='word_1_193' title='bbox 2097 1854 2124 1890; x_wconf 91' lang='lat' dir='ltr'><strong>a</strong></span> 
     </span>
    </p>
   </div>
   <div class='ocr_carea' id='block_1_26' title="bbox 553 1909 2128 1977">
    <p class='ocr_par' dir='ltr' id='par_1_26' title="bbox 553 1909 2128 1977">
     <span class='ocr_line' id='line_1_26' title="bbox 553 1909 2128 1977; baseline -0.001 -14"><span class='ocrx_word' id='word_1_194' title='bbox 553 1909 725 1964; x_wconf 75' lang='lat' dir='ltr'><strong>Janua</strong></span> <span class='ocrx_word' id='word_1_195' title='bbox 752 1914 997 1964; x_wconf 62' lang='lat' dir='ltr'><strong>observiit</strong></span> <span class='ocrx_word' id='word_1_196' title='bbox 1020 1911 1071 1962; x_wconf 92' lang='lat' dir='ltr'><strong>in</strong></span> <span class='ocrx_word' id='word_1_197' title='bbox 1097 1910 1287 1977; x_wconf 75' lang='lat' dir='ltr'><strong>Regni.</strong></span> <span class='ocrx_word' id='word_1_198' title='bbox 1308 1926 1425 1977; x_wconf 81' lang='lat' dir='ltr'><strong>cap.</strong></span> <span class='ocrx_word' id='word_1_199' title='bbox 1444 1913 1511 1963; x_wconf 67' lang='lat' dir='ltr'><strong>l2</strong></span> <span class='ocrx_word' id='word_1_200' title='bbox 1539 1910 1843 1977; x_wconf 78' lang='lat' dir='ltr'><strong>particulam</strong></span> <span class='ocrx_word' id='word_1_201' title='bbox 1873 1916 1934 1961; x_wconf 86' lang='lat' dir='ltr'><strong>de</strong></span> <span class='ocrx_word' id='word_1_202' title='bbox 1961 1910 2128 1962; x_wconf 85' lang='lat' dir='ltr'><strong>inter-</strong></span> 
     </span>
    </p>
   </div>
   <div class='ocr_carea' id='block_1_27' title="bbox 564 1982 2128 2049">
    <p class='ocr_par' dir='ltr' id='par_1_27' title="bbox 564 1982 2128 2049">
     <span class='ocr_line' id='line_1_27' title="bbox 564 1982 2128 2049; baseline 0 -16"><span class='ocrx_word' id='word_1_203' title='bbox 564 1982 692 2033; x_wconf 89' lang='lat' dir='ltr'><strong>dum</strong></span> <span class='ocrx_word' id='word_1_204' title='bbox 723 1996 842 2035; x_wconf 88' lang='lat' dir='ltr'><strong>esse</strong></span> <span class='ocrx_word' id='word_1_205' title='bbox 864 1984 1183 2049; x_wconf 77' lang='lat' dir='ltr'><strong>negativam,</strong></span> <span class='ocrx_word' id='word_1_206' title='bbox 1217 1992 1271 2030; x_wconf 89' lang='lat' dir='ltr'><strong>ut</strong></span> <span class='ocrx_word' id='word_1_207' title='bbox 1301 1983 1439 2035; x_wconf 89' lang='lat' dir='ltr'><strong>idem</strong></span> <span class='ocrx_word' id='word_1_208' title='bbox 1483 1986 1552 2033; x_wconf 88' lang='lat' dir='ltr'><strong>sit</strong></span> <span class='ocrx_word' id='word_1_209' title='bbox 1580 1986 1868 2035; x_wconf 76' lang='lat' dir='ltr'><strong>decantare</strong></span> <span class='ocrx_word' id='word_1_210' title='bbox 1913 1996 1975 2033; x_wconf 90' lang='lat' dir='ltr'><strong>ac</strong></span> <span class='ocrx_word' id='word_1_211' title='bbox 2024 1996 2128 2033; x_wconf 91' lang='lat' dir='ltr'><strong>non</strong></span> 
     </span>
    </p>
   </div>
   <div class='ocr_carea' id='block_1_28' title="bbox 560 2051 2129 2118">
    <p class='ocr_par' dir='ltr' id='par_1_28' title="bbox 560 2051 2129 2118">
     <span class='ocr_line' id='line_1_28' title="bbox 560 2051 2129 2118; baseline 0.001 -15"><span class='ocrx_word' id='word_1_212' title='bbox 560 2061 797 2117; x_wconf 83' lang='lat' dir='ltr'><strong>cantare,</strong></span> <span class='ocrx_word' id='word_1_213' title='bbox 843 2054 936 2106; x_wconf 88' lang='lat' dir='ltr'><strong>sed</strong></span> <span class='ocrx_word' id='word_1_214' title='bbox 981 2051 1290 2118; x_wconf 72' lang='lat' dir='ltr'><strong>simpliciter</strong></span> <span class='ocrx_word' id='word_1_215' title='bbox 1333 2053 1451 2106; x_wconf 87' lang='lat' dir='ltr'><strong>sine</strong></span> <span class='ocrx_word' id='word_1_216' title='bbox 1473 2066 1617 2106; x_wconf 76' lang='lat' dir='ltr'><strong>voms</strong></span> <span class='ocrx_word' id='word_1_217' title='bbox 1642 2052 2005 2104; x_wconf 88' lang='lat' dir='ltr'><strong>modulatione</strong></span> <span class='ocrx_word' id='word_1_218' title='bbox 2035 2068 2129 2105; x_wconf 79' lang='lat' dir='ltr'><strong>re-</strong></span> 
     </span>
    </p>
   </div>
   <div class='ocr_carea' id='block_1_29' title="bbox 558 2133 744 2176">
    <p class='ocr_par' dir='ltr' id='par_1_29' title="bbox 558 2133 744 2176">
     <span class='ocr_line' id='line_1_29' title="bbox 558 2133 744 2176; baseline 0.005 -3"><span class='ocrx_word' id='word_1_219' title='bbox 558 2133 744 2176; x_wconf 64' lang='lat' dir='ltr'><strong>cllﬂlc.</strong></span> 
     </span>
    </p>
   </div>
   <div class='ocr_carea' id='block_1_30' title="bbox 632 2191 2129 2264">
    <p class='ocr_par' dir='ltr' id='par_1_30' title="bbox 632 2191 2129 2264">
     <span class='ocr_line' id='line_1_30' title="bbox 632 2191 2129 2264; baseline 0.001 -20"><span class='ocrx_word' id='word_1_220' title='bbox 632 2192 761 2264; x_wconf 80' lang='lat' dir='ltr'><strong>Inde</strong></span> <span class='ocrx_word' id='word_1_221' title='bbox 784 2204 1021 2261; x_wconf 77' lang='lat' dir='ltr'><strong>sequntur</strong></span> <span class='ocrx_word' id='word_1_222' title='bbox 1042 2191 1477 2263; x_wconf 68' lang='lat' dir='ltr'><strong>Ambrosianu:n.]</strong></span> <span class='ocrx_word' id='word_1_223' title='bbox 1504 2192 1559 2245; x_wconf 90' lang='lat' dir='ltr'><strong>ld</strong></span> <span class='ocrx_word' id='word_1_224' title='bbox 1586 2202 1669 2247; x_wconf 82' lang='lat' dir='ltr'><strong>est</strong></span> <span class='ocrx_word' id='word_1_225' title='bbox 1694 2194 1941 2264; x_wconf 80' lang='lat' dir='ltr'><strong>hymnus,</strong></span> <span class='ocrx_word' id='word_1_226' title='bbox 1974 2208 2129 2259; x_wconf 82' lang='lat' dir='ltr'><strong>quem</strong></span> 
     </span>
    </p>
   </div>
   <div class='ocr_carea' id='block_1_31' title="bbox 561 2262 2129 2333">
    <p class='ocr_par' dir='ltr' id='par_1_31' title="bbox 561 2262 2129 2333">
     <span class='ocr_line' id='line_1_31' title="bbox 561 2262 2129 2333; baseline 0 -16"><span class='ocrx_word' id='word_1_227' title='bbox 561 2265 619 2317; x_wconf 82' lang='lat' dir='ltr'><strong>S.</strong></span> <span class='ocrx_word' id='word_1_228' title='bbox 657 2262 1243 2317; x_wconf 81' lang='lat' dir='ltr'><strong>Patei&#39;Antbrosianum</strong></span> <span class='ocrx_word' id='word_1_229' title='bbox 1294 2262 1586 2331; x_wconf 78' lang='lat' dir='ltr'><strong>nuncupat,</strong></span> <span class='ocrx_word' id='word_1_230' title='bbox 1637 2262 1885 2333; x_wconf 81' lang='lat' dir='ltr'><strong>tanquam</strong></span> <span class='ocrx_word' id='word_1_231' title='bbox 1931 2264 2129 2330; x_wconf 85' lang='lat' dir='ltr'><strong>aliquid</strong></span> 
     </span>
    </p>
   </div>
   <div class='ocr_carea' id='block_1_32' title="bbox 562 2334 2129 2397">
    <p class='ocr_par' dir='ltr' id='par_1_32' title="bbox 562 2334 2129 2397">
     <span class='ocr_line' id='line_1_32' title="bbox 562 2334 2129 2397; baseline 0.004 -16"><span class='ocrx_word' id='word_1_232' title='bbox 562 2348 687 2387; x_wconf 78' lang='lat' dir='ltr'><strong>vere</strong></span> <span class='ocrx_word' id='word_1_233' title='bbox 722 2334 1157 2395; x_wconf 77' lang='lat' dir='ltr'><strong>Ambrosianum,</strong></span> <span class='ocrx_word' id='word_1_234' title='bbox 1183 2335 1293 2387; x_wconf 85' lang='lat' dir='ltr'><strong>sive</strong></span> <span class='ocrx_word' id='word_1_235' title='bbox 1321 2335 1581 2397; x_wconf 89' lang='lat' dir='ltr'><strong>divinum,</strong></span> <span class='ocrx_word' id='word_1_236' title='bbox 1624 2352 1685 2388; x_wconf 87' lang='lat' dir='ltr'><strong>ac</strong></span> <span class='ocrx_word' id='word_1_237' title='bbox 1723 2337 1962 2397; x_wconf 75' lang='lat' dir='ltr'><strong>cieleste,</strong></span> <span class='ocrx_word' id='word_1_238' title='bbox 1991 2336 2129 2387; x_wconf 78' lang='lat' dir='ltr'><strong>divi~</strong></span> 
     </span>
    </p>
   </div>
   <div class='ocr_carea' id='block_1_33' title="bbox 563 2403 2135 2476">
    <p class='ocr_par' dir='ltr' id='par_1_33' title="bbox 563 2403 2135 2476">
     <span class='ocr_line' id='line_1_33' title="bbox 563 2403 2135 2476; baseline 0.001 -21"><span class='ocrx_word' id='word_1_239' title='bbox 563 2403 811 2472; x_wconf 83' lang='lat' dir='ltr'><strong>nituSque</strong></span> <span class='ocrx_word' id='word_1_240' title='bbox 844 2406 1179 2472; x_wconf 82' lang='lat' dir='ltr'><strong>itiSpiratuut,</strong></span> <span class='ocrx_word' id='word_1_241' title='bbox 1219 2416 1282 2476; x_wconf 15' lang='lat' dir='ltr'><strong>rut</strong></span> <span class='ocrx_word' id='word_1_242' title='bbox 1309 2410 1530 2476; x_wconf 74' lang='lat' dir='ltr'><strong>exponit</strong></span> <span class='ocrx_word' id='word_1_243' title='bbox 1566 2406 1908 2474; x_wconf 83' lang='lat' dir='ltr'><strong>Smaragdus,</strong></span> <span class='ocrx_word' id='word_1_244' title='bbox 1938 2414 1991 2458; x_wconf 92' lang='lat' dir='ltr'><strong>et</strong></span> <span class='ocrx_word' id='word_1_245' title='bbox 2016 2414 2135 2469; x_wconf 83' lang='lat' dir='ltr'><strong>post</strong></span> 
     </span>
    </p>
   </div>
   <div class='ocr_carea' id='block_1_34' title="bbox 561 2475 2130 2539">
    <p class='ocr_par' dir='ltr' id='par_1_34' title="bbox 561 2475 2130 2539">
     <span class='ocr_line' id='line_1_34' title="bbox 561 2475 2130 2539; baseline -0.001 -12"><span class='ocrx_word' id='word_1_246' title='bbox 561 2490 683 2527; x_wconf 89' lang='lat' dir='ltr'><strong>eum</strong></span> <span class='ocrx_word' id='word_1_247' title='bbox 707 2483 900 2528; x_wconf 86' lang='lat' dir='ltr'><strong>citatus</strong></span> <span class='ocrx_word' id='word_1_248' title='bbox 927 2490 955 2528; x_wconf 87' lang='lat' dir='ltr'><strong>a</strong></span> <span class='ocrx_word' id='word_1_249' title='bbox 997 2475 1268 2529; x_wconf 82' lang='lat' dir='ltr'><strong>Bernardo</strong></span> <span class='ocrx_word' id='word_1_250' title='bbox 1292 2475 1600 2529; x_wconf 79' lang='lat' dir='ltr'><strong>CaSsinensi</strong></span> <span class='ocrx_word' id='word_1_251' title='bbox 1629 2476 1816 2530; x_wconf 87' lang='lat' dir='ltr'><strong>Petrus</strong></span> <span class='ocrx_word' id='word_1_252' title='bbox 1842 2479 2130 2539; x_wconf 79' lang='lat' dir='ltr'><strong>Diaconos;</strong></span> 
     </span>
    </p>
   </div>
   <div class='ocr_carea' id='block_1_35' title="bbox 562 2545 2133 2617">
    <p class='ocr_par' dir='ltr' id='par_1_35' title="bbox 562 2545 2133 2617">
     <span class='ocr_line' id='line_1_35' title="bbox 562 2545 2133 2617; baseline 0.001 -21"><span class='ocrx_word' id='word_1_253' title='bbox 562 2546 647 2598; x_wconf 91' lang='lat' dir='ltr'><strong>vel</strong></span> <span class='ocrx_word' id='word_1_254' title='bbox 675 2545 743 2598; x_wconf 87' lang='lat' dir='ltr'><strong>ab</strong></span> <span class='ocrx_word' id='word_1_255' title='bbox 790 2546 1073 2599; x_wconf 81' lang='lat' dir='ltr'><strong>Ambrosio</strong></span> <span class='ocrx_word' id='word_1_256' title='bbox 1120 2545 1368 2614; x_wconf 64' lang='lat' dir='ltr'><strong>praesule,</strong></span> <span class='ocrx_word' id='word_1_257' title='bbox 1401 2546 1717 2617; x_wconf 83' lang='lat' dir='ltr'><strong>hymnorum</strong></span> <span class='ocrx_word' id='word_1_258' title='bbox 1775 2548 2046 2615; x_wconf 72' lang='lat' dir='ltr'><strong>magistro,</strong></span> <span class='ocrx_word' id='word_1_259' title='bbox 2081 2558 2133 2598; x_wconf 88' lang='grc' dir='ltr'><strong>ιιι</strong></span> 
     </span>
    </p>
   </div>
   <div class='ocr_carea' id='block_1_36' title="bbox 566 2617 2130 2687">
    <p class='ocr_par' dir='ltr' id='par_1_36' title="bbox 566 2617 2130 2687">
     <span class='ocr_line' id='line_1_36' title="bbox 566 2617 2130 2687; baseline 0 -19"><span class='ocrx_word' id='word_1_260' title='bbox 566 2617 690 2668; x_wconf 84' lang='lat' dir='ltr'><strong>item</strong></span> <span class='ocrx_word' id='word_1_261' title='bbox 749 2619 965 2682; x_wconf 73' lang='lat' dir='ltr'><strong>exponit</strong></span> <span class='ocrx_word' id='word_1_262' title='bbox 1018 2617 1154 2671; x_wconf 88' lang='lat' dir='ltr'><strong>idem</strong></span> <span class='ocrx_word' id='word_1_263' title='bbox 1209 2620 1560 2684; x_wconf 75' lang='lat' dir='ltr'><strong>Smaragdns,</strong></span> <span class='ocrx_word' id='word_1_264' title='bbox 1611 2621 1733 2684; x_wconf 83' lang='lat' dir='ltr'><strong>quia</strong></span> <span class='ocrx_word' id='word_1_265' title='bbox 1760 2617 1940 2687; x_wconf 86' lang='lat' dir='ltr'><strong>hymni</strong></span> <span class='ocrx_word' id='word_1_266' title='bbox 1994 2631 2024 2669; x_wconf 90' lang='lat' dir='ltr'><strong>a</strong></span> <span class='ocrx_word' id='word_1_267' title='bbox 2072 2618 2130 2668; x_wconf 83' lang='grc'><strong>8.</strong></span> 
     </span>
    </p>
   </div>
   <div class='ocr_carea' id='block_1_37' title="bbox 565 2687 2133 2756">
    <p class='ocr_par' dir='ltr' id='par_1_37' title="bbox 565 2687 2133 2756">
     <span class='ocr_line' id='line_1_37' title="bbox 565 2687 2133 2756; baseline 0 -17"><span class='ocrx_word' id='word_1_268' title='bbox 565 2689 849 2739; x_wconf 73' lang='lat' dir='ltr'><strong>Ambrosio</strong></span> <span class='ocrx_word' id='word_1_269' title='bbox 876 2688 1159 2754; x_wconf 85' lang='lat' dir='ltr'><strong>compositi</strong></span> <span class='ocrx_word' id='word_1_270' title='bbox 1181 2687 1295 2755; x_wconf 86' lang='lat' dir='ltr'><strong>ejus</strong></span> <span class='ocrx_word' id='word_1_271' title='bbox 1323 2697 1563 2754; x_wconf 78' lang='lat' dir='ltr'><strong>tempore</strong></span> <span class='ocrx_word' id='word_1_272' title='bbox 1581 2692 1912 2756; x_wconf 80' lang='lat' dir='ltr'><strong>l&#39;reqnentius</strong></span> <span class='ocrx_word' id='word_1_273' title='bbox 1934 2687 2133 2740; x_wconf 71' lang='lat' dir='ltr'><strong>cantari</strong></span> 
     </span>
    </p>
   </div>
   <div class='ocr_carea' id='block_1_38' title="bbox 564 2757 2137 2825">
    <p class='ocr_par' dir='ltr' id='par_1_38' title="bbox 564 2757 2137 2825">
     <span class='ocr_line' id='line_1_38' title="bbox 564 2757 2137 2825; baseline 0.001 -17"><span class='ocrx_word' id='word_1_274' title='bbox 564 2765 841 2821; x_wconf 75' lang='lat' dir='ltr'><strong>cmpernut</strong></span> <span class='ocrx_word' id='word_1_275' title='bbox 866 2799 880 2821; x_wconf 89' lang='lat'><strong>,</strong></span> <span class='ocrx_word' id='word_1_276' title='bbox 922 2767 977 2809; x_wconf 90' lang='lat' dir='ltr'><strong>ut</strong></span> <span class='ocrx_word' id='word_1_277' title='bbox 1016 2759 1130 2825; x_wconf 75' lang='lat' dir='ltr'><strong>ip~e</strong></span> <span class='ocrx_word' id='word_1_278' title='bbox 1163 2769 1387 2811; x_wconf 76' lang='lat' dir='ltr'><strong>testatur</strong></span> <span class='ocrx_word' id='word_1_279' title='bbox 1422 2760 1472 2811; x_wconf 90' lang='lat' dir='ltr'><strong>in</strong></span> <span class='ocrx_word' id='word_1_280' title='bbox 1502 2758 1605 2813; x_wconf 86' lang='lat' dir='ltr'><strong>line</strong></span> <span class='ocrx_word' id='word_1_281' title='bbox 1636 2760 1914 2812; x_wconf 85' lang='lat' dir='ltr'><strong>concionis</strong></span> <span class='ocrx_word' id='word_1_282' title='bbox 1941 2758 2007 2811; x_wconf 88' lang='lat' dir='ltr'><strong>de</strong></span> <span class='ocrx_word' id='word_1_283' title='bbox 2039 2757 2137 2810; x_wconf 85' lang='lat' dir='ltr'><strong>Ba-</strong></span> 
     </span>
    </p>
   </div>
   <div class='ocr_carea' id='block_1_39' title="bbox 567 2828 2135 2894">
    <p class='ocr_par' dir='ltr' id='par_1_39' title="bbox 567 2828 2135 2894">
     <span class='ocr_line' id='line_1_39' title="bbox 567 2828 2135 2894; baseline 0.001 -15"><span class='ocrx_word' id='word_1_284' title='bbox 567 2828 734 2880; x_wconf 80' lang='lat' dir='ltr'><strong>SillCiS</strong></span> <span class='ocrx_word' id='word_1_285' title='bbox 760 2842 866 2879; x_wconf 89' lang='lat' dir='ltr'><strong>non</strong></span> <span class='ocrx_word' id='word_1_286' title='bbox 897 2828 1164 2881; x_wconf 85' lang='lat' dir='ltr'><strong>tradendis</strong></span> <span class='ocrx_word' id='word_1_287' title='bbox 1189 2829 1477 2881; x_wconf 82' lang='lat' dir='ltr'><strong>haereticis.</strong></span> <span class='ocrx_word' id='word_1_288' title='bbox 1517 2830 1847 2882; x_wconf 83' lang='lat' dir='ltr'><strong>l’ostremam</strong></span> <span class='ocrx_word' id='word_1_289' title='bbox 1898 2828 2135 2894; x_wconf 75' lang='lat' dir='ltr'><strong>explica-</strong></span> 
     </span>
    </p>
   </div>
   <div class='ocr_carea' id='block_1_40' title="bbox 568 2898 2155 2968">
    <p class='ocr_par' dir='ltr' id='par_1_40' title="bbox 568 2898 2155 2968">
     <span class='ocr_line' id='line_1_40' title="bbox 568 2898 2155 2968; baseline 0.001 -19"><span class='ocrx_word' id='word_1_290' title='bbox 568 2898 764 2951; x_wconf 72' lang='lat' dir='ltr'><strong>tionem</strong></span> <span class='ocrx_word' id='word_1_291' title='bbox 794 2898 1019 2951; x_wconf 82' lang='lat' dir='ltr'><strong>illustrat</strong></span> <span class='ocrx_word' id='word_1_292' title='bbox 1043 2899 1343 2951; x_wconf 87' lang='lat' dir='ltr'><strong>Amalarius</strong></span> <span class='ocrx_word' id='word_1_293' title='bbox 1392 2900 1443 2952; x_wconf 91' lang='lat' dir='ltr'><strong>in</strong></span> <span class='ocrx_word' id='word_1_294' title='bbox 1482 2899 1699 2964; x_wconf 73' lang='lat' dir='ltr'><strong>pra-lato</strong></span> <span class='ocrx_word' id='word_1_295' title='bbox 1749 2900 1949 2968; x_wconf 82' lang='lat' dir='ltr'><strong>Supple</strong></span> <span class='ocrx_word' id='word_1_296' title='bbox 1974 2920 1982 2946; x_wconf 82' lang='grc' dir='ltr'><strong>ι</strong></span> <span class='ocrx_word' id='word_1_297' title='bbox 2008 2912 2155 2959; x_wconf 82' lang='lat' dir='ltr'><strong>cuto</strong></span> 
     </span>
    </p>
   </div>
   <div class='ocr_carea' id='block_1_41' title="bbox 570 2968 2136 3036">
    <p class='ocr_par' dir='ltr' id='par_1_41' title="bbox 570 2968 2136 3036">
     <span class='ocr_line' id='line_1_41' title="bbox 570 2968 2136 3036; baseline 0.001 -16"><span class='ocrx_word' id='word_1_298' title='bbox 570 2974 647 3021; x_wconf 81' lang='lat' dir='ltr'><strong>sic</strong></span> <span class='ocrx_word' id='word_1_299' title='bbox 673 2968 914 3021; x_wconf 81' lang='lat' dir='ltr'><strong>scribens</strong></span> <span class='ocrx_word' id='word_1_300' title='bbox 938 2982 953 3021; x_wconf 89' lang='lat'><strong>:</strong></span> <span class='ocrx_word' id='word_1_301' title='bbox 983 2986 1001 3018; x_wconf 74' lang='grc' dir='ltr'><strong>ι</strong></span> <span class='ocrx_word' id='word_1_302' title='bbox 1031 2970 1243 3021; x_wconf 74' lang='lat' dir='ltr'><strong>Certum</strong></span> <span class='ocrx_word' id='word_1_303' title='bbox 1269 2980 1444 3021; x_wconf 87' lang='lat' dir='ltr'><strong>autem</strong></span> <span class='ocrx_word' id='word_1_304' title='bbox 1465 2972 1716 3035; x_wconf 81' lang='lat' dir='ltr'><strong>probatur</strong></span> <span class='ocrx_word' id='word_1_305' title='bbox 1739 2971 2136 3036; x_wconf 77' lang='lat' dir='ltr'><strong>quodammodo</strong></span> 
     </span>
    </p>
   </div>
   <div class='ocr_carea' id='block_1_42' title="bbox 571 3040 2137 3093">
    <p class='ocr_par' dir='ltr' id='par_1_42' title="bbox 571 3040 2137 3093">
     <span class='ocr_line' id='line_1_42' title="bbox 571 3040 2137 3093; baseline 0.001 -2"><span class='ocrx_word' id='word_1_306' title='bbox 571 3040 629 3091; x_wconf 93' lang='grc'><strong>8.</strong></span> <span class='ocrx_word' id='word_1_307' title='bbox 691 3040 1001 3090; x_wconf 64' lang='grc' dir='ltr'>ιςυιιυιιιιιιις</span> <span class='ocrx_word' id='word_1_308' title='bbox 1057 3050 1369 3092; x_wconf 83' lang='lat' dir='ltr'><strong>consuetum</strong></span> <span class='ocrx_word' id='word_1_309' title='bbox 1413 3056 1614 3092; x_wconf 84' lang='lat' dir='ltr'><strong>morem</strong></span> <span class='ocrx_word' id='word_1_310' title='bbox 1669 3042 1725 3093; x_wconf 88' lang='grc'><strong>8.</strong></span> <span class='ocrx_word' id='word_1_311' title='bbox 1775 3042 2041 3093; x_wconf 73' lang='lat' dir='ltr'><strong>Ambrosii</strong></span> <span class='ocrx_word' id='word_1_312' title='bbox 2087 3042 2137 3092; x_wconf 90' lang='lat' dir='ltr'><strong>in</strong></span> 
     </span>
    </p>
   </div>
   <div class='ocr_carea' id='block_1_43' title="bbox 2228 429 3779 499">
    <p class='ocr_par' dir='ltr' id='par_1_43' title="bbox 2228 429 3779 499">
     <span class='ocr_line' id='line_1_43' title="bbox 2228 429 3779 499; baseline -0.001 -14"><span class='ocrx_word' id='word_1_313' title='bbox 2228 448 2319 499; x_wconf 88' lang='lat' dir='ltr'><strong>per</strong></span> <span class='ocrx_word' id='word_1_314' title='bbox 2348 433 2589 483; x_wconf 78' lang='lat' dir='ltr'><strong>devotam</strong></span> <span class='ocrx_word' id='word_1_315' title='bbox 2622 429 3095 493; x_wconf 84' lang='lat' dir='ltr'><strong>introversionem,</strong></span> <span class='ocrx_word' id='word_1_316' title='bbox 3123 448 3141 479; x_wconf 76' lang='grc' dir='ltr'><strong>ι</strong></span> <span class='ocrx_word' id='word_1_317' title='bbox 3174 439 3229 482; x_wconf 81' lang='grc' dir='ltr'><strong>ιιι</strong></span> <span class='ocrx_word' id='word_1_318' title='bbox 3257 430 3488 490; x_wconf 82' lang='lat' dir='ltr'><strong>loquitur</strong></span> <span class='ocrx_word' id='word_1_319' title='bbox 3510 429 3779 484; x_wconf 83' lang='lat' dir='ltr'><strong>cardinalis</strong></span> 
     </span>
    </p>
   </div>
   <div class='ocr_carea' id='block_1_44' title="bbox 2227 500 3397 571">
    <p class='ocr_par' dir='ltr' id='par_1_44' title="bbox 2227 500 3397 571">
     <span class='ocr_line' id='line_1_44' title="bbox 2227 500 3397 571; baseline -0.003 -17"><span class='ocrx_word' id='word_1_320' title='bbox 2227 504 2369 555; x_wconf 68' lang='lat' dir='ltr'><strong>linea</strong></span> <span class='ocrx_word' id='word_1_321' title='bbox 2391 502 2490 571; x_wconf 80' lang='lat' dir='ltr'><strong>(De</strong></span> <span class='ocrx_word' id='word_1_322' title='bbox 2518 502 2693 554; x_wconf 69' lang='lat' dir='ltr'><strong>Dicin.</strong></span> <span class='ocrx_word' id='word_1_323' title='bbox 2733 500 2928 552; x_wconf 80' lang='lat' dir='ltr'><strong>Psalm.</strong></span> <span class='ocrx_word' id='word_1_324' title='bbox 2970 516 3086 566; x_wconf 69' lang='grc' dir='ltr'><strong>βαρ.</strong></span> <span class='ocrx_word' id='word_1_325' title='bbox 3118 500 3205 561; x_wconf 78' lang='grc'><strong>16,</strong></span> <span class='ocrx_word' id='word_1_326' title='bbox 3235 500 3261 568; x_wconf 68' lang='grc' dir='ltr'><strong>ς</strong></span> <span class='ocrx_word' id='word_1_327' title='bbox 3293 500 3397 571; x_wconf 74' lang='lat' dir='ltr'><strong>l5).</strong></span> 
     </span>
    </p>
   </div>
   <div class='ocr_carea' id='block_1_45' title="bbox 2297 569 3777 639">
    <p class='ocr_par' dir='ltr' id='par_1_45' title="bbox 2297 569 3777 639">
     <span class='ocr_line' id='line_1_45' title="bbox 2297 569 3777 639; baseline 0.001 -15"><span class='ocrx_word' id='word_1_328' title='bbox 2297 575 2349 624; x_wconf 91' lang='lat' dir='ltr'><strong>In</strong></span> <span class='ocrx_word' id='word_1_329' title='bbox 2371 569 2511 625; x_wconf 77' lang='lat' dir='ltr'><strong>nono</strong></span> <span class='ocrx_word' id='word_1_330' title='bbox 2537 582 2710 624; x_wconf 84' lang='lat' dir='ltr'><strong>autem</strong></span> <span class='ocrx_word' id='word_1_331' title='bbox 2724 572 2957 639; x_wconf 87' lang='lat' dir='ltr'><strong>capitulo</strong></span> <span class='ocrx_word' id='word_1_332' title='bbox 2972 571 3350 624; x_wconf 73' lang='lat' dir='ltr'><strong>monachorum</strong></span> <span class='ocrx_word' id='word_1_333' title='bbox 3368 570 3433 623; x_wconf 86' lang='lat' dir='ltr'><strong>Sa</strong></span> <span class='ocrx_word' id='word_1_334' title='bbox 3443 569 3777 636; x_wconf 73' lang='lat' dir='ltr'><strong>ngallensimu</strong></span> 
     </span>
    </p>
   </div>
   <div class='ocr_carea' id='block_1_46' title="bbox 2223 641 3775 708">
    <p class='ocr_par' dir='ltr' id='par_1_46' title="bbox 2223 641 3775 708">
     <span class='ocr_line' id='line_1_46' title="bbox 2223 641 3775 708; baseline -0.002 -12"><span class='ocrx_word' id='word_1_335' title='bbox 2223 642 2531 697; x_wconf 84' lang='lat' dir='ltr'><strong>decernitur</strong></span> <span class='ocrx_word' id='word_1_336' title='bbox 2566 662 2584 692; x_wconf 80' lang='grc' dir='ltr'><strong>ι</strong></span> <span class='ocrx_word' id='word_1_337' title='bbox 2611 652 2665 693; x_wconf 87' lang='grc' dir='ltr'><strong>ιιι</strong></span> <span class='ocrx_word' id='word_1_338' title='bbox 2688 656 2872 694; x_wconf 64' lang='lat' dir='ltr'><strong>versus</strong></span> <span class='ocrx_word' id='word_1_339' title='bbox 2897 641 2949 694; x_wconf 92' lang='lat' dir='ltr'><strong>in</strong></span> <span class='ocrx_word' id='word_1_340' title='bbox 2980 655 3296 708; x_wconf 89' lang='lat' dir='ltr'><strong>unoquoque</strong></span> <span class='ocrx_word' id='word_1_341' title='bbox 3324 654 3589 693; x_wconf 85' lang='lat' dir='ltr'><strong>concursu</strong></span> <span class='ocrx_word' id='word_1_342' title='bbox 3609 641 3775 702; x_wconf 81' lang='lat' dir='ltr'><strong>altius.</strong></span> 
     </span>
    </p>
   </div>
   <div class='ocr_carea' id='block_1_47' title="bbox 2222 711 3776 779">
    <p class='ocr_par' dir='ltr' id='par_1_47' title="bbox 2222 711 3776 779">
     <span class='ocr_line' id='line_1_47' title="bbox 2222 711 3776 779; baseline -0.004 -12"><span class='ocrx_word' id='word_1_343' title='bbox 2222 725 2274 767; x_wconf 92' lang='lat' dir='ltr'><strong>et</strong></span> <span class='ocrx_word' id='word_1_344' title='bbox 2299 714 2622 774; x_wconf 81' lang='lat' dir='ltr'><strong>distinctius,</strong></span> <span class='ocrx_word' id='word_1_345' title='bbox 2655 724 2811 779; x_wconf 75' lang='lat' dir='ltr'><strong>atque</strong></span> <span class='ocrx_word' id='word_1_346' title='bbox 2860 711 3176 778; x_wconf 84' lang='lat' dir='ltr'><strong>protractius</strong></span> <span class='ocrx_word' id='word_1_347' title='bbox 3219 712 3441 764; x_wconf 87' lang='lat' dir='ltr'><strong>honeste</strong></span> <span class='ocrx_word' id='word_1_348' title='bbox 3483 712 3732 764; x_wconf 86' lang='lat' dir='ltr'><strong>dicantur.</strong></span> <span class='ocrx_word' id='word_1_349' title='bbox 3760 731 3776 761; x_wconf 83' lang='grc' dir='ltr'><strong><em>ο</em></strong></span> 
     </span>
    </p>
   </div>
   <div class='ocr_carea' id='block_1_48' title="bbox 2230 781 3781 848">
    <p class='ocr_par' dir='ltr' id='par_1_48' title="bbox 2230 781 3781 848">
     <span class='ocr_line' id='line_1_48' title="bbox 2230 781 3781 848; baseline -0.002 -13"><span class='ocrx_word' id='word_1_350' title='bbox 2230 804 2248 835; x_wconf 82' lang='grc' dir='ltr'><strong>ι</strong></span> <span class='ocrx_word' id='word_1_351' title='bbox 2274 784 2475 837; x_wconf 87' lang='lat' dir='ltr'><strong>Dicitur</strong></span> <span class='ocrx_word' id='word_1_352' title='bbox 2496 797 2671 835; x_wconf 75' lang='lat' dir='ltr'><strong>autem</strong></span> <span class='ocrx_word' id='word_1_353' title='bbox 2701 783 2845 836; x_wconf 88' lang='lat' dir='ltr'><strong>clara</strong></span> <span class='ocrx_word' id='word_1_354' title='bbox 2870 791 2924 836; x_wconf 92' lang='lat' dir='ltr'><strong>et</strong></span> <span class='ocrx_word' id='word_1_355' title='bbox 2945 790 3097 835; x_wconf 85' lang='lat' dir='ltr'><strong>acuta</strong></span> <span class='ocrx_word' id='word_1_356' title='bbox 3137 796 3285 844; x_wconf 83' lang='lat' dir='ltr'><strong>voce,</strong></span> <span class='ocrx_word' id='word_1_357' title='bbox 3330 781 3502 848; x_wconf 87' lang='lat' dir='ltr'><strong>inquit</strong></span> <span class='ocrx_word' id='word_1_358' title='bbox 3551 781 3781 845; x_wconf 65' lang='lat' dir='ltr'><strong>pratiatus‘</strong></span> 
     </span>
    </p>
   </div>
   <div class='ocr_carea' id='block_1_49' title="bbox 2222 852 3798 921">
    <p class='ocr_par' dir='ltr' id='par_1_49' title="bbox 2222 852 3798 921">
     <span class='ocr_line' id='line_1_49' title="bbox 2222 852 3798 921; baseline -0.001 -15"><span class='ocrx_word' id='word_1_359' title='bbox 2222 854 2505 908; x_wconf 86' lang='lat' dir='ltr'><strong>cardinalis</strong></span> <span class='ocrx_word' id='word_1_360' title='bbox 2543 853 2755 921; x_wconf 49' lang='grc' dir='ltr'>(ΜΛ),</span> <span class='ocrx_word' id='word_1_361' title='bbox 2788 862 2842 905; x_wconf 85' lang='grc' dir='ltr'><strong>ιιι</strong></span> <span class='ocrx_word' id='word_1_362' title='bbox 2865 868 2930 905; x_wconf 89' lang='lat' dir='ltr'><strong>eo</strong></span> <span class='ocrx_word' id='word_1_363' title='bbox 2951 852 3131 903; x_wconf 88' lang='lat' dir='ltr'><strong>audito</strong></span> <span class='ocrx_word' id='word_1_364' title='bbox 3155 852 3456 905; x_wconf 77' lang='lat' dir='ltr'><strong>excitentur</strong></span> <span class='ocrx_word' id='word_1_365' title='bbox 3487 852 3616 919; x_wconf 81' lang='lat' dir='ltr'><strong>pigri</strong></span> <span class='ocrx_word' id='word_1_366' title='bbox 3640 861 3690 905; x_wconf 91' lang='lat' dir='ltr'><strong>et</strong></span> <span class='ocrx_word' id='word_1_367' title='bbox 3711 857 3798 905; x_wconf 83' lang='lat' dir='ltr'><strong>re-&#39;</strong></span> 
     </span>
    </p>
   </div>
   <div class='ocr_carea' id='block_1_50' title="bbox 2224 922 3777 989">
    <p class='ocr_par' dir='ltr' id='par_1_50' title="bbox 2224 922 3777 989">
     <span class='ocr_line' id='line_1_50' title="bbox 2224 922 3777 989; baseline 0 -16"><span class='ocrx_word' id='word_1_368' title='bbox 2224 936 2498 979; x_wconf 60' lang='lat' dir='ltr'><strong>vertantur</strong></span> <span class='ocrx_word' id='word_1_369' title='bbox 2518 929 2581 974; x_wconf 85' lang='lat' dir='ltr'><strong>ad</strong></span> <span class='ocrx_word' id='word_1_370' title='bbox 2612 938 2725 977; x_wconf 85' lang='lat' dir='ltr'><strong>cor.</strong></span> <span class='ocrx_word' id='word_1_371' title='bbox 2764 922 2964 977; x_wconf 73' lang='lat' dir='ltr'><strong>Dicitur</strong></span> <span class='ocrx_word' id='word_1_372' title='bbox 2985 932 3141 975; x_wconf 92' lang='lat' dir='ltr'><strong>noctu</strong></span> <span class='ocrx_word' id='word_1_373' title='bbox 3173 931 3296 975; x_wconf 88' lang='lat' dir='ltr'><strong>ante</strong></span> <span class='ocrx_word' id='word_1_374' title='bbox 3320 923 3595 987; x_wconf 79' lang='lat' dir='ltr'><strong>lectiones,</strong></span> <span class='ocrx_word' id='word_1_375' title='bbox 3624 925 3777 989; x_wconf 85' lang='lat' dir='ltr'><strong>utqui</strong></span> 
     </span>
    </p>
   </div>
   <div class='ocr_carea' id='block_1_51' title="bbox 2226 992 3777 1060">
    <p class='ocr_par' dir='ltr' id='par_1_51' title="bbox 2226 992 3777 1060">
     <span class='ocr_line' id='line_1_51' title="bbox 2226 992 3777 1060; baseline 0 -15"><span class='ocrx_word' id='word_1_376' title='bbox 2226 997 2503 1059; x_wconf 79' lang='lat' dir='ltr'><strong>psallendo</strong></span> <span class='ocrx_word' id='word_1_377' title='bbox 2538 994 2820 1057; x_wconf 79' lang='lat' dir='ltr'><strong>laboravit,</strong></span> <span class='ocrx_word' id='word_1_378' title='bbox 2850 994 3033 1047; x_wconf 85' lang='lat' dir='ltr'><strong>sedeat</strong></span> <span class='ocrx_word' id='word_1_379' title='bbox 3058 992 3165 1060; x_wconf 90' lang='lat' dir='ltr'><strong>jam</strong></span> <span class='ocrx_word' id='word_1_380' title='bbox 3198 1003 3249 1044; x_wconf 89' lang='lat' dir='ltr'><strong>et</strong></span> <span class='ocrx_word' id='word_1_381' title='bbox 3278 993 3600 1058; x_wconf 84' lang='lat' dir='ltr'><strong>requiescat,</strong></span> <span class='ocrx_word' id='word_1_382' title='bbox 3631 1003 3682 1044; x_wconf 87' lang='lat' dir='ltr'><strong>et</strong></span> <span class='ocrx_word' id='word_1_383' title='bbox 3721 995 3777 1045; x_wconf 85' lang='lat' dir='ltr'><strong>ad</strong></span> 
     </span>
    </p>
   </div>
   <div class='ocr_carea' id='block_1_52' title="bbox 2225 1062 3775 1126">
    <p class='ocr_par' dir='ltr' id='par_1_52' title="bbox 2225 1062 3775 1126">
     <span class='ocr_line' id='line_1_52' title="bbox 2225 1062 3775 1126; baseline -0.001 -8"><span class='ocrx_word' id='word_1_384' title='bbox 2225 1065 2508 1119; x_wconf 86' lang='lat' dir='ltr'><strong>lectionum</strong></span> <span class='ocrx_word' id='word_1_385' title='bbox 2540 1064 2836 1117; x_wconf 83' lang='lat' dir='ltr'><strong>doctrinam</strong></span> <span class='ocrx_word' id='word_1_386' title='bbox 2864 1064 3140 1122; x_wconf 66' lang='lat' dir='ltr'><strong>vigilanter</strong></span> <span class='ocrx_word' id='word_1_387' title='bbox 3177 1062 3495 1115; x_wconf 85' lang='lat' dir='ltr'><strong>audiendam</strong></span> <span class='ocrx_word' id='word_1_388' title='bbox 3534 1064 3775 1126; x_wconf 81' lang='lat' dir='ltr'><strong>elevetur,</strong></span> 
     </span>
    </p>
   </div>
   <div class='ocr_carea' id='block_1_53' title="bbox 2224 1133 3772 1202">
    <p class='ocr_par' dir='ltr' id='par_1_53' title="bbox 2224 1133 3772 1202">
     <span class='ocr_line' id='line_1_53' title="bbox 2224 1133 3772 1202; baseline -0.003 -13"><span class='ocrx_word' id='word_1_389' title='bbox 2224 1153 2289 1189; x_wconf 90' lang='lat' dir='ltr'><strong>ne</strong></span> <span class='ocrx_word' id='word_1_390' title='bbox 2318 1137 2452 1188; x_wconf 81' lang='lat' dir='ltr'><strong>forte</strong></span> <span class='ocrx_word' id='word_1_391' title='bbox 2469 1134 2675 1187; x_wconf 70' lang='lat' dir='ltr'><strong>Sedenti</strong></span> <span class='ocrx_word' id='word_1_392' title='bbox 2708 1135 3005 1202; x_wconf 74' lang='lat' dir='ltr'><strong>importuna</strong></span> <span class='ocrx_word' id='word_1_393' title='bbox 3035 1136 3231 1199; x_wconf 85' lang='lat' dir='ltr'><strong>irrepat</strong></span> <span class='ocrx_word' id='word_1_394' title='bbox 3257 1133 3596 1196; x_wconf 86' lang='lat' dir='ltr'><strong>dormitatio,</strong></span> <span class='ocrx_word' id='word_1_395' title='bbox 3622 1142 3719 1187; x_wconf 86' lang='lat' dir='ltr'><strong>etc.</strong></span> <span class='ocrx_word' id='word_1_396' title='bbox 3757 1153 3772 1184; x_wconf 82' lang='lat' dir='ltr'><strong>i</strong></span> 
     </span>
    </p>
   </div>
   <div class='ocr_carea' id='block_1_54' title="bbox 2296 1203 3780 1274">
    <p class='ocr_par' dir='ltr' id='par_1_54' title="bbox 2296 1203 3780 1274">
     <span class='ocr_line' id='line_1_54' title="bbox 2296 1203 3780 1274; baseline -0.001 -17"><span class='ocrx_word' id='word_1_397' title='bbox 2296 1205 2573 1259; x_wconf 86' lang='lat' dir='ltr'><strong>Benedicat</strong></span> <span class='ocrx_word' id='word_1_398' title='bbox 2605 1205 2779 1257; x_wconf 72' lang='lat' dir='ltr'><strong>abbas.</strong></span> <span class='ocrx_word' id='word_1_399' title='bbox 2805 1206 2817 1274; x_wconf 70' lang='lat' dir='ltr'><strong>l</strong></span> <span class='ocrx_word' id='word_1_400' title='bbox 2844 1203 2958 1258; x_wconf 80' lang='lat' dir='ltr'><strong>Non</strong></span> <span class='ocrx_word' id='word_1_401' title='bbox 2981 1205 3133 1270; x_wconf 76' lang='lat' dir='ltr'><strong>signo</strong></span> <span class='ocrx_word' id='word_1_402' title='bbox 3156 1203 3368 1269; x_wconf 85' lang='lat' dir='ltr'><strong>quidem</strong></span> <span class='ocrx_word' id='word_1_403' title='bbox 3395 1206 3600 1265; x_wconf 86' lang='lat' dir='ltr'><strong>crucis,</strong></span> <span class='ocrx_word' id='word_1_404' title='bbox 3629 1204 3780 1265; x_wconf 81' lang='lat' dir='ltr'><strong>inquit</strong></span> 
     </span>
    </p>
   </div>
   <div class='ocr_carea' id='block_1_55' title="bbox 2228 1274 3781 1341">
    <p class='ocr_par' dir='ltr' id='par_1_55' title="bbox 2228 1274 3781 1341">
     <span class='ocr_line' id='line_1_55' title="bbox 2228 1274 3781 1341; baseline -0.002 -12"><span class='ocrx_word' id='word_1_405' title='bbox 2228 1276 2516 1341; x_wconf 83' lang='lat' dir='ltr'><strong>Bolierius,</strong></span> <span class='ocrx_word' id='word_1_406' title='bbox 2540 1284 2631 1329; x_wconf 87' lang='lat' dir='ltr'><strong>sed</strong></span> <span class='ocrx_word' id='word_1_407' title='bbox 2666 1278 2829 1328; x_wconf 78' lang='lat' dir='ltr'><strong>vei-bo</strong></span> <span class='ocrx_word' id='word_1_408' title='bbox 2870 1274 3278 1328; x_wconf 85' lang='lat' dir='ltr'><strong>benedctioriis.</strong></span> <span class='ocrx_word' id='word_1_409' title='bbox 3328 1277 3459 1339; x_wconf 68' lang='lat' dir='ltr'><strong>Qua!</strong></span> <span class='ocrx_word' id='word_1_410' title='bbox 3492 1284 3663 1327; x_wconf 88' lang='lat' dir='ltr'><strong>autem</strong></span> <span class='ocrx_word' id='word_1_411' title='bbox 3689 1275 3781 1327; x_wconf 86' lang='lat' dir='ltr'><strong>sint</strong></span> 
     </span>
    </p>
   </div>
   <div class='ocr_carea' id='block_1_56' title="bbox 2227 1344 3781 1410">
    <p class='ocr_par' dir='ltr' id='par_1_56' title="bbox 2227 1344 3781 1410">
     <span class='ocr_line' id='line_1_56' title="bbox 2227 1344 3781 1410; baseline -0.001 -12"><span class='ocrx_word' id='word_1_412' title='bbox 2227 1347 2316 1399; x_wconf 89' lang='lat' dir='ltr'><strong>illa</strong></span> <span class='ocrx_word' id='word_1_413' title='bbox 2350 1348 2738 1400; x_wconf 79' lang='lat' dir='ltr'><strong>benedictionis</strong></span> <span class='ocrx_word' id='word_1_414' title='bbox 2761 1347 2917 1398; x_wconf 88' lang='lat' dir='ltr'><strong>verba</strong></span> <span class='ocrx_word' id='word_1_415' title='bbox 2957 1345 3187 1410; x_wconf 78' lang='lat' dir='ltr'><strong>explicat</strong></span> <span class='ocrx_word' id='word_1_416' title='bbox 3218 1344 3545 1410; x_wconf 75' lang='lat' dir='ltr'><strong>Smaragdus</strong></span> <span class='ocrx_word' id='word_1_417' title='bbox 3581 1345 3656 1397; x_wconf 89' lang='lat' dir='ltr'><strong>bis</strong></span> <span class='ocrx_word' id='word_1_418' title='bbox 3678 1360 3781 1397; x_wconf 81' lang='lat' dir='ltr'><strong>ver-</strong></span> 
     </span>
    </p>
   </div>
   <div class='ocr_carea' id='block_1_57' title="bbox 2225 1414 3780 1484">
    <p class='ocr_par' dir='ltr' id='par_1_57' title="bbox 2225 1414 3780 1484">
     <span class='ocr_line' id='line_1_57' title="bbox 2225 1414 3780 1484; baseline -0.002 -13"><span class='ocrx_word' id='word_1_419' title='bbox 2225 1417 2307 1471; x_wconf 86' lang='lat' dir='ltr'><strong>bis</strong></span> <span class='ocrx_word' id='word_1_420' title='bbox 2338 1437 2351 1469; x_wconf 85' lang='lat'><strong>:</strong></span> <span class='ocrx_word' id='word_1_421' title='bbox 2386 1436 2403 1467; x_wconf 80' lang='grc' dir='ltr'><strong>ι</strong></span> <span class='ocrx_word' id='word_1_422' title='bbox 2428 1418 2483 1470; x_wconf 89' lang='lat' dir='ltr'><strong>ld</strong></span> <span class='ocrx_word' id='word_1_423' title='bbox 2513 1429 2591 1468; x_wconf 78' lang='lat' dir='ltr'><strong>i-st</strong></span> <span class='ocrx_word' id='word_1_424' title='bbox 2625 1426 2745 1484; x_wconf 87' lang='lat' dir='ltr'><strong>post</strong></span> <span class='ocrx_word' id='word_1_425' title='bbox 2786 1432 2995 1469; x_wconf 83' lang='lat' dir='ltr'><strong>versum</strong></span> <span class='ocrx_word' id='word_1_426' title='bbox 3046 1431 3074 1468; x_wconf 85' lang='lat' dir='ltr'><strong>a</strong></span> <span class='ocrx_word' id='word_1_427' title='bbox 3118 1426 3364 1469; x_wconf 77' lang='lat' dir='ltr'><strong>cantante</strong></span> <span class='ocrx_word' id='word_1_428' title='bbox 3388 1416 3588 1469; x_wconf 87' lang='lat' dir='ltr'><strong>dictum</strong></span> <span class='ocrx_word' id='word_1_429' title='bbox 3614 1455 3628 1475; x_wconf 84' lang='lat'><strong>,</strong></span> <span class='ocrx_word' id='word_1_430' title='bbox 3658 1414 3780 1468; x_wconf 78' lang='lat' dir='ltr'><strong>dicat</strong></span> 
     </span>
    </p>
   </div>
   <div class='ocr_carea' id='block_1_58' title="bbox 2226 1487 3779 1541">
    <p class='ocr_par' dir='ltr' id='par_1_58' title="bbox 2226 1487 3779 1541">
     <span class='ocr_line' id='line_1_58' title="bbox 2226 1487 3779 1541; baseline 0 -2"><span class='ocrx_word' id='word_1_431' title='bbox 2226 1488 2390 1541; x_wconf 74' lang='lat' dir='ltr'><strong>abbas</strong></span> <span class='ocrx_word' id='word_1_432' title='bbox 2417 1506 2429 1540; x_wconf 93' lang='lat'><strong>:</strong></span> <span class='ocrx_word' id='word_1_433' title='bbox 2466 1487 2707 1541; x_wconf 81' lang='lat' dir='ltr'><strong>Precibus</strong></span> <span class='ocrx_word' id='word_1_434' title='bbox 2739 1487 2959 1539; x_wconf 87' lang='lat' dir='ltr'><strong>omnium</strong></span> <span class='ocrx_word' id='word_1_435' title='bbox 2998 1499 3290 1540; x_wconf 79' lang='lat' dir='ltr'><strong>sanctorum</strong></span> <span class='ocrx_word' id='word_1_436' title='bbox 3319 1502 3534 1539; x_wconf 81' lang='lat' dir='ltr'><strong>suorum</strong></span> <span class='ocrx_word' id='word_1_437' title='bbox 3570 1488 3713 1537; x_wconf 69' lang='lat' dir='ltr'><strong>solvet</strong></span> <span class='ocrx_word' id='word_1_438' title='bbox 3738 1498 3779 1539; x_wconf 83' lang='lat' dir='ltr'><strong>et</strong></span> 
     </span>
    </p>
   </div>
   <div class='ocr_carea' id='block_1_59' title="bbox 2228 1555 3777 1625">
    <p class='ocr_par' dir='ltr' id='par_1_59' title="bbox 2228 1555 3777 1625">
     <span class='ocr_line' id='line_1_59' title="bbox 2228 1555 3777 1625; baseline 0.001 -16"><span class='ocrx_word' id='word_1_439' title='bbox 2228 1559 2485 1611; x_wconf 83' lang='lat' dir='ltr'><strong>benedicat</strong></span> <span class='ocrx_word' id='word_1_440' title='bbox 2516 1574 2605 1610; x_wconf 79' lang='lat' dir='ltr'><strong>nos</strong></span> <span class='ocrx_word' id='word_1_441' title='bbox 2638 1557 2918 1618; x_wconf 77' lang='lat' dir='ltr'><strong>Dominus,</strong></span> <span class='ocrx_word' id='word_1_442' title='bbox 2952 1559 3037 1611; x_wconf 84' lang='lat' dir='ltr'><strong>vel</strong></span> <span class='ocrx_word' id='word_1_443' title='bbox 3065 1557 3292 1623; x_wconf 82' lang='lat' dir='ltr'><strong>aliquam</strong></span> <span class='ocrx_word' id='word_1_444' title='bbox 3322 1556 3587 1625; x_wconf 78' lang='lat' dir='ltr'><strong>ejusmodi</strong></span> <span class='ocrx_word' id='word_1_445' title='bbox 3630 1555 3777 1610; x_wconf 83' lang='lat' dir='ltr'><strong>bene-</strong></span> 
     </span>
    </p>
   </div>
   <div class='ocr_carea' id='block_1_60' title="bbox 2225 1626 3774 1695">
    <p class='ocr_par' dir='ltr' id='par_1_60' title="bbox 2225 1626 3774 1695">
     <span class='ocr_line' id='line_1_60' title="bbox 2225 1626 3774 1695; baseline -0.001 -14"><span class='ocrx_word' id='word_1_446' title='bbox 2225 1629 2536 1683; x_wconf 89' lang='lat' dir='ltr'><strong>dictionem.</strong></span> <span class='ocrx_word' id='word_1_447' title='bbox 2569 1647 2587 1680; x_wconf 71' lang='grc' dir='ltr'><strong>ι</strong></span> <span class='ocrx_word' id='word_1_448' title='bbox 2636 1629 2757 1681; x_wconf 75' lang='lat' dir='ltr'><strong>lltcc</strong></span> <span class='ocrx_word' id='word_1_449' title='bbox 2782 1640 2863 1681; x_wconf 87' lang='lat' dir='ltr'><strong>est</strong></span> <span class='ocrx_word' id='word_1_450' title='bbox 2893 1627 3071 1681; x_wconf 84' lang='lat' dir='ltr'><strong>brevis</strong></span> <span class='ocrx_word' id='word_1_451' title='bbox 3127 1627 3215 1680; x_wconf 85' lang='lat' dir='ltr'><strong>illa</strong></span> <span class='ocrx_word' id='word_1_452' title='bbox 3253 1628 3489 1695; x_wconf 84' lang='lat' dir='ltr'><strong>precatio</strong></span> <span class='ocrx_word' id='word_1_453' title='bbox 3515 1642 3664 1692; x_wconf 87' lang='lat' dir='ltr'><strong>quam</strong></span> <span class='ocrx_word' id='word_1_454' title='bbox 3691 1626 3774 1679; x_wconf 84' lang='lat' dir='ltr'><strong>ab-</strong></span> 
     </span>
    </p>
   </div>
   <div class='ocr_carea' id='block_1_61' title="bbox 2228 1697 3775 1765">
    <p class='ocr_par' dir='ltr' id='par_1_61' title="bbox 2228 1697 3775 1765">
     <span class='ocr_line' id='line_1_61' title="bbox 2228 1697 3775 1765; baseline -0.002 -13"><span class='ocrx_word' id='word_1_455' title='bbox 2228 1700 2543 1752; x_wconf 73' lang='lat' dir='ltr'><strong>siilutionem</strong></span> <span class='ocrx_word' id='word_1_456' title='bbox 2593 1713 2865 1755; x_wconf 81' lang='lat' dir='ltr'><strong>vocamus.</strong></span> <span class='ocrx_word' id='word_1_457' title='bbox 2916 1708 2969 1751; x_wconf 89' lang='lat' dir='ltr'><strong>et</strong></span> <span class='ocrx_word' id='word_1_458' title='bbox 3008 1697 3259 1765; x_wconf 63' lang='lat' dir='ltr'><strong>praecedit</strong></span> <span class='ocrx_word' id='word_1_459' title='bbox 3304 1700 3477 1751; x_wconf 83' lang='lat' dir='ltr'><strong>oratio</strong></span> <span class='ocrx_word' id='word_1_460' title='bbox 3517 1697 3775 1759; x_wconf 77' lang='lat' dir='ltr'><strong>dntiiiuica,</strong></span> 
     </span>
    </p>
   </div>
   <div class='ocr_carea' id='block_1_62' title="bbox 2160 1754 3776 1839">
    <p class='ocr_par' dir='ltr' id='par_1_62' title="bbox 2160 1754 3776 1839">
     <span class='ocr_line' id='line_1_62' title="bbox 2160 1754 3776 1839; baseline -0.002 -17"><span class='ocrx_word' id='word_1_461' title='bbox 2160 1754 2204 1812; x_wconf 80' lang='grc' dir='ltr'>Β</span> <span class='ocrx_word' id='word_1_462' title='bbox 2231 1772 2575 1839; x_wconf 89' lang='lat' dir='ltr'><strong>sequiturque</strong></span> <span class='ocrx_word' id='word_1_463' title='bbox 2603 1754 2984 1823; x_wconf 89' lang='lat' dir='ltr'><strong>benedictionis</strong></span> <span class='ocrx_word' id='word_1_464' title='bbox 3008 1754 3193 1837; x_wconf 81' lang='lat' dir='ltr'><strong>petitio</strong></span> <span class='ocrx_word' id='word_1_465' title='bbox 3214 1784 3242 1820; x_wconf 90' lang='lat' dir='ltr'><strong>a</strong></span> <span class='ocrx_word' id='word_1_466' title='bbox 3267 1773 3467 1822; x_wconf 85' lang='lat' dir='ltr'><strong>lectore</strong></span> <span class='ocrx_word' id='word_1_467' title='bbox 3494 1786 3506 1820; x_wconf 91' lang='lat'>:</span> <span class='ocrx_word' id='word_1_468' title='bbox 3539 1783 3652 1836; x_wconf 72' lang='lat' dir='ltr'><strong>qua:</strong></span> <span class='ocrx_word' id='word_1_469' title='bbox 3675 1754 3776 1820; x_wconf 51' lang='lat' dir='ltr'><strong>om;</strong></span> 
     </span>
    </p>
   </div>
   <div class='ocr_carea' id='block_1_63' title="bbox 2233 1839 3777 1907">
    <p class='ocr_par' dir='ltr' id='par_1_63' title="bbox 2233 1839 3777 1907">
     <span class='ocr_line' id='line_1_63' title="bbox 2233 1839 3777 1907; baseline -0.001 -15"><span class='ocrx_word' id='word_1_470' title='bbox 2233 1840 2319 1893; x_wconf 90' lang='lat' dir='ltr'><strong>nia</strong></span> <span class='ocrx_word' id='word_1_471' title='bbox 2342 1842 2440 1895; x_wconf 89' lang='lat' dir='ltr'><strong>sub</strong></span> <span class='ocrx_word' id='word_1_472' title='bbox 2469 1840 2849 1894; x_wconf 79' lang='lat' dir='ltr'><strong>benedictioiiis</strong></span> <span class='ocrx_word' id='word_1_473' title='bbox 2872 1840 3085 1893; x_wconf 90' lang='lat' dir='ltr'><strong>nomine</strong></span> <span class='ocrx_word' id='word_1_474' title='bbox 3114 1840 3396 1907; x_wconf 85' lang='lat' dir='ltr'><strong>complecti</strong></span> <span class='ocrx_word' id='word_1_475' title='bbox 3436 1840 3641 1893; x_wconf 83' lang='lat' dir='ltr'><strong>videtur</strong></span> <span class='ocrx_word' id='word_1_476' title='bbox 3669 1839 3777 1891; x_wconf 83' lang='lat' dir='ltr'><strong>Ber-</strong></span> 
     </span>
    </p>
   </div>
   <div class='ocr_carea' id='block_1_64' title="bbox 2233 1910 3776 1965">
    <p class='ocr_par' dir='ltr' id='par_1_64' title="bbox 2233 1910 3776 1965">
     <span class='ocr_line' id='line_1_64' title="bbox 2233 1910 3776 1965; baseline -0.001 -3"><span class='ocrx_word' id='word_1_477' title='bbox 2233 1911 2429 1964; x_wconf 86' lang='lat' dir='ltr'><strong>nardns</strong></span> <span class='ocrx_word' id='word_1_478' title='bbox 2446 1911 2777 1965; x_wconf 89' lang='lat' dir='ltr'><strong>Cassinensis</strong></span> <span class='ocrx_word' id='word_1_479' title='bbox 2795 1911 2932 1964; x_wconf 90' lang='lat' dir='ltr'><strong>hunc</strong></span> <span class='ocrx_word' id='word_1_480' title='bbox 2958 1911 3010 1963; x_wconf 90' lang='lat' dir='ltr'><strong>in</strong></span> <span class='ocrx_word' id='word_1_481' title='bbox 3027 1912 3200 1963; x_wconf 92' lang='lat' dir='ltr'><strong>locum</strong></span> <span class='ocrx_word' id='word_1_482' title='bbox 3222 1911 3300 1963; x_wconf 90' lang='lat' dir='ltr'><strong>sic</strong></span> <span class='ocrx_word' id='word_1_483' title='bbox 3322 1910 3597 1964; x_wconf 86' lang='lat' dir='ltr'><strong>scribens:</strong></span> <span class='ocrx_word' id='word_1_484' title='bbox 3622 1928 3639 1960; x_wconf 79' lang='grc' dir='ltr'><strong>ι</strong></span> <span class='ocrx_word' id='word_1_485' title='bbox 3665 1910 3776 1962; x_wconf 73' lang='lat' dir='ltr'><strong>Nam</strong></span> 
     </span>
    </p>
   </div>
   <div class='ocr_carea' id='block_1_65' title="bbox 2231 1980 3779 2051">
    <p class='ocr_par' dir='ltr' id='par_1_65' title="bbox 2231 1980 3779 2051">
     <span class='ocr_line' id='line_1_65' title="bbox 2231 1980 3779 2051; baseline -0.002 -16"><span class='ocrx_word' id='word_1_486' title='bbox 2231 1981 2414 2048; x_wconf 84' lang='lat' dir='ltr'><strong>abbas,</strong></span> <span class='ocrx_word' id='word_1_487' title='bbox 2448 1993 2728 2051; x_wconf 85' lang='lat' dir='ltr'><strong>antequam</strong></span> <span class='ocrx_word' id='word_1_488' title='bbox 2757 1983 2995 2048; x_wconf 81' lang='lat' dir='ltr'><strong>legantur</strong></span> <span class='ocrx_word' id='word_1_489' title='bbox 3019 1980 3293 2044; x_wconf 79' lang='lat' dir='ltr'><strong>lectiones,</strong></span> <span class='ocrx_word' id='word_1_490' title='bbox 3316 1981 3636 2033; x_wconf 79' lang='lat' dir='ltr'><strong>dominicam</strong></span> <span class='ocrx_word' id='word_1_491' title='bbox 3660 1996 3779 2046; x_wconf 69' lang='lat' dir='ltr'><strong>pm-</strong></span> 
     </span>
    </p>
   </div>
   <div class='ocr_carea' id='block_1_66' title="bbox 2234 2051 3779 2119">
    <p class='ocr_par' dir='ltr' id='par_1_66' title="bbox 2234 2051 3779 2119">
     <span class='ocr_line' id='line_1_66' title="bbox 2234 2051 3779 2119; baseline -0.005 -13"><span class='ocrx_word' id='word_1_492' title='bbox 2234 2053 2395 2106; x_wconf 88' lang='lat' dir='ltr'><strong>mittit</strong></span> <span class='ocrx_word' id='word_1_493' title='bbox 2423 2055 2738 2105; x_wconf 85' lang='lat' dir='ltr'><strong>orationem.</strong></span> <span class='ocrx_word' id='word_1_494' title='bbox 2773 2052 3112 2105; x_wconf 83' lang='lat' dir='ltr'><strong>Posunodnm</strong></span> <span class='ocrx_word' id='word_1_495' title='bbox 3143 2052 3371 2119; x_wconf 85' lang='lat' dir='ltr'><strong>aliquam</strong></span> <span class='ocrx_word' id='word_1_496' title='bbox 3404 2051 3563 2104; x_wconf 78' lang='lat' dir='ltr'><strong>aliam</strong></span> <span class='ocrx_word' id='word_1_497' title='bbox 3602 2054 3779 2104; x_wconf 80' lang='lat' dir='ltr'><strong>oratio-</strong></span> 
     </span>
    </p>
   </div>
   <div class='ocr_carea' id='block_1_67' title="bbox 2234 2122 3779 2190">
    <p class='ocr_par' dir='ltr' id='par_1_67' title="bbox 2234 2122 3779 2190">
     <span class='ocr_line' id='line_1_67' title="bbox 2234 2122 3779 2190; baseline -0.002 -15"><span class='ocrx_word' id='word_1_498' title='bbox 2234 2138 2353 2177; x_wconf 89' lang='lat' dir='ltr'><strong>nem</strong></span> <span class='ocrx_word' id='word_1_499' title='bbox 2380 2124 2677 2190; x_wconf 68' lang='lat' dir='ltr'><strong>prtctnittit,</strong></span> <span class='ocrx_word' id='word_1_500' title='bbox 2714 2122 3003 2177; x_wconf 85' lang='lat' dir='ltr'><strong>videlicet:</strong></span> <span class='ocrx_word' id='word_1_501' title='bbox 3038 2123 3080 2175; x_wconf 88' lang='grc' dir='ltr'><em>Α</em></span> <span class='ocrx_word' id='word_1_502' title='bbox 3108 2122 3320 2174; x_wconf 75' lang='lat' dir='ltr'><strong>vinculis</strong></span> <span class='ocrx_word' id='word_1_503' title='bbox 3358 2133 3672 2187; x_wconf 82' lang='lat' dir='ltr'><strong>peccatorum</strong></span> <span class='ocrx_word' id='word_1_504' title='bbox 3702 2138 3779 2173; x_wconf 56' lang='lat' dir='ltr'><strong>no.</strong></span> 
     </span>
    </p>
   </div>
   <div class='ocr_carea' id='block_1_68' title="bbox 2234 2193 3776 2259">
    <p class='ocr_par' dir='ltr' id='par_1_68' title="bbox 2234 2193 3776 2259">
     <span class='ocr_line' id='line_1_68' title="bbox 2234 2193 3776 2259; baseline -0.004 -10"><span class='ocrx_word' id='word_1_505' title='bbox 2234 2203 2474 2256; x_wconf 80' lang='lat' dir='ltr'><strong>morum,</strong></span> <span class='ocrx_word' id='word_1_506' title='bbox 2499 2205 2602 2247; x_wconf 87' lang='lat' dir='ltr'><strong>etc.</strong></span> <span class='ocrx_word' id='word_1_507' title='bbox 2637 2194 2860 2249; x_wconf 88' lang='lat' dir='ltr'><strong>Lectore</strong></span> <span class='ocrx_word' id='word_1_508' title='bbox 2890 2208 3017 2246; x_wconf 87' lang='lat' dir='ltr'><strong>vero</strong></span> <span class='ocrx_word' id='word_1_509' title='bbox 3041 2193 3465 2256; x_wconf 83' lang='lat' dir='ltr'><strong>benedictionem</strong></span> <span class='ocrx_word' id='word_1_510' title='bbox 3501 2194 3776 2259; x_wconf 80' lang='lat' dir='ltr'><strong>posuilante</strong></span> 
     </span>
    </p>
   </div>
   <div class='ocr_carea' id='block_1_69' title="bbox 2239 2262 3780 2331">
    <p class='ocr_par' dir='ltr' id='par_1_69' title="bbox 2239 2262 3780 2331">
     <span class='ocr_line' id='line_1_69' title="bbox 2239 2262 3780 2331; baseline -0.001 -14"><span class='ocrx_word' id='word_1_511' title='bbox 2239 2280 2330 2331; x_wconf 88' lang='lat' dir='ltr'><strong>per</strong></span> <span class='ocrx_word' id='word_1_512' title='bbox 2358 2265 2503 2329; x_wconf 89' lang='lat' dir='ltr'><strong>illud,</strong></span> <span class='ocrx_word' id='word_1_513' title='bbox 2539 2266 2740 2317; x_wconf 84' lang='lat' dir='ltr'><strong>scilicet</strong></span> <span class='ocrx_word' id='word_1_514' title='bbox 2773 2262 2932 2329; x_wconf 77' lang='lat' dir='ltr'><strong>lube,</strong></span> <span class='ocrx_word' id='word_1_515' title='bbox 2961 2266 3175 2322; x_wconf 85' lang='lat' dir='ltr'><strong>domne.</strong></span> <span class='ocrx_word' id='word_1_516' title='bbox 3220 2262 3543 2327; x_wconf 81' lang='lat' dir='ltr'><strong>benedicere,</strong></span> <span class='ocrx_word' id='word_1_517' title='bbox 3575 2274 3688 2316; x_wconf 90' lang='lat' dir='ltr'><strong>tunc</strong></span> <span class='ocrx_word' id='word_1_518' title='bbox 3705 2264 3780 2316; x_wconf 86' lang='lat' dir='ltr'><strong>dat</strong></span> 
     </span>
    </p>
   </div>
   <div class='ocr_carea' id='block_1_70' title="bbox 2239 2333 3779 2402">
    <p class='ocr_par' dir='ltr' id='par_1_70' title="bbox 2239 2333 3779 2402">
     <span class='ocr_line' id='line_1_70' title="bbox 2239 2333 3779 2402; baseline -0.001 -15"><span class='ocrx_word' id='word_1_519' title='bbox 2239 2336 2657 2389; x_wconf 80' lang='lat' dir='ltr'><strong>benedictionem</strong></span> <span class='ocrx_word' id='word_1_520' title='bbox 2685 2336 2867 2389; x_wconf 83' lang='lat' dir='ltr'><strong>abbas.</strong></span> <span class='ocrx_word' id='word_1_521' title='bbox 2892 2353 2909 2385; x_wconf 77' lang='grc' dir='ltr'><strong>ι</strong></span> <span class='ocrx_word' id='word_1_522' title='bbox 2970 2335 3097 2401; x_wconf 69' lang='lat' dir='ltr'><strong>Quae</strong></span> <span class='ocrx_word' id='word_1_523' title='bbox 3125 2333 3335 2402; x_wconf 89' lang='lat' dir='ltr'><strong>quidem</strong></span> <span class='ocrx_word' id='word_1_524' title='bbox 3361 2335 3543 2388; x_wconf 87' lang='lat' dir='ltr'><strong>omnia</strong></span> <span class='ocrx_word' id='word_1_525' title='bbox 3572 2336 3779 2387; x_wconf 83' lang='lat' dir='ltr'><strong>minuta-</strong></span> 
     </span>
    </p>
   </div>
   <div class='ocr_carea' id='block_1_71' title="bbox 2239 2404 3779 2474">
    <p class='ocr_par' dir='ltr' id='par_1_71' title="bbox 2239 2404 3779 2474">
     <span class='ocr_line' id='line_1_71' title="bbox 2239 2404 3779 2474; baseline -0.002 -16"><span class='ocrx_word' id='word_1_526' title='bbox 2239 2410 2330 2458; x_wconf 88' lang='lat' dir='ltr'><strong>tim</strong></span> <span class='ocrx_word' id='word_1_527' title='bbox 2356 2406 2411 2459; x_wconf 82' lang='lat' dir='ltr'><strong>S.</strong></span> <span class='ocrx_word' id='word_1_528' title='bbox 2455 2408 2769 2460; x_wconf 65' lang='lat' dir='ltr'><strong>Iieuedii-tus</strong></span> <span class='ocrx_word' id='word_1_529' title='bbox 2802 2406 2938 2459; x_wconf 88' lang='lat' dir='ltr'><strong>haud</strong></span> <span class='ocrx_word' id='word_1_530' title='bbox 2978 2405 3260 2472; x_wconf 82' lang='lat' dir='ltr'><strong>exposuit,</strong></span> <span class='ocrx_word' id='word_1_531' title='bbox 3288 2404 3411 2474; x_wconf 82' lang='lat' dir='ltr'><strong>quia</strong></span> <span class='ocrx_word' id='word_1_532' title='bbox 3439 2421 3506 2459; x_wconf 80' lang='lat' dir='ltr'><strong>ex</strong></span> <span class='ocrx_word' id='word_1_533' title='bbox 3553 2420 3642 2457; x_wconf 87' lang='lat' dir='ltr'><strong>usu</strong></span> <span class='ocrx_word' id='word_1_534' title='bbox 3668 2405 3779 2456; x_wconf 84' lang='lat' dir='ltr'><strong>satis</strong></span> 
     </span>
    </p>
   </div>
   <div class='ocr_carea' id='block_1_72' title="bbox 2238 2475 3781 2533">
    <p class='ocr_par' dir='ltr' id='par_1_72' title="bbox 2238 2475 3781 2533">
     <span class='ocr_line' id='line_1_72' title="bbox 2238 2475 3781 2533; baseline -0.001 -4"><span class='ocrx_word' id='word_1_535' title='bbox 2238 2487 2359 2529; x_wconf 87' lang='lat' dir='ltr'><strong>nota</strong></span> <span class='ocrx_word' id='word_1_536' title='bbox 2390 2492 2508 2530; x_wconf 77' lang='lat' dir='ltr'><strong>esse</strong></span> <span class='ocrx_word' id='word_1_537' title='bbox 2545 2477 2862 2531; x_wconf 74' lang='lat' dir='ltr'><strong>existimavit</strong></span> <span class='ocrx_word' id='word_1_538' title='bbox 2888 2493 2901 2533; x_wconf 83' lang='lat'><strong>:</strong></span> <span class='ocrx_word' id='word_1_539' title='bbox 2935 2476 2978 2529; x_wconf 91' lang='lat' dir='ltr'><strong>si</strong></span> <span class='ocrx_word' id='word_1_540' title='bbox 3009 2485 3188 2529; x_wconf 89' lang='lat' dir='ltr'><strong>tamen</strong></span> <span class='ocrx_word' id='word_1_541' title='bbox 3219 2492 3345 2528; x_wconf 83' lang='lat' dir='ltr'><strong>usus</strong></span> <span class='ocrx_word' id='word_1_542' title='bbox 3365 2475 3523 2531; x_wconf 80' lang='lat' dir='ltr'><strong>fuerit</strong></span> <span class='ocrx_word' id='word_1_543' title='bbox 3548 2476 3604 2531; x_wconf 93' lang='lat' dir='ltr'><strong>S.</strong></span> <span class='ocrx_word' id='word_1_544' title='bbox 3635 2476 3781 2528; x_wconf 85' lang='lat' dir='ltr'><strong>Bene-</strong></span> 
     </span>
    </p>
   </div>
   <div class='ocr_carea' id='block_1_73' title="bbox 2238 2546 3781 2618">
    <p class='ocr_par' dir='ltr' id='par_1_73' title="bbox 2238 2546 3781 2618">
     <span class='ocr_line' id='line_1_73' title="bbox 2238 2546 3781 2618; baseline -0.002 -19"><span class='ocrx_word' id='word_1_545' title='bbox 2238 2547 2368 2599; x_wconf 86' lang='lat' dir='ltr'><strong>dicti</strong></span> <span class='ocrx_word' id='word_1_546' title='bbox 2400 2557 2638 2618; x_wconf 84' lang='lat' dir='ltr'><strong>tentpore</strong></span> <span class='ocrx_word' id='word_1_547' title='bbox 2683 2547 2995 2601; x_wconf 80' lang='lat' dir='ltr'><strong>lectionibus</strong></span> <span class='ocrx_word' id='word_1_548' title='bbox 3034 2546 3357 2618; x_wconf 66' lang='lat' dir='ltr'><strong>prirrniitlere</strong></span> <span class='ocrx_word' id='word_1_549' title='bbox 3385 2548 3673 2618; x_wconf 71' lang='lat' dir='ltr'><strong>orationem</strong></span> <span class='ocrx_word' id='word_1_550' title='bbox 3701 2546 3781 2598; x_wconf 62' lang='lat' dir='ltr'><strong>doc</strong></span> 
     </span>
    </p>
   </div>
   <div class='ocr_carea' id='block_1_74' title="bbox 2241 2615 3781 2687">
    <p class='ocr_par' dir='ltr' id='par_1_74' title="bbox 2241 2615 3781 2687">
     <span class='ocr_line' id='line_1_74' title="bbox 2241 2615 3781 2687; baseline -0.001 -18"><span class='ocrx_word' id='word_1_551' title='bbox 2241 2615 2691 2687; x_wconf 51' lang='lat' dir='ltr'><strong>ininicam,&#39;qu:un</strong></span> <span class='ocrx_word' id='word_1_552' title='bbox 2723 2618 2981 2671; x_wconf 86' lang='lat' dir='ltr'><strong>Boherius</strong></span> <span class='ocrx_word' id='word_1_553' title='bbox 3008 2618 3079 2669; x_wconf 92' lang='lat' dir='ltr'><strong>uti</strong></span> <span class='ocrx_word' id='word_1_554' title='bbox 3104 2626 3158 2670; x_wconf 89' lang='lat' dir='ltr'><strong>et</strong></span> <span class='ocrx_word' id='word_1_555' title='bbox 3193 2615 3580 2672; x_wconf 85' lang='lat' dir='ltr'><strong>absolutionem</strong></span> <span class='ocrx_word' id='word_1_556' title='bbox 3613 2626 3781 2685; x_wconf 69' lang='lat' dir='ltr'><strong>prmter</strong></span> 
     </span>
    </p>
   </div>
   <div class='ocr_carea' id='block_1_75' title="bbox 2241 2687 3781 2757">
    <p class='ocr_par' dir='ltr' id='par_1_75' title="bbox 2241 2687 3781 2757">
     <span class='ocr_line' id='line_1_75' title="bbox 2241 2687 3781 2757; baseline -0.003 -16"><span class='ocrx_word' id='word_1_557' title='bbox 2241 2688 2456 2757; x_wconf 64' lang='lat' dir='ltr'><strong>Regulie</strong></span> <span class='ocrx_word' id='word_1_558' title='bbox 2485 2691 2849 2757; x_wconf 68' lang='lat' dir='ltr'><strong>praescriptum</strong></span> <span class='ocrx_word' id='word_1_559' title='bbox 2886 2689 3092 2741; x_wconf 83' lang='lat' dir='ltr'><strong>additas</strong></span> <span class='ocrx_word' id='word_1_560' title='bbox 3133 2700 3251 2741; x_wconf 86' lang='lat' dir='ltr'><strong>esse</strong></span> <span class='ocrx_word' id='word_1_561' title='bbox 3288 2690 3521 2741; x_wconf 87' lang='lat' dir='ltr'><strong>censuit.</strong></span> <span class='ocrx_word' id='word_1_562' title='bbox 3572 2687 3633 2741; x_wconf 87' lang='lat' dir='ltr'><strong>Et</strong></span> <span class='ocrx_word' id='word_1_563' title='bbox 3658 2697 3781 2738; x_wconf 78' lang='lat' dir='ltr'><strong>certe</strong></span> 
     </span>
    </p>
   </div>
   <div class='ocr_carea' id='block_1_76' title="bbox 2239 2757 3783 2826">
    <p class='ocr_par' dir='ltr' id='par_1_76' title="bbox 2239 2757 3783 2826">
     <span class='ocr_line' id='line_1_76' title="bbox 2239 2757 3783 2826; baseline -0.003 -14"><span class='ocrx_word' id='word_1_564' title='bbox 2239 2757 2621 2813; x_wconf 82' lang='lat' dir='ltr'><strong>Cistercieuses</strong></span> <span class='ocrx_word' id='word_1_565' title='bbox 2651 2771 2929 2826; x_wconf 86' lang='lat' dir='ltr'><strong>utramque</strong></span> <span class='ocrx_word' id='word_1_566' title='bbox 2957 2759 3238 2819; x_wconf 85' lang='lat' dir='ltr'><strong>omittunt,</strong></span> <span class='ocrx_word' id='word_1_567' title='bbox 3280 2769 3336 2811; x_wconf 89' lang='lat' dir='ltr'><strong>ut</strong></span> <span class='ocrx_word' id='word_1_568' title='bbox 3361 2758 3552 2812; x_wconf 89' lang='lat' dir='ltr'><strong>scribit</strong></span> <span class='ocrx_word' id='word_1_569' title='bbox 3576 2758 3783 2812; x_wconf 79' lang='lat' dir='ltr'><strong>Joannes</strong></span> 
     </span>
    </p>
   </div>
   <div class='ocr_carea' id='block_1_77' title="bbox 2244 2827 3781 2896">
    <p class='ocr_par' dir='ltr' id='par_1_77' title="bbox 2244 2827 3781 2896">
     <span class='ocr_line' id='line_1_77' title="bbox 2244 2827 3781 2896; baseline -0.003 -14"><span class='ocrx_word' id='word_1_570' title='bbox 2244 2830 2386 2882; x_wconf 78' lang='lat' dir='ltr'><strong>[tuna</strong></span> <span class='ocrx_word' id='word_1_571' title='bbox 2431 2831 2499 2883; x_wconf 87' lang='lat' dir='ltr'><strong>de</strong></span> <span class='ocrx_word' id='word_1_572' title='bbox 2537 2830 2720 2883; x_wconf 85' lang='lat' dir='ltr'><strong>Divina</strong></span> <span class='ocrx_word' id='word_1_573' title='bbox 2766 2829 2965 2883; x_wconf 77' lang='lat' dir='ltr'><strong>l‘salm.</strong></span> <span class='ocrx_word' id='word_1_574' title='bbox 2996 2844 3047 2884; x_wconf 90' lang='lat' dir='ltr'><strong>c.</strong></span> <span class='ocrx_word' id='word_1_575' title='bbox 3080 2828 3176 2892; x_wconf 78' lang='grc'><strong>18,</strong></span> <span class='ocrx_word' id='word_1_576' title='bbox 3229 2827 3337 2896; x_wconf 62' lang='grc' dir='ltr'>μ.</span> <span class='ocrx_word' id='word_1_577' title='bbox 3385 2829 3602 2883; x_wconf 80' lang='lat' dir='ltr'><strong>Videtur</strong></span> <span class='ocrx_word' id='word_1_578' title='bbox 3628 2841 3781 2882; x_wconf 83' lang='lat' dir='ltr'><strong>tamen</strong></span> 
     </span>
    </p>
   </div>
   <div class='ocr_carea' id='block_1_78' title="bbox 2244 2899 3783 2970">
    <p class='ocr_par' dir='ltr' id='par_1_78' title="bbox 2244 2899 3783 2970">
     <span class='ocr_line' id='line_1_78' title="bbox 2244 2899 3783 2970; baseline -0.001 -18"><span class='ocrx_word' id='word_1_579' title='bbox 2244 2916 2369 2954; x_wconf 81' lang='lat' dir='ltr'><strong>usus</strong></span> <span class='ocrx_word' id='word_1_580' title='bbox 2399 2903 2485 2955; x_wconf 91' lang='lat' dir='ltr'><strong>ille</strong></span> <span class='ocrx_word' id='word_1_581' title='bbox 2507 2902 2911 2969; x_wconf 89' lang='lat' dir='ltr'><strong>antiquissimus</strong></span> <span class='ocrx_word' id='word_1_582' title='bbox 2930 2943 2943 2961; x_wconf 89' lang='lat'><strong>,</strong></span> <span class='ocrx_word' id='word_1_583' title='bbox 2978 2900 3042 2953; x_wconf 88' lang='lat' dir='ltr'><strong>ad</strong></span> <span class='ocrx_word' id='word_1_584' title='bbox 3065 2913 3221 2965; x_wconf 88' lang='lat' dir='ltr'><strong>quem</strong></span> <span class='ocrx_word' id='word_1_585' title='bbox 3249 2899 3385 2954; x_wconf 78' lang='lat' dir='ltr'><strong>forte</strong></span> <span class='ocrx_word' id='word_1_586' title='bbox 3414 2902 3643 2970; x_wconf 75' lang='lat' dir='ltr'><strong>respexit</strong></span> <span class='ocrx_word' id='word_1_587' title='bbox 3663 2900 3783 2965; x_wconf 85' lang='lat' dir='ltr'><strong>capi-</strong></span> 
     </span>
    </p>
   </div>
   <div class='ocr_carea' id='block_1_79' title="bbox 2244 2970 3783 3040">
    <p class='ocr_par' dir='ltr' id='par_1_79' title="bbox 2244 2970 3783 3040">
     <span class='ocr_line' id='line_1_79' title="bbox 2244 2970 3783 3040; baseline -0.003 -17"><span class='ocrx_word' id='word_1_588' title='bbox 2244 2972 2414 3023; x_wconf 90' lang='lat' dir='ltr'><strong>tulum</strong></span> <span class='ocrx_word' id='word_1_589' title='bbox 2443 2972 2476 3025; x_wconf 84' lang='lat'><strong>5</strong></span> <span class='ocrx_word' id='word_1_590' title='bbox 2498 2971 2876 3025; x_wconf 83' lang='lat' dir='ltr'><strong>monachorum</strong></span> <span class='ocrx_word' id='word_1_591' title='bbox 2900 2970 3324 3040; x_wconf 77' lang='lat' dir='ltr'><strong>Sangallensium</strong></span> <span class='ocrx_word' id='word_1_592' title='bbox 3346 3010 3360 3034; x_wconf 92' lang='lat'><strong>,</strong></span> <span class='ocrx_word' id='word_1_593' title='bbox 3386 2970 3675 3027; x_wconf 81' lang='lat' dir='ltr'><strong>decernens</strong></span> <span class='ocrx_word' id='word_1_594' title='bbox 3706 2978 3783 3020; x_wconf 82' lang='lat' dir='ltr'><strong>tut</strong></span> 
     </span>
    </p>
   </div>
   <div class='ocr_carea' id='block_1_80' title="bbox 2244 3040 3783 3111">
    <p class='ocr_par' dir='ltr' id='par_1_80' title="bbox 2244 3040 3783 3111">
     <span class='ocr_line' id='line_1_80' title="bbox 2244 3040 3783 3111; baseline -0.001 -18"><span class='ocrx_word' id='word_1_595' title='bbox 2244 3042 2400 3095; x_wconf 88' lang='lat' dir='ltr'><strong>dictis</strong></span> <span class='ocrx_word' id='word_1_596' title='bbox 2427 3056 2521 3095; x_wconf 77' lang='lat' dir='ltr'><strong>sex</strong></span> <span class='ocrx_word' id='word_1_597' title='bbox 2551 3042 2766 3110; x_wconf 86' lang='lat' dir='ltr'><strong>psalmis</strong></span> <span class='ocrx_word' id='word_1_598' title='bbox 2795 3040 2978 3111; x_wconf 87' lang='lat' dir='ltr'><strong>primis</strong></span> <span class='ocrx_word' id='word_1_599' title='bbox 2998 3042 3062 3094; x_wconf 88' lang='lat' dir='ltr'><strong>ad</strong></span> <span class='ocrx_word' id='word_1_600' title='bbox 3098 3047 3414 3094; x_wconf 90' lang='lat' dir='ltr'><strong>nocturnum</strong></span> <span class='ocrx_word' id='word_1_601' title='bbox 3434 3085 3450 3110; x_wconf 90' lang='lat'><strong>,</strong></span> <span class='ocrx_word' id='word_1_602' title='bbox 3499 3057 3660 3111; x_wconf 75' lang='lat' dir='ltr'><strong>genua</strong></span> <span class='ocrx_word' id='word_1_603' title='bbox 3696 3055 3783 3092; x_wconf 83' lang='lat' dir='ltr'><strong>non</strong></span> 
     </span>
    </p>
   </div>
   <div class='ocr_carea' id='block_1_81' title="bbox 572 3108 3168 3185">
    <p class='ocr_par' dir='ltr' id='par_1_81' title="bbox 572 3108 3168 3185">
     <span class='ocr_line' id='line_1_81' title="bbox 572 3108 3168 3185; baseline 0.001 -24"><span class='ocrx_word' id='word_1_604' title='bbox 572 3110 842 3185; x_wconf 58' lang='lat' dir='ltr'><strong>nonnullis</strong></span> <span class='ocrx_word' id='word_1_605' title='bbox 864 3108 1239 3185; x_wconf 73' lang='lat' dir='ltr'><strong>ccclesiisticis</strong></span> <span class='ocrx_word' id='word_1_606' title='bbox 1254 3111 1495 3185; x_wconf 67' lang='lat' dir='ltr'><strong>elegisse,</strong></span> <span class='ocrx_word' id='word_1_607' title='bbox 1521 3116 1663 3163; x_wconf 73' lang='lat' dir='ltr'><strong>verbi</strong></span> <span class='ocrx_word' id='word_1_608' title='bbox 1685 3115 1873 3185; x_wconf 66' lang='lat' dir='ltr'><strong>giatia,</strong></span> <span class='ocrx_word' id='word_1_609' title='bbox 1898 3113 1967 3185; x_wconf 77' lang='lat' dir='ltr'><strong>de</strong></span> <span class='ocrx_word' id='word_1_610' title='bbox 1992 3111 2138 3185; x_wconf 82' lang='lat' dir='ltr'><strong>bym-</strong></span> <span class='ocrx_word' id='word_1_611' title='bbox 2169 3125 2214 3185; x_wconf 72' lang='grc' dir='ltr'>ρ</span> <span class='ocrx_word' id='word_1_612' title='bbox 2248 3108 2563 3185; x_wconf 62' lang='grc' dir='ltr'><strong>ιιιίξιθοιειηι,⁷</strong></span> <span class='ocrx_word' id='word_1_613' title='bbox 2595 3112 2685 3166; x_wconf 89' lang='lat' dir='ltr'><strong>sed</strong></span> <span class='ocrx_word' id='word_1_614' title='bbox 2719 3108 3115 3185; x_wconf 81' lang='lat' dir='ltr'><strong>stantesorent.</strong></span> <span class='ocrx_word' id='word_1_615' title='bbox 3150 3130 3168 3163; x_wconf 67' lang='grc' dir='ltr'><strong>ι</strong></span> 
     </span>
    </p>
   </div>
   <div class='ocr_carea' id='block_1_82' title="bbox 571 3181 2134 3246">
    <p class='ocr_par' dir='ltr' id='par_1_82' title="bbox 571 3181 2134 3246">
     <span class='ocr_line' id='line_1_82' title="bbox 571 3181 2134 3246; baseline -0.001 -14"><span class='ocrx_word' id='word_1_616' title='bbox 571 3184 803 3245; x_wconf 75' lang='lat' dir='ltr'><strong>ttisqnos</strong></span> <span class='ocrx_word' id='word_1_617' title='bbox 857 3182 1238 3233; x_wconf 73' lang='lat' dir='ltr'><strong>Aniltt&#39;uslnuus</strong></span> <span class='ocrx_word' id='word_1_618' title='bbox 1278 3182 1527 3246; x_wconf 73' lang='lat' dir='ltr'><strong>appellat.</strong></span> <span class='ocrx_word' id='word_1_619' title='bbox 1575 3200 1592 3231; x_wconf 74' lang='grc' dir='ltr'><strong>ι</strong></span> <span class='ocrx_word' id='word_1_620' title='bbox 1646 3185 1708 3234; x_wconf 77' lang='grc' dir='ltr'><strong>ΕΙ,</strong></span> <span class='ocrx_word' id='word_1_621' title='bbox 1767 3181 2053 3234; x_wconf 70' lang='lat' dir='ltr'><strong>Wallriilns</strong></span> <span class='ocrx_word' id='word_1_622' title='bbox 2085 3183 2134 3233; x_wconf 89' lang='lat' dir='ltr'><strong>iii</strong></span> 
     </span>
    </p>
   </div>
   <div class='ocr_carea' id='block_1_83' title="bbox 570 3250 2136 3320">
    <p class='ocr_par' dir='ltr' id='par_1_83' title="bbox 570 3250 2136 3320">
     <span class='ocr_line' id='line_1_83' title="bbox 570 3250 2136 3320; baseline 0 -17"><span class='ocrx_word' id='word_1_623' title='bbox 570 3251 664 3303; x_wconf 89' lang='lat' dir='ltr'><strong>lib.</strong></span> <span class='ocrx_word' id='word_1_624' title='bbox 712 3251 780 3303; x_wconf 88' lang='lat' dir='ltr'><strong>de</strong></span> <span class='ocrx_word' id='word_1_625' title='bbox 834 3250 1011 3303; x_wconf 74' lang='lat' dir='ltr'><strong>ltebus</strong></span> <span class='ocrx_word' id='word_1_626' title='bbox 1065 3252 1256 3304; x_wconf 83' lang='lat' dir='ltr'><strong>cccles.</strong></span> <span class='ocrx_word' id='word_1_627' title='bbox 1306 3250 1460 3320; x_wconf 69' lang='lat' dir='ltr'><strong>(Cap.</strong></span> <span class='ocrx_word' id='word_1_628' title='bbox 1490 3252 1584 3318; x_wconf 75' lang='lat'><strong>‘25)</strong></span> <span class='ocrx_word' id='word_1_629' title='bbox 1620 3269 1632 3304; x_wconf 88' lang='lat'><strong>:</strong></span> <span class='ocrx_word' id='word_1_630' title='bbox 1663 3271 1680 3303; x_wconf 83' lang='grc' dir='ltr'><strong>ι</strong></span> <span class='ocrx_word' id='word_1_631' title='bbox 1713 3252 1769 3305; x_wconf 91' lang='grc'><strong>8.</strong></span> <span class='ocrx_word' id='word_1_632' title='bbox 1823 3252 2136 3305; x_wconf 81' lang='lat' dir='ltr'><strong>Benedicms</strong></span> 
     </span>
    </p>
   </div>
   <div class='ocr_carea' id='block_1_84' title="bbox 578 3320 2137 3390">
    <p class='ocr_par' dir='ltr' id='par_1_84' title="bbox 578 3320 2137 3390">
     <span class='ocr_line' id='line_1_84' title="bbox 578 3320 2137 3390; baseline 0.001 -19"><span class='ocrx_word' id='word_1_633' title='bbox 578 3323 806 3389; x_wconf 82' lang='lat' dir='ltr'><strong>hymnos</strong></span> <span class='ocrx_word' id='word_1_634' title='bbox 834 3320 1073 3373; x_wconf 83' lang='lat' dir='ltr'><strong>Ambrosi</strong></span> <span class='ocrx_word' id='word_1_635' title='bbox 1094 3336 1207 3373; x_wconf 85' lang='lat' dir='ltr'><strong>mus</strong></span> <span class='ocrx_word' id='word_1_636' title='bbox 1226 3325 1527 3383; x_wconf 81' lang='lat' dir='ltr'><strong>nominans,</strong></span> <span class='ocrx_word' id='word_1_637' title='bbox 1553 3323 1633 3379; x_wconf 66' lang='lat' dir='ltr'><strong>vel</strong></span> <span class='ocrx_word' id='word_1_638' title='bbox 1651 3324 1765 3375; x_wconf 85' lang='lat' dir='ltr'><strong>illos</strong></span> <span class='ocrx_word' id='word_1_639' title='bbox 1789 3326 1897 3375; x_wconf 72' lang='lat' dir='ltr'><strong>Vllil</strong></span> <span class='ocrx_word' id='word_1_640' title='bbox 1916 3322 2137 3390; x_wconf 71' lang='lat' dir='ltr'><strong>intelligi</strong></span> 
     </span>
    </p>
   </div>
   <div class='ocr_carea' id='block_1_85' title="bbox 572 3392 2135 3458">
    <p class='ocr_par' dir='ltr' id='par_1_85' title="bbox 572 3392 2135 3458">
     <span class='ocr_line' id='line_1_85' title="bbox 572 3392 2135 3458; baseline 0.002 -17"><span class='ocrx_word' id='word_1_641' title='bbox 572 3407 706 3458; x_wconf 86' lang='lat' dir='ltr'><strong>quos</strong></span> <span class='ocrx_word' id='word_1_642' title='bbox 736 3392 965 3444; x_wconf 57' lang='lat' dir='ltr'><strong>conterit</strong></span> <span class='ocrx_word' id='word_1_643' title='bbox 996 3393 1327 3456; x_wconf 80' lang='lat' dir='ltr'><strong>Ambrosius,</strong></span> <span class='ocrx_word' id='word_1_644' title='bbox 1366 3403 1445 3445; x_wconf 62' lang='grc' dir='ltr'>ιρι</span> <span class='ocrx_word' id='word_1_645' title='bbox 1482 3394 1616 3446; x_wconf 72' lang='lat' dir='ltr'><strong>alios</strong></span> <span class='ocrx_word' id='word_1_646' title='bbox 1661 3394 1724 3445; x_wconf 88' lang='lat' dir='ltr'><strong>ad</strong></span> <span class='ocrx_word' id='word_1_647' title='bbox 1784 3396 2135 3446; x_wconf 73' lang='lat' dir='ltr'><strong>imitationi-in</strong></span> 
     </span>
    </p>
   </div>
   <div class='ocr_carea' id='block_1_86' title="bbox 573 3460 2137 3527">
    <p class='ocr_par' dir='ltr' id='par_1_86' title="bbox 573 3460 2137 3527">
     <span class='ocr_line' id='line_1_86' title="bbox 573 3460 2137 3527; baseline 0.001 -12"><span class='ocrx_word' id='word_1_648' title='bbox 573 3460 1043 3515; x_wconf 80' lang='lat' dir='ltr'><strong>Ambrosianornm</strong></span> <span class='ocrx_word' id='word_1_649' title='bbox 1075 3464 1435 3527; x_wconf 72' lang='lat' dir='ltr'><strong>compositos:</strong></span> <span class='ocrx_word' id='word_1_650' title='bbox 1472 3482 1490 3513; x_wconf 73' lang='grc' dir='ltr'><strong>ι</strong></span> <span class='ocrx_word' id='word_1_651' title='bbox 1525 3467 1662 3516; x_wconf 86' lang='lat' dir='ltr'><strong>Ulttle</strong></span> <span class='ocrx_word' id='word_1_652' title='bbox 1690 3464 1969 3517; x_wconf 66' lang='lat' dir='ltr'><strong>cirdinalis</strong></span> <span class='ocrx_word' id='word_1_653' title='bbox 1996 3465 2137 3516; x_wconf 80' lang='lat' dir='ltr'><strong>Bona</strong></span> 
     </span>
    </p>
   </div>
   <div class='ocr_carea' id='block_1_87' title="bbox 574 3532 2114 3607">
    <p class='ocr_par' dir='ltr' id='par_1_87' title="bbox 574 3532 2114 3607">
     <span class='ocr_line' id='line_1_87' title="bbox 574 3532 2114 3607; baseline 0.001 -24"><span class='ocrx_word' id='word_1_654' title='bbox 574 3538 642 3586; x_wconf 89' lang='lat' dir='ltr'><strong>de</strong></span> <span class='ocrx_word' id='word_1_655' title='bbox 683 3532 1128 3607; x_wconf 69' lang='lat' dir='ltr'><strong>CiSteicie.:siiitis</strong></span> <span class='ocrx_word' id='word_1_656' title='bbox 1167 3534 1283 3607; x_wconf 65' lang='lat' dir='ltr'><strong>suis</strong></span> <span class='ocrx_word' id='word_1_657' title='bbox 1319 3534 1556 3607; x_wconf 68' lang='lat' dir='ltr'><strong>loquens</strong></span> <span class='ocrx_word' id='word_1_658' title='bbox 1590 3534 1686 3607; x_wconf 85' lang='lat' dir='ltr'><strong>(De</strong></span> <span class='ocrx_word' id='word_1_659' title='bbox 1735 3534 1901 3587; x_wconf 75' lang='lat' dir='ltr'><strong>Diem.</strong></span> <span class='ocrx_word' id='word_1_660' title='bbox 1939 3532 2114 3587; x_wconf 78' lang='lat' dir='ltr'><strong>Psutin</strong></span> 
     </span>
    </p>
   </div>
   <div class='ocr_carea' id='block_1_88' title="bbox 573 3604 2137 3676">
    <p class='ocr_par' dir='ltr' id='par_1_88' title="bbox 573 3604 2137 3676">
     <span class='ocr_line' id='line_1_88' title="bbox 573 3604 2137 3676; baseline 0.003 -23"><span class='ocrx_word' id='word_1_661' title='bbox 573 3619 688 3671; x_wconf 85' lang='lat' dir='ltr'><strong>cup.</strong></span> <span class='ocrx_word' id='word_1_662' title='bbox 720 3604 803 3667; x_wconf 76' lang='grc'><strong>18,</strong></span> <span class='ocrx_word' id='word_1_663' title='bbox 830 3604 953 3671; x_wconf 52' lang='grc' dir='ltr'><strong>ξι),</strong></span> <span class='ocrx_word' id='word_1_664' title='bbox 989 3622 1006 3654; x_wconf 82' lang='lat' dir='ltr'><strong>t</strong></span> <span class='ocrx_word' id='word_1_665' title='bbox 1041 3604 1177 3672; x_wconf 81' lang='lat' dir='ltr'><strong>quod</strong></span> <span class='ocrx_word' id='word_1_666' title='bbox 1212 3607 1268 3656; x_wconf 78' lang='grc' dir='ltr'><strong>Ι).</strong></span> <span class='ocrx_word' id='word_1_667' title='bbox 1317 3604 1630 3659; x_wconf 81' lang='lat' dir='ltr'><strong>Benedictus</strong></span> <span class='ocrx_word' id='word_1_668' title='bbox 1662 3611 1888 3676; x_wconf 77' lang='lat' dir='ltr'><strong>hymnos</strong></span> <span class='ocrx_word' id='word_1_669' title='bbox 1916 3607 2137 3657; x_wconf 77' lang='lat' dir='ltr'><strong>Ambro-</strong></span> 
     </span>
    </p>
   </div>
   <div class='ocr_carea' id='block_1_89' title="bbox 574 3676 2140 3745">
    <p class='ocr_par' dir='ltr' id='par_1_89' title="bbox 574 3676 2140 3745">
     <span class='ocr_line' id='line_1_89' title="bbox 574 3676 2140 3745; baseline 0.003 -20"><span class='ocrx_word' id='word_1_670' title='bbox 574 3686 751 3726; x_wconf 79' lang='lat' dir='ltr'><strong>sntnos</strong></span> <span class='ocrx_word' id='word_1_671' title='bbox 780 3687 948 3736; x_wconf 82' lang='lat' dir='ltr'><strong>Vocet,</strong></span> <span class='ocrx_word' id='word_1_672' title='bbox 985 3677 1172 3739; x_wconf 85' lang='lat' dir='ltr'><strong>inquit,</strong></span> <span class='ocrx_word' id='word_1_673' title='bbox 1222 3676 1447 3745; x_wconf 59' lang='lat' dir='ltr'><strong>hymno-3</strong></span> <span class='ocrx_word' id='word_1_674' title='bbox 1469 3691 1655 3729; x_wconf 86' lang='lat' dir='ltr'><strong>omnes</strong></span> <span class='ocrx_word' id='word_1_675' title='bbox 1680 3693 1747 3730; x_wconf 87' lang='lat' dir='ltr'><strong>an</strong></span> <span class='ocrx_word' id='word_1_676' title='bbox 1775 3676 2140 3729; x_wconf 61' lang='lat' dir='ltr'><strong>Ambrosinus</strong></span> 
     </span>
    </p>
   </div>
   <div class='ocr_carea' id='block_1_90' title="bbox 575 3744 2138 3814">
    <p class='ocr_par' dir='ltr' id='par_1_90' title="bbox 575 3744 2138 3814">
     <span class='ocr_line' id='line_1_90' title="bbox 575 3744 2138 3814; baseline 0.003 -19"><span class='ocrx_word' id='word_1_677' title='bbox 575 3746 876 3811; x_wconf 76' lang='lat' dir='ltr'><strong>accepimus</strong></span> <span class='ocrx_word' id='word_1_678' title='bbox 904 3744 1197 3811; x_wconf 84' lang='lat' dir='ltr'><strong>iisdemque</strong></span> <span class='ocrx_word' id='word_1_679' title='bbox 1242 3744 1455 3812; x_wconf 74' lang='lat' dir='ltr'><strong>prorsus</strong></span> <span class='ocrx_word' id='word_1_680' title='bbox 1505 3748 1650 3800; x_wconf 87' lang='lat' dir='ltr'><strong>omni</strong></span> <span class='ocrx_word' id='word_1_681' title='bbox 1685 3758 1923 3811; x_wconf 90' lang='lat' dir='ltr'><strong>tempore</strong></span> <span class='ocrx_word' id='word_1_682' title='bbox 1946 3748 2138 3814; x_wconf 78' lang='lat' dir='ltr'><strong>quibus</strong></span> 
     </span>
    </p>
   </div>
   <div class='ocr_carea' id='block_1_91' title="bbox 575 3815 2139 3885">
    <p class='ocr_par' dir='ltr' id='par_1_91' title="bbox 575 3815 2139 3885">
     <span class='ocr_line' id='line_1_91' title="bbox 575 3815 2139 3885; baseline 0.001 -20"><span class='ocrx_word' id='word_1_683' title='bbox 575 3824 630 3866; x_wconf 90' lang='lat' dir='ltr'><strong>et</strong></span> <span class='ocrx_word' id='word_1_684' title='bbox 656 3815 751 3877; x_wconf 88' lang='lat' dir='ltr'><strong>ibi,</strong></span> <span class='ocrx_word' id='word_1_685' title='bbox 792 3831 1014 3883; x_wconf 84' lang='lat' dir='ltr'><strong>quorum</strong></span> <span class='ocrx_word' id='word_1_686' title='bbox 1065 3818 1362 3885; x_wconf 66' lang='lat' dir='ltr'><strong>eatalugum</strong></span> <span class='ocrx_word' id='word_1_687' title='bbox 1419 3816 1651 3869; x_wconf 84' lang='lat' dir='ltr'><strong>inveniet</strong></span> <span class='ocrx_word' id='word_1_688' title='bbox 1700 3819 1943 3870; x_wconf 87' lang='lat' dir='ltr'><strong>curiosus</strong></span> <span class='ocrx_word' id='word_1_689' title='bbox 1975 3823 2139 3870; x_wconf 85' lang='lat' dir='ltr'><strong>lector</strong></span> 
     </span>
    </p>
   </div>
   <div class='ocr_carea' id='block_1_92' title="bbox 574 3886 2137 3956">
    <p class='ocr_par' dir='ltr' id='par_1_92' title="bbox 574 3886 2137 3956">
     <span class='ocr_line' id='line_1_92' title="bbox 574 3886 2137 3956; baseline 0 -18"><span class='ocrx_word' id='word_1_690' title='bbox 574 3886 716 3956; x_wconf 57' lang='lat' dir='ltr'><strong>apud</strong></span> <span class='ocrx_word' id='word_1_691' title='bbox 762 3886 1040 3938; x_wconf 74' lang='lat' dir='ltr'><strong>l’iadullmn</strong></span> <span class='ocrx_word' id='word_1_692' title='bbox 1090 3888 1475 3953; x_wconf 51' lang='lat' dir='ltr'><strong>&#39;luugrenseu.</strong></span> <span class='ocrx_word' id='word_1_693' title='bbox 1515 3908 1533 3937; x_wconf 69' lang='grc' dir='ltr'><strong>ι</strong></span> <span class='ocrx_word' id='word_1_694' title='bbox 1612 3888 1768 3941; x_wconf 86' lang='lat' dir='ltr'><strong>Plura</strong></span> <span class='ocrx_word' id='word_1_695' title='bbox 1809 3892 1876 3941; x_wconf 89' lang='lat' dir='ltr'><strong>de</strong></span> <span class='ocrx_word' id='word_1_696' title='bbox 1924 3887 2137 3956; x_wconf 70' lang='lat' dir='ltr'><strong>hymnis</strong></span> 
     </span>
    </p>
   </div>
   <div class='ocr_carea' id='block_1_93' title="bbox 579 3954 2136 4022">
    <p class='ocr_par' dir='ltr' id='par_1_93' title="bbox 579 3954 2136 4022">
     <span class='ocr_line' id='line_1_93' title="bbox 579 3954 2136 4022; baseline 0.003 -16"><span class='ocrx_word' id='word_1_697' title='bbox 579 3954 744 4009; x_wconf 80' lang='lat' dir='ltr'><strong>habes</strong></span> <span class='ocrx_word' id='word_1_698' title='bbox 784 3958 920 4022; x_wconf 85' lang='lat' dir='ltr'><strong>apud</strong></span> <span class='ocrx_word' id='word_1_699' title='bbox 959 3957 1203 4010; x_wconf 82' lang='lat' dir='ltr'><strong>eumdem</strong></span> <span class='ocrx_word' id='word_1_700' title='bbox 1253 3959 1576 4013; x_wconf 82' lang='lat' dir='ltr'><strong>Cardinalem</strong></span> <span class='ocrx_word' id='word_1_701' title='bbox 1636 3964 1686 4012; x_wconf 91' lang='lat' dir='ltr'><strong>in</strong></span> <span class='ocrx_word' id='word_1_702' title='bbox 1736 3960 1828 4013; x_wconf 90' lang='lat' dir='ltr'><strong>lib.</strong></span> <span class='ocrx_word' id='word_1_703' title='bbox 1864 3959 1928 4011; x_wconf 90' lang='lat' dir='ltr'><strong>de</strong></span> <span class='ocrx_word' id='word_1_704' title='bbox 1962 3954 2136 4011; x_wconf 66' lang='lat' dir='ltr'><strong>Dii-in.</strong></span> 
     </span>
    </p>
   </div>
   <div class='ocr_carea' id='block_1_94' title="bbox 580 4027 1183 4095">
    <p class='ocr_par' dir='ltr' id='par_1_94' title="bbox 580 4027 1183 4095">
     <span class='ocr_line' id='line_1_94' title="bbox 580 4027 1183 4095; baseline 0.003 -19"><span class='ocrx_word' id='word_1_705' title='bbox 580 4030 778 4076; x_wconf 80' lang='lat' dir='ltr'><strong>l‘salni.</strong></span> <span class='ocrx_word' id='word_1_706' title='bbox 803 4042 921 4092; x_wconf 85' lang='lat' dir='ltr'><strong>cap.</strong></span> <span class='ocrx_word' id='word_1_707' title='bbox 956 4027 1041 4091; x_wconf 81' lang='grc'><strong>16,</strong></span> <span class='ocrx_word' id='word_1_708' title='bbox 1074 4029 1100 4095; x_wconf 74' lang='lat'>§</span> <span class='ocrx_word' id='word_1_709' title='bbox 1132 4028 1183 4081; x_wconf 88' lang='grc'>9.</span> 
     </span>
    </p>
   </div>
   <div class='ocr_carea' id='block_1_95' title="bbox 654 4096 2140 4169">
    <p class='ocr_par' dir='ltr' id='par_1_95' title="bbox 654 4096 2140 4169">
     <span class='ocr_line' id='line_1_95' title="bbox 654 4096 2140 4169; baseline 0.003 -24"><span class='ocrx_word' id='word_1_710' title='bbox 654 4096 844 4169; x_wconf 74' lang='lat' dir='ltr'><strong>Deinde</strong></span> <span class='ocrx_word' id='word_1_711' title='bbox 874 4113 959 4169; x_wconf 62' lang='lat' dir='ltr'><strong>rex</strong></span> <span class='ocrx_word' id='word_1_712' title='bbox 978 4098 1158 4164; x_wconf 75' lang='lat' dir='ltr'><strong>psalmi</strong></span> <span class='ocrx_word' id='word_1_713' title='bbox 1188 4112 1298 4169; x_wconf 76' lang='lat' dir='ltr'><strong>cum</strong></span> <span class='ocrx_word' id='word_1_714' title='bbox 1320 4097 1652 4169; x_wconf 78' lang='lat' dir='ltr'><strong>antipltonis.]</strong></span> <span class='ocrx_word' id='word_1_715' title='bbox 1683 4098 1990 4153; x_wconf 84' lang='lat' dir='ltr'><strong>Ginllelintts</strong></span> <span class='ocrx_word' id='word_1_716' title='bbox 2023 4099 2140 4151; x_wconf 87' lang='lat' dir='ltr'><strong>Du—</strong></span> 
     </span>
    </p>
   </div>
   <div class='ocr_carea' id='block_1_96' title="bbox 579 4167 2136 4239">
    <p class='ocr_par' dir='ltr' id='par_1_96' title="bbox 579 4167 2136 4239">
     <span class='ocr_line' id='line_1_96' title="bbox 579 4167 2136 4239; baseline 0.002 -22"><span class='ocrx_word' id='word_1_717' title='bbox 579 4167 775 4218; x_wconf 82' lang='lat' dir='ltr'><strong>randus</strong></span> <span class='ocrx_word' id='word_1_718' title='bbox 813 4168 1156 4235; x_wconf 68' lang='lat' dir='ltr'><strong>antiphonam</strong></span> <span class='ocrx_word' id='word_1_719' title='bbox 1187 4167 1286 4220; x_wconf 72' lang='lat' dir='ltr'><strong>tllci</strong></span> <span class='ocrx_word' id='word_1_720' title='bbox 1314 4180 1456 4235; x_wconf 75' lang='lat' dir='ltr'><strong>putat</strong></span> <span class='ocrx_word' id='word_1_721' title='bbox 1485 4167 1825 4239; x_wconf 67' lang='lat' dir='ltr'><strong>(llutianio.</strong></span> <span class='ocrx_word' id='word_1_722' title='bbox 1861 4187 1910 4230; x_wconf 91' lang='lat' dir='ltr'><strong>v,</strong></span> <span class='ocrx_word' id='word_1_723' title='bbox 1938 4186 2049 4238; x_wconf 84' lang='lat' dir='ltr'><strong>cap.</strong></span> <span class='ocrx_word' id='word_1_724' title='bbox 2082 4172 2136 4236; x_wconf 65' lang='grc' dir='ltr'><strong>π’.)</strong></span> 
     </span>
    </p>
   </div>
   <div class='ocr_carea' id='block_1_97' title="bbox 581 4239 2140 4309">
    <p class='ocr_par' dir='ltr' id='par_1_97' title="bbox 581 4239 2140 4309">
     <span class='ocr_line' id='line_1_97' title="bbox 581 4239 2140 4309; baseline 0.003 -22"><span class='ocrx_word' id='word_1_725' title='bbox 581 4252 672 4301; x_wconf 82' lang='lat' dir='ltr'><strong>per</strong></span> <span class='ocrx_word' id='word_1_726' title='bbox 695 4247 991 4301; x_wconf 67' lang='lat' dir='ltr'><strong>respectum</strong></span> <span class='ocrx_word' id='word_1_727' title='bbox 1020 4243 1082 4288; x_wconf 84' lang='lat' dir='ltr'><strong>ad</strong></span> <span class='ocrx_word' id='word_1_728' title='bbox 1112 4239 1391 4305; x_wconf 77' lang='lat' dir='ltr'><strong>ps.ilinnm,</strong></span> <span class='ocrx_word' id='word_1_729' title='bbox 1422 4239 1473 4290; x_wconf 86' lang='lat' dir='ltr'><strong>id</strong></span> <span class='ocrx_word' id='word_1_730' title='bbox 1504 4254 1585 4291; x_wconf 82' lang='lat' dir='ltr'><strong>est</strong></span> <span class='ocrx_word' id='word_1_731' title='bbox 1610 4252 1727 4293; x_wconf 77' lang='lat' dir='ltr'><strong>ante</strong></span> <span class='ocrx_word' id='word_1_732' title='bbox 1777 4247 2025 4309; x_wconf 77' lang='lat' dir='ltr'><strong>psalmum</strong></span> <span class='ocrx_word' id='word_1_733' title='bbox 2056 4257 2140 4292; x_wconf 77' lang='lat' dir='ltr'><strong>so-</strong></span> 
     </span>
    </p>
   </div>
   <div class='ocr_carea' id='block_1_98' title="bbox 579 4310 2135 4379">
    <p class='ocr_par' dir='ltr' id='par_1_98' title="bbox 579 4310 2135 4379">
     <span class='ocr_line' id='line_1_98' title="bbox 579 4310 2135 4379; baseline 0.004 -22"><span class='ocrx_word' id='word_1_734' title='bbox 579 4323 730 4358; x_wconf 74' lang='lat' dir='ltr'><strong>nans.</strong></span> <span class='ocrx_word' id='word_1_735' title='bbox 766 4310 867 4379; x_wconf 63' lang='lat' dir='ltr'><strong>sed</strong></span> <span class='ocrx_word' id='word_1_736' title='bbox 901 4311 1112 4375; x_wconf 67' lang='lat' dir='ltr'><strong>pretii-ie</strong></span> <span class='ocrx_word' id='word_1_737' title='bbox 1141 4310 1429 4377; x_wconf 85' lang='lat' dir='ltr'><strong>antiphona</strong></span> <span class='ocrx_word' id='word_1_738' title='bbox 1468 4324 1551 4363; x_wconf 80' lang='lat' dir='ltr'><strong>est</strong></span> <span class='ocrx_word' id='word_1_739' title='bbox 1577 4323 1765 4363; x_wconf 84' lang='lat' dir='ltr'><strong>cautus</strong></span> <span class='ocrx_word' id='word_1_740' title='bbox 1807 4314 2135 4379; x_wconf 84' lang='lat' dir='ltr'><strong>reciprocus,</strong></span> 
     </span>
    </p>
   </div>
   <div class='ocr_carea' id='block_1_99' title="bbox 578 4376 2141 4451">
    <p class='ocr_par' dir='ltr' id='par_1_99' title="bbox 578 4376 2141 4451">
     <span class='ocr_line' id='line_1_99' title="bbox 578 4376 2141 4451; baseline 0.004 -23"><span class='ocrx_word' id='word_1_741' title='bbox 578 4393 753 4451; x_wconf 27' lang='lat' dir='ltr'><strong>:I‘VQCQ</strong></span> <span class='ocrx_word' id='word_1_742' title='bbox 776 4376 954 4430; x_wconf 66' lang='lat' dir='ltr'><strong>Graeca</strong></span> <span class='ocrx_word' id='word_1_743' title='bbox 972 4376 1276 4451; x_wconf 61' lang='grc' dir='ltr'><strong>ἀντιφωνεῖν.</strong></span> <span class='ocrx_word' id='word_1_744' title='bbox 1304 4383 1443 4444; x_wconf 84' lang='lat' dir='ltr'><strong>quod</strong></span> <span class='ocrx_word' id='word_1_745' title='bbox 1467 4392 1546 4432; x_wconf 60' lang='lat' dir='ltr'><strong>est</strong></span> <span class='ocrx_word' id='word_1_746' title='bbox 1567 4392 1749 4435; x_wconf 85' lang='lat' dir='ltr'><strong>contra</strong></span> <span class='ocrx_word' id='word_1_747' title='bbox 1775 4376 2028 4444; x_wconf 80' lang='lat' dir='ltr'><strong>clamare,</strong></span> <span class='ocrx_word' id='word_1_748' title='bbox 2049 4376 2141 4435; x_wconf 84' lang='lat' dir='ltr'><strong>aut</strong></span> 
     </span>
    </p>
   </div>
   <div class='ocr_carea' id='block_1_100' title="bbox 578 4447 2139 4520">
    <p class='ocr_par' dir='ltr' id='par_1_100' title="bbox 578 4447 2139 4520">
     <span class='ocr_line' id='line_1_100' title="bbox 578 4447 2139 4520; baseline 0.006 -23"><span class='ocrx_word' id='word_1_749' title='bbox 578 4447 809 4500; x_wconf 62' lang='lat' dir='ltr'><strong>viuisxim</strong></span> <span class='ocrx_word' id='word_1_750' title='bbox 838 4460 890 4501; x_wconf 91' lang='lat' dir='ltr'><strong>et</strong></span> <span class='ocrx_word' id='word_1_751' title='bbox 913 4464 976 4502; x_wconf 80' lang='lat' dir='ltr'><strong>ex</strong></span> <span class='ocrx_word' id='word_1_752' title='bbox 1002 4447 1222 4503; x_wconf 75' lang='lat' dir='ltr'><strong>adverso</strong></span> <span class='ocrx_word' id='word_1_753' title='bbox 1239 4452 1395 4520; x_wconf 77' lang='grc'><strong>267</strong></span> <span class='ocrx_word' id='word_1_754' title='bbox 1415 4458 1753 4519; x_wconf 76' lang='lat' dir='ltr'><strong>respondere.</strong></span> <span class='ocrx_word' id='word_1_755' title='bbox 1783 4455 1944 4507; x_wconf 83' lang='lat' dir='ltr'><strong>i’orro</strong></span> <span class='ocrx_word' id='word_1_756' title='bbox 1963 4472 1979 4504; x_wconf 79' lang='grc' dir='ltr'><strong>ι</strong></span> <span class='ocrx_word' id='word_1_757' title='bbox 1999 4454 2139 4506; x_wconf 87' lang='lat' dir='ltr'><strong>inter</strong></span> 
     </span>
    </p>
   </div>
   <div class='ocr_carea' id='block_1_101' title="bbox 2319 3181 3783 3250">
    <p class='ocr_par' dir='ltr' id='par_1_101' title="bbox 2319 3181 3783 3250">
     <span class='ocr_line' id='line_1_101' title="bbox 2319 3181 3783 3250; baseline -0.003 -14"><span class='ocrx_word' id='word_1_758' title='bbox 2319 3182 2509 3237; x_wconf 89' lang='lat' dir='ltr'><strong>Lector</strong></span> <span class='ocrx_word' id='word_1_759' title='bbox 2555 3192 2731 3236; x_wconf 89' lang='lat' dir='ltr'><strong>autem</strong></span> <span class='ocrx_word' id='word_1_760' title='bbox 2765 3183 3188 3237; x_wconf 85' lang='lat' dir='ltr'><strong>benedictionem</strong></span> <span class='ocrx_word' id='word_1_761' title='bbox 3217 3192 3405 3250; x_wconf 87' lang='lat' dir='ltr'><strong>petens</strong></span> <span class='ocrx_word' id='word_1_762' title='bbox 3445 3182 3607 3237; x_wconf 85' lang='lat' dir='ltr'><strong>dicit:</strong></span> <span class='ocrx_word' id='word_1_763' title='bbox 3652 3181 3783 3239; x_wconf 61' lang='lat' dir='ltr'><strong>lube,</strong></span> 
     </span>
    </p>
   </div>
   <div class='ocr_carea' id='block_1_102' title="bbox 2246 3253 3783 3322">
    <p class='ocr_par' dir='ltr' id='par_1_102' title="bbox 2246 3253 3783 3322">
     <span class='ocr_line' id='line_1_102' title="bbox 2246 3253 3783 3322; baseline -0.003 -16"><span class='ocrx_word' id='word_1_764' title='bbox 2246 3258 2461 3314; x_wconf 83' lang='lat' dir='ltr'><strong>domne,</strong></span> <span class='ocrx_word' id='word_1_765' title='bbox 2502 3254 2829 3321; x_wconf 80' lang='lat' dir='ltr'><strong>benedicere,</strong></span> <span class='ocrx_word' id='word_1_766' title='bbox 2881 3254 3029 3322; x_wconf 84' lang='lat' dir='ltr'><strong>cujus</strong></span> <span class='ocrx_word' id='word_1_767' title='bbox 3065 3254 3202 3306; x_wconf 88' lang='lat' dir='ltr'><strong>ritus</strong></span> <span class='ocrx_word' id='word_1_768' title='bbox 3234 3253 3597 3320; x_wconf 67' lang='lat' dir='ltr'><strong>antiquitatem</strong></span> <span class='ocrx_word' id='word_1_769' title='bbox 3624 3255 3783 3317; x_wconf 79' lang='lat' dir='ltr'><strong>probat</strong></span> 
     </span>
    </p>
   </div>
   <div class='ocr_carea' id='block_1_103' title="bbox 2242 3322 3784 3394">
    <p class='ocr_par' dir='ltr' id='par_1_103' title="bbox 2242 3322 3784 3394">
     <span class='ocr_line' id='line_1_103' title="bbox 2242 3322 3784 3394; baseline -0.002 -18"><span class='ocrx_word' id='word_1_770' title='bbox 2242 3325 2521 3377; x_wconf 64' lang='lat' dir='ltr'><strong>Grirtserns</strong></span> <span class='ocrx_word' id='word_1_771' title='bbox 2562 3335 2692 3377; x_wconf 74' lang='lat' dir='ltr'><strong>tum.</strong></span> <span class='ocrx_word' id='word_1_772' title='bbox 2728 3325 2766 3377; x_wconf 92' lang='lat' dir='ltr'><strong>Il</strong></span> <span class='ocrx_word' id='word_1_773' title='bbox 2822 3323 2890 3376; x_wconf 83' lang='lat' dir='ltr'><strong>tle</strong></span> <span class='ocrx_word' id='word_1_774' title='bbox 2936 3323 3104 3394; x_wconf 66' lang='lat' dir='ltr'><strong>cruce</strong></span> <span class='ocrx_word' id='word_1_775' title='bbox 3143 3322 3195 3383; x_wconf 79' lang='lat' dir='ltr'><strong>in</strong></span> <span class='ocrx_word' id='word_1_776' title='bbox 3223 3332 3362 3394; x_wconf 83' lang='lat' dir='ltr'><strong>orat.</strong></span> <span class='ocrx_word' id='word_1_777' title='bbox 3420 3323 3496 3377; x_wconf 87' lang='lat' dir='ltr'><strong>De</strong></span> <span class='ocrx_word' id='word_1_778' title='bbox 3527 3324 3676 3394; x_wconf 73' lang='lat'><strong>268</strong></span> <span class='ocrx_word' id='word_1_779' title='bbox 3703 3323 3784 3373; x_wconf 80' lang='lat' dir='ltr'><strong>liae</strong></span> 
     </span>
    </p>
   </div>
   <div class='ocr_carea' id='block_1_104' title="bbox 2245 3393 3783 3457">
    <p class='ocr_par' dir='ltr' id='par_1_104' title="bbox 2245 3393 3783 3457">
     <span class='ocr_line' id='line_1_104' title="bbox 2245 3393 3783 3457; baseline -0.001 -10"><span class='ocrx_word' id='word_1_780' title='bbox 2245 3396 2486 3457; x_wconf 69' lang='lat' dir='ltr'><strong>petendae</strong></span> <span class='ocrx_word' id='word_1_781' title='bbox 2542 3395 2929 3448; x_wconf 77' lang='lat' dir='ltr'><strong>benedictionis</strong></span> <span class='ocrx_word' id='word_1_782' title='bbox 2983 3393 3205 3446; x_wconf 76' lang='lat' dir='ltr'><strong>formula</strong></span> <span class='ocrx_word' id='word_1_783' title='bbox 3256 3393 3327 3446; x_wconf 89' lang='lat' dir='ltr'><strong>ita</strong></span> <span class='ocrx_word' id='word_1_784' title='bbox 3386 3393 3571 3448; x_wconf 50' lang='lat' dir='ltr'><strong>scribit</strong></span> <span class='ocrx_word' id='word_1_785' title='bbox 3622 3399 3783 3447; x_wconf 69' lang='lat' dir='ltr'><strong>Petrus</strong></span> 
     </span>
    </p>
   </div>
   <div class='ocr_carea' id='block_1_105' title="bbox 2243 3463 3783 3534">
    <p class='ocr_par' dir='ltr' id='par_1_105' title="bbox 2243 3463 3783 3534">
     <span class='ocr_line' id='line_1_105' title="bbox 2243 3463 3783 3534; baseline -0.002 -16"><span class='ocrx_word' id='word_1_786' title='bbox 2243 3466 2483 3518; x_wconf 80' lang='lat' dir='ltr'><strong>Damiani</strong></span> <span class='ocrx_word' id='word_1_787' title='bbox 2511 3464 2647 3534; x_wconf 87' lang='lat' dir='ltr'><strong>(Lib.</strong></span> <span class='ocrx_word' id='word_1_788' title='bbox 2674 3466 2737 3517; x_wconf 87' lang='lat' dir='ltr'><strong>de</strong></span> <span class='ocrx_word' id='word_1_789' title='bbox 2766 3466 3017 3517; x_wconf 80' lang='lat' dir='ltr'><strong>Dominus</strong></span> <span class='ocrx_word' id='word_1_790' title='bbox 3043 3463 3340 3527; x_wconf 79' lang='lat' dir='ltr'><strong>vobiscum,</strong></span> <span class='ocrx_word' id='word_1_791' title='bbox 3364 3479 3477 3532; x_wconf 81' lang='lat' dir='ltr'><strong>cap.</strong></span> <span class='ocrx_word' id='word_1_792' title='bbox 3512 3465 3567 3534; x_wconf 72' lang='lat'><strong>9.)</strong></span> <span class='ocrx_word' id='word_1_793' title='bbox 3593 3484 3604 3515; x_wconf 87' lang='lat'><strong>:</strong></span> <span class='ocrx_word' id='word_1_794' title='bbox 3660 3481 3677 3511; x_wconf 74' lang='grc' dir='ltr'><strong>ι</strong></span> <span class='ocrx_word' id='word_1_795' title='bbox 3703 3465 3783 3515; x_wconf 77' lang='lat' dir='ltr'><strong>Le-</strong></span> 
     </span>
    </p>
   </div>
   <div class='ocr_carea' id='block_1_106' title="bbox 2241 3534 3783 3603">
    <p class='ocr_par' dir='ltr' id='par_1_106' title="bbox 2241 3534 3783 3603">
     <span class='ocr_line' id='line_1_106' title="bbox 2241 3534 3783 3603; baseline -0.003 -15"><span class='ocrx_word' id='word_1_796' title='bbox 2241 3547 2423 3588; x_wconf 71' lang='lat' dir='ltr'><strong>cturus</strong></span> <span class='ocrx_word' id='word_1_797' title='bbox 2451 3551 2654 3603; x_wconf 77' lang='lat' dir='ltr'><strong>magna:</strong></span> <span class='ocrx_word' id='word_1_798' title='bbox 2699 3536 3011 3588; x_wconf 89' lang='lat' dir='ltr'><strong>humilitatis</strong></span> <span class='ocrx_word' id='word_1_799' title='bbox 3059 3534 3229 3603; x_wconf 81' lang='lat' dir='ltr'><strong>gratia</strong></span> <span class='ocrx_word' id='word_1_800' title='bbox 3276 3549 3384 3587; x_wconf 87' lang='lat' dir='ltr'><strong>non</strong></span> <span class='ocrx_word' id='word_1_801' title='bbox 3438 3551 3467 3587; x_wconf 91' lang='lat' dir='ltr'><strong>a</strong></span> <span class='ocrx_word' id='word_1_802' title='bbox 3514 3536 3783 3593; x_wconf 18' lang='lat' dir='ltr'><strong>sicerdide,</strong></span> 
     </span>
    </p>
   </div>
   <div class='ocr_carea' id='block_1_107' title="bbox 2241 3604 3781 3673">
    <p class='ocr_par' dir='ltr' id='par_1_107' title="bbox 2241 3604 3781 3673">
     <span class='ocr_line' id='line_1_107' title="bbox 2241 3604 3781 3673; baseline -0.003 -16"><span class='ocrx_word' id='word_1_803' title='bbox 2241 3610 2333 3659; x_wconf 83' lang='lat' dir='ltr'><strong>sed</strong></span> <span class='ocrx_word' id='word_1_804' title='bbox 2367 3608 2432 3659; x_wconf 87' lang='lat' dir='ltr'><strong>ab</strong></span> <span class='ocrx_word' id='word_1_805' title='bbox 2462 3621 2526 3657; x_wconf 89' lang='lat' dir='ltr'><strong>eo</strong></span> <span class='ocrx_word' id='word_1_806' title='bbox 2552 3608 2637 3660; x_wconf 91' lang='lat' dir='ltr'><strong>cui</strong></span> <span class='ocrx_word' id='word_1_807' title='bbox 2665 3605 2916 3659; x_wconf 87' lang='lat' dir='ltr'><strong>sacerdos</strong></span> <span class='ocrx_word' id='word_1_808' title='bbox 2940 3604 3181 3673; x_wconf 75' lang='lat' dir='ltr'><strong>jusserit,</strong></span> <span class='ocrx_word' id='word_1_809' title='bbox 3207 3620 3264 3658; x_wconf 87' lang='lat' dir='ltr'><strong>se</strong></span> <span class='ocrx_word' id='word_1_810' title='bbox 3296 3614 3528 3669; x_wconf 76' lang='lat' dir='ltr'><strong>posm&#39;at</strong></span> <span class='ocrx_word' id='word_1_811' title='bbox 3571 3604 3781 3659; x_wconf 76' lang='lat' dir='ltr'><strong>benedici</strong></span> 
     </span>
    </p>
   </div>
   <div class='ocr_carea' id='block_1_108' title="bbox 2241 3676 3783 3738">
    <p class='ocr_par' dir='ltr' id='par_1_108' title="bbox 2241 3676 3783 3738">
     <span class='ocr_line' id='line_1_108' title="bbox 2241 3676 3783 3738; baseline -0.003 -12"><span class='ocrx_word' id='word_1_812' title='bbox 2241 3679 2467 3731; x_wconf 77' lang='lat' dir='ltr'><strong>dii-eus;</strong></span> <span class='ocrx_word' id='word_1_813' title='bbox 2499 3677 2653 3738; x_wconf 80' lang='lat' dir='ltr'><strong>lube,</strong></span> <span class='ocrx_word' id='word_1_814' title='bbox 2697 3678 2915 3737; x_wconf 85' lang='lat' dir='ltr'><strong>domne,</strong></span> <span class='ocrx_word' id='word_1_815' title='bbox 2967 3676 3277 3728; x_wconf 77' lang='lat' dir='ltr'><strong>benedicere.</strong></span> <span class='ocrx_word' id='word_1_816' title='bbox 3322 3676 3359 3729; x_wconf 92' lang='lat' dir='ltr'>S</span> <span class='ocrx_word' id='word_1_817' title='bbox 3394 3678 3587 3730; x_wconf 84' lang='lat' dir='ltr'><strong>cerdos</strong></span> <span class='ocrx_word' id='word_1_818' title='bbox 3630 3687 3783 3728; x_wconf 87' lang='lat' dir='ltr'><strong>autem</strong></span> 
     </span>
    </p>
   </div>
   <div class='ocr_carea' id='block_1_109' title="bbox 2242 3746 3781 3812">
    <p class='ocr_par' dir='ltr' id='par_1_109' title="bbox 2242 3746 3781 3812">
     <span class='ocr_line' id='line_1_109' title="bbox 2242 3746 3781 3812; baseline -0.004 -13"><span class='ocrx_word' id='word_1_819' title='bbox 2242 3761 2297 3799; x_wconf 92' lang='lat' dir='ltr'><strong>ut</strong></span> <span class='ocrx_word' id='word_1_820' title='bbox 2321 3758 2477 3800; x_wconf 68' lang='lat' dir='ltr'><strong>tanta:</strong></span> <span class='ocrx_word' id='word_1_821' title='bbox 2520 3748 2830 3799; x_wconf 63' lang='lat' dir='ltr'><strong>humilitatis</strong></span> <span class='ocrx_word' id='word_1_822' title='bbox 2861 3747 3030 3799; x_wconf 83' lang='lat' dir='ltr'><strong>vicem</strong></span> <span class='ocrx_word' id='word_1_823' title='bbox 3058 3748 3261 3805; x_wconf 84' lang='lat' dir='ltr'><strong>reddat,</strong></span> <span class='ocrx_word' id='word_1_824' title='bbox 3295 3761 3396 3798; x_wconf 93' lang='lat' dir='ltr'><strong>non</strong></span> <span class='ocrx_word' id='word_1_825' title='bbox 3427 3750 3663 3812; x_wconf 81' lang='lat' dir='ltr'><strong>sobjecio</strong></span> <span class='ocrx_word' id='word_1_826' title='bbox 3685 3746 3781 3796; x_wconf 82' lang='lat' dir='ltr'><strong>cni-</strong></span> 
     </span>
    </p>
   </div>
   <div class='ocr_carea' id='block_1_110' title="bbox 2241 3815 3783 3888">
    <p class='ocr_par' dir='ltr' id='par_1_110' title="bbox 2241 3815 3783 3888">
     <span class='ocr_line' id='line_1_110' title="bbox 2241 3815 3783 3888; baseline 0 -17"><span class='ocrx_word' id='word_1_827' title='bbox 2241 3834 2398 3884; x_wconf 86' lang='lat' dir='ltr'><strong>quam</strong></span> <span class='ocrx_word' id='word_1_828' title='bbox 2427 3820 2772 3870; x_wconf 84' lang='lat' dir='ltr'><strong>benedicendi</strong></span> <span class='ocrx_word' id='word_1_829' title='bbox 2814 3818 3020 3884; x_wconf 78' lang='lat' dir='ltr'><strong>delegat</strong></span> <span class='ocrx_word' id='word_1_830' title='bbox 3058 3815 3179 3869; x_wconf 82' lang='lat' dir='ltr'><strong>ofﬁc</strong></span> <span class='ocrx_word' id='word_1_831' title='bbox 3203 3833 3287 3869; x_wconf 89' lang='lat' dir='ltr'><strong>um</strong></span> <span class='ocrx_word' id='word_1_832' title='bbox 3307 3857 3320 3881; x_wconf 91' lang='lat'><strong>,</strong></span> <span class='ocrx_word' id='word_1_833' title='bbox 3355 3832 3584 3888; x_wconf 77' lang='lat' dir='ltr'><strong>nonper</strong></span> <span class='ocrx_word' id='word_1_834' title='bbox 3610 3828 3783 3871; x_wconf 83' lang='lat' dir='ltr'><strong>semel-</strong></span> 
     </span>
    </p>
   </div>
   <div class='ocr_carea' id='block_1_111' title="bbox 2244 3888 3781 3955">
    <p class='ocr_par' dir='ltr' id='par_1_111' title="bbox 2244 3888 3781 3955">
     <span class='ocr_line' id='line_1_111' title="bbox 2244 3888 3781 3955; baseline -0.002 -16"><span class='ocrx_word' id='word_1_835' title='bbox 2244 3888 2295 3955; x_wconf 90' lang='lat' dir='ltr'><strong>ip</strong></span> <span class='ocrx_word' id='word_1_836' title='bbox 2330 3904 2415 3940; x_wconf 91' lang='lat' dir='ltr'><strong>um</strong></span> <span class='ocrx_word' id='word_1_837' title='bbox 2448 3889 2870 3941; x_wconf 84' lang='lat' dir='ltr'><strong>benedictionem</strong></span> <span class='ocrx_word' id='word_1_838' title='bbox 2913 3889 3041 3941; x_wconf 90' lang='lat' dir='ltr'><strong>dare</strong></span> <span class='ocrx_word' id='word_1_839' title='bbox 3095 3889 3399 3950; x_wconf 57' lang='lat' dir='ltr'><strong>praesumit,</strong></span> <span class='ocrx_word' id='word_1_840' title='bbox 3447 3892 3539 3942; x_wconf 89' lang='lat' dir='ltr'><strong>sed</strong></span> <span class='ocrx_word' id='word_1_841' title='bbox 3580 3903 3710 3955; x_wconf 87' lang='lat' dir='ltr'><strong>prius</strong></span> <span class='ocrx_word' id='word_1_842' title='bbox 3732 3895 3781 3937; x_wconf 88' lang='lat' dir='ltr'><strong>ut</strong></span> 
     </span>
    </p>
   </div>
   <div class='ocr_carea' id='block_1_112' title="bbox 2241 3959 3781 4027">
    <p class='ocr_par' dir='ltr' id='par_1_112' title="bbox 2241 3959 3781 4027">
     <span class='ocr_line' id='line_1_112' title="bbox 2241 3959 3781 4027; baseline -0.001 -17"><span class='ocrx_word' id='word_1_843' title='bbox 2241 3975 2271 4010; x_wconf 85' lang='lat' dir='ltr'><strong>a</strong></span> <span class='ocrx_word' id='word_1_844' title='bbox 2305 3960 2433 4021; x_wconf 77' lang='lat' dir='ltr'><strong>lteo,</strong></span> <span class='ocrx_word' id='word_1_845' title='bbox 2458 3960 2544 4024; x_wconf 81' lang='lat' dir='ltr'><strong>qui</strong></span> <span class='ocrx_word' id='word_1_846' title='bbox 2588 3969 2668 4012; x_wconf 75' lang='lat' dir='ltr'><strong>esl</strong></span> <span class='ocrx_word' id='word_1_847' title='bbox 2707 3974 2867 4027; x_wconf 76' lang='lat' dir='ltr'><strong>Super</strong></span> <span class='ocrx_word' id='word_1_848' title='bbox 2898 3960 3071 4010; x_wconf 88' lang='lat' dir='ltr'><strong>omnia</strong></span> <span class='ocrx_word' id='word_1_849' title='bbox 3102 3959 3435 4023; x_wconf 74' lang='lat' dir='ltr'><strong>benedictus,</strong></span> <span class='ocrx_word' id='word_1_850' title='bbox 3461 3966 3781 4027; x_wconf 61' lang='lat' dir='ltr'><strong>pra-rogetur,</strong></span> 
     </span>
    </p>
   </div>
   <div class='ocr_carea' id='block_1_113' title="bbox 2241 4041 2556 4083">
    <p class='ocr_par' dir='ltr' id='par_1_113' title="bbox 2241 4041 2556 4083">
     <span class='ocr_line' id='line_1_113' title="bbox 2241 4041 2556 4083; baseline -0.01 0"><span class='ocrx_word' id='word_1_851' title='bbox 2241 4041 2502 4083; x_wconf 71' lang='lat' dir='ltr'><strong>cxi-tiSCIt.</strong></span> <span class='ocrx_word' id='word_1_852' title='bbox 2539 4049 2556 4080; x_wconf 81' lang='grc'>›</span> 
     </span>
    </p>
   </div>
   <div class='ocr_carea' id='block_1_114' title="bbox 2313 4097 3783 4169">
    <p class='ocr_par' dir='ltr' id='par_1_114' title="bbox 2313 4097 3783 4169">
     <span class='ocr_line' id='line_1_114' title="bbox 2313 4097 3783 4169; baseline -0.004 -15"><span class='ocrx_word' id='word_1_853' title='bbox 2313 4100 2614 4154; x_wconf 73' lang='lat' dir='ltr'><strong>Seilentibus</strong></span> <span class='ocrx_word' id='word_1_854' title='bbox 2645 4101 2876 4152; x_wconf 69' lang='lat' dir='ltr'><strong>omnibus</strong></span> <span class='ocrx_word' id='word_1_855' title='bbox 2906 4099 2958 4151; x_wconf 89' lang='lat' dir='ltr'><strong>in</strong></span> <span class='ocrx_word' id='word_1_856' title='bbox 2978 4100 3217 4154; x_wconf 73' lang='lat' dir='ltr'><strong>scamnis.</strong></span> <span class='ocrx_word' id='word_1_857' title='bbox 3244 4097 3261 4169; x_wconf 81' lang='grc'>]</span> <span class='ocrx_word' id='word_1_858' title='bbox 3304 4098 3436 4152; x_wconf 80' lang='lat' dir='ltr'><strong>Nota</strong></span> <span class='ocrx_word' id='word_1_859' title='bbox 3465 4115 3618 4169; x_wconf 72' lang='lat' dir='ltr'><strong>quam</strong></span> <span class='ocrx_word' id='word_1_860' title='bbox 3649 4098 3783 4151; x_wconf 87' lang='lat' dir='ltr'><strong>vilem</strong></span> 
     </span>
    </p>
   </div>
   <div class='ocr_carea' id='block_1_115' title="bbox 2240 4168 3781 4237">
    <p class='ocr_par' dir='ltr' id='par_1_115' title="bbox 2240 4168 3781 4237">
     <span class='ocr_line' id='line_1_115' title="bbox 2240 4168 3781 4237; baseline -0.005 -13"><span class='ocrx_word' id='word_1_861' title='bbox 2240 4180 2292 4224; x_wconf 83' lang='lat' dir='ltr'><strong>et</strong></span> <span class='ocrx_word' id='word_1_862' title='bbox 2359 4171 2609 4224; x_wconf 87' lang='lat' dir='ltr'><strong>humilem</strong></span> <span class='ocrx_word' id='word_1_863' title='bbox 2650 4174 2775 4222; x_wconf 77' lang='lat' dir='ltr'><strong>Velit</strong></span> <span class='ocrx_word' id='word_1_864' title='bbox 2818 4186 2938 4223; x_wconf 85' lang='lat' dir='ltr'><strong>esse</strong></span> <span class='ocrx_word' id='word_1_865' title='bbox 2985 4171 3200 4223; x_wconf 78' lang='lat' dir='ltr'><strong>oratorii</strong></span> <span class='ocrx_word' id='word_1_866' title='bbox 3250 4168 3664 4237; x_wconf 66' lang='lat' dir='ltr'><strong>Supellectilem,</strong></span> <span class='ocrx_word' id='word_1_867' title='bbox 3709 4168 3781 4232; x_wconf 87' lang='lat' dir='ltr'><strong>qui</strong></span> 
     </span>
    </p>
   </div>
   <div class='ocr_carea' id='block_1_116' title="bbox 2240 4237 3782 4306">
    <p class='ocr_par' dir='ltr' id='par_1_116' title="bbox 2240 4237 3782 4306">
     <span class='ocr_line' id='line_1_116' title="bbox 2240 4237 3782 4306; baseline -0.006 -11"><span class='ocrx_word' id='word_1_868' title='bbox 2240 4240 2551 4295; x_wconf 70' lang='lat' dir='ltr'><strong>sedentibus</strong></span> <span class='ocrx_word' id='word_1_869' title='bbox 2581 4257 2684 4293; x_wconf 91' lang='lat' dir='ltr'><strong>non</strong></span> <span class='ocrx_word' id='word_1_870' title='bbox 2713 4242 2938 4306; x_wconf 81' lang='lat' dir='ltr'><strong>superba</strong></span> <span class='ocrx_word' id='word_1_871' title='bbox 2971 4240 3225 4293; x_wconf 85' lang='lat' dir='ltr'><strong>subsellia</strong></span> <span class='ocrx_word' id='word_1_872' title='bbox 3244 4283 3256 4303; x_wconf 85' lang='lat'><strong>,</strong></span> <span class='ocrx_word' id='word_1_873' title='bbox 3286 4247 3379 4293; x_wconf 82' lang='lat' dir='ltr'><strong>sed</strong></span> <span class='ocrx_word' id='word_1_874' title='bbox 3410 4243 3523 4294; x_wconf 82' lang='lat' dir='ltr'><strong>sola</strong></span> <span class='ocrx_word' id='word_1_875' title='bbox 3561 4237 3782 4293; x_wconf 83' lang='lat' dir='ltr'><strong>concedit</strong></span> 
     </span>
    </p>
   </div>
   <div class='ocr_carea' id='block_1_117' title="bbox 2241 4308 3781 4365">
    <p class='ocr_par' dir='ltr' id='par_1_117' title="bbox 2241 4308 3781 4365">
     <span class='ocr_line' id='line_1_117' title="bbox 2241 4308 3781 4365; baseline -0.005 0"><span class='ocrx_word' id='word_1_876' title='bbox 2241 4326 2476 4365; x_wconf 47' lang='lat' dir='ltr'><strong>si&#39;amna.</strong></span> <span class='ocrx_word' id='word_1_877' title='bbox 2537 4312 2609 4365; x_wconf 83' lang='lat' dir='ltr'><strong>lta</strong></span> <span class='ocrx_word' id='word_1_878' title='bbox 2662 4321 2869 4364; x_wconf 86' lang='lat' dir='ltr'><strong>veteres</strong></span> <span class='ocrx_word' id='word_1_879' title='bbox 2909 4312 3153 4364; x_wconf 76' lang='lat' dir='ltr'><strong>monachi</strong></span> <span class='ocrx_word' id='word_1_880' title='bbox 3217 4311 3461 4363; x_wconf 75' lang='lat' dir='ltr'><strong>sedilibus</strong></span> <span class='ocrx_word' id='word_1_881' title='bbox 3508 4308 3781 4362; x_wconf 69' lang='lat' dir='ltr'><strong>humillimi:</strong></span> 
     </span>
    </p>
   </div>
   <div class='ocr_carea' id='block_1_118' title="bbox 2239 4379 3779 4450">
    <p class='ocr_par' dir='ltr' id='par_1_118' title="bbox 2239 4379 3779 4450">
     <span class='ocr_line' id='line_1_118' title="bbox 2239 4379 3779 4450; baseline -0.005 -15"><span class='ocrx_word' id='word_1_882' title='bbox 2239 4383 2515 4435; x_wconf 73' lang='lat' dir='ltr'><strong>insidentes</strong></span> <span class='ocrx_word' id='word_1_883' title='bbox 2560 4383 2626 4434; x_wconf 86' lang='lat' dir='ltr'><strong>ad</strong></span> <span class='ocrx_word' id='word_1_884' title='bbox 2657 4397 2823 4433; x_wconf 76' lang='lat' dir='ltr'><strong>vocem</strong></span> <span class='ocrx_word' id='word_1_885' title='bbox 2852 4382 3115 4450; x_wconf 74' lang='lat' dir='ltr'><strong>psallentis</strong></span> <span class='ocrx_word' id='word_1_886' title='bbox 3142 4394 3170 4433; x_wconf 82' lang='lat' dir='ltr'><strong>a</strong></span> <span class='ocrx_word' id='word_1_887' title='bbox 3197 4379 3451 4434; x_wconf 67' lang='lat' dir='ltr'><strong>Cassiano</strong></span> <span class='ocrx_word' id='word_1_888' title='bbox 3496 4381 3779 4433; x_wconf 81' lang='lat' dir='ltr'><strong>describun-</strong></span> 
     </span>
    </p>
   </div>
   <div class='ocr_carea' id='block_1_119' title="bbox 2243 4451 3778 4522">
    <p class='ocr_par' dir='ltr' id='par_1_119' title="bbox 2243 4451 3778 4522">
     <span class='ocr_line' id='line_1_119' title="bbox 2243 4451 3778 4522; baseline -0.005 -17"><span class='ocrx_word' id='word_1_889' title='bbox 2243 4464 2327 4507; x_wconf 91' lang='lat' dir='ltr'><strong>tur</strong></span> <span class='ocrx_word' id='word_1_890' title='bbox 2356 4454 2491 4522; x_wconf 84' lang='lat' dir='ltr'><strong>(Lib.</strong></span> <span class='ocrx_word' id='word_1_891' title='bbox 2522 4468 2580 4516; x_wconf 85' lang='lat' dir='ltr'><strong>tt,</strong></span> <span class='ocrx_word' id='word_1_892' title='bbox 2604 4469 2718 4517; x_wconf 75' lang='lat' dir='ltr'><strong>cap.</strong></span> <span class='ocrx_word' id='word_1_893' title='bbox 2755 4451 2971 4522; x_wconf 67' lang='lat' dir='ltr'><strong>l2)._lta</strong></span> <span class='ocrx_word' id='word_1_894' title='bbox 2999 4452 3159 4503; x_wconf 88' lang='lat' dir='ltr'><strong>etiam</strong></span> <span class='ocrx_word' id='word_1_895' title='bbox 3188 4452 3254 4503; x_wconf 80' lang='lat' dir='ltr'><strong>de</strong></span> <span class='ocrx_word' id='word_1_896' title='bbox 3286 4454 3483 4505; x_wconf 78' lang='lat' dir='ltr'><strong>nostris</strong></span> <span class='ocrx_word' id='word_1_897' title='bbox 3513 4452 3720 4522; x_wconf 63' lang='lat' dir='ltr'><strong>legimus</strong></span> <span class='ocrx_word' id='word_1_898' title='bbox 3740 4452 3778 4498; x_wconf 69' lang='lat' dir='ltr'><strong>in</strong></span> 
     </span>
    </p>
   </div>
   <div class='ocr_carea' id='block_1_120' title="bbox 576 4513 3778 4593">
    <p class='ocr_par' dir='ltr' id='par_1_120' title="bbox 576 4513 3778 4593">
     <span class='ocr_line' id='line_1_120' title="bbox 576 4513 3778 4593; baseline 0 -21"><span class='ocrx_word' id='word_1_899' title='bbox 576 4534 949 4593; x_wconf 61' lang='lat' dir='ltr'><strong>respousurcns</strong></span> <span class='ocrx_word' id='word_1_900' title='bbox 972 4529 1025 4572; x_wconf 87' lang='lat' dir='ltr'><strong>et</strong></span> <span class='ocrx_word' id='word_1_901' title='bbox 1063 4513 1380 4593; x_wconf 60' lang='lat' dir='ltr'><strong>amiplib&#39;iEis</strong></span> <span class='ocrx_word' id='word_1_902' title='bbox 1418 4513 1515 4574; x_wconf 79' lang='lat' dir='ltr'><strong>hoc</strong></span> <span class='ocrx_word' id='word_1_903' title='bbox 1558 4522 1754 4587; x_wconf 70' lang='lat' dir='ltr'><strong>dili&#39;ert,</strong></span> <span class='ocrx_word' id='word_1_904' title='bbox 1800 4526 2014 4593; x_wconf 86' lang='lat' dir='ltr'><strong>quodin</strong></span> <span class='ocrx_word' id='word_1_905' title='bbox 2049 4540 2133 4578; x_wconf 87' lang='lat' dir='ltr'><strong>re-</strong></span> <span class='ocrx_word' id='word_1_906' title='bbox 2167 4513 2219 4573; x_wconf 87' lang='lat' dir='ltr'><strong>D</strong></span> <span class='ocrx_word' id='word_1_907' title='bbox 2245 4524 2335 4578; x_wconf 92' lang='lat' dir='ltr'><strong>lib.</strong></span> <span class='ocrx_word' id='word_1_908' title='bbox 2363 4513 2397 4578; x_wconf 83' lang='lat' dir='ltr'><strong>it</strong></span> <span class='ocrx_word' id='word_1_909' title='bbox 2428 4525 2495 4578; x_wconf 86' lang='lat' dir='ltr'><strong>de</strong></span> <span class='ocrx_word' id='word_1_910' title='bbox 2523 4513 2699 4578; x_wconf 81' lang='lat' dir='ltr'><strong>Gestis</strong></span> <span class='ocrx_word' id='word_1_911' title='bbox 2726 4513 2836 4575; x_wconf 62' lang='grc'><strong>88,⁷</strong></span> <span class='ocrx_word' id='word_1_912' title='bbox 2860 4520 3241 4593; x_wconf 81' lang='lat' dir='ltr'><strong>Rotoncnsium</strong></span> <span class='ocrx_word' id='word_1_913' title='bbox 3264 4536 3363 4590; x_wconf 90' lang='lat' dir='ltr'><strong>cap</strong></span> <span class='ocrx_word' id='word_1_914' title='bbox 3400 4522 3454 4576; x_wconf 83' lang='lat'><strong>5.</strong></span> <span class='ocrx_word' id='word_1_915' title='bbox 3491 4524 3647 4576; x_wconf 87' lang='lat' dir='ltr'><strong>Porro</strong></span> <span class='ocrx_word' id='word_1_916' title='bbox 3673 4521 3778 4593; x_wconf 73' lang='lat' dir='ltr'><strong>licet</strong></span> 
     </span>
    </p>
   </div>
   <div class='ocr_carea' id='block_1_121' title="bbox 576 4590 2133 4659">
    <p class='ocr_par' dir='ltr' id='par_1_121' title="bbox 576 4590 2133 4659">
     <span class='ocr_line' id='line_1_121' title="bbox 576 4590 2133 4659; baseline 0.004 -18"><span class='ocrx_word' id='word_1_917' title='bbox 576 4590 875 4658; x_wconf 78' lang='lat' dir='ltr'><strong>sponsnriis</strong></span> <span class='ocrx_word' id='word_1_918' title='bbox 902 4606 1035 4642; x_wconf 71' lang='lat' dir='ltr'><strong>unus</strong></span> <span class='ocrx_word' id='word_1_919' title='bbox 1061 4591 1193 4644; x_wconf 84' lang='lat' dir='ltr'><strong>dicit</strong></span> <span class='ocrx_word' id='word_1_920' title='bbox 1238 4607 1471 4656; x_wconf 78' lang='lat' dir='ltr'><strong>versum,</strong></span> <span class='ocrx_word' id='word_1_921' title='bbox 1500 4593 1550 4646; x_wconf 86' lang='lat' dir='ltr'><strong>in</strong></span> <span class='ocrx_word' id='word_1_922' title='bbox 1606 4590 1909 4659; x_wconf 64' lang='lat' dir='ltr'><strong>antiplioiiis</strong></span> <span class='ocrx_word' id='word_1_923' title='bbox 1959 4608 2133 4648; x_wconf 81' lang='lat' dir='ltr'><strong>autent</strong></span> 
     </span>
    </p>
   </div>
   <div class='ocr_carea' id='block_1_122' title="bbox 575 4660 2134 4735">
    <p class='ocr_par' dir='ltr' id='par_1_122' title="bbox 575 4660 2134 4735">
     <span class='ocr_line' id='line_1_122' title="bbox 575 4660 2134 4735; baseline 0.003 -22"><span class='ocrx_word' id='word_1_924' title='bbox 575 4660 819 4735; x_wconf 84' lang='lat' dir='ltr'><strong>versibus</strong></span> <span class='ocrx_word' id='word_1_925' title='bbox 849 4660 1113 4715; x_wconf 72' lang='lat' dir='ltr'><strong>alternam</strong></span> <span class='ocrx_word' id='word_1_926' title='bbox 1281 4663 1412 4714; x_wconf 67' lang='lat' dir='ltr'><strong>Isid.</strong></span> <span class='ocrx_word' id='word_1_927' title='bbox 1446 4664 1536 4717; x_wconf 83' lang='lat' dir='ltr'><strong>lib.</strong></span> <span class='ocrx_word' id='word_1_928' title='bbox 1562 4680 1608 4717; x_wconf 85' lang='lat' dir='ltr'><strong>vi</strong></span> <span class='ocrx_word' id='word_1_929' title='bbox 1639 4664 1784 4735; x_wconf 83' lang='lat' dir='ltr'><strong>Orig.</strong></span> <span class='ocrx_word' id='word_1_930' title='bbox 1816 4683 1860 4718; x_wconf 83' lang='grc' dir='ltr'>ε.</span> <span class='ocrx_word' id='word_1_931' title='bbox 1893 4664 1981 4734; x_wconf 75' lang='grc'><strong>19)</strong></span> <span class='ocrx_word' id='word_1_932' title='bbox 2015 4685 2028 4719; x_wconf 91' lang='lat'><strong>:</strong></span> <span class='ocrx_word' id='word_1_933' title='bbox 2084 4666 2134 4717; x_wconf 86' lang='lat' dir='ltr'><strong>id</strong></span> 
     </span>
    </p>
   </div>
   <div class='ocr_carea' id='block_1_123' title="bbox 575 4732 2135 4804">
    <p class='ocr_par' dir='ltr' id='par_1_123' title="bbox 575 4732 2135 4804">
     <span class='ocr_line' id='line_1_123' title="bbox 575 4732 2135 4804; baseline 0.004 -23"><span class='ocrx_word' id='word_1_934' title='bbox 575 4732 713 4795; x_wconf 88' lang='lat' dir='ltr'><strong>quod</strong></span> <span class='ocrx_word' id='word_1_935' title='bbox 745 4733 933 4801; x_wconf 80' lang='lat' dir='ltr'><strong>aliquis</strong></span> <span class='ocrx_word' id='word_1_936' title='bbox 962 4735 1027 4785; x_wconf 78' lang='lat' dir='ltr'><strong>ita</strong></span> <span class='ocrx_word' id='word_1_937' title='bbox 1062 4733 1329 4800; x_wconf 65' lang='lat' dir='ltr'><strong>explicare</strong></span> <span class='ocrx_word' id='word_1_938' title='bbox 1355 4745 1534 4800; x_wconf 79' lang='lat' dir='ltr'><strong>posset</strong></span> <span class='ocrx_word' id='word_1_939' title='bbox 1569 4753 1579 4787; x_wconf 89' lang='lat'>:</span> <span class='ocrx_word' id='word_1_940' title='bbox 1608 4738 1688 4788; x_wconf 80' lang='lat' dir='ltr'><strong>Ad</strong></span> <span class='ocrx_word' id='word_1_941' title='bbox 1723 4732 1970 4804; x_wconf 60' lang='lat' dir='ltr'><strong>Singulos</strong></span> <span class='ocrx_word' id='word_1_942' title='bbox 1998 4738 2135 4803; x_wconf 72' lang='lat' dir='ltr'><strong>psal-</strong></span> 
     </span>
    </p>
   </div>
   <div class='ocr_carea' id='block_1_124' title="bbox 577 4805 2133 4870">
    <p class='ocr_par' dir='ltr' id='par_1_124' title="bbox 577 4805 2133 4870">
     <span class='ocr_line' id='line_1_124' title="bbox 577 4805 2133 4870; baseline 0.003 -18"><span class='ocrx_word' id='word_1_943' title='bbox 577 4815 779 4853; x_wconf 84' lang='lat' dir='ltr'><strong>morum</strong></span> <span class='ocrx_word' id='word_1_944' title='bbox 824 4818 1006 4856; x_wconf 82' lang='lat' dir='ltr'><strong>versus</strong></span> <span class='ocrx_word' id='word_1_945' title='bbox 1050 4805 1365 4870; x_wconf 72' lang='lat' dir='ltr'><strong>antipbonas</strong></span> <span class='ocrx_word' id='word_1_946' title='bbox 1412 4816 1656 4867; x_wconf 73' lang='lat' dir='ltr'><strong>cantant,</strong></span> <span class='ocrx_word' id='word_1_947' title='bbox 1693 4822 1811 4864; x_wconf 71' lang='lat' dir='ltr'><strong>quia</strong></span> <span class='ocrx_word' id='word_1_948' title='bbox 1846 4821 2030 4860; x_wconf 80' lang='lat' dir='ltr'><strong>revera</strong></span> <span class='ocrx_word' id='word_1_949' title='bbox 2066 4818 2133 4858; x_wconf 82' lang='lat' dir='ltr'><strong>ita</strong></span> 
     </span>
    </p>
   </div>
   <div class='ocr_carea' id='block_1_125' title="bbox 574 4870 2136 4941">
    <p class='ocr_par' dir='ltr' id='par_1_125' title="bbox 574 4870 2136 4941">
     <span class='ocr_line' id='line_1_125' title="bbox 574 4870 2136 4941; baseline 0.004 -18"><span class='ocrx_word' id='word_1_950' title='bbox 574 4870 626 4924; x_wconf 87' lang='lat' dir='ltr'><strong>in</strong></span> <span class='ocrx_word' id='word_1_951' title='bbox 652 4888 747 4923; x_wconf 76' lang='lat' dir='ltr'><strong>nsn</strong></span> <span class='ocrx_word' id='word_1_952' title='bbox 771 4872 939 4925; x_wconf 59' lang='lat' dir='ltr'><strong>fuisse</strong></span> <span class='ocrx_word' id='word_1_953' title='bbox 971 4873 1105 4941; x_wconf 89' lang='lat' dir='ltr'><strong>apud</strong></span> <span class='ocrx_word' id='word_1_954' title='bbox 1139 4885 1347 4927; x_wconf 73' lang='lat' dir='ltr'><strong>veteres</strong></span> <span class='ocrx_word' id='word_1_955' title='bbox 1384 4876 1541 4930; x_wconf 82' lang='lat' dir='ltr'><strong>docet</strong></span> <span class='ocrx_word' id='word_1_956' title='bbox 1588 4878 1827 4930; x_wconf 86' lang='lat' dir='ltr'><strong>eruditus</strong></span> <span class='ocrx_word' id='word_1_957' title='bbox 1879 4880 1957 4929; x_wconf 82' lang='lat' dir='ltr'><strong>vir</strong></span> <span class='ocrx_word' id='word_1_958' title='bbox 1987 4877 2136 4930; x_wconf 76' lang='lat' dir='ltr'><strong>Jose—</strong></span> 
     </span>
    </p>
   </div>
   <div class='ocr_carea' id='block_1_126' title="bbox 575 4943 1070 5009">
    <p class='ocr_par' dir='ltr' id='par_1_126' title="bbox 575 4943 1070 5009">
     <span class='ocr_line' id='line_1_126' title="bbox 575 4943 1070 5009; baseline 0.016 -20"><span class='ocrx_word' id='word_1_959' title='bbox 575 4943 711 5009; x_wconf 79' lang='lat' dir='ltr'><strong>phus</strong></span> <span class='ocrx_word' id='word_1_960' title='bbox 737 4944 1070 4997; x_wconf 44' lang='lat' dir='ltr'><strong>&#39;l’ltoutnsius.</strong></span> 
     </span>
    </p>
   </div>
   <div class='ocr_carea' id='block_1_127' title="bbox 642 5013 2131 5070">
    <p class='ocr_par' dir='ltr' id='par_1_127' title="bbox 642 5013 2131 5070">
     <span class='ocr_line' id='line_1_127' title="bbox 642 5013 2131 5070; baseline 0.005 -7"><span class='ocrx_word' id='word_1_961' title='bbox 642 5016 720 5063; x_wconf 76' lang='lat' dir='ltr'><strong>An</strong></span> <span class='ocrx_word' id='word_1_962' title='bbox 751 5027 875 5065; x_wconf 79' lang='lat' dir='ltr'><strong>vero</strong></span> <span class='ocrx_word' id='word_1_963' title='bbox 905 5013 973 5065; x_wconf 84' lang='lat' dir='ltr'><strong>ita</strong></span> <span class='ocrx_word' id='word_1_964' title='bbox 1010 5014 1265 5068; x_wconf 84' lang='lat' dir='ltr'><strong>intelle\it</strong></span> <span class='ocrx_word' id='word_1_965' title='bbox 1310 5014 1389 5067; x_wconf 67' lang='grc' dir='ltr'>(ιιι</span> <span class='ocrx_word' id='word_1_966' title='bbox 1414 5017 1679 5069; x_wconf 80' lang='lat' dir='ltr'><strong>lemarns?</strong></span> <span class='ocrx_word' id='word_1_967' title='bbox 1729 5032 1849 5070; x_wconf 87' lang='lat' dir='ltr'><strong>cum</strong></span> <span class='ocrx_word' id='word_1_968' title='bbox 1900 5017 2086 5070; x_wconf 84' lang='lat' dir='ltr'><strong>scribit</strong></span> <span class='ocrx_word' id='word_1_969' title='bbox 2118 5034 2131 5070; x_wconf 88' lang='lat'><strong>:</strong></span> 
     </span>
    </p>
   </div>
   <div class='ocr_carea' id='block_1_128' title="bbox 576 5082 2133 5155">
    <p class='ocr_par' dir='ltr' id='par_1_128' title="bbox 576 5082 2133 5155">
     <span class='ocr_line' id='line_1_128' title="bbox 576 5082 2133 5155; baseline 0.005 -22"><span class='ocrx_word' id='word_1_970' title='bbox 576 5082 942 5155; x_wconf 45' lang='lat' dir='ltr'><strong>(Antiphontis</strong></span> <span class='ocrx_word' id='word_1_971' title='bbox 967 5086 1191 5149; x_wconf 88' lang='lat' dir='ltr'><strong>primum</strong></span> <span class='ocrx_word' id='word_1_972' title='bbox 1216 5086 1387 5138; x_wconf 66' lang='lat' dir='ltr'><strong>Grieci</strong></span> <span class='ocrx_word' id='word_1_973' title='bbox 1420 5098 1866 5155; x_wconf 85' lang='lat' dir='ltr'><strong>composuerunt,</strong></span> <span class='ocrx_word' id='word_1_974' title='bbox 1926 5088 2133 5141; x_wconf 67' lang='lat' dir='ltr'><strong>duobus</strong></span> 
     </span>
    </p>
   </div>
   <div class='ocr_carea' id='block_1_129' title="bbox 567 5152 2131 5225">
    <p class='ocr_par' dir='ltr' id='par_1_129' title="bbox 567 5152 2131 5225">
     <span class='ocr_line' id='line_1_129' title="bbox 567 5152 2131 5225; baseline 0.003 -21"><span class='ocrx_word' id='word_1_975' title='bbox 567 5152 745 5225; x_wconf 74' lang='lat' dir='ltr'><strong>choris</strong></span> <span class='ocrx_word' id='word_1_976' title='bbox 771 5153 1071 5225; x_wconf 74' lang='lat' dir='ltr'><strong>alter-nuntii</strong></span> <span class='ocrx_word' id='word_1_977' title='bbox 1112 5154 1514 5208; x_wconf 81' lang='lat' dir='ltr'><strong>concinentibus</strong></span> <span class='ocrx_word' id='word_1_978' title='bbox 1535 5152 1557 5218; x_wconf 66' lang='grc' dir='ltr'><em>ξ</em></span> <span class='ocrx_word' id='word_1_979' title='bbox 1606 5157 1757 5225; x_wconf 83' lang='lat' dir='ltr'><strong>quasi</strong></span> <span class='ocrx_word' id='word_1_980' title='bbox 1796 5158 1901 5209; x_wconf 89' lang='lat' dir='ltr'><strong>duo</strong></span> <span class='ocrx_word' id='word_1_981' title='bbox 1928 5158 2131 5211; x_wconf 51' lang='lat' dir='ltr'><strong>Cliern.</strong></span> 
     </span>
    </p>
   </div>
   <div class='ocr_carea' id='block_1_130' title="bbox 568 5222 2136 5293">
    <p class='ocr_par' dir='ltr' id='par_1_130' title="bbox 568 5222 2136 5293">
     <span class='ocr_line' id='line_1_130' title="bbox 568 5222 2136 5293; baseline 0.003 -20"><span class='ocrx_word' id='word_1_982' title='bbox 568 5222 693 5274; x_wconf 80' lang='lat' dir='ltr'><strong>bim.</strong></span> <span class='ocrx_word' id='word_1_983' title='bbox 722 5264 735 5277; x_wconf 91' lang='lat'><strong>.</strong></span> <span class='ocrx_word' id='word_1_984' title='bbox 763 5261 777 5275; x_wconf 94' lang='lat'><strong>.</strong></span> <span class='ocrx_word' id='word_1_985' title='bbox 803 5226 951 5290; x_wconf 81' lang='lat' dir='ltr'><strong>Apud</strong></span> <span class='ocrx_word' id='word_1_986' title='bbox 983 5223 1197 5277; x_wconf 73' lang='lat' dir='ltr'><strong>Latinos</strong></span> <span class='ocrx_word' id='word_1_987' title='bbox 1228 5235 1402 5277; x_wconf 76' lang='lat' dir='ltr'><strong>autem</strong></span> <span class='ocrx_word' id='word_1_988' title='bbox 1433 5222 1635 5293; x_wconf 49' lang='lat' dir='ltr'><strong>prtinus</strong></span> <span class='ocrx_word' id='word_1_989' title='bbox 1657 5230 1792 5281; x_wconf 84' lang='lat' dir='ltr'><strong>idem</strong></span> <span class='ocrx_word' id='word_1_990' title='bbox 1820 5228 1876 5279; x_wconf 76' lang='grc' dir='ltr'>Β.</span> <span class='ocrx_word' id='word_1_991' title='bbox 1910 5231 2136 5279; x_wconf 83' lang='lat' dir='ltr'><strong>Ambro-</strong></span> 
     </span>
    </p>
   </div>
   <div class='ocr_carea' id='block_1_131' title="bbox 566 5295 2130 5365">
    <p class='ocr_par' dir='ltr' id='par_1_131' title="bbox 566 5295 2130 5365">
     <span class='ocr_line' id='line_1_131' title="bbox 566 5295 2130 5365; baseline 0.003 -22"><span class='ocrx_word' id='word_1_992' title='bbox 566 5308 675 5346; x_wconf 81' lang='lat' dir='ltr'><strong>t-ttts</strong></span> <span class='ocrx_word' id='word_1_993' title='bbox 693 5295 1010 5365; x_wconf 75' lang='lat' dir='ltr'><strong>nutipltuuas</strong></span> <span class='ocrx_word' id='word_1_994' title='bbox 1030 5296 1274 5357; x_wconf 68' lang='lat' dir='ltr'><strong>instituit,</strong></span> <span class='ocrx_word' id='word_1_995' title='bbox 1294 5295 1598 5349; x_wconf 63' lang='lat' dir='ltr'><strong>Ormenrum</strong></span> <span class='ocrx_word' id='word_1_996' title='bbox 1612 5302 1856 5365; x_wconf 77' lang='lat' dir='ltr'><strong>exempla</strong></span> <span class='ocrx_word' id='word_1_997' title='bbox 1875 5298 2130 5359; x_wconf 79' lang='lat' dir='ltr'><strong>imitatus;</strong></span> 
     </span>
    </p>
   </div>
   <div class='ocr_carea' id='block_1_132' title="bbox 566 5363 2134 5436">
    <p class='ocr_par' dir='ltr' id='par_1_132' title="bbox 566 5363 2134 5436">
     <span class='ocr_line' id='line_1_132' title="bbox 566 5363 2134 5436; baseline 0.006 -23"><span class='ocrx_word' id='word_1_998' title='bbox 566 5379 629 5414; x_wconf 76' lang='lat' dir='ltr'><strong>ex</strong></span> <span class='ocrx_word' id='word_1_999' title='bbox 667 5363 784 5418; x_wconf 85' lang='lat' dir='ltr'><strong>hinc</strong></span> <span class='ocrx_word' id='word_1_1000' title='bbox 810 5366 861 5417; x_wconf 89' lang='lat' dir='ltr'><strong>iu</strong></span> <span class='ocrx_word' id='word_1_1001' title='bbox 907 5368 1113 5419; x_wconf 89' lang='lat' dir='ltr'><strong>cunctis</strong></span> <span class='ocrx_word' id='word_1_1002' title='bbox 1157 5365 1394 5419; x_wconf 85' lang='lat' dir='ltr'><strong>occiduis</strong></span> <span class='ocrx_word' id='word_1_1003' title='bbox 1445 5369 1749 5436; x_wconf 72' lang='lat' dir='ltr'><strong>regionibus</strong></span> <span class='ocrx_word' id='word_1_1004' title='bbox 1779 5363 1967 5422; x_wconf 79' lang='lat' dir='ltr'><strong>earum</strong></span> <span class='ocrx_word' id='word_1_1005' title='bbox 2007 5385 2134 5422; x_wconf 83' lang='lat' dir='ltr'><strong>usus</strong></span> 
     </span>
    </p>
   </div>
   <div class='ocr_carea' id='block_1_133' title="bbox 563 5438 1393 5487">
    <p class='ocr_par' dir='ltr' id='par_1_133' title="bbox 563 5438 1393 5487">
     <span class='ocr_line' id='line_1_133' title="bbox 563 5438 1393 5487; baseline -0.002 -2"><span class='ocrx_word' id='word_1_1006' title='bbox 563 5438 788 5487; x_wconf 83' lang='lat' dir='ltr'><strong>crcbuit.</strong></span> <span class='ocrx_word' id='word_1_1007' title='bbox 832 5452 851 5486; x_wconf 71' lang='grc' dir='ltr'><strong>ι</strong></span> <span class='ocrx_word' id='word_1_1008' title='bbox 1390 5480 1393 5483; x_wconf 90' lang='grc'><strong>.</strong></span> 
     </span>
    </p>
   </div>
   <div class='ocr_carea' id='block_1_134' title="bbox 636 5505 2132 5579">
    <p class='ocr_par' dir='ltr' id='par_1_134' title="bbox 636 5505 2132 5579">
     <span class='ocr_line' id='line_1_134' title="bbox 636 5505 2132 5579; baseline 0.004 -23"><span class='ocrx_word' id='word_1_1009' title='bbox 636 5506 825 5579; x_wconf 74' lang='lat' dir='ltr'><strong>Quibus</strong></span> <span class='ocrx_word' id='word_1_1010' title='bbox 841 5505 1005 5579; x_wconf 75' lang='lat' dir='ltr'><strong>dicis,</strong></span> <span class='ocrx_word' id='word_1_1011' title='bbox 1040 5506 1392 5579; x_wconf 77' lang='lat' dir='ltr'><strong>dic&#39;orersu.]</strong></span> <span class='ocrx_word' id='word_1_1012' title='bbox 1423 5511 1619 5564; x_wconf 81' lang='lat' dir='ltr'><strong>Versus</strong></span> <span class='ocrx_word' id='word_1_1013' title='bbox 1657 5524 1685 5561; x_wconf 90' lang='lat' dir='ltr'><strong>a</strong></span> <span class='ocrx_word' id='word_1_1014' title='bbox 1716 5508 1970 5562; x_wconf 79' lang='lat' dir='ltr'><strong>vertendo</strong></span> <span class='ocrx_word' id='word_1_1015' title='bbox 1998 5509 2132 5562; x_wconf 81' lang='lat' dir='ltr'><strong>dici-</strong></span> 
     </span>
    </p>
   </div>
   <div class='ocr_carea' id='block_1_135' title="bbox 564 5577 2127 5646">
    <p class='ocr_par' dir='ltr' id='par_1_135' title="bbox 564 5577 2127 5646">
     <span class='ocr_line' id='line_1_135' title="bbox 564 5577 2127 5646; baseline 0.003 -17"><span class='ocrx_word' id='word_1_1016' title='bbox 564 5583 669 5635; x_wconf 83' lang='lat' dir='ltr'><strong>tur,</strong></span> <span class='ocrx_word' id='word_1_1017' title='bbox 702 5578 784 5629; x_wconf 86' lang='lat' dir='ltr'><strong>vel</strong></span> <span class='ocrx_word' id='word_1_1018' title='bbox 814 5578 935 5645; x_wconf 85' lang='lat' dir='ltr'><strong>quia</strong></span> <span class='ocrx_word' id='word_1_1019' title='bbox 956 5578 1022 5629; x_wconf 86' lang='lat' dir='ltr'><strong>ab</strong></span> <span class='ocrx_word' id='word_1_1020' title='bbox 1044 5577 1220 5631; x_wconf 76' lang='lat' dir='ltr'><strong>uilicio</strong></span> <span class='ocrx_word' id='word_1_1021' title='bbox 1248 5577 1573 5646; x_wconf 83' lang='lat' dir='ltr'><strong>psalmorum</strong></span> <span class='ocrx_word' id='word_1_1022' title='bbox 1606 5587 1671 5631; x_wconf 85' lang='lat' dir='ltr'><strong>ad</strong></span> <span class='ocrx_word' id='word_1_1023' title='bbox 1699 5579 1953 5634; x_wconf 86' lang='lat' dir='ltr'><strong>lectiones</strong></span> <span class='ocrx_word' id='word_1_1024' title='bbox 2011 5597 2127 5633; x_wconf 68' lang='lat' dir='ltr'><strong>ver-</strong></span> 
     </span>
    </p>
   </div>
   <div class='ocr_carea' id='block_1_136' title="bbox 565 5647 2130 5715">
    <p class='ocr_par' dir='ltr' id='par_1_136' title="bbox 565 5647 2130 5715">
     <span class='ocr_line' id='line_1_136' title="bbox 565 5647 2130 5715; baseline 0.005 -20"><span class='ocrx_word' id='word_1_1025' title='bbox 565 5647 757 5708; x_wconf 75' lang='lat' dir='ltr'><strong>timus,</strong></span> <span class='ocrx_word' id='word_1_1026' title='bbox 792 5649 869 5700; x_wconf 89' lang='lat' dir='ltr'><strong>vel</strong></span> <span class='ocrx_word' id='word_1_1027' title='bbox 899 5648 1019 5715; x_wconf 78' lang='lat' dir='ltr'><strong>qnia</strong></span> <span class='ocrx_word' id='word_1_1028' title='bbox 1079 5669 1095 5698; x_wconf 85' lang='grc' dir='ltr'><strong>ι</strong></span> <span class='ocrx_word' id='word_1_1029' title='bbox 1125 5652 1334 5714; x_wconf 83' lang='lat' dir='ltr'><strong>quando</strong></span> <span class='ocrx_word' id='word_1_1030' title='bbox 1367 5667 1576 5707; x_wconf 86' lang='lat' dir='ltr'><strong>versum</strong></span> <span class='ocrx_word' id='word_1_1031' title='bbox 1616 5652 1892 5713; x_wconf 82' lang='lat' dir='ltr'><strong>audimus,</strong></span> <span class='ocrx_word' id='word_1_1032' title='bbox 1945 5653 2130 5705; x_wconf 82' lang='lat' dir='ltr'><strong>l&#39;acicin</strong></span> 
     </span>
    </p>
   </div>
   <div class='ocr_carea' id='block_1_137' title="bbox 566 5715 2128 5786">
    <p class='ocr_par' dir='ltr' id='par_1_137' title="bbox 566 5715 2128 5786">
     <span class='ocr_line' id='line_1_137' title="bbox 566 5715 2128 5786; baseline 0.007 -20"><span class='ocrx_word' id='word_1_1033' title='bbox 566 5715 705 5783; x_wconf 83' lang='lat' dir='ltr'><strong>illiCu</strong></span> <span class='ocrx_word' id='word_1_1034' title='bbox 736 5730 988 5772; x_wconf 63' lang='grc' dir='ltr'>νοτιιυιυς</span> <span class='ocrx_word' id='word_1_1035' title='bbox 1017 5719 1081 5772; x_wconf 85' lang='lat' dir='ltr'><strong>ad</strong></span> <span class='ocrx_word' id='word_1_1036' title='bbox 1116 5730 1318 5781; x_wconf 75' lang='lat' dir='ltr'><strong>attare,</strong></span> <span class='ocrx_word' id='word_1_1037' title='bbox 1378 5733 1431 5774; x_wconf 91' lang='lat' dir='ltr'><strong>ut</strong></span> <span class='ocrx_word' id='word_1_1038' title='bbox 1472 5725 1640 5776; x_wconf 66' lang='lat' dir='ltr'><strong>amnis</strong></span> <span class='ocrx_word' id='word_1_1039' title='bbox 1685 5724 1931 5785; x_wconf 72' lang='lat' dir='ltr'><strong>Cogitatio</strong></span> <span class='ocrx_word' id='word_1_1040' title='bbox 1955 5765 1967 5786; x_wconf 87' lang='lat'><strong>,</strong></span> <span class='ocrx_word' id='word_1_1041' title='bbox 2014 5740 2128 5786; x_wconf 53' lang='lat' dir='ltr'><strong>tanta</strong></span> 
     </span>
    </p>
   </div>
   <div class='ocr_carea' id='block_1_138' title="bbox 2242 4590 3781 4659">
    <p class='ocr_par' dir='ltr' id='par_1_138' title="bbox 2242 4590 3781 4659">
     <span class='ocr_line' id='line_1_138' title="bbox 2242 4590 3781 4659; baseline -0.005 -11"><span class='ocrx_word' id='word_1_1042' title='bbox 2242 4594 2429 4648; x_wconf 85' lang='lat' dir='ltr'><strong>Petrus</strong></span> <span class='ocrx_word' id='word_1_1043' title='bbox 2460 4595 2717 4648; x_wconf 84' lang='lat' dir='ltr'><strong>Botierius</strong></span> <span class='ocrx_word' id='word_1_1044' title='bbox 2746 4593 2884 4647; x_wconf 89' lang='lat' dir='ltr'><strong>hunc</strong></span> <span class='ocrx_word' id='word_1_1045' title='bbox 2913 4591 3087 4644; x_wconf 69' lang='lat' dir='ltr'><strong>locum</strong></span> <span class='ocrx_word' id='word_1_1046' title='bbox 3126 4606 3399 4659; x_wconf 83' lang='lat' dir='ltr'><strong>exponens</strong></span> <span class='ocrx_word' id='word_1_1047' title='bbox 3445 4593 3586 4645; x_wconf 81' lang='lat' dir='ltr'><strong>dicat</strong></span> <span class='ocrx_word' id='word_1_1048' title='bbox 3625 4593 3671 4643; x_wconf 89' lang='lat' dir='ltr'><strong>in</strong></span> <span class='ocrx_word' id='word_1_1049' title='bbox 3698 4590 3781 4642; x_wconf 85' lang='lat' dir='ltr'><strong>hac</strong></span> 
     </span>
    </p>
   </div>
   <div class='ocr_carea' id='block_1_139' title="bbox 2238 4662 3779 4734">
    <p class='ocr_par' dir='ltr' id='par_1_139' title="bbox 2238 4662 3779 4734">
     <span class='ocr_line' id='line_1_139' title="bbox 2238 4662 3779 4734; baseline -0.005 -17"><span class='ocrx_word' id='word_1_1050' title='bbox 2238 4680 2491 4731; x_wconf 83' lang='lat' dir='ltr'><strong>expresse</strong></span> <span class='ocrx_word' id='word_1_1051' title='bbox 2519 4664 2714 4734; x_wconf 80' lang='lat' dir='ltr'><strong>Regula</strong></span> <span class='ocrx_word' id='word_1_1052' title='bbox 2746 4680 2848 4717; x_wconf 88' lang='lat' dir='ltr'><strong>non</strong></span> <span class='ocrx_word' id='word_1_1053' title='bbox 2882 4662 3167 4727; x_wconf 90' lang='lat' dir='ltr'><strong>contineri,</strong></span> <span class='ocrx_word' id='word_1_1054' title='bbox 3202 4679 3325 4715; x_wconf 92' lang='lat' dir='ltr'><strong>num</strong></span> <span class='ocrx_word' id='word_1_1055' title='bbox 3356 4664 3599 4734; x_wconf 86' lang='lat' dir='ltr'><strong>standum</strong></span> <span class='ocrx_word' id='word_1_1056' title='bbox 3627 4675 3687 4712; x_wconf 89' lang='lat' dir='ltr'><strong>an</strong></span> <span class='ocrx_word' id='word_1_1057' title='bbox 3704 4674 3779 4711; x_wconf 84' lang='lat' dir='ltr'><strong>se-</strong></span> 
     </span>
    </p>
   </div>
   <div class='ocr_carea' id='block_1_140' title="bbox 2238 4733 3778 4803">
    <p class='ocr_par' dir='ltr' id='par_1_140' title="bbox 2238 4733 3778 4803">
     <span class='ocr_line' id='line_1_140' title="bbox 2238 4733 3778 4803; baseline -0.005 -16"><span class='ocrx_word' id='word_1_1058' title='bbox 2238 4734 2470 4787; x_wconf 89' lang='lat' dir='ltr'><strong>dendum</strong></span> <span class='ocrx_word' id='word_1_1059' title='bbox 2508 4737 2577 4788; x_wconf 88' lang='lat' dir='ltr'><strong>sit</strong></span> <span class='ocrx_word' id='word_1_1060' title='bbox 2605 4733 2833 4803; x_wconf 80' lang='lat' dir='ltr'><strong>quando</strong></span> <span class='ocrx_word' id='word_1_1061' title='bbox 2866 4735 3053 4799; x_wconf 84' lang='lat' dir='ltr'><strong>psalmi</strong></span> <span class='ocrx_word' id='word_1_1062' title='bbox 3096 4743 3380 4795; x_wconf 87' lang='lat' dir='ltr'><strong>canuntur,</strong></span> <span class='ocrx_word' id='word_1_1063' title='bbox 3427 4749 3491 4787; x_wconf 75' lang='lat' dir='ltr'><strong>ex</strong></span> <span class='ocrx_word' id='word_1_1064' title='bbox 3524 4733 3599 4785; x_wconf 87' lang='lat' dir='ltr'><strong>his</strong></span> <span class='ocrx_word' id='word_1_1065' title='bbox 3626 4740 3778 4803; x_wconf 72' lang='lat' dir='ltr'><strong>tamen</strong></span> 
     </span>
    </p>
   </div>
   <div class='ocr_carea' id='block_1_141' title="bbox 2239 4800 3778 4870">
    <p class='ocr_par' dir='ltr' id='par_1_141' title="bbox 2239 4800 3778 4870">
     <span class='ocr_line' id='line_1_141' title="bbox 2239 4800 3778 4870; baseline -0.006 -11"><span class='ocrx_word' id='word_1_1066' title='bbox 2239 4805 2300 4859; x_wconf 89' lang='lat' dir='ltr'><strong>S.</strong></span> <span class='ocrx_word' id='word_1_1067' title='bbox 2328 4805 2599 4859; x_wconf 87' lang='lat' dir='ltr'><strong>Benedicti</strong></span> <span class='ocrx_word' id='word_1_1068' title='bbox 2639 4800 2826 4857; x_wconf 77' lang='lat' dir='ltr'><strong>verbis</strong></span> <span class='ocrx_word' id='word_1_1069' title='bbox 2862 4804 2992 4856; x_wconf 89' lang='lat' dir='ltr'><strong>satis</strong></span> <span class='ocrx_word' id='word_1_1070' title='bbox 3017 4804 3262 4870; x_wconf 86' lang='lat' dir='ltr'><strong>apposite</strong></span> <span class='ocrx_word' id='word_1_1071' title='bbox 3300 4805 3475 4856; x_wconf 86' lang='lat' dir='ltr'><strong>intulit</strong></span> <span class='ocrx_word' id='word_1_1072' title='bbox 3506 4800 3778 4864; x_wconf 78' lang='lat' dir='ltr'><strong>Menardus,</strong></span> 
     </span>
    </p>
   </div>
   <div class='ocr_carea' id='block_1_142' title="bbox 2240 4874 3779 4942">
    <p class='ocr_par' dir='ltr' id='par_1_142' title="bbox 2240 4874 3779 4942">
     <span class='ocr_line' id='line_1_142' title="bbox 2240 4874 3779 4942; baseline -0.005 -13"><span class='ocrx_word' id='word_1_1073' title='bbox 2240 4878 2466 4930; x_wconf 80' lang='lat' dir='ltr'><strong>institud</strong></span> <span class='ocrx_word' id='word_1_1074' title='bbox 2496 4876 2662 4929; x_wconf 88' lang='lat' dir='ltr'><strong>nostri</strong></span> <span class='ocrx_word' id='word_1_1075' title='bbox 2691 4876 2965 4927; x_wconf 80' lang='lat' dir='ltr'><strong>monachis</strong></span> <span class='ocrx_word' id='word_1_1076' title='bbox 3000 4875 3140 4926; x_wconf 84' lang='lat' dir='ltr'><strong>inter</strong></span> <span class='ocrx_word' id='word_1_1077' title='bbox 3165 4874 3493 4942; x_wconf 86' lang='lat' dir='ltr'><strong>psallendum</strong></span> <span class='ocrx_word' id='word_1_1078' title='bbox 3525 4882 3779 4928; x_wconf 84' lang='lat' dir='ltr'><strong>esscstau-</strong></span> 
     </span>
    </p>
   </div>
   <div class='ocr_carea' id='block_1_143' title="bbox 2237 4943 3779 5016">
    <p class='ocr_par' dir='ltr' id='par_1_143' title="bbox 2237 4943 3779 5016">
     <span class='ocr_line' id='line_1_143' title="bbox 2237 4943 3779 5016; baseline -0.005 -16"><span class='ocrx_word' id='word_1_1079' title='bbox 2237 4948 2394 5000; x_wconf 87' lang='lat' dir='ltr'><strong>dum:</strong></span> <span class='ocrx_word' id='word_1_1080' title='bbox 2424 4948 2511 5016; x_wconf 83' lang='lat' dir='ltr'><strong>qui</strong></span> <span class='ocrx_word' id='word_1_1081' title='bbox 2545 4946 2683 5000; x_wconf 86' lang='lat' dir='ltr'><strong>enim</strong></span> <span class='ocrx_word' id='word_1_1082' title='bbox 2706 4944 2962 5015; x_wconf 84' lang='lat' dir='ltr'><strong>jubentur</strong></span> <span class='ocrx_word' id='word_1_1083' title='bbox 2982 4943 3172 5016; x_wconf 76' lang='lat' dir='ltr'><strong>sedere</strong></span> <span class='ocrx_word' id='word_1_1084' title='bbox 3202 4946 3325 4997; x_wconf 83' lang='lat' dir='ltr'><strong>dum</strong></span> <span class='ocrx_word' id='word_1_1085' title='bbox 3350 4947 3592 5014; x_wconf 79' lang='lat' dir='ltr'><strong>leguntur</strong></span> <span class='ocrx_word' id='word_1_1086' title='bbox 3624 4943 3779 5016; x_wconf 78' lang='lat' dir='ltr'><strong>lectio-</strong></span> 
     </span>
    </p>
   </div>
   <div class='ocr_carea' id='block_1_144' title="bbox 2240 5013 3778 5085">
    <p class='ocr_par' dir='ltr' id='par_1_144' title="bbox 2240 5013 3778 5085">
     <span class='ocr_line' id='line_1_144' title="bbox 2240 5013 3778 5085; baseline -0.007 -14"><span class='ocrx_word' id='word_1_1087' title='bbox 2240 5034 2356 5077; x_wconf 87' lang='lat' dir='ltr'><strong>nes.</strong></span> <span class='ocrx_word' id='word_1_1088' title='bbox 2388 5013 2535 5085; x_wconf 84' lang='lat' dir='ltr'><strong>prius</strong></span> <span class='ocrx_word' id='word_1_1089' title='bbox 2573 5013 2785 5070; x_wconf 68' lang='lat' dir='ltr'><strong>stetisse</strong></span> <span class='ocrx_word' id='word_1_1090' title='bbox 2814 5015 3090 5085; x_wconf 80' lang='lat' dir='ltr'><strong>psallendo</strong></span> <span class='ocrx_word' id='word_1_1091' title='bbox 3116 5030 3334 5068; x_wconf 85' lang='lat' dir='ltr'><strong>necesse</strong></span> <span class='ocrx_word' id='word_1_1092' title='bbox 3364 5013 3475 5077; x_wconf 82' lang='lat' dir='ltr'><strong>est.</strong></span> <span class='ocrx_word' id='word_1_1093' title='bbox 3525 5013 3657 5082; x_wconf 89' lang='lat' dir='ltr'><strong>quod</strong></span> <span class='ocrx_word' id='word_1_1094' title='bbox 3676 5026 3778 5062; x_wconf 89' lang='lat' dir='ltr'><strong>con-</strong></span> 
     </span>
    </p>
   </div>
   <div class='ocr_carea' id='block_1_145' title="bbox 2240 5084 3778 5155">
    <p class='ocr_par' dir='ltr' id='par_1_145' title="bbox 2240 5084 3778 5155">
     <span class='ocr_line' id='line_1_145' title="bbox 2240 5084 3778 5155; baseline -0.006 -16"><span class='ocrx_word' id='word_1_1095' title='bbox 2240 5084 2417 5141; x_wconf 85' lang='lat' dir='ltr'><strong>lirmat</strong></span> <span class='ocrx_word' id='word_1_1096' title='bbox 2453 5104 2515 5141; x_wconf 87' lang='lat' dir='ltr'><strong>ex</strong></span> <span class='ocrx_word' id='word_1_1097' title='bbox 2548 5087 2679 5155; x_wconf 78' lang='lat' dir='ltr'><strong>Reg.</strong></span> <span class='ocrx_word' id='word_1_1098' title='bbox 2717 5102 2832 5153; x_wconf 87' lang='lat' dir='ltr'><strong>cap.</strong></span> <span class='ocrx_word' id='word_1_1099' title='bbox 2859 5088 2926 5138; x_wconf 79' lang='grc' dir='ltr'><strong>ϐυ</strong></span> <span class='ocrx_word' id='word_1_1100' title='bbox 2959 5104 2972 5137; x_wconf 86' lang='lat'><strong>:</strong></span> <span class='ocrx_word' id='word_1_1101' title='bbox 3008 5084 3325 5138; x_wconf 76' lang='lat' dir='ltr'><strong>(Iuncedntur</strong></span> <span class='ocrx_word' id='word_1_1102' title='bbox 3363 5087 3410 5139; x_wconf 87' lang='lat' dir='ltr'><strong>ei</strong></span> <span class='ocrx_word' id='word_1_1103' title='bbox 3436 5096 3544 5155; x_wconf 84' lang='lat' dir='ltr'><strong>pou</strong></span> <span class='ocrx_word' id='word_1_1104' title='bbox 3577 5084 3778 5135; x_wconf 76' lang='lat' dir='ltr'><strong>abbatem</strong></span> 
     </span>
    </p>
   </div>
   <div class='ocr_carea' id='block_1_146' title="bbox 2239 5155 3778 5222">
    <p class='ocr_par' dir='ltr' id='par_1_146' title="bbox 2239 5155 3778 5222">
     <span class='ocr_line' id='line_1_146' title="bbox 2239 5155 3778 5222; baseline -0.006 -11"><span class='ocrx_word' id='word_1_1105' title='bbox 2239 5170 2375 5211; x_wconf 74' lang='lat' dir='ltr'><strong>stare</strong></span> <span class='ocrx_word' id='word_1_1106' title='bbox 2396 5170 2442 5211; x_wconf 86' lang='lat' dir='ltr'><strong>et</strong></span> <span class='ocrx_word' id='word_1_1107' title='bbox 2465 5162 2771 5216; x_wconf 83' lang='lat' dir='ltr'><strong>benedicere,</strong></span> <span class='ocrx_word' id='word_1_1108' title='bbox 2799 5171 2851 5208; x_wconf 87' lang='lat' dir='ltr'><strong>et</strong></span> <span class='ocrx_word' id='word_1_1109' title='bbox 2874 5172 2938 5208; x_wconf 85' lang='lat' dir='ltr'><strong>ex</strong></span> <span class='ocrx_word' id='word_1_1110' title='bbox 2961 5170 3077 5217; x_wconf 73' lang='lat' dir='ltr'><strong>cap.</strong></span> <span class='ocrx_word' id='word_1_1111' title='bbox 3112 5156 3181 5208; x_wconf 80' lang='lat'><strong>65</strong></span> <span class='ocrx_word' id='word_1_1112' title='bbox 3217 5173 3229 5207; x_wconf 94' lang='lat'>:</span> <span class='ocrx_word' id='word_1_1113' title='bbox 3280 5156 3369 5209; x_wconf 80' lang='lat' dir='ltr'><strong>Sic</strong></span> <span class='ocrx_word' id='word_1_1114' title='bbox 3395 5158 3594 5208; x_wconf 71' lang='lat' dir='ltr'><strong>accedat</strong></span> <span class='ocrx_word' id='word_1_1115' title='bbox 3617 5155 3678 5205; x_wconf 80' lang='lat' dir='ltr'><strong>ad</strong></span> <span class='ocrx_word' id='word_1_1116' title='bbox 3702 5165 3778 5222; x_wconf 78' lang='grc' dir='ltr'><strong>ρα-</strong></span> 
     </span>
    </p>
   </div>
   <div class='ocr_carea' id='block_1_147' title="bbox 2239 5222 3775 5294">
    <p class='ocr_par' dir='ltr' id='par_1_147' title="bbox 2239 5222 3775 5294">
     <span class='ocr_line' id='line_1_147' title="bbox 2239 5222 3775 5294; baseline -0.003 -15"><span class='ocrx_word' id='word_1_1117' title='bbox 2239 5246 2364 5291; x_wconf 78' lang='lat' dir='ltr'><strong>rem,</strong></span> <span class='ocrx_word' id='word_1_1118' title='bbox 2383 5231 2451 5281; x_wconf 80' lang='lat' dir='ltr'><strong>ad</strong></span> <span class='ocrx_word' id='word_1_1119' title='bbox 2471 5230 2903 5287; x_wconf 85' lang='lat' dir='ltr'><strong>communionem,</strong></span> <span class='ocrx_word' id='word_1_1120' title='bbox 2937 5228 3003 5277; x_wconf 86' lang='lat' dir='ltr'><strong>ad</strong></span> <span class='ocrx_word' id='word_1_1121' title='bbox 3029 5225 3283 5294; x_wconf 70' lang='lat' dir='ltr'><strong>psalmum</strong></span> <span class='ocrx_word' id='word_1_1122' title='bbox 3311 5228 3417 5292; x_wconf 83' lang='lat' dir='ltr'><strong>imp</strong></span> <span class='ocrx_word' id='word_1_1123' title='bbox 3438 5226 3688 5288; x_wconf 67' lang='lat' dir='ltr'><strong>nendum,</strong></span> <span class='ocrx_word' id='word_1_1124' title='bbox 3732 5222 3775 5271; x_wconf 80' lang='lat' dir='ltr'><strong>in</strong></span> 
     </span>
    </p>
   </div>
   <div class='ocr_carea' id='block_1_148' title="bbox 2238 5298 3775 5364">
    <p class='ocr_par' dir='ltr' id='par_1_148' title="bbox 2238 5298 3775 5364">
     <span class='ocr_line' id='line_1_148' title="bbox 2238 5298 3775 5364; baseline -0.005 -14"><span class='ocrx_word' id='word_1_1125' title='bbox 2238 5298 2391 5350; x_wconf 73' lang='lat' dir='ltr'><strong>choro</strong></span> <span class='ocrx_word' id='word_1_1126' title='bbox 2414 5299 2673 5351; x_wconf 79' lang='lat' dir='ltr'><strong>standum.</strong></span> <span class='ocrx_word' id='word_1_1127' title='bbox 2704 5298 2834 5351; x_wconf 68' lang='lat' dir='ltr'><strong>Nam</strong></span> <span class='ocrx_word' id='word_1_1128' title='bbox 2870 5298 2986 5349; x_wconf 83' lang='lat' dir='ltr'><strong>licet</strong></span> <span class='ocrx_word' id='word_1_1129' title='bbox 3020 5307 3161 5348; x_wconf 83' lang='lat' dir='ltr'><strong>stare</strong></span> <span class='ocrx_word' id='word_1_1130' title='bbox 3193 5310 3296 5350; x_wconf 91' lang='lat' dir='ltr'><strong>non</strong></span> <span class='ocrx_word' id='word_1_1131' title='bbox 3337 5310 3544 5364; x_wconf 89' lang='lat' dir='ltr'><strong>semper</strong></span> <span class='ocrx_word' id='word_1_1132' title='bbox 3569 5308 3657 5362; x_wconf 83' lang='lat' dir='ltr'><strong>pro</strong></span> <span class='ocrx_word' id='word_1_1133' title='bbox 3676 5307 3775 5345; x_wconf 87' lang='lat' dir='ltr'><strong>cor-</strong></span> 
     </span>
    </p>
   </div>
   <div class='ocr_carea' id='block_1_149' title="bbox 2242 5367 3775 5436">
    <p class='ocr_par' dir='ltr' id='par_1_149' title="bbox 2242 5367 3775 5436">
     <span class='ocr_line' id='line_1_149' title="bbox 2242 5367 3775 5436; baseline -0.003 -17"><span class='ocrx_word' id='word_1_1134' title='bbox 2242 5373 2385 5433; x_wconf 83' lang='lat' dir='ltr'><strong>poris</strong></span> <span class='ocrx_word' id='word_1_1135' title='bbox 2414 5371 2706 5431; x_wconf 77' lang='lat' dir='ltr'><strong>erectiune,</strong></span> <span class='ocrx_word' id='word_1_1136' title='bbox 2753 5368 2846 5421; x_wconf 86' lang='lat' dir='ltr'><strong>sed</strong></span> <span class='ocrx_word' id='word_1_1137' title='bbox 2879 5384 2975 5434; x_wconf 84' lang='lat' dir='ltr'><strong>pro</strong></span> <span class='ocrx_word' id='word_1_1138' title='bbox 3006 5367 3284 5429; x_wconf 67' lang='lat' dir='ltr'><strong>pnesentia</strong></span> <span class='ocrx_word' id='word_1_1139' title='bbox 3326 5368 3604 5436; x_wconf 79' lang='lat' dir='ltr'><strong>aliquando</strong></span> <span class='ocrx_word' id='word_1_1140' title='bbox 3623 5376 3775 5417; x_wconf 78' lang='lat' dir='ltr'><strong>suma-</strong></span> 
     </span>
    </p>
   </div>
   <div class='ocr_carea' id='block_1_150' title="bbox 2241 5437 3773 5503">
    <p class='ocr_par' dir='ltr' id='par_1_150' title="bbox 2241 5437 3773 5503">
     <span class='ocr_line' id='line_1_150' title="bbox 2241 5437 3773 5503; baseline -0.003 -12"><span class='ocrx_word' id='word_1_1141' title='bbox 2241 5447 2348 5499; x_wconf 90' lang='lat' dir='ltr'><strong>tur,</strong></span> <span class='ocrx_word' id='word_1_1142' title='bbox 2382 5451 2434 5491; x_wconf 88' lang='lat' dir='ltr'><strong>nt</strong></span> <span class='ocrx_word' id='word_1_1143' title='bbox 2460 5455 2580 5491; x_wconf 84' lang='lat' dir='ltr'><strong>cum</strong></span> <span class='ocrx_word' id='word_1_1144' title='bbox 2611 5442 2804 5491; x_wconf 67' lang='lat' dir='ltr'><strong>dii-itur</strong></span> <span class='ocrx_word' id='word_1_1145' title='bbox 2825 5448 2939 5490; x_wconf 73' lang='lat' dir='ltr'><strong>sunt</strong></span> <span class='ocrx_word' id='word_1_1146' title='bbox 2956 5437 3019 5488; x_wconf 86' lang='lat' dir='ltr'><strong>de</strong></span> <span class='ocrx_word' id='word_1_1147' title='bbox 3042 5437 3121 5487; x_wconf 82' lang='lat' dir='ltr'><strong>hic</strong></span> <span class='ocrx_word' id='word_1_1148' title='bbox 3144 5438 3392 5490; x_wconf 73' lang='lat' dir='ltr'><strong>stantibus</strong></span> <span class='ocrx_word' id='word_1_1149' title='bbox 3415 5478 3430 5503; x_wconf 90' lang='lat'><strong>,</strong></span> <span class='ocrx_word' id='word_1_1150' title='bbox 3472 5437 3597 5489; x_wconf 85' lang='lat' dir='ltr'><strong>nihil</strong></span> <span class='ocrx_word' id='word_1_1151' title='bbox 3626 5445 3773 5488; x_wconf 78' lang='lat' dir='ltr'><strong>tamen</strong></span> 
     </span>
    </p>
   </div>
   <div class='ocr_carea' id='block_1_151' title="bbox 2240 5508 3773 5573">
    <p class='ocr_par' dir='ltr' id='par_1_151' title="bbox 2240 5508 3773 5573">
     <span class='ocr_line' id='line_1_151' title="bbox 2240 5508 3773 5573; baseline -0.003 -12"><span class='ocrx_word' id='word_1_1152' title='bbox 2240 5521 2379 5563; x_wconf 88' lang='lat' dir='ltr'><strong>vetat</strong></span> <span class='ocrx_word' id='word_1_1153' title='bbox 2405 5513 2487 5563; x_wconf 76' lang='grc' dir='ltr'>Ιιεο</span> <span class='ocrx_word' id='word_1_1154' title='bbox 2512 5512 2524 5561; x_wconf 92' lang='lat' dir='ltr'><strong>i</strong></span> <span class='ocrx_word' id='word_1_1155' title='bbox 2554 5511 2601 5560; x_wconf 87' lang='lat' dir='ltr'><strong>lu</strong></span> <span class='ocrx_word' id='word_1_1156' title='bbox 2630 5524 2788 5561; x_wconf 88' lang='lat' dir='ltr'><strong>sensu</strong></span> <span class='ocrx_word' id='word_1_1157' title='bbox 2817 5508 2984 5573; x_wconf 86' lang='lat' dir='ltr'><strong>accipi</strong></span> <span class='ocrx_word' id='word_1_1158' title='bbox 3010 5524 3024 5559; x_wconf 93' lang='lat'><strong>:</strong></span> <span class='ocrx_word' id='word_1_1159' title='bbox 3077 5508 3122 5558; x_wconf 89' lang='lat' dir='ltr'><strong>si</strong></span> <span class='ocrx_word' id='word_1_1160' title='bbox 3146 5508 3290 5559; x_wconf 85' lang='lat' dir='ltr'><strong>enim</strong></span> <span class='ocrx_word' id='word_1_1161' title='bbox 3319 5509 3603 5573; x_wconf 80' lang='lat' dir='ltr'><strong>sedissem,</strong></span> <span class='ocrx_word' id='word_1_1162' title='bbox 3649 5515 3773 5558; x_wconf 78' lang='lat' dir='ltr'><strong>natu-</strong></span> 
     </span>
    </p>
   </div>
   <div class='ocr_carea' id='block_1_152' title="bbox 2238 5575 3773 5645">
    <p class='ocr_par' dir='ltr' id='par_1_152' title="bbox 2238 5575 3773 5645">
     <span class='ocr_line' id='line_1_152' title="bbox 2238 5575 3773 5645; baseline -0.003 -11"><span class='ocrx_word' id='word_1_1163' title='bbox 2238 5582 2332 5634; x_wconf 72' lang='lat' dir='ltr'><strong>rali</strong></span> <span class='ocrx_word' id='word_1_1164' title='bbox 2390 5581 2636 5645; x_wconf 76' lang='lat' dir='ltr'><strong>loquend.</strong></span> <span class='ocrx_word' id='word_1_1165' title='bbox 2696 5583 2900 5631; x_wconf 84' lang='lat' dir='ltr'><strong>ratione</strong></span> <span class='ocrx_word' id='word_1_1166' title='bbox 2940 5579 3205 5630; x_wconf 77' lang='lat' dir='ltr'><strong>dixisset:</strong></span> <span class='ocrx_word' id='word_1_1167' title='bbox 3241 5575 3558 5631; x_wconf 82' lang='lat' dir='ltr'><strong>Concedatur</strong></span> <span class='ocrx_word' id='word_1_1168' title='bbox 3602 5578 3643 5630; x_wconf 85' lang='lat' dir='ltr'><strong>ei</strong></span> <span class='ocrx_word' id='word_1_1169' title='bbox 3682 5581 3773 5641; x_wconf 71' lang='lat' dir='ltr'><strong>p08!</strong></span> 
     </span>
    </p>
   </div>
   <div class='ocr_carea' id='block_1_153' title="bbox 2236 5650 3773 5715">
    <p class='ocr_par' dir='ltr' id='par_1_153' title="bbox 2236 5650 3773 5715">
     <span class='ocr_line' id='line_1_153' title="bbox 2236 5650 3773 5715; baseline -0.007 -12"><span class='ocrx_word' id='word_1_1170' title='bbox 2236 5653 2467 5703; x_wconf 77' lang='lat' dir='ltr'><strong>abbatem</strong></span> <span class='ocrx_word' id='word_1_1171' title='bbox 2499 5654 2691 5715; x_wconf 80' lang='lat' dir='ltr'><strong>sedere,</strong></span> <span class='ocrx_word' id='word_1_1172' title='bbox 2727 5659 2770 5700; x_wconf 79' lang='lat' dir='ltr'><strong>et</strong></span> <span class='ocrx_word' id='word_1_1173' title='bbox 2792 5650 2863 5701; x_wconf 75' lang='lat' dir='ltr'><strong>sic</strong></span> <span class='ocrx_word' id='word_1_1174' title='bbox 2892 5650 3134 5699; x_wconf 75' lang='lat' dir='ltr'><strong>accedant</strong></span> <span class='ocrx_word' id='word_1_1175' title='bbox 3161 5650 3228 5699; x_wconf 83' lang='lat' dir='ltr'><strong>ad</strong></span> <span class='ocrx_word' id='word_1_1176' title='bbox 3255 5664 3431 5715; x_wconf 85' lang='lat' dir='ltr'><strong>pacem</strong></span> <span class='ocrx_word' id='word_1_1177' title='bbox 3460 5688 3473 5702; x_wconf 92' lang='lat'><strong>.</strong></span> <span class='ocrx_word' id='word_1_1178' title='bbox 3501 5689 3514 5702; x_wconf 96' lang='lat'><strong>.</strong></span> <span class='ocrx_word' id='word_1_1179' title='bbox 3548 5650 3621 5702; x_wconf 87' lang='lat' dir='ltr'><strong>.in</strong></span> <span class='ocrx_word' id='word_1_1180' title='bbox 3642 5653 3773 5697; x_wconf 74' lang='lat' dir='ltr'><strong>choro</strong></span> 
     </span>
    </p>
   </div>
   <div class='ocr_carea' id='block_1_154' title="bbox 2235 5717 3770 5787">
    <p class='ocr_par' dir='ltr' id='par_1_154' title="bbox 2235 5717 3770 5787">
     <span class='ocr_line' id='line_1_154' title="bbox 2235 5717 3770 5787; baseline -0.007 -12"><span class='ocrx_word' id='word_1_1181' title='bbox 2235 5722 2527 5781; x_wconf 78' lang='lat' dir='ltr'><strong>mendum,</strong></span> <span class='ocrx_word' id='word_1_1182' title='bbox 2555 5730 2657 5776; x_wconf 82' lang='lat' dir='ltr'><strong>etc.</strong></span> <span class='ocrx_word' id='word_1_1183' title='bbox 2714 5724 2882 5787; x_wconf 75' lang='lat' dir='ltr'><strong>Atque</strong></span> <span class='ocrx_word' id='word_1_1184' title='bbox 2907 5719 3021 5777; x_wconf 64' lang='lat' dir='ltr'><strong>tunc</strong></span> <span class='ocrx_word' id='word_1_1185' title='bbox 3047 5717 3143 5771; x_wconf 79' lang='lat' dir='ltr'><strong>l&#39;uit</strong></span> <span class='ocrx_word' id='word_1_1186' title='bbox 3162 5729 3400 5773; x_wconf 77' lang='lat' dir='ltr'><strong>veterum</strong></span> <span class='ocrx_word' id='word_1_1187' title='bbox 3431 5718 3770 5774; x_wconf 85' lang='lat' dir='ltr'><strong>tuonacboruio</strong></span> 
     </span>
    </p>
   </div>
  </div>
