3952 6182
492 278 582 331 Hii

1821 279 1880 334 S.
1921 280 1977 334 l’.
2021 279 2379 336 BENEDICTI

3637 276 3736 332 452

495 401 650 462 uarii,
678 401 766 472 qui
790 401 1064 457 continent
1085 412 1362 456 sermones
1387 397 1484 454 SS.
1510 397 1806 472 doctorum.
1835 415 1852 446 ι
1917 399 2056 472 Apte
2089 399 2133 460 Α
2165 411 2283 452 men
2313 399 2369 472 in
2390 411 2577 472 eorum
2611 397 2759 472 libris
2787 398 3031 472 inventus
3055 404 3136 452 est
3155 409 3337 472 error;
3368 405 3423 450 et
3449 395 3569 472 ideo
3590 394 3727 450 dixit

493 469 713 542 omnino
750 473 796 527 si
827 473 1053 528 nominis
1097 473 1252 542 271
1283 480 1498 540 etymon
1528 469 1901 542 attendamus:
1955 470 2046 542 ἀνρι

491 541 678 598 Cra-ce
697 559 896 612 sursum
919 538 1395 612 Latinefét’léyii;
1424 556 1610 612 sermo
1634 538 1827 612 dicitur
1849 555 1863 599 -.
1917 539 2060 612 unde

480 615 652 667 etiam
673 614 728 666 S.
763 611 1009 666 lsodorus
1046 611 1181 681 (Lib.
1224 608 1510 681 xv'Orig.,
1539 627 1653 679 cap.
1687 608 1800 681 4),;
1830 627 1848 660 i
1871 609 2056 662 analo-

483 685 657 753 gium,
688 683 824 747 inﬁt,
856 683 976 737 inde
995 679 1194 736 dictum
1220 691 1321 744 est,
1341 679 1486 753 quod
1511 695 1685 734 sermo
1714 679 1838 753 inde
1867 681 2058 753 praedi-

479 751 658 816 cetur,
682 769 798 808 nam
829 755 972 825 λόγος
993 754 1176 825 Graece
1196 768 1360 806 sermo
1387 752 1580 806 dicitur
1596 751 1782 825 ,Aquod
1809 759 1863 802 et
1887 751 2055 825 ipsum

494 826 649 878 altius
671 825 828 877 situm
851 821 950 878 eét.
975 843 994 874 i
1049 824 1178 877 Aliis
1209 833 1386 877 tamen
1427 821 1727 889 analogiam
1775 831 1858 873 est
1890 821 2060 888 pulpi-

494 906 626 959 tum,
655 895 793 962 quod
838 895 1153 961 supponitur
1183 892 1340 948 libro.
1389 891 1593 946 Glossa:
1625 891 1807 945 lsidori
1834 907 1847 944 :
1913 909 1930 942 ι
1959 892 2058 945 Le-

494 977 660 1019 rtriim
701 965 996 1035 analogiuin
1038 979 1198 1031 super
1227 978 1333 1032 quo
1373 963 1640 1035 legitur.__i
1691 962 2053 1035 _Et__rtirsum:

499 1056 515 1088 i
543 1037 804 1105 l’ulpitum
823 1076 838 1102 ,
859 1031 1168 1100 'analogium
1189 1077 1202 1095 .
1249 1031 1489 1088 lectrum.
1515 1053 1530 1084 i
1571 1031 1755 1105 __Unde_
1771 1031 2058 1105 Gregorius

506 1101 814 1161 l‘uroiieiisis
833 1107 1138 1160 describens
1157 1105 1451 1170 analogiam
1472 1103 1700 1159 basilicae
1726 1101 1784 1158 S.
1807 1101 2058 1172 Cypriani

493 1179 741 1246 martyris
769 1176 954 1247 (Libat
985 1177 1047 1228 de
1067 1176 1241 1228 Gloria
1272 1183 1484 1244 martyr.
1508 1217 1521 1236 ,
1554 1190 1600 1226 c.
1633 1172 1724 1241 9i)
1755 1191 1766 1225 :
1803 1191 1836 1247 _t
1867 1175 2062 1228 Analo-

495 1244 837 1316 gius,_iiiquo
869 1245 1002 1300 libro
1031 1249 1366 1314 superposito
1395 1255 1668 1316 cantatur,
1694 1253 1782 1316 aut
1803 1244 2008 1316 legitur.
2035 1264 2053 1297 ι

495 1321 548 1370 1η
580 1314 792 1387 antiqua
821 1317 1170 1372 delineatione
1199 1317 1501 1387 monasterii
1528 1316 1583 1370 S.
1612 1315 1749 1369 Galli
1781 1317 1878 1368 tria
1901 1314 2062 1387 babes

495 1391 686 1442 bantur
712 1386 762 1440 in
809 1390 972 1442 choro
1001 1389 1272 1457 analogia;
1320 1386 1427 1442 duo
1450 1402 1513 1440 ex
1545 1395 1775 1457 utraque
1796 1399 1944 1449 parte
1992 1386 2056 1440 ad

496 1460 777 1528 legendum
813 1458 862 1511 iii
892 1470 1064 1519 nocte.
1097 1455 1392 1512 et'tertium
1429 1457 1586 1526 paulo
1621 1455 1845 1510 inferius
1877 1457 1927 1508 iii
1951 1473 2062 1510 mc-

493 1532 578 1584 dio
611 1530 776 1584 cltoro
804 1531 868 1581 ad
892 1530 1253 1596 Evangelium.

568 1600 710 1653 Inter
757 1617 886 1668 quas
913 1612 957 1653 et
1004 1591 1101 1652 tria
1149 1599 1472 1661 responsoria
1501 1591 1920 1668 cananturjiDe
1973 1613 2060 1651 re-

495 1665 786 1737 sponsoriis
810 1674 875 1721 ita
905 1670 1086 1723 scribit
1106 1670 1162 1726 8.
1194 1670 1425 1724 Isidorus
1453 1669 1585 1737 (Lib.
1613 1684 1626 1721 i
1653 1670 1714 1720 de
1737 1665 1879 1736 Oﬂir.
1911 1670 2056 1733 rcil.,

493 1761 606 1809 cap.
644 1742 733 1808 8):
765 1761 782 1791 ι
819 1741 1172 1810 Rcspousoria
1203 1744 1270 1793 ab
1302 1740 1444 1794 Italis
1478 1741 1634 1809 longo
1667 1750 1796 1810 ante
1819 1748 2058 1806 tempore

493 1825 616 1866 sntit
647 1821 853 1877 reperta
876 1852 891 1875 ,
925 1809 979 1866 et
1016 1823 1200 1865 vocata
1252 1814 1352 1864 lioc
1383 1815 1592 1864 nomine
1617 1850 1632 1872 ,
1662 1809 1800 1878 quod
1833 1824 1935 1861 uno
1962 1826 2054 1863 ca-

494 1893 652 1939 nente
677 1883 872 1938 chorus
901 1883 1246 1937 consoiiaiido
1269 1887 1586 1950 respondeat
1610 1899 1622 1932 :
1653 1891 1776 1934 ante
1797 1889 1974 1932 autent
2008 1881 2058 1934 id

493 1957 642 2010 solus
671 1954 895 2024 quisque
923 1954 1151 2022 agebat;
1199 1967 1338 2006 nunc
1385 1967 1518 2005 unus
1544 1993 1580 2024 ,ν
1613 1951 1876 2024 interdum
1907 1951 2013 2004 duo
2041 1990 2056 2014 ,

493 2028 575 2080 vel
600 2023 708 2079 tres
736 2025 1089 2079 communiter
1112 2024 1276 2078 choro
1303 2024 1353 2078 iii
1378 2023 1618 2090 plurimis
1643 2023 2052 2087 respondente.»

495 2097 728 2163 [lupi-rio
759 2111 906 2156 vero,
946 2114 964 2146 ‹
1007 2094 1342 2160 responsuria
1373 2094 1645 2156 dicuntur,
1678 2093 1798 2159 quia
1843 2106 2060 2158 respua-

491 2172 620 2222 dent
650 2167 985 2230 lcetionibus,
1017 2165 1184 2220 triSiii
1212 2165 1472 2226 tristibus.
1497 2165 1612 2217 laita
1649 2165 1813 2225 liciis;
1836 2164 1916 2215 vel
1936 2164 2057 2231 quia

491 2242 657 2292 i-liuro
688 2240 1046 2305 re~pondente
1075 2245 1375 2291 caittantur.
1409 2255 1428 2287 i
1474 2234 1550 2288 lia
1577 2237 1738 2289 etiam
1767 2235 1875 2287 lere
1901 2233 2060 2290 Nico-

490 2311 606 2364 laus
635 2308 700 2362 de
735 2307 1006 2362 Fractura.

561 2381 712 2447 Quod
745 2391 919 2432 autem
951 2377 1082 2434 dicit
1126 2376 1182 2431 S.
1221 2375 1453 2432 Isidorus
1483 2375 1633 2443 (Lib.
1668 2392 1793 2443 vni,
1833 2394 1948 2444 cap.
1981 2377 2054 2445 8)

491 2453 826 2517 resumisoria
852 2450 918 2502 ab
944 2451 1084 2502 Italis
1115 2447 1278 2502 fuisse
1304 2450 1544 2512 inventa,
1566 2459 1752 2502 auctor
1775 2460 1858 2502 est
1881 2460 2054 2502 tamen

491 2527 818 2576 SCZOnietitis
846 2520 902 2573 S.
927 2520 1187 2575 JOatittein
1221 2519 1658 2588 Cltrysostotntitti
1689 2525 2054 2587 restionsorias

489 2595 763 2647 cautiones
816 2593 1110 2645 instituisse
1152 2591 1218 2644 ad
1267 2592 1660 2644 inundationem
1691 2592 2010 2644 Arianorum
2036 2631 2050 2654 ,

490 2667 577 2732 qui
611 2664 661 2716 iii
688 2674 858 2716 coitus
886 2662 1178 2729 distritiuti,
1211 2661 1513 2714 alternatim
1539 2673 1590 2715 et
1617 2661 1681 2714 ad
1716 2666 1930 2716 modum
1969 2678 2057 2716 re-

491 2733 891 2802 sponsirioruin
921 2734 1204 2792 canebant,
1233 2741 1284 2784 et
1313 2733 1589 2786 corollaria
1628 2732 1954 2801 adjiciebant
2000 2733 2053 2787 in

489 2809 712 2873 gratiam
743 2819 854 2856 sua:
882 2813 1044 2856 sectas
1072 2802 1385 2866 composita.

565 2874 680 2927 Duo
707 2875 1027 2944 responsoria
1052 2875 1160 2926 sine
1197 2873 1676 2944 CLoniaidicantur.
1701 2870 1827 2926 Post
1854 2873 2053 2926 tertiam

491 2962 602 2997 vero
623 2943 906 3005 lectionem,
933 2945 1016 3012 qui
1038 2953 1204 2996 cantat
1223 2945 1362 3016 (ticali
1381 2943 1629 3016 Gnarum]
1658 2963 1674 2993 ι
1701 2945 1890 2996 Pris‘izis
1915 2957 2044 2998 teni-

493 3019 710 3084 poribus
737 3031 839 3069 non
879 3011 1192 3068 cantabatur
1220 3011 1397 3066 Gloria
1429 3027 1548 3081 post
1577 3011 1809 3077 versum,
1838 3015 1928 3068 sed
1965 3031 2050 3069 re-

493 3089 770 3155 petebatur
802 3086 1192 3152 restionsoriiis,
1231 3103 1249 3134 ι
1283 3087 1453 3155 inquit
1483 3084 1778 3138 Amalarius
1809 3086 1910 3153 (De
1953 3085 2052 3139 0r-

2089 1777 2137 1836 B

2161 482 2189 519 a
2229 467 2701 534 noininatissimis,
2753 483 2815 523 ac
2842 470 2886 523 si
2927 469 3152 532 diceret,
3197 468 3404 522 illorum
3443 467 3723 521 doctorum

2161 538 2338 605 legant
2364 539 2724 606 expositiones
2753 555 2979 608 quorum
3024 541 3076 592 in
3126 539 3274 592 libris
3302 553 3407 591 non
3449 537 3723 592 invenitur

2159 623 2334 674 error,
2367 611 2506 664 sicut
2535 621 2615 664 est
2647 611 2992 679 Augustinus,
3023 619 3072 664 et
3103 609 3432 679 Gregorius,
3448 609 3565 679 sive
3593 612 3729 662 Am-

2164 679 2400 746 brosius,
2447 689 2500 734 et
2528 681 2704 734 czeteri
2735 677 2820 733 alii
2853 681 3038 735 Patres
3065 680 3334 734 catholici.
3365 699 3384 731 ι
3417 677 3636 732 Nicolao
3659 679 3732 732 de

2162 749 2417 804 Fractura
2472 749 2722 805 doctores
2775 750 3190 806 nominatissimi
3221 759 3346 804 sunt
3395 749 3730 816 Gregorius,

2163 823 2507 884 Augustinus,
2544 821 2920 889 Hieronymus,
2951 821 3286 876 Ambrosius.
3312 819 3473 875 Addit
3499 829 3680 875 tamen
3714 837 3730 874 :

2169 908 2186 940 i
2210 891 2308 943 :‘ill
2327 892 2466 945 enim
2485 892 2755 958 doctores,
2779 903 2836 944 ut
2855 905 2935 945 est
2953 893 3203 955 Hilarius,
3222 891 3468 954 Basilius,
3492 889 3732 946 Joannes

2163 959 2463 1031 Cl-irysost.,
2497 960 2782 1030 Gregorius
2809 962 3171 1016 Nazianzenus
3190 1005 3204 1028 ,
3240 961 3380 1017 Beda
3407 961 3692 1033 presbyter
3713 1003 3730 1024 ,

2168 1033 2573 1088 noniinatissimi
2622 1034 2866 1087 similiter
2919 1043 3141 1099 possunt
3185 1035 3330 1096 dici,
3363 1047 3430 1087 ex
3478 1047 3545 1086 eo
3581 1034 3729 1103 quod

2162 1115 2347 1155 eorum
2377 1103 2518 1156 dicta
2546 1112 2670 1158 sunt
2694 1106 2760 1157 ali
2786 1104 3022 1158 Ecclesia
3051 1105 3361 1171 approbata,
3381 1113 3484 1156 etc.
3525 1121 3544 1154 ι

2236 1172 2544 1240 Hujusmodi
2567 1176 2928 1235 expositiones
2951 1176 3000 1228 iii
3028 1174 3262 1230 Ecclesia
3293 1175 3416 1243 legi.
3437 1174 3736 1228 dummodo

2164 1242 2404 1298 sincerus
2444 1256 2496 1298 et
2544 1245 2780 1314 optimus
2820 1245 2912 1298 ﬁat
2958 1261 3139 1298 earum
3190 1242 3446 1308 delectus,
3477 1253 3732 1313 tanquam

2166 1315 2308 1385 pium
2357 1325 2411 1368 et
2458 1315 2589 1369 utile
2630 1315 2760 1369 satis
2807 1316 3064 1385 approbat
3091 1316 3151 1372 S.
3179 1316 3503 1385 Gregorius,
3537 1315 3736 1370 Joaniii

2166 1383 2526 1439 Raveniiensis
2552 1387 2800 1440 Ecclesia:
2821 1383 3148 1441 subdiacono
3163 1387 3239 1440 sic
3257 1383 3498 1441 scribens
3516 1386 3664 1456 (Lib.
3683 1403 3730 1449 κ,

2165 1471 2245 1526 ep.
2273 1456 2392 1524 22):
2415 1474 2432 1506 ι
2460 1456 2588 1510 111ιιι1
2604 1457 2742 1526 quod
2761 1457 2827 1511 ad
2850 1473 2932 1510 me
2953 1457 3302 1526 quorutndam
3325 1457 3585 1512 relatione
3611 1475 3734 1525 per-

2166 1525 2328 1580 litum
2358 1535 2461 1586 est.
2493 1525 2631 1594 quia
2657 1525 3137 1582 revereiidissimiis
3168 1527 3332 1582 frater
3363 1537 3418 1583 et
3443 1529 3732 1596 coepisco-

2167 1611 2262 1664 pus
2294 1613 2442 1651 meus
2491 1597 2755 1652 Marianas
2785 1599 2884 1665 legi
2917 1607 3218 1652 commenta
3266 1599 3322 1652 Β.
3363 1599 3464 1653 .Iob
3515 1599 3731 1668 publice

2163 1668 2228 1718 ad
2258 1668 2463 1737 vigilias
2495 1670 2647 1722 iaciat
2671 1710 2686 1731 ,
2717 1685 2820 1722 non
2864 1678 3014 1738 grate
3059 1672 3303 1736 suscepi;
3335 1669 3459 1734 quia
3512 1685 3620 1724 non
3655 1680 3734 1723 est

2166 1738 2293 1790 illud
2326 1754 2460 1805 opus
2491 1740 2766 1804 populare,
2796 1751 2849 1793 et
2877 1739 3096 1794 rudibus
3124 1741 3455 1794 auditoribus
3499 1740 3733 1806 impedi-

2165 1819 2399 1863 mentum
2431 1811 2596 1876 magis
2625 1826 2781 1877 quam
2811 1822 3118 1875 provectum
3145 1823 3388 1879 generat.
3419 1812 3526 1865 Sed
3555 1812 3649 1866 dic
3679 1813 3727 1866 ei

2165 1891 2224 1934 ut
2253 1890 2555 1934 commenta
2585 1879 2914 1934 Psalmorum
2941 1882 3039 1948 legi
3069 1881 3134 1935 ad
3165 1882 3374 1950 vigilias
3400 1882 3580 1940 iaciat.
3611 1898 3732 1947 qua:

2164 1961 2372 2004 mentes
2401 1952 2737 2022 siticularium
2770 1951 2834 2004 ad
2871 1953 3036 2006 bonos
3065 1967 3238 2008 mores
3265 1955 3530 2022 praecipue
3559 1953 3733 2005 intor-

2163 2033 2328 2076 tnant.
2361 2039 2378 2072 ι
2419 2021 2494 2074 Ex
2523 2023 2714 2086 quibus
2745 2023 2918 2076 verbis
2943 2023 3231 2079 observare
3259 2025 3381 2078 licet
3409 2021 3650 2078 nondum
3680 2025 3730 2078 in

2167 2092 2402 2146 Ecclesia
2443 2092 2682 2146 ordinata
2726 2094 2887 2148 fuisse
2925 2093 3267 2159 lectionaria,
3301 2107 3358 2148 ut
3386 2106 3583 2148 vocant
3607 2136 3623 2157 ,
3668 2111 3732 2150 ex

2158 2163 2258 2218 SS.
2293 2163 2506 2218 Patrum
2539 2163 2772 2218 tiomiliis
2800 2166 3113 2230 compilata;
3155 2167 3249 2220 sed
3280 2167 3334 2220 iii
3363 2165 3588 2220 arbitrio
3617 2167 3732 2233 epi-

2159 2248 2441 2306 scoporum
2459 2245 2516 2306 et
2537 2237 2874 2303 prrelatorum
2899 2235 3082 2293 fuisse.
3110 2239 3382 2306 assignare
3403 2237 3569 2292 libros
3587 2240 3733 2293 unde

2160 2303 2418 2378 lectiones
2439 2304 2867 2378 desiimi-rentiir.
2894 2306 3105 2363 Primus
3127 2308 3174 2361 id
3201 2303 3426 2362 feliciter
3440 2322 3732 2378 aggressus

2159 2390 2282 2430 esse
2307 2377 2522 2447 videtur
2539 2375 2761 2431 Carolus
2790 2376 3011 2447 Magnus
3035 2379 3348 2446 imperator,
3373 2375 3590 2446 qui'per
3616 2395 3734 2433 ma—

2161 2462 2283 2499 tium
2316 2447 2464 2501 Pauli
2493 2445 2702 2503 diaconi
2732 2445 3067 2504 Cassiiiensis
3091 2445 3197 2503 duo
3224 2445 3591 2504 voliimina’ex
3626 2451 3727 2506 SS.

2161 2517 2374 2589 Patrum
2415 2517 2648 2589 ltomiliis
2697 2528 2751 2574 et
2787 2520 3124 2574 sermonibus
3173 2535 3267 2589 per
3302 2521 3422 2573 anni
3461 2521 3730 2575 circulum

2157 2587 2378 2653 legenda
2403 2588 2629 2661 confecit
2655 2631 2671 2652 ,
2717 2606 2836 2644 cum
2874 2589 2973 2643 hoc
3011 2587 3210 2645 titulo:
3244 2591 3385 2661 Opus
3412 2592 3730 2658 price-larunt

2156 2662 2381 2712 omnium
2429 2659 2761 2714 liniiieliarum
2806 2671 2854 2713 et
2896 2662 3215 2730 postillaritm
3264 2659 3632 2716 uenerabilium
3672 2680 3734 2716 ac

2154 2733 2757 2802 egregiornntaoctorum
2786 2729 3037 2802 Gregm'ii,
3065 2733 3370 2802 Augustini,
3397 2732 3728 2802 Hieronymi,

2157 2801 2438 2866 Ambrosii,
2467 2800 2650 2864 Beda,
2701 2800 2908 2864 Herici,
2950 2800 3166 2864 Leonis,
3209 2803 3458 2867 Maximi,
3501 2800 3730 2856 Joannis

2153 2873 2396 2942 episcopi,
2423 2885 2572 2942 atque
2599 2873 2832 2942 Origenis
2874 2875 3187 2942 integraliter
3215 2876 3278 2928 de
3307 2875 3554 2942 Tempore
3583 2887 3633 2927 et
3662 2875 3730 2927 de

2156 2889 2396 2996 Episcopi,
2423 2889 2572 2942 atque
2599 2889 2832 2942 Urigenis
2874 2889 3187 2942 integratiter
3215 2889 3278 2928 ae
3307 2889 3554 2942 tempore
3583 2889 3633 2927 et
3662 2889 3730 2927 ac

2201 2947 2357 2994 unctis
2379 2958 2466 3011 per
2488 2945 2638 2996 totius
2659 2949 2779 2996 anni
2800 2944 3070 3008 circulum,
3093 2961 3206 2998 cunt
3228 2945 3525 3012 quibusdam
3545 2962 3730 2998 eorum

2152 3015 2369 3080 sparsim
2387 3017 2695 3080 interpositis
2721 3015 3033 3069 sermonibus
3059 3016 3176 3068 hinc
3194 3018 3311 3070 inde
3337 3017 3442 3069 suis
3469 3016 3594 3069 locis
3618 3018 3730 3068 col-

2151 3083 2340 3158 lectis,
2366 3096 2412 3138 et
2454 3087 2648 3158 coeptis
2679 3086 2983 3158 temporibus
3029 3088 3082 3158 in
3122 3099 3316 3158 partem
3356 3085 3630 3158 hiemalem
3662 3103 3726 3138 ac

493 3154 610 3212 dine
649 3156 874 3227 autiph.,
903 3172 1014 3225 cap.
1043 3155 1128 3227 2),
1163 3155 1256 3209 sed
1303 3155 1361 3227 B.
1394 3154 1712 3227 Benedictus
1759 3160 1946 3210 saltem
1993 3159 2045 3211 in
2073 3165 2116 3226 C
2149 3156 2422 3207 a'stivalcm
2466 3157 2700 3227 divisum.
2754 3154 2905 3222 Quod
2957 3154 3168 3224 quidem
3219 3173 3352 3223 cpiis
3398 3160 3462 3209 ab
3490 3155 3728 3210 Alcuino

495 3233 650 3284 tertio
679 3226 1015 3294 respuiisorio
1044 3226 1313 3280 decantari
1344 3226 1543 3290 voluit,
1576 3234 1859 3295 narretque
1901 3227 2047 3281 Wal—

494 3301 658 3353 l'ridus
682 3298 977 3370 (Deﬂl’lebus
1006 3300 1152 3362 cccl.,
1186 3313 1232 3370 c_.
1256 3297 1358 3370 25)
1383 3297 1624 3370 crebrius
1651 3313 1678 3350 a
1713 3297 2044 3370 Βᾳι-ιιθηίξὶιι

494 3366 847 3438 responSoriis
870 3378 1174 3437 usurpatum
1197 3366 1396 3433 fuisse;
1426 3367 1522 3422 sed
1551 3377 1605 3423 et
1627 3367 1912 3422 coacilium
1931 3367 2047 3423 ’Το-

495 3442 728 3496 letaiium
759 3455 811 3494 iv
852 3441 1122 3509 redarguit
1165 3454 1257 3492 eos
1303 3441 1390 3507 qui
1441 3439 1495 3492 in
1541 3440 1894 3507 responsorii:
1944 3456 2045 3495 iion

494 3511 816 3570 adhibebant
843 3508 1026 3562 δια-θα
1047 3509 1192 3562 Patri
1214 3525 1234 3574 ;
1264 3509 1550 3578 statuitque
1579 3523 1696 3564 cum
1722 3513 1818 3564 liac
1843 3509 2047 3566 discre-

493 3587 634 3635 tione
656 3598 775 3636 esse
801 3584 1094 3635 canendum
1121 3579 1270 3648 (Con.
1301 3580 1412 3648 15),
1445 3599 1462 3630 ι
1490 3590 1542 3634 ut
1569 3581 1620 3634 in
1645 3583 1777 3634 lictis
1797 3593 2047 3649 sequatur

495 3652 688 3714 Gloria,
721 3654 774 3706 in
807 3651 1129 3706 tristioribus
1156 3661 1425 3714 repetatur
1451 3652 1796 3721 principium;
1830 3653 1882 3705 id
1905 3655 2046 3722 quod

491 3737 573 3779 est
595 3725 769 3779 adhuc
803 3732 852 3777 in
885 3737 1001 3787 usu,
1029 3723 1167 3777 unde
1198 3737 1296 3778 ncc
1321 3723 1519 3776 dicitur
1558 3723 1611 3775 iti
1655 3722 1832 3776 ofﬁcio
1859 3723 2049 3778 defun-

490 3805 694 3849 ctortiiii
723 3811 791 3848 ex
818 3810 972 3848 conc.
1006 3794 1223 3862 Aquisg.
1255 3809 1303 3847 c.
1334 3793 1422 3854 66.
1457 3807 1555 3846 nec
1580 3808 1606 3842 a
1628 3794 1890 3848 dominica
1921 3795 2048 3850 Pas-

491 3868 655 3926 SiOﬂi.‘
688 3880 852 3933 usque
876 3864 942 3918 ad
976 3864 1202 3925 Pascha;
1230 3866 1352 3934 quia
1387 3873 1513 3918 tunc
1559 3867 1816 3929 temporis
1848 3866 2048 3932 vitupe-

491 3952 626 3990 riuni
655 3948 708 3990 ct
737 3936 945 4004 injuria:
976 3935 1249 3988 Trinitatis
1282 3938 1334 3988 iii
1367 3949 1647 4003 personam
1682 3935 1796 3989 Filii
1824 3939 2050 3990 recitati-

493 4018 598 4072 tur,
644 4005 758 4060 iiiﬁt
801 4005 1091 4070 Bolierius;
1122 4008 1244 4060 licet
1293 4009 1392 4058 lioc
1433 4015 1618 4060 contra
1664 4007 1898 4075 regulam
1929 4022 2050 4062 esse

490 4091 693 4138 asserat
723 4076 1061 4130 llildemarus
1088 4075 1141 4128 in
1167 4090 1285 4144 cap.
1319 4083 1403 4140 14,
1447 4080 1626 4144 aitque
1655 4076 1708 4128 in
1735 4092 1832 4131 suo
1861 4092 2046 4129 mona-

488 4159 656 4202 sterio
683 4161 898 4217 semper
925 4146 1030 4199 dici
1056 4146 1245 4198 (.loria
1290 4146 1340 4199 in
1379 4147 1485 4200 ﬁne
1518 4151 1841 4214 responsorii
1865 4188 1879 4212 ,
1913 4163 2051 4215 prae-

491 4227 730 4288 terquam
756 4220 805 4270 in
839 4218 1011 4288 triduo
1040 4229 1162 4270 ante
1193 4217 1414 4282 Pascha,
1447 4233 1572 4286 quo,
1593 4218 1741 4284 juxta
1785 4220 2050 4274 deﬁnitio-

488 4287 608 4342 tieiii
630 4289 842 4343 concilii
863 4291 914 4342 iii
940 4287 1161 4342 Francia
1185 4289 1461 4356 celebrati,
1487 4291 1781 4344 Honiaiium
1804 4288 2053 4347 dicebant

485 4360 737 4413 cilicium.

559 4429 766 4484 Codices
797 4441 986 4502 autent
1007 4430 1239 4502 lcgantur
1278 4430 1330 4484 in
1367 4431 1554 4500 vigiliis
1594 4439 1708 4502 tam,
1732 4430 1921 4486 Veteris
1955 4432 2051 4486 Te-

487 4504 719 4573 stamenii
749 4517 902 4573 quam
933 4500 1068 4554 Novi
1117 4502 1301 4554 divitia:
1349 4501 1710 4573 auctoritatis.]
1755 4503 1850 4557 l-lic
1876 4507 2047 4572 aperit

485 4575 542 4625 8.
561 4571 716 4627 Pater
732 4573 871 4626 unde
891 4572 1144 4626 lectiones
1167 4574 1215 4624 iu
1239 4573 1513 4626 nocturnis
1537 4571 1819 4627 recita—uda:
1839 4575 2045 4629 desumi

484 4645 736 4708 debeant,
767 4645 971 4698 scilicet
994 4659 1024 4696 a
1056 4643 1330 4698 codicibus
1381 4644 1586 4698 Veteris
1614 4658 1676 4696 ac
1695 4643 1830 4698 Novi
1859 4649 2046 4700 Testa-

485 4715 647 4768 iiienti
671 4715 863 4768 divina:
879 4715 1206 4768 auctoritatis
1226 4731 1238 4766 :
1257 4715 1470 4782 divitiae,
1489 4716 1675 4783 inquit,
1690 4717 2042 4780 auctoritatis.

483 4786 536 4838 id
564 4796 648 4840 est.
675 4801 810 4854 quos
852 4797 1098 4853 tanquam
1141 4801 1265 4839 vere
1293 4790 1576 4840 canonicos
1606 4786 1762 4856 272
1803 4791 2043 4855 agnoscit

487 4859 741 4922 tacclesia,
792 4858 976 4925 quales
1026 4865 1146 4909 sunt
1176 4856 1210 4908 ii
1241 4871 1464 4924 quorum
1516 4858 1742 4910 indicent
1773 4866 2044 4912 contexuit

483 4927 788 4980 'l‘riiieiitiiia
839 4928 1072 4997 synodus
1118 4927 1498 4996 (Sea-siones).
1551 4928 1748 4980 Horum
1795 4943 1887 4996 per
1916 4932 2038 4983 aiini

481 4997 738 5051 circulum
770 5001 1108 5066 legendorum
1130 5000 1367 5052 ordinem
1389 4998 1722 5052 disttibtii-se
1752 4999 1917 5053 fertur
1938 4998 2037 5054 Gc-

483 5071 646 5121 lasitis
673 5084 803 5137 papa
831 5086 880 5122 in
911 5073 1137 5122 concilio
1158 5070 1397 5122 Romani»
1419 5086 1539 5129 cum
1568 5071 1901 5137 septuaginta
1924 5087 2038 5137 epi-

481 5141 677 5207 scopis,
712 5141 846 5206 quod
888 5142 1114 5206 probant
1154 5155 1216 5193 cx
1262 5141 1495 5194 Gratiani
1527 5141 1740 5193 discreto
1773 5142 1895 5193 dist.
1935 5142 1996 5194 15
2023 5183 2036 5202 ,

480 5226 598 5278 cap.
634 5211 822 5263 Sancta
847 5208 1078 5262 Romana
1119 5208 1363 5262 Ecclesia.
1396 5212 1468 5263 Ea
1501 5223 1675 5264 tamen
1706 5227 1822 5279 qua:
1853 5212 1948 5264 liac
1973 5215 2040 5264 de

482 5299 539 5335 re
581 5282 840 5334 habentur
871 5286 920 5334 iii
954 5284 1096 5334 dicto
1129 5281 1364 5334 Gratiani
1408 5290 1643 5338 dei-retu.
1680 5285 1729 5334 iii
1763 5283 1877 5350 cjiis
1909 5299 2038 5337 tiiss.

480 5351 618 5405 haud
644 5356 976 5421 reperiuntur
999 5370 1011 5414 ;
1035 5353 1324 5416 scribitque
1345 5353 1743 5405 'l‘lieodemarus
1765 5364 1889 5406 ante
1909 5353 2041 5406 Grc-

477 5429 681 5491 guriuiii
737 5440 921 5492 papam
955 5443 1004 5476 in
1036 5423 1270 5478 Ecclesia
1301 5422 1537 5477 lloinaiia
1585 5425 1886 5492 Scripturas
1933 5439 2037 5478 nuit

475 5511 594 5548 es‘sc
626 5499 804 5550 lectas.

549 5565 653 5619 Sed
693 5577 739 5618 et
779 5568 1114 5630 expositiones
1154 5581 1328 5617 earum
1370 5583 1484 5634 qtae
1531 5584 1562 5619 a
1618 5565 2038 5618 nominatissiinis

475 5635 762 5707 doctoribus
785 5638 1076 5689 ortlmdoxis
1098 5648 1142 5688 et.
1170 5637 1428 5688 catholicis
1451 5636 1685 5688 Panibus
1708 5639 1854 5704 [actm
1876 5663 1888 5685 .s
1903 5636 2036 5707 ωτι]

484 5723 501 5751 ι
537 5704 649 5757 Noti
697 5711 828 5760 dixit
858 5724 888 5760 ii
930 5711 1215 5760 nominatis
1240 5745 1253 5766 ,
1288 5707 1457 5775 inquit
1488 5708 1844 5767 llilileiiiariis,
1879 5708 1970 5758 sed
2003 5704 2031 5759 ί]

483 5777 945 5842 nominatis-sons;
977 5780 1099 5845 quia
1133 5779 1344 5830 luerunt
1375 5783 1522 5830 multi
1557 5777 1836 5839 nominati,
1865 5787 1915 5830 et
1949 5791 2030 5830 ta-

2074 4541 2124 4602 D

2147 3228 2460 3279 adornatutii
2492 3226 2681 3281 Paulus
2715 3228 2974 3280 Diaconos
3015 3228 3164 3294 jussu
3195 3228 3373 3282 Caroli
3401 3227 3573 3296 Magni
3615 3229 3724 3283 eli-

2148 3298 2330 3350 tnavit.
2392 3299 2574 3350 Exstat
2598 3297 2772 3366 (Tom.
2798 3296 2824 3350 I
2847 3297 3024 3368 Anal.)
3053 3313 3113 3352 ea
3136 3300 3202 3353 de
3223 3315 3282 3355 re
3301 3301 3521 3368 epistola
3544 3299 3726 3354 Caroli

2149 3368 2394 3420 omnibus
2421 3369 2683 3436 religiosis
2717 3371 2999 3423 lectoribus
3026 3385 3134 3422 sine
3163 3370 3394 3431 ditionis,
3425 3385 3580 3437 quam
3616 3385 3724 3436 pit-

2149 3437 2273 3491 blici
2314 3438 2450 3506 juris
2479 3441 2602 3492 fecit
2645 3451 2826 3492 noster
2857 3439 3190 3492 Mabillonius
3217 3484 3229 3507 ,
3279 3442 3330 3494 in
3374 3455 3476 3508 qua
3525 3443 3728 3495 asserit

2153 3525 2173 3558 α
2213 3508 2277 3562 ad
2333 3509 2646 3563 noctiirnale
2707 3511 2942 3564 ofﬁcium
2991 3511 3310 3579 compilatus
3361 3513 3722 3579 quorumdam

2149 3594 2300 3652 casso
2324 3580 2536 3640 lalioi‘e,
2574 3581 2694 3634 licet
2731 3594 2878 3635 recto
2907 3583 3115 3646 intuitu,
3147 3584 3321 3635 minus
3350 3593 3524 3634 tamen
3552 3581 3722 3652 273

2149 3650 2340 3704 idonee
2385 3651 2658 3705 lectiones.
2697 3669 2716 3703 ι
2770 3655 3064 3719 Antequam
3112 3667 3240 3706 vero
3285 3650 3602 3720 praedictum
3623 3650 3726 3705 le-

2148 3723 2464 3775 otioiiariuui
2483 3721 2674 3775 Paulus
2699 3725 3060 3782 concinnaret,
3079 3733 3351 3776 auctorum
3373 3737 3557 3776 eorum
3582 3739 3726 3790 quo-

2150 3807 2265 3844 rum
2299 3791 2529 3846 liouiilite
2559 3795 2914 3849 recitabantur
2943 3794 2994 3846 in
3037 3794 3231 3848 divinis
3258 3793 3467 3854 ciliciis,
3494 3795 3720 3846 nomina

2151 3861 2287 3916 haud
2317 3862 2758 3928 praecinebantur,
2799 3865 2875 3917 uti
2905 3862 3126 3918 Carolus
3155 3865 3208 3918 in
3239 3866 3458 3934 praefata
3483 3866 3718 3933 epistola

2149 3943 2230 3987 est
2257 3943 2460 3987 auctor.

2221 4003 2297 4060 De
2320 4005 2662 4077 passionibus
2686 4005 2784 4062 SS.
2809 4015 3097 4077 martyrum
3127 4021 3194 4061 ne
3217 4005 3432 4076 quidem
3481 4015 3722 4060 mentm-

2153 4090 2271 4130 nem
2311 4074 2433 4128 facit
2476 4075 2534 4131 8.
2565 4076 2900 4132 Benedictus.
2947 4074 3091 4132 Usus
3121 4074 3294 4132 tamen
3343 4079 3397 4131 in
3444 4081 3720 4132 nonnullis

2155 4147 2406 4200 Ecclesiis
2437 4145 2549 4216 jam
2597 4147 2893 4203 invaluerat
2935 4157 3060 4201 ante
3095 4149 3210 4216 ejus
3252 4159 3492 4215 tempora
3528 4163 3623 4202 cas
3663 4152 3717 4203 in

2157 4218 2396 4272 Ecclesia
2425 4218 2635 4286 publice
2665 4219 2869 4289 legendi
2896 4235 2910 4284 ;
2937 4218 3088 4289 cujus
3114 4219 3190 4273 rei
3213 4220 3528 4286 pmclarum
3553 4219 3720 4274 babe-

2155 4303 2272 4342 mus
2301 4291 2355 4345 S.
2387 4289 2662 4356 Augustini
2694 4288 3050 4344 testimonium
3079 4288 3132 4342 in
3161 4305 3324 4344 serui.
3356 4289 3390 4341 2
3417 4289 3484 4344 de
3511 4289 3716 4345 S.Ste-

2157 4359 2350 4428 phano,
2375 4361 2464 4414 ubi
2489 4361 2567 4414 sic
2592 4360 3033 4432 loquitur(Serm.
3065 4361 3191 4428 515)
3221 4377 3234 4412 :
3269 4379 3288 4410 ι
3321 4360 3452 4432 Cum
3484 4361 3715 4417 aliorum

2155 4441 2447 4500 martyrum
2473 4434 2557 4486 vix
2585 4443 2726 4500 gesta
2751 4431 3105 4494 inveniamus,
3135 4447 3254 4499 qua:
3281 4432 3330 4484 iii
3361 4431 3716 4485 solemnitati-

2157 4504 2254 4556 bus
2293 4518 2474 4556 eorum
2506 4505 2730 4557 recitare
2753 4503 3018 4571 possimus
3037 4545 3051 4569 ,
3086 4502 3240 4567 liuius
3265 4502 3440 4570 [)iISSiO
3469 4501 3522 4554 in
3547 4515 3715 4555 cano-

2149 4574 2269 4626 nico
2292 4573 2430 4626 libro
2458 4585 2592 4627 est»
2623 4576 2684 4627 Et
2707 4584 2852 4627 certe
2883 4575 2932 4626 in
2953 4573 3180 4627 concilio
3200 4573 3601 4641 Cartliaginensi
3628 4589 3709 4633 iit.

2147 4645 2245 4697 sub
2296 4649 2452 4697 tinem
2502 4645 2681 4699 saeculi
2720 4659 2770 4698 tv
2811 4644 3117 4709 celebrato,
3170 4644 3486 4708 permissum
3535 4642 3713 4696 fuerat

2145 4716 2241 4779 leui
2272 4718 2531 4781 passiones
2556 4727 2851 4783 martyrum,
2884 4731 2999 4767 cum
3024 4716 3359 4767 anniversarii
3398 4715 3506 4766 dies
3531 4730 3709 4766 eorum

2144 4787 2478 4843 celebrantur.
2512 4787 2566 4841 ll'l
2598 4786 2793 4854 Regula
2831 4785 2990 4838 etiam
3033 4787 3092 4840 S.
3120 4785 3337 4839 Cmsarii
3378 4785 3443 4836 ad
3473 4785 3710 4851 virgines

2143 4859 2278 4915 apud
2315 4859 2447 4910 Bell.
2483 4874 2537 4911 n.
2574 4858 2640 4912 69
2669 4855 2813 4926 (Jan.
2849 4857 2963 4922 η),
2992 4855 3317 4917 decernitur,
3355 4864 3414 4908 ut
3447 4873 3466 4903 ε
3489 4857 3707 4922 quando

2143 4927 2456 4982 festivitates
2499 4941 2786 4997 martyrum
2819 4927 3155 4981 celebrantur
3179 4967 3193 4988 ,
3225 4929 3392 4989 prima
3433 4926 3592 4976 inissa
3637 4929 3708 4978 de

2144 4999 2442 5068 Evangeliis
2496 5001 2692 5066 legatur
2716 5040 2729 5061 ,
2764 4999 2979 5063 reliqua:
3005 4997 3072 5051 de
3112 4997 3450 5068 Passiouitins
3497 5005 3698 5066 marty-

2143 5084 2280 5120 rum.
2299 5066 2339 5122 “›·
2359 5070 2501 5124 Idem
2527 5071 2749 5123 habetur
2771 5070 2820 5121 iii
2845 5069 3037 5130 Regula
3061 5069 3119 5120 S.
3141 5066 3408 5119 Aureliani
3438 5067 3490 5118 in
3513 5068 3706 5120 ordine

2145 5141 2399 5206 psallendi
2427 5157 2440 5204 ;
2473 5153 2527 5195 et
2575 5147 2622 5193 in
2667 5141 2866 5207 Regula
2892 5140 2948 5192 8.
2981 5138 3210 5191 Ferreoli
3240 5151 3358 5203 cap.
3392 5138 3480 5190 l8.
3510 5133 3702 5191 Gravis

2142 5212 2300 5279 igitur
2325 5215 2506 5266 existit
2542 5227 2693 5265 error
2725 5208 2982 5277 Agabardi
3014 5209 3243 5276 episcopi
3289 5207 3657 5276 Lugdunensis
3684 5248 3700 5272 ,

2141 5284 2230 5349 qui
2257 5286 2306 5336 in
2338 5284 2593 5337 0;!IlSClli0
2612 5283 2680 5335 de
2707 5282 2868 5335 veteri
2894 5281 2992 5331 ritu
3023 5280 3244 5333 canendi
3278 5283 3526 5344 psalmos,
3555 5279 3702 5349 etde

2143 5348 2475 5408 correctione
2491 5353 2841 5420 antiplionarii
2870 5351 3000 5402 niliil
3025 5352 3216 5403 divitiis
3240 5353 3290 5402 in
3312 5351 3500 5401 ol‘ticiis
3528 5348 3699 5400 audiri

2147 5424 2340 5477 debere
2364 5433 2677 5495 propugnat,
2697 5424 2792 5474 nisi
2810 5433 3012 5495 sacram
3035 5423 3376 5495 scripturam,
3395 5435 3483 5481 ne,
3507 5421 3692 5495 inquit,

2145 5495 2316 5563 ignem
2349 5489 2578 5549 alienum
2611 5496 2893 5546 oliui-auius
2923 5493 3048 5544 lleo.
3095 5491 3314 5544 Eri-andi
3334 5489 3695 5563 __occasioiieiii

2143 5557 2378 5630 pvrmliere
2409 5569 2578 5632 potuit
2606 5565 2812 5618 concilii
2836 5563 3111 5615 Laodiccni
3135 5576 3302 5614 canuit
3331 5557 3419 5626 59,
3443 5574 3549 5628 quo
3571 5573 3695 5624 pro-

2142 5638 2354 5690 liilictur
2387 5637 2520 5689 alios
2544 5650 2699 5703 quam
2742 5649 2920 5686 sacros
2945 5643 2996 5686 et
3027 5633 3312 5686 canonicos
3343 5632 3533 5692 libros.
3563 5642 3696 5696 quos

2136 5708 2404 5775 sigillaiim
2435 5715 2694 5762 recenset.
2725 5706 2842 5768 legi.

2199 5770 2336 5831 Post
2375 5780 2468 5830 tias
2497 5793 2610 5830 vero
2639 5793 2736 5830 tres
2768 5777 3003 5829 lectiones
3044 5789 3157 5826 cum
3185 5771 3521 5842 responsorii:
3546 5772 3642 5823 suit
3673 5805 3690 5836 ,
