3952 6182
308 229 413 283 433

1375 230 1642 286 REGULA
1676 230 2167 286 COMMENTATA.
2210 232 2361 287 CAP.
2404 233 2468 287 Χ.

3432 234 3539 288 454

303 353 575 417 seqaanMr
594 346 775 417 reliqui
803 362 890 399 sex
912 346 1097 412 psalmi
1125 361 1241 399 cum
1262 345 1473 417 alleluia
1503 344 1771 417 rapiendii
1793 345 1869 398 Ad
1902 355 1947 407 Α
1978 355 2124 413 patet
2162 361 2316 414 quam
2350 348 2487 401 male
2518 348 2728 416 quidam
2756 357 3023 417 exponant
3054 365 3115 400 ex:
3153 350 3304 400 corde
3324 391 3337 408 ,
3381 349 3430 402 id
3459 361 3538 405 est

303 414 473 468 instar
493 416 660 471 sancti
694 416 830 469 illius
860 418 1054 485 angeli,
1086 418 1172 483 qui
1201 431 1319 468 cum
1349 415 1399 467 in
1424 425 1684 468 conventu
1708 414 1872 485 ngy-

306 495 536 554 pttorum
569 488 946 540 manachorum
972 488 1215 539 undecim
1250 487 1480 552 psalmos
1509 491 1867 550 decantasset,

302 555 674 612 duodecimum
702 557 799 609 sub
830 555 1040 610 alleluia
1074 556 1418 623 responsioni-
1450 572 1827 609 consummatis
1855 598 1866 612 .

300 626 371 682 ab
402 626 765 681 universorum
810 629 979 680 oculis
1013 637 1230 696 repente
1259 631 1561 681 subtractus
1600 639 1682 682 est
1715 627 1871 695 (Cas-

300 700 435 751 sian.
468 696 558 749 lib.
593 713 651 760 ιι,
684 715 797 765 cap.
827 697 907 767 5).

376 767 502 820 l’ost
525 768 615 820 hos
646 769 791 821 lecuo
815 767 1088 837 Apostoli.l
1114 767 1260 821 Pauli
1294 768 1517 830 scilicet,
1549 767 1636 833 qui
1662 782 1871 833 semper

302 838 680 906 intelligendus
701 849 779 891 est
798 854 917 891 cuiu
941 853 1036 891 vos
1058 838 1287 906 Apostoli
1304 839 1419 890 sine
1437 838 1615 889 addito
1634 839 1867 890 attditur.

371 905 457 961 Ea;
480 905 632 979 corde
666 908 972 979 recitanda.]
1005 908 1057 961 Id
1086 919 1166 960 est
1199 909 1527 971 memoriter,
1559 920 1610 959 et
1638 909 1750 961 sine
1781 924 1872 959 co-

300 978 440 1043 dice,
479 998 496 1028 t
526 978 578 1031 in
612 980 710 1033 hoc
731 980 1043 1042 ostendens,
1070 979 1239 1047 inquit
1263 978 1319 1031 S.
1344 978 1696 1047 tlildegardis,
1728 979 1869 1045 quod

300 1064 422 1103 cum
449 1050 638 1102 fratres
661 1048 975 1103 lectionibus
999 1061 1052 1102 et
1080 1049 1516 1102 meditationibus
1546 1049 1868 1112 inserviunt,

300 1134 360 1173 ea
390 1135 509 1187 qua:
542 1120 593 1171 in
623 1120 798 1172 divina
828 1121 1104 1189 Scriptura
1154 1118 1449 1173 necessaia
1500 1119 1727 1183 habent,
1765 1134 1871 1172 tue-

301 1190 490 1242 moria:
518 1191 908 1251 commendent.
947 1191 1019 1243 ita
1052 1200 1107 1242 ut
1136 1204 1254 1241 cum
1283 1201 1637 1257 Opportunum
1664 1200 1871 1256 tempus

301 1260 572 1317 institerit.
603 1268 696 1313 aut
735 1275 853 1312 eum
879 1262 1169 1313 necessitas
1197 1276 1254 1312 se
1286 1260 1637 1325 immerserit,
1668 1260 1871 1325 absque

300 1331 650 1385 materialiter
679 1333 876 1398 scripto
896 1332 983 1384 illa
1017 1333 1071 1384 in
1102 1331 1329 1384 medium
1366 1330 1653 1395 proferant.
1686 1346 1872 1397 quent-

296 1399 585 1453 admodum
608 1408 661 1453 et
704 1401 981 1467 praedictas
1027 1402 1279 1454 lectiones
1302 1400 1526 1469 (scilicet
1564 1414 1681 1467 qua:
1704 1404 1871 1468 capt)

300 1480 353 1522 et
380 1470 447 1523 10
478 1471 915 1539 prmscribuntur)
956 1486 1019 1522 ex
1052 1473 1213 1524 corde
1240 1481 1293 1523 et
1324 1471 1632 1523 memoriter
1655 1511 1670 1534 ,
1704 1469 1751 1522 id
1786 1478 1869 1522 ist

298 1541 414 1593 sine
446 1541 584 1593 libro
610 1581 625 1605 ,
656 1541 901 1608 quoniam
945 1542 1130 1593 breves
1158 1551 1322 1603 sunt,
1350 1541 1675 1605 recitabant,
1713 1556 1780 1594 ne
1821 1543 1870 1592 iu

302 1610 566 1665 brevitate
615 1627 796 1664 earum
845 1612 1279 1677 impedimentum
1327 1612 1624 1664 sustineant
1650 1653 1664 1675 ,
1698 1611 1741 1664 si
1782 1621 1874 1664 aut

299 1681 541 1734 codcem
568 1684 633 1734 ad
664 1682 983 1749 legendum,
1030 1694 1123 1735 aut
1157 1684 1328 1737 lumen
1374 1682 1439 1735 ad
1488 1680 1773 1733 videndum
1817 1684 1868 1734 in

1979 433 2094 467 cum
2126 433 2308 487 magno
2335 418 2612 470 devotionis
2642 419 2825 484 a/fectn
2851 458 2864 481 ,
2899 421 3125 473 maxime
3156 436 3184 471 c
3226 437 3273 471 ιιι
3323 434 3533 475 contra-

1975 490 2110 540 rium
2144 502 2209 540 ex
2238 490 2478 549 sequenti
2512 490 2686 554 capite
2714 491 2938 541 eluceat.

2048 556 2373 625 Supplicatio
2403 558 2641 628 litaniw.|
2665 558 2765 611 Per
2779 561 3213 626 Sttpplirationem
3240 559 3541 613 Bernartius

1973 625 2305 680 Cassinensis
2334 638 2388 680 et
2419 625 2678 682 Boherius
2704 630 2753 681 in
2790 625 3007 697 utraque
3028 632 3359 695 expositione
3386 631 3539 683 incli-

1974 697 2244 769 nationem
2278 706 2369 749 aut
2399 698 2841 765 genuﬂectionem
2874 702 3173 767 intelligunt
3197 744 3210 764 ,
3248 701 3383 753 forte
3416 704 3536 769 quia

1974 767 2038 819 ad
2067 767 2302 820 litaniam
2329 769 2453 821 olim
2478 784 2645 833 genua
2672 769 2967 829 ﬂectebant.
2995 773 3149 824 sicuti
3177 767 3541 835 praescribitur

1974 837 2027 888 in
2054 840 2287 904 capitulo
2311 839 2339 890 7
2367 840 2747 891 monachorum
2778 842 3217 908 Sangallensium,
3248 860 3264 890 ι
3298 852 3351 892 ιιι
3377 843 3540 894 ιιιιιιοες

1971 910 2217 961 cursibus
2239 947 2253 971 ,
2288 909 2571 976 inetepturi
2598 908 2759 978 Kyrie
2788 912 2971 963 eleban
2997 926 3165 977 genua
3197 912 3411 963 ﬂectant
3431 954 3445 975 ,
3488 924 3541 963 et

1973 993 2077 1029 non
2110 989 2231 1031 ante
2259 988 2480 1047 surgant
2509 995 2664 1045 quam
2693 981 2786 1032 SS.
2821 981 3092 1033 Trinitatis
3122 983 3391 1034 vocabulis
3421 998 3540 1047 pur-

1970 1049 2151 1170 (Aietis,
2186 1050 2461 1119 presbyter
2489 1051 2648 1116 dicat,
2674 1048 2773 1102 Per
2794 1052 2965 1104 omnia
2994 1054 3181 1104 uacula
3209 1053 3535 1104 swculornm.

2022 1135 2151 1170 men.
2186 1139 2205 1169 ι

2022 1135 2151 1172 men.
2186 1139 2205 1169 ι

2044 1189 2181 1254 Quid
2209 1188 2469 1261 autemsit
2492 1188 2670 1261 litaﬁnia
2694 1191 2911 1259 exponit
2935 1192 3045 1261 ipse
3063 1191 3122 1245 S.
3139 1191 3198 1245 P.
3224 1192 3539 1244 Benedictus

1972 1272 2097 1330 eunt
2122 1259 2361 1330 subiit-it,
2387 1258 2535 1330 illest
2567 1260 2720 1330 Kyrie
2742 1258 2966 1325 cleisonj
2999 1278 3103 1327 quo
3126 1277 3285 1315 sensu
3315 1261 3540 1313 sumitur

1974 1328 2259 1402 inGrgecis
2293 1329 2391 1383 SS.
2426 1328 2630 1392 Jacobi,
2668 1331 2870 1397 Basilii,
2900 1344 2953 1385 et
2981 1332 3347 1402 Chrysostonii
3394 1333 3451 1383 lit
3493 1349 3541 1382 r-

1974 1401 2095 1468 giis.
2132 1400 2205 1452 De
2238 1402 2332 1451 hac
2372 1414 2504 1453 voce
2550 1402 2622 1453 ita
2663 1404 2850 1455 delinit
2888 1400 3172 1455 concilium
3220 1402 3541 1454 Vasionense

1973 1469 2071 1521 sub
2100 1469 2278 1523 Leone
2309 1468 2495 1537 Magno
2530 1469 2695 1537 (Con.
2726 1472 2794 1540 9.)
2830 1492 2840 1525 :
2879 1492 2896 1522 ι
2936 1475 2999 1526 Et
3025 1474 3147 1538 quia
3195 1482 3299 1523 tam
3332 1473 3382 1523 iu
3415 1486 3542 1527 sede

1972 1541 2262 1603 apostolica
2309 1556 2465 1606 quam
2514 1542 2673 1595 etiam
2713 1559 2806 1608 per
2851 1553 2987 1596 totas
3038 1542 3338 1596 Orientales
3384 1553 3541 1605 atqu:

1974 1611 2134 1663 Italia:
2160 1611 2455 1677 provincias
2482 1611 2649 1666 dulcis
2681 1625 2733 1666 et
2759 1614 2993 1667 salubris
3022 1617 3349 1666 consuetudo
3376 1616 3541 1665 intro-

1973 1682 2136 1753 missa
2181 1692 2299 1746 est,
2345 1690 2400 1733 ιιι
2439 1679 2598 1751 Hyrie
2628 1685 2814 1737 eleison
2852 1684 3180 1753 frequentius
3206 1699 3324 1735 cum
3354 1683 3540 1747 grandi

300 1760 547 1818 promptu
598 1768 699 1803 non
749 1753 1062 1813 habuerint,
1090 1764 1195 1805 etc.
1229 1770 1246 1802 ι
1277 1750 1440 1822 Cujus
1477 1753 1864 1819 expositionem
1901 1759 1945 1817 Β
1972 1751 2165 1805 alTeCtu
2194 1766 2255 1804 ac
2284 1750 2693 1818 compunctione
2718 1750 2960 1819 dicatur;
2982 1754 3176 1822 placuit
3205 1756 3364 1807 etiam
3391 1755 3540 1805 nobis

299 1823 580 1874 conlirmat
604 1822 797 1887 Regula
826 1822 1057 1889 Magistri
1085 1837 1201 1889 cap.
1227 1820 1328 1873 44:
1360 1841 1376 1871 ι
1404 1823 1704 1875 Lectionem
1731 1837 1857 1874 vero

298 1904 375 1943 cui
400 1890 609 1958 jussum
640 1893 823 1949 luerit.
857 1901 912 1944 nt
941 1908 1002 1944 ex
1036 1894 1215 1945 animo
1245 1902 1427 1944 reeitet
1457 1908 1560 1944 nou
1590 1908 1651 1945 ex
1677 1893 1857 1945 codice

298 1962 458 2030 legat,
491 1964 590 2015 nisi
619 1963 671 2014 ιιι
704 1961 892 2030 vigiliis
934 1961 1297 2026 Solummodo,
1332 1964 1429 2015 hoc
1454 1973 1534 2015 cst
1563 1964 1699 2030 quod
1731 1978 1858 2015 con-

297 2032 571 2085 stituimus
591 2073 604 2094 ,
637 2044 692 2084 ut
723 2032 1047 2096 frequentius
1075 2035 1246 2099 aliqua
1277 2035 1594 2085 meditemur
1617 2074 1631 2095 ,
1664 2043 1714 2086 et
1748 2051 1858 2085 me-

299 2104 465 2153 moria
498 2110 711 2155 teneant
733 2104 1034 2171 Scnipturas
1054 2102 1262 2165 fratres,
1290 2114 1341 2154 ut
1366 2104 1578 2170 quando
1598 2103 1646 2154 iii
1672 2105 1856 2170 quovis

299 2171 435 2247 loco,
464 2176 688 2247 quodex
712 2173 899 2247 deesse
936 2172 1072 2241 (Sic)
1098 2171 1258 2247 274
1280 2184 1482 2247 textum
1513 2174 1857 2247 lectionisvel

298 2243 524 2309 paginae,
549 2244 593 2295 si
614 2257 746 2311 Opus
768 2244 943 2306 fuerit,
970 2246 1223 2296 memoria
1239 2243 1550 2297 'reeitetur.»
1577 2243 1650 2295 Ex
1668 2245 1859 2312 quibus

1976 1833 2028 1874 ιιι
2053 1824 2105 1873 in
2126 1822 2370 1874 omnibus
2391 1823 2632 1875 ecclesiis
2653 1827 2847 1878 nostris
2866 1826 2962 1877 ista
2987 1823 3314 1877 consuetudo
3332 1834 3537 1882 sancta,

1972 1900 2026 1944 ct
2057 1894 2121 1943 ad
2153 1892 2462 1944 matutinum
2488 1935 2501 1952 .
2532 1902 2585 1945 et
2611 1898 2674 1946 ad
2706 1895 2913 1957 missas,
2944 1907 2996 1948 et
3026 1896 3088 1947 ad
3125 1908 3397 1960 vesperam
3434 1894 3538 1945 Deo

2012 1963 2297 2028 ropitiante
2361 1964 2767 2019 intratnitiatur.
2815 1983 2833 2015 ι
2903 1965 3028 2019 Vide
3075 1965 3228 2019 Joan.
3294 1965 3438 2018 Bona
3474 1966 3538 2016 de

2000 2033 2158 2103 livina
2194 2033 2460 2086 l’salmod.
2492 2048 2609 2099 cap.
2652 2034 2737 2101 li,
2772 2034 2797 2103 §
2827 2034 2878 2086 4.

2045 2101 2109 2153 Et
2140 2103 2211 2154 sic
2254 2104 2498 2169 liniantur
2528 2105 2713 2171 vigilia:
2755 2101 3072 2173 nocturna]
3120 2105 3217 2157 Per
3264 2104 3537 2157 collectam

1970 2173 2083 2294 s'rve
2142 2175 2439 2227 orationem
2468 2216 2482 2238 ,
2526 2189 2643 2241 qua:
2680 2190 2893 2243 semper
2930 2176 3166 2229 divinum
3223 2177 3537 2228 terminabat

1970 2256 2004 2294 0
2031 2243 2225 2294 licium.

1970 2243 2225 2295 olliciuut.

1334 2530 1339 2533 λ
1668 2496 2051 2577 CAPUT
2103 2499 2220 2577 X.

1102 2635 1387 2708 Qualiter
1421 2635 1653 2693 uastatis
1687 2646 1950 2711 tempore
1985 2642 2211 2711 agatur
2243 2644 2551 2694 nocturna
2583 2634 2734 2693 laus.

366 2763 410 2814 A
446 2760 643 2814 Pascha
674 2770 850 2815 autem
885 2776 1048 2832 usque
1086 2761 1150 2815 ad
1180 2760 1425 2816 calendas
1458 2759 1774 2814 Novembris
1812 2768 1861 2819 α.

297 2852 475 2906 omnis
501 2851 577 2921 (ιιι
608 2864 762 2920 supra
787 2851 986 2905 dictum
1019 2851 1123 2921 est)
1152 2852 1457 2921 psalmodize
1487 2850 1754 2917 quantitas
1785 2856 1865 2903 te-

303 2950 491 2994 neatur
525 2958 537 2991 :
569 2951 791 3006 excepto
835 2942 973 3011 quod
1026 2942 1279 2995 lectiones
1310 2941 1361 2993 in
1392 2941 1576 2995 codice
1604 2980 1619 3002 ,
1649 2949 1865 3007 prapter

300 3030 616 3085 brevitatem
640 3032 893 3097 noctiu-n,
915 3032 1135 3086 minime
1156 3032 1395 3100 legantur
1417 3030 1441 3069 ιι
1465 3048 1479 3095 ;
1504 3032 1594 3083 ειιιι
1621 3045 1715 3097 pro
1738 3030 1865 3097 ipsis

304 3123 474 3177 tribus
500 3123 834 3191 lectionibus,
869 3140 969 3178 una
1001 3126 1066 3179 de
1092 3124 1264 3179 Veteri
1290 3124 1630 3178 Testamento
1665 3138 1866 3176 memo-

371 3287 397 3315 ι
440 3277 618 3343 Cass.,
650 3278 954 3331 norembres.

368 3347 395 3384 δ
427 3347 639 3407 Sabim,
662 3359 865 3414 excepto
886 3347 1018 3414 quod
1040 3346 1274 3399 lectiones
1295 3347 1401 3400 sine
1421 3345 1591 3398 codice
1608 3346 1857 3413 legantur.

375 3429 399 3487 ἐ
430 3422 627 3487 Oxon.,
655 3422 894 3471 memoria
923 3418 1133 3485 legatur.

368 3486 394 3525 δ
429 3487 625 3545 Osann
658 3490 838 3540 noctis.

1971 2758 2102 2812 riter
2130 2759 2336 2812 dicatur
2368 2770 2415 2822 ο,
2447 2776 2606 2827 quam
2640 2760 2799 2813 breve
2826 2760 3221 2827 responsorium
3253 2760 3546 2823 subsequa-

1973 2859 2089 2913 tur;
2133 2860 2187 2904 e:
2225 2851 2429 2918 reliqua
2459 2852 2659 2913 omnia,
2693 2859 2749 2902 ιιι
2788 2850 2987 2903 dictum
3026 2859 3136 2909 est.
3181 2850 3531 2914 impleantur;

1971 2938 2022 2994 id
2049 2950 2129 2995 est
2155 2984 2168 3006 ,
2200 2951 2256 2994 ut
2286 2958 2552 3009 nunquam
2595 2944 2768 2994 minus
2815 2955 2843 2993 a
2876 2938 3156 2993 duodecim
3210 2940 3530 3008 psalmorum

1970 3033 2284 3102 quantitate,
2307 3033 2372 3086 ad
2404 3034 2610 3102 vigilias
2640 3042 2923 3085 nocturnas
2945 3029 2969 3066 ἀ
2992 3031 3198 3084 dicatur
3219 3039 3243 3067 ο
3265 3049 3276 3083 :
3301 3031 3535 3099 exceptis

1975 3125 2130 3178 tertio
2149 3135 2202 3177 et
2234 3124 2577 3192 nonagesimo
2606 3131 2794 3191 quarto
2828 3120 3031 3189 psalmo
3060 3118 3104 3171 τ.

2045 3286 2069 3312 θ
2101 3276 2169 3327 Ita
2201 3275 2406 3340 Oxon.;
2449 3276 2542 3330 sed
2584 3275 2674 3329 alii
2722 3274 2831 3329 fere
2879 3288 3066 3328 omnes
3112 3277 3325 3331 codices
3372 3293 3532 3344 mss.,

1971 3346 2230 3400 ditantur.

2044 3413 2062 3452 ί
2096 3415 2205 3482 AL,
2234 3417 2463 3486 psalmis.

1593 3706 2238 3767 COMMENTARIUS.

559 3857 597 3906 Α
636 3853 830 3906 Prisc/ta
860 3864 1024 3905 autem
1070 3852 1340 3924 usquead
1369 3852 1607 3924 calendas
1639 3849 1859 3924 Narem-

296 3921 573 3993 brisi'eth
601 3928 638 3977 Α
670 3925 889 3986 Pascha,
940 3923 1129 3989 inquit,
1178 3921 1378 3974 scilicet
1419 3921 1864 3993 llesurrectionis,

294 3996 358 4048 ad
391 3990 743 4048 diﬂ'eremiam
776 3995 995 4045 aliarum
1028 3993 1423 4045 Solemnitatum
1457 3990 1662 4043 Domini
1695 3992 1860 4045 nostri

294 4064 423 4117 Jesu
452 4065 673 4117 Christi.
727 4064 894 4130 inquit
924 4064 1200 4126 Boheriuu,
1250 4076 1383 4128 quas
1414 4062 1570 4114 etiam
1621 4063 1859 4128 quaedam

297 4136 584 4199 provincia'
609 4135 859 4186 Pasehata
889 4143 1097 4186 vocant.
1122 4132 1192 4183 Ita
1224 4132 1273 4183 in
1305 4131 1535 4196 antiquis
1561 4132 1861 4185 Germania:

296 4205 781 4258 Consnntudinilms
813 4218 962 4266 mss,
999 4201 1128 4257 feria
1156 4217 1184 4255 v
1216 4202 1268 4254 in
1292 4201 1459 4256 Cinna
1492 4202 1696 4255 Domini
1732 4201 1859 4257 Pas-

295 4277 394 4329 cha
428 4277 741 4340 appellatur.

372 4344 479 4395 Pro
527 4347 646 4411 ipsis
686 4345 843 4397 tribus
884 4342 1178 4396 lectionibus
1228 4360 1331 4395 una
1382 4343 1443 4395 de
1479 4340 1645 4395 Veteri
1678 4342 1855 4395 Testa-

1966 3850 2346 3903 Cislercienses
2413 3849 2547 3900 adeo
2601 3848 2868 3900 mordicus
2931 3848 2985 3901 S.
3044 3849 3256 3909 Regulae
3317 3850 3525 3919 lngibus

1975 3920 2335 3981 adhaeserunt,
2361 3930 2415 3971 ut
2444 3928 2554 3971 toto
2586 3921 2785 3971 :rstatis
2813 3929 3052 3985 tempore
3085 3920 3283 3971 nullum
3317 3923 3527 3973 omniin:

1977 3990 2132 4042 trium
2167 3991 2447 4043 lectionum
2483 3988 2673 4041 festum
2701 3990 2945 4051 habeant,
2988 3999 3042 4039 ut
3071 3989 3255 4041 scribit
3286 3991 3525 4043 eardina.

1967 4058 2031 4112 lis
2062 4061 2199 4113 Bona
2230 4059 2326 4127 (De
2360 4058 2544 4110 Divina
2576 4057 2771 4111 Psalut.
2803 4074 2915 4126 cap.
2946 4060 3030 4120 18.
3068 4058 3190 4128 ξεί).

2040 4131 2160 4183 ΙΙειρο
2201 4130 2377 4201 lectio,
2410 4144 2564 4196 quam
2618 4130 2765 4196 pueri
2810 4130 2946 4201 apud
2979 4129 3356 4201 tLluiiiacenses
3388 4132 3523 4201 lege-

1964 4199 2091 4253 bant
2121 4216 2186 4254 ex
2237 4199 2486 4254 Udalrico
2541 4201 2575 4250 Ι.
2625 4214 2702 4263 ιιι,
2761 4213 2808 4251 c.
2843 4200 2907 4262 8,
2953 4202 3090 4261 apud
3118 4199 3524 4258 CarthnsienSes

1962 4282 2149 4324 cantor
2178 4269 2621 4323 hebdomadarius
2640 4286 2704 4323 ex
2729 4268 2871 4322 Nova
2900 4272 3116 4323 Collect.
3142 4268 3360 4336 Statnt.,
3386 4288 3520 4337 par'.

1964 4357 1997 4397 ι.
2030 4358 2078 4393 c.
2115 4343 2201 4405 16,
2232 4356 2295 4393 ex
2330 4340 2548 4408 Regula:
2596 4341 2901 4406 prmscripto
2930 4340 3261 4400 memoriter,
3295 4341 3396 4395 hoc
3443 4357 3522 4396 ρει

296 4426 465 4467 mento
485 4410 769 4466 memoriter
796 4412 1037 4481 dicarat]
1067 4415 1179 4466 lluc
1222 4422 1463 4481 spectare
1490 4414 1695 4466 videtur
1724 4415 1851 4467 illud
1881 4416 1931 4474 ι)
1956 4426 2021 4464 ex
2051 4412 2231 4473 corde,
2262 4413 2378 4462 sine
2406 4413 2542 4481 libro
2586 4410 2857 4462 recitandi!
2906 4421 3019 4472 est;
3072 4412 3310 4477 :Nleoque
3345 4413 3519 4467 brevis

295 4487 551 4551 ﬁnitionis
583 4485 873 4537 Cartbnsire
911 4485 1102 4551 prioris
1146 4492 1397 4537 statutum
1438 4482 1587 4551 (Cap.
1622 4485 1677 4546 5)
1708 4500 1721 4537 :
1751 4501 1769 4534 t
1808 4489 1848 4537 Α

300 4557 614 4608 Pentecoste
642 4570 805 4623 usque
835 4555 898 4606 ad
947 4554 1256 4607 Novembris
1284 4556 1553 4617 calendas,
1592 4569 1714 4609 una.
1750 4553 1849 4607 nisi

298 4625 489 4677 festum
543 4627 782 4686 intersit,
832 4626 1056 4678 lectione
1084 4624 1221 4677 sicut
1250 4625 1424 4677 caeteri
1457 4624 1698 4676 monachi
1732 4638 1852 4675 con-

298 4698 426 4749 tenti
460 4711 664 4749 sumus.
701 4716 717 4746 ι
752 4697 898 4763 Quod
930 4696 1050 4749 dicit
1080 4713 1109 4745 a
1143 4693 1453 4753 Pentecoste,
1491 4696 1719 4747 ostendit
1743 4703 1852 4745 toto

297 4778 536 4825 tempore
568 4765 807 4820 Pascha’i
833 4766 1006 4829 plures
1035 4765 1280 4819 recitatas
1309 4763 1470 4816 fuisse
1500 4764 1774 4823 lcetiones,
1800 4774 1853 4816 et

298 4850 482 4887 revera
518 4845 622 4888 lrcs
648 4836 775 4888 ol'm
825 4837 874 4888 in
914 4835 1159 4887 omnibus
1188 4834 1379 4899 passim
1413 4834 1748 4887 monasteriis
1775 4834 1852 4886 le-

296 4909 575 4968 gebantur,
628 4906 701 4958 uti
752 4908 1151 4959 observmimus
1181 4904 1233 4957 in
1279 4905 1351 4957 lib
1380 4919 1436 4956 ιιι
1489 4908 1553 4955 de
1601 4902 1843 4970 Antiquis

297 4976 675 5028 monachorum
706 4975 929 5037 Ritibus,
964 4990 1080 5042 cap.
1116 4976 1201 5038 ts,
1236 4975 1373 5042 quod
1403 4973 1561 5027 etiam
1595 4976 1842 5035 exemplo

298 5044 550 5097 Romana!
572 5046 817 5099 Ecclesia:
841 5056 945 5099 tota
966 5053 1148 5099 aesrate
1168 5044 1477 5111 praestitisse
1497 5044 1841 5096 Cassiuenses

296 5123 508 5168 constat
532 5130 595 5169 ex
636 5116 984 5170 Theodemari
1013 5116 1215 5168 abbatis
1257 5116 1476 5182 epistola
1503 5115 1566 5165 ad
1590 5115 1839 5167 Carolum

297 5184 561 5254 Magnum.
588 5185 960 5241 Scribitetiam
986 5186 1277 5239 Amalarius
1307 5185 1359 5237 in
1391 5185 1661 5251 Suppletn.
1696 5185 1836 5252 quod

300 5274 319 5306 ι
356 5258 403 5308 in
451 5257 763 5324 quihusdam
816 5255 1148 5309 monasteriis
1196 5256 1572 5308 monachorum
1623 5264 1838 5322 propter

294 5327 729 5380 consuetudinem
765 5326 1073 5383 Romanam,
1108 5340 1171 5376 ne
1214 5336 1422 5389 penitus
1451 5326 1518 5378 ah
1555 5340 1617 5378 ea
1643 5326 1844 5379 discre-

296 5404 444 5460 pent,
485 5402 538 5444 ut
578 5392 857 5445 historiam
890 5390 1102 5446 Veteris
1142 5392 1491 5446 Instrumenti
1538 5395 1747 5458 plenius
1806 5396 1855 5444 in

297 5464 755 5527 ecclesiislegant,
783 5464 985 5518 astatis
1013 5474 1254 5531 tempore
1284 5461 1417 5515 feria
1447 5471 1653 5514 tantum
1680 5462 1733 5526 οὶ,
1756 5464 1789 5516 5
1812 5471 1859 5515 σοι

1955 4495 2073 4535 esse
2101 4483 2278 4543 debet,
2314 4479 2521 4534 brevior
2547 4489 2721 4532 tamen
2742 4490 2833 4532 aut
2862 4481 3113 4547 prolixior
3144 4494 3236 4545 pro
3263 4480 3519 4537 brevitate

1955 4562 2047 4603 aut
2094 4553 2395 4618 prolixdate
2450 4551 2704 4603 noctium.
2758 4569 2776 4600 ι
2813 4548 2866 4603 Si
2905 4566 3062 4618 quem
3093 4561 3268 4602 autem
3310 4564 3511 4615 movet,

1958 4622 2129 4689 inquit
2182 4622 2578 4674 Theodemarus
2627 4618 2817 4687 (Epist.
2850 4621 2917 4671 ad
2977 4619 3218 4672 Carolum
3277 4618 3508 4689 Magn.).

1954 4707 2119 4755 quare
2165 4692 2222 4744 Β.
2258 4691 2574 4744 Benedictus
2606 4692 2657 4743 in
2700 4690 2899 4743 aestatis
2931 4700 3168 4755 tempore
3196 4691 3463 4755 quoti-tiau
3491 4710 3516 4745 s

1954 4761 2141 4814 diebus
2167 4762 2231 4815 ad
2267 4759 2580 4815 nocturnale
2612 4759 2843 4813 officium
2878 4775 3035 4812 unam
3070 4768 3269 4811 tantum
3301 4759 3368 4814 de
3405 4762 3513 4816 Ve-

1957 4832 2052 4884 teri
2084 4832 2426 4885 Testamento
2472 4832 2749 4883 lcetionem
2805 4830 2902 4896 legi
2939 4828 3269 4897 praeceperit.
3309 4845 3512 4899 cogno-

1952 4913 2066 4954 scat
2110 4902 2335 4956 necdum
2365 4918 2428 4954 eo
2463 4909 2700 4968 tempore
2732 4901 2782 4953 in
2813 4900 3046 4952 Romana
3091 4900 3342 4957 Ecclesia.
3377 4906 3514 4956 sicut

1952 4986 2090 5025 nunc
2119 4973 2385 5041 irgﬂltlut‘,
2412 4985 2591 5023 sacras
2622 4970 2924 5037 Scripturas
2948 4970 3048 5037 legi
3075 4985 3274 5023 morem
3306 4973 3468 5026 luisse
3492 4992 3505 5033 ;

1949 5043 2043 5095 sed
2077 5054 2194 5108 post
2223 5042 2438 5109 aliquod
2468 5050 2677 5108 tempus
2708 5044 2805 5092 hui:
2837 5042 3129 5093 iusututum
3180 5056 3297 5094 ess:
3336 5046 3446 5095 sive
3480 5062 3508 5097 ει

1948 5127 2079 5191 papa
2110 5109 2384 5181 Gregorio,
2417 5112 2553 5173 sive,
2582 5122 2636 5163 ut
2657 5110 2725 5165 ab
2751 5111 2869 5164 aliis
2890 5110 3204 5174 allirmatur,
3230 5114 3297 5166 ab
3334 5113 3512 5167 llono-

1944 5197 2043 5235 1⁵10.
2072 5200 2088 5231 ι

2016 5252 2234 5307 Unicam
2289 5252 2371 5304 hic
2418 5250 2764 5319 quaestionem
2819 5261 2993 5304 movet
3043 5252 3396 5315 llildemarus,
3454 5264 3509 5308 et

1946 5336 2062 5390 post
2105 5338 2225 5375 eum
2261 5322 2557 5375 Bernartius
2604 5321 2779 5383 ϐεδε,
2813 5322 3092 5385 lloherius,
3118 5334 3172 5376 et
3216 5323 3506 5378 Turrecre-

1944 5403 2106 5455 mata,
2135 5405 2227 5446 cur
2259 5392 2503 5445 nimirum
2531 5391 2587 5444 S.
2620 5391 2773 5444 Pater
2795 5393 2895 5444 uni
2921 5408 3004 5445 aut
3037 5394 3290 5446 duntaxat
3322 5394 3505 5447 lectiu-

1945 5480 2065 5516 netn
2105 5464 2379 5515 mensibus
2413 5462 2708 5529 Septembri
2758 5472 2812 5514 et
2844 5461 3057 5515 Octobri
3093 5465 3501 5528 przvscripsvrit,

298 5535 353 5599 4,
384 5542 493 5588 tres
533 5534 791 5587 lectiones
814 5542 1081 5597 aguntur;
1111 5534 1305 5586 etaliis
1330 5535 1502 5585 tribus
1528 5533 1723 5586 diebus
1757 5535 1858 5586 nisi
1941 5550 2031 5601 qui
2067 5544 2238 5585 tamen
2271 5533 2503 5600 wquales
2533 5548 2653 5583 eam
2683 5532 2871 5584 Martio
2912 5543 2963 5585 et
2995 5534 3180 5599 Aprili,
3214 5533 3264 5586 in
3307 5536 3500 5601 quibus

301 5606 469 5659 sancti
506 5604 736 5671 alicujus
765 5605 1028 5657 memoria
1064 5605 1241 5667 luerit,
1273 5615 1490 5669 promer
1522 5604 1833 5657 observmio

1944 5612 2053 5655 tres
2081 5603 2308 5655 instituit
2334 5604 2606 5663 lci-tiones,
2643 5603 2836 5655 habent
2860 5615 3040 5655 noctes
3066 5620 3079 5665 ',
3114 5603 3370 5673 niuutque
3405 5605 3501 5657 bu:

303 5688 421 5729 nem
454 5673 669 5746 Regula:
689 5674 745 5731 S.
775 5673 1047 5731 Benedicti
1082 5691 1184 5728 una
1226 5683 1537 5728 contentum
1564 5685 1666 5728 est.
1713 5694 1730 5727 ι
1760 5676 1861 5729 Sed
1939 5674 2270 5740 potissimum
2305 5674 2637 5727 factumesse
2662 5674 2725 5725 ad
2750 5673 3103 5728 sublevandos
3129 5676 3290 5744 273
3312 5678 3498 5730 li-atres
