3952 6182
472 280 577 336 εδει

470 414 618 451 more
661 399 848 467 viguit,
883 417 900 449 ι

470 467 566 522 lter
595 464 734 537 (Lib:
757 485 811 521 ιιι
846 468 891 519 Η
916 464 1003 526 τι..
1040 484 1152 536 cap.
1179 468 1254 535 3).
1297 466 1476 533 Neque
1507 475 1679 519 tamen
1716 464 1764 517 id
1805 465 1934 537 solis
1969 467 2025 518 S.

472 534 742 593 Benedicti
794 539 1063 591 monachis
1105 534 1378 601 singulare
1424 538 1658 601 exstitit,
1696 550 1817 587 eum
1864 534 2025 588 talem

467 610 903 663 mansuetudinem
925 625 955 659 lt
982 607 1282 675 quibusdam
1310 607 1665 658 canonicorum
1687 605 1907 658 ecclesiis
1935 610 2030 656 oh-

471 688 732 732 scrvatam
778 677 937 731 fuisse
980 679 1169 732 doceat
1210 676 1508 731 Amalarius
1554 676 1604 730 iu
1650 676 2030 743 Supplementa

468 752 533 801 ad
564 750 654 803 lib.
684 766 734 802 tv
754 750 819 802 de
848 749 1043 801 Divinis
1071 748 1271 801 Ol'liriis
1299 745 1469 815 (Tom.
1497 747 1537 799 ll
1577 747 1784 814 Attat);
1828 747 1915 812 qui
1948 756 2026 800 ta-

468 834 589 873 men
637 821 688 873 in
737 820 872 873 libro
911 822 976 873 de
1022 819 1220 873 Ordine
1264 818 1648 884 Antipb.,cap.
1679 817 1744 878 ‘2,
1789 816 1942 879 dicit,
1972 830 2031 869 se

469 891 842 960 interrogasse
869 890 1118 944 lto-tuatim
1151 888 1402 960 Ecclesia:
1430 889 1833 960 inagistrtitn,_r
1861 887 1904 939 si
1942 901 2022 939 ca-

470 956 789 1028 iierent'per
817 959 1111 1013 dominicas
1141 973 1321 1011 noetes
1363 957 1435 1010 Te
1477 956 1647 1028 licunt
1676 957 1978 1028 laudamus;
2006 975 2024 1006 ι

470 1027 887 1097 responsumque
910 1031 1008 1083 sibi
1041 1044 1191 1081 esse°
1226 1048 1241 1078 ι
1269 1028 1492 1081 Tantum
1525 1029 1575 1079 in
1607 1027 1868 1080 Natalitiis
1899 1042 2031 1095 pon-

470 1101 666 1153 tilicnm
693 1101 764 1154 'I'e
799 1105 953 1154 Deum
976 1100 1245 1153 laudamus
1274 1098 1530 1151 canimus.
1556 1117 1574 1149 ι

540 1169 654 1233 Quo
685 1173 927 1241 perdicto,
962 1174 1092 1239 legat
1123 1170 1274 1220 abbas
1316 1168 1579 1241 lectionem
1622 1168 1685 1220 de
1728 1166 2029 1241 evangelia]

469 1242 624 1313 281
659 1238 821 1307 quue
859 1257 976 1313 cum
1014 1238 1260 1313 planeta,
1300 1240 1496 1299 orario,
1536 1238 1743 1313 duobus
1783 1240 2031 1313 candela-

472 1307 686 1375 Tu-t'sfet
725 1312 1013 1372 tlitirilinlo,
1042 1327 1106 1364 ex
1140 1310 1462 1370 Hildetuaio,
1493 1320 1546 1361 et
1589 1309 1822 1373 Ruperto
1854 1310 1889 1361 I.
1918 1324 1952 1361 ιι
1979 1307 2031 1361 in

473 1382 725 1443 lingulam
756 1384 814 1435 S.
848 1382 1274 1446 Bcnedicti,cap.
1300 1380 1354 1441 7,
1382 1395 1536 1446 quem
1564 1388 1723 1433 ritum
1756 1379 2036 1432 retulimus

471 1454 521 1502 in
559 1455 593 1504 l.
633 1469 665 1505 ιι
711 1452 778 1506 de
825 1454 1070 1515 Antiquis
1118 1451 1367 1503 nionacli.
1393 1451 1521 1513 liit.,
1550 1465 1599 1501 e.
1634 1452 1686 1502 l.
1730 1450 2032 1502 Lectionem

470 1523 628 1575 iniam
659 1523 714 1575 S.
746 1523 1009 1587 Evangelii
1041 1522 1214 1574 abbati
1234 1562 1248 1583 ,
1281 1529 1372 1572 aut
1395 1535 1458 1572 eo
1487 1520 1707 1573 absente
1738 1519 2035 1587 prtepositis

470 1608 563 1659 per
591 1595 730 1646 vices
755 1594 1035 1647 committit
1076 1592 1320 1658 Magister
1345 1591 1396 1642 in
1428 1591 1642 1659 [tegulae
1669 1604 1788 1657 cap.
1811 1589 1902 1654 46,
1933 1605 2034 1657 qua

471 1663 536 1715 ile
574 1665 948 1717 observatione
978 1664 1216 1715 laudatur
1254 1660 1535 1723 Cervinus,
1561 1660 1722 1713 abbas
1750 1659 2037 1713 Centulen-

471 1736 564 1795 sis,
592 1735 659 1786 ab
693 1734 925 1787 llariull’o
954 1734 1003 1786 iii
1041 1733 1241 1785 Chron.
1272 1732 1306 1782 l.
1338 1746 1413 1792 tv,
1446 1746 1493 1784 c.
1522 1729 1610 1784 26.
1645 1731 1819 1783 Multis
1856 1740 2029 1783 tamen

471 1802 574 1870 jam
621 1804 809 1857 abhinc
845 1805 1054 1857 szecnlis
1086 1818 1209 1855 usus
1247 1802 1570 1862 iiivaloerat,
1604 1813 1657 1853 ut
1691 1816 1793 1854 non
1840 1800 2024 1865 abbas,

471 1876 562 1926 sed
612 1878 857 1927 Sacerdos
909 1873 1351 1925 lielidonmdtritts
1399 1871 1738 1938 Evangeltutn
1784 1871 2027 1932 legeret:

472 1945 621 2011 cujus
650 1945 1051 1998 consuetudinis
1093 1943 1349 1995 rationein
1388 1942 1559 1994 reddit
1600 1943 1919 2007 Smaragdus
1950 1941 2031 1994 his

473 2016 685 2067 Vt'l‘hiS:
734 2034 752 2066 ι
787 2016 919 2067 Diett
966 2016 1103 2067 enim
1135 2031 1149 2065 :
1185 2013 1402 2081 incipiat
1439 2014 1601 2066 abbas
1640 2013 1921 2081 hymnum,
1960 2016 2032 2065 le-

479 2087 812 2151 ctionemque
843 2086 1106 2151 Evangelii
1142 2085 1298 2150 legat.
1336 2084 1532 2135 'l'anien
1569 2099 1671 2135 non
1707 2084 1819 2135 Ιιιιςο
1845 2098 2030 2135 omnes

474 2156 665 2208 debent
689 2160 963 2223 valentth
994 2159 1165 2208 lat-ere
1195 2155 1448 2206 abliates:
1480 2163 1603 2206 sunt
1643 2155 1782 2205 enim
1809 2153 1913 2223 qui
1940 2163 2032 2205 aut

473 2227 791 2291 impediente
836 2222 987 2291 culpa
1038 2242 1140 2277 non
1190 2225 1417 2287 d-bent,
1470 2232 1563 2276 aut
1609 2222 2031 2291 itnpoSsibilitate

472 2312 696 2350 nocente
742 2314 844 2349 non
878 2299 1074 2350 valent.
1106 2296 1267 2363 Igitur
1293 2304 1414 2347 sunt
1443 2295 1663 2347 abbates
1692 2295 1779 2361 qui
1810 2308 1905 2345 nec
1946 2308 2030 2346 sa-

471 2368 700 2418 cerdotis
724 2383 822 2422 nec
853 2370 1023 2424 levitte
1051 2368 1334 2434 funguntur
1364 2365 1677 2426 minis=erio,
1706 2374 1758 2418 et
1783 2363 1902 2417 ideo
1932 2379 2031 2417 nec

468 2448 864 2494 saerosmcttnn
914 2439 1088 2503 legi-re
1133 2445 1353 2504 possunt
1391 2437 1764 2503 Lvangelium;
1797 2435 2030 2487 cantoris

472 2524 575 2559 non
619 2519 829 2575 ge~tant
856 2508 1120 2566 cilicium,
1147 2517 1199 2560 et
1236 2507 1355 2558 ideo
1397 2521 1501 2557 non
1548 2516 1769 2573 possunt
1804 2505 2032 2559 Ambro-

464 2580 674 2631 sianum
697 2579 802 2631 alte
826 2580 1030 2631 boando
1058 2580 1305 2646 hymnum
1338 2576 1589 2643 incipere,
1614 2591 1823 2644 giegem
1854 2586 2027 2629 tamen

470 2664 590 2700 eum
622 2664 854 2712 superno
874 2648 1147 2714 juvamine
1179 2657 1398 2714 possunt
1426 2647 1720 2713 gulwi‘nare
1747 2647 1844 2699 sibi
1885 2660 2031 2699 com-

473 2719 723 2782 missum,
756 2732 809 2773 et
850 2732 1124 2784 propterea
1164 2718 1425 2785 eliguntur
1457 2719 1522 2769 ad
1554 2717 1758 2771 abbatis
1788 2716 2029 2769 minime-

472 2790 609 2840 rium
660 2790 1033 2857 peragendum.
1074 2807 1090 2838 ι
1145 2793 1222 2838 An
1266 2803 1392 2840 vero
1437 2789 1507 2839 ita
1553 2803 1611 2840 se
1654 2802 1738 2840 res
1790 2786 2030 2840 habuerit

471 2860 608 2925 apud
638 2862 837 2919 primus
876 2862 993 2911 vitm
1021 2859 1325 2910 monasticae
1366 2868 1561 2925 patres,
1589 2867 1678 2910 aut
1708 2866 1945 2923 tempore
1970 2861 2026 2909 δ.

473 2928 773 2992 Benedicti,
806 2944 900 2983 nos
949 2928 1112 2983 latet:
1145 2935 1354 2980 constat
1398 2938 1571 2981 tamen
1616 2942 1709 2981 eos
1748 2927 1800 2979 in
1843 2928 2027 2995 synaxi

468 2999 777 3067 frequenter
812 3000 1161 3067 E~angeliutn
1190 2999 1409 3063 legisse,
1452 3008 1512 3050 ut
1544 3007 1662 3063 pote
1689 3000 1775 3065 qui
1808 2998 2027 3061 privat-is

472 3066 658 3123 diebus
688 3087 843 3123 uuam
878 3073 943 3123 de
970 3070 1114 3122 Novit
1140 3066 1500 3128 Testamento,
1529 3067 1806 3121 dominicis
1831 3078 1883 3119 et
1909 3070 2029 3121 sab-

473 3140 596 3190 bato
644 3142 774 3193 duas
828 3142 1082 3196 lectiones
1128 3139 1409 3203 haberent,
1462 3152 1559 3191 nec
1607 3138 1676 3191 ita
1729 3141 2025 3203 l'requeiites

471 3212 607 3274 apud
639 3226 730 3262 ros
754 3224 930 3264 essent
970 3211 1273 3263 sacerdotes
1297 3219 1386 3261 ant
1415 3208 1605 3262 lentas.
1637 3210 1720 3262 An
1750 3210 1909 3260 etiam
1933 3209 2028 3261 ab-

471 3285 641 3335 solute
676 3283 973 3335 necessaria
1002 3282 1071 3334 sit
1108 3280 1172 3331 ad
1206 3279 1483 3348 legendum
1529 3280 1580 3331 iti
1625 3278 1815 3343 vigiliis
1852 3279 2031 3333 Evan-

472 3353 663 3411 gelium
693 3352 976 3416 ordinatio,
1009 3352 1231 3419 quzrstio
1258 3366 1377 3403 esse
1414 3359 1621 3418 posset;
1666 3364 1821 3416 quam
1869 3348 2030 3403 solm

471 3420 728 3475 Bolierius
756 3424 976 3477 dicens:
1017 3440 1033 3471 ι
1068 3422 1189 3474 llaec
1237 3421 1413 3485 lectio,
1458 3436 1576 3488 qua:
1625 3420 1683 3472 lit
1718 3420 1770 3471 iii
1815 3420 2027 3487 vigiliis,

472 3501 641 3557 potest
679 3504 981 3561 competere
1025 3507 1128 3545 non
1168 3491 1338 3543 solum
1378 3508 1483 3543 non
1530 3491 1795 3561 ordinato,
1828 3492 1933 3542 imo
1975 3499 2029 3542 τι

468 3564 709 3626 mulieri;
742 3583 760 3614 ι
804 3560 857 3616 et
896 3565 1043 3617 citat.
1084 3572 1186 3614 art.
1231 3572 1340 3615 ext.
1382 3562 1449 3614 de
1491 3560 1677 3628 patuit.
1719 3569 1775 3613 et
1817 3562 2026 3615 remiss.

468 3649 585 3698 rap.
619 3634 767 3688 Νουα
806 3644 860 3689 et
895 3636 996 3699 2t),
1035 3651 1087 3701 ιι.
1121 3633 1171 3697 1,
1207 3632 1655 3687 Sanctimoniules.
1690 3629 1819 3685 Vide
1852 3633 1915 3684 to
1951 3646 2024 3698 c.,

469 3720 520 3770 ιι.
558 3706 607 3757 1.

538 3778 712 3840 Quare
741 3785 916 3829 autem
939 3775 1002 3827 ad
1036 3772 1238 3839 vigilias
1273 3772 1330 3828 S.
1358 3772 1700 3840 Evangelinm
1730 3771 1833 3840 legi
1857 3771 2030 3838 jusse-

474 3848 534 3898 rit
578 3848 636 3901 S.
684 3846 860 3909 Pater,
911 3845 1145 3898 declarat
1195 3847 1255 3900 ὃ.
1306 3843 1639 3912 Hildegardis
1690 3844 1772 3895 his
1813 3844 2025 3896 verbis:

473 3935 490 3968 ι
526 3916 810 3970 Dominicis
840 3926 1012 3968 autem
1042 3915 1249 3977 diebus,
1278 3927 1332 3968 et
1361 3919 1411 3967 in
1451 3916 1571 3966 aliis
1604 3913 2030 3967 solemnitatibus

469 3998 586 4054 post
624 3998 912 4039 nocturnos
941 3986 1278 4052 Evangelium
1314 3986 1413 4051 legi
1445 3986 1776 4051 praecipiens,
1808 3983 2028 4052 intelligi

469 4061 578 4109 vult
601 4058 741 4124 quod
770 4060 911 4109 omni
943 4056 1462 4122 tempore,videhcet
1488 4063 1593 4107 tam
1619 4057 1669 4107 in
1692 4063 1845 4109 nocte
1871 4070 2027 4123 quam

467 4126 552 4180 die
594 4127 831 4180 nuntium
868 4127 956 4178 Dei
996 4128 1197 4188 audiri,
1239 4138 1293 4179 et
1336 4126 1621 4192 compleri,
1665 4135 1719 4180 et
1765 4141 1857 4192 per
1900 4126 2026 4178 illud

470 4197 579 4249 Deo
605 4198 793 4250 serviri
823 4197 1013 4260 debet;
1042 4208 1096 4251 et
1126 4207 1181 4248 ut
1206 4196 1364 4251 etiam
1396 4198 1576 4250 audito
1606 4196 1887 4263 Evangelio
1918 4210 2030 4248 nio-

467 4268 623 4321 naehi
654 4267 791 4323 illius
834 4267 1103 4336 Evangelii
1147 4265 1593 4321 recordarentur:
1638 4265 1767 4318 Ecce
1795 4282 1885 4318 nos
1913 4269 2030 4319 reli-

466 4339 667 4407 quimus
696 4340 898 4401 omnia,
926 4349 974 4391 ct
1008 4339 1165 4391 secuti
1206 4353 1377 4390 sumus
1422 4347 1504 4400 te;
1531 4346 1585 4389 et
1621 4338 1779 4390 etiam
1811 4336 1910 4390 hoc
1949 4336 2029 4389 iu-

468 4411 634 4460 tendit
654 4447 669 4473 ,
702 4419 756 4461 ut
785 4412 829 4462 si
856 4409 973 4473 quis
1002 4424 1096 4475 pro
1122 4411 1339 4462 raritate
1375 4407 1735 4471 sacerdotum,
1767 4422 1865 4461 seu
1896 4422 2029 4474 prat-

468 4489 815 4545 occupatione
842 4480 1063 4545 alicujus
1093 4479 1454 4546 impedimenti
1480 4492 1545 4533 eo
1574 4478 1662 4531 die
1687 4478 1901 4532 missam
1931 4478 2025 4529 lia-

466 4551 615 4612 bere,
657 4551 738 4602 vel
787 4551 960 4603 missm
1005 4550 1262 4603 interesse
1306 4564 1411 4602 non
1461 4549 1686 4616 poterit,
1736 4548 1931 4602 lectum
1974 4552 2109 4615 etp

468 4620 705 4674 auditum
732 4620 1072 4689 Evangelinm
1096 4620 1197 4673 sibi
1221 4619 1473 4673 sufﬁciat.
1502 4637 1519 4669 i
1712 4688 1715 4689 ν
1821 4685 1836 4689 _
1904 4667 1933 4689 -ξ

536 4690 661 4743 Cum
700 4685 905 4743 [tonore'
928 4704 974 4743 ct
1018 4701 1228 4743 tremore
1267 4690 1515 4743 stantibus
1559 4685 1838 4758 omnibus.]
1903 4687 2027 4742 Haec

468 4764 625 4815 verba
642 4802 656 4823 ,
681 4779 796 4815 cum
818 4765 1005 4814 honore
1023 4771 1071 4814 et
1102 4772 1337 4822 tremore,
1370 4772 1589 4827 possunt
1621 4760 1803 4813 releiri
1825 4758 1891 4812 ad
1916 4760 2030 4812 litec

468 4835 818 4901 praecedentia
839 4875 851 4895 ,
885 4835 1019 4901 legat
1060 4831 1213 4885 abbas
1244 4833 1502 4885 lectionem
1527 4835 1589 4884 de
1620 4831 1914 4897 Evangelia,
1946 4832 2028 4882 vel

468 4903 533 4954 ad
561 4903 966 4970 subsequentia,
1001 4901 1245 4955 stantibus
1283 4902 1534 4955 omnibus.
1571 4903 1649 4954 Ad
1684 4902 1852 4968 priora
1886 4901 2026 4952 rele-

468 4984 589 5030 runt
632 4973 966 5027 llildetnarus
1004 4982 1058 5025 et
1105 4973 1359 5026 Boberius
1404 4974 1454 5026 in
1502 4974 1671 5038 primo
1709 4986 1902 5023 comm.
1950 4971 2027 5023 Ad

470 5045 761 5111 piiSte'iora
820 5045 1117 5098 Bernartius
1170 5042 1504 5097 Cassineusis
1552 5054 1606 5096 et
1665 5041 1907 5095 Nicolaus
1960 5042 2028 5096 de

468 5114 720 5167 Fracmra
746 5131 759 5169 :
794 5132 811 5163 ι
840 5112 973 5167 Cum
1015 5120 1236 5181 honore,
1268 5115 1434 5181 inquit
1475 5113 1740 5175 Nicolaus,
1770 5128 1891 5179 quia
1921 5130 2025 5165 otti-

470 5200 564 5238 nes
600 5184 801 5239 debent
838 5198 981 5239 stare
1011 5187 1231 5245 pedibus
1280 5187 1457 5247 rectis,
1501 5194 1553 5235 et
1582 5183 1807 5249 captiuis
1836 5192 2028 5234 amotis

466 5257 534 5308 de
576 5254 775 5323 capite,
821 5256 945 5308 dum
997 5256 1186 5323 legitur
1236 5254 1392 5306 lectio
1435 5255 1502 5308 de
1555 5252 1876 5318 Evangeliu;
1907 5268 2027 5304 Ctttll

469 5338 721 5388 tremore,
754 5327 876 5393 qLia
905 5341 1023 5378 cum
1054 5339 1244 5393 magno
1286 5336 1517 5379 tremore
1546 5325 1809 5393 debemus
1830 5323 2027 5375 intellio

464 5412 589 5463 gere
628 5405 682 5449 et
722 5392 906 5450 audire
956 5392 1157 5462 prunas
1184 5404 1239 5447 ct
1290 5396 1503 5461 praemia
1564 5410 1679 5461 quae
1728 5392 1883 5445 nobis
1914 5409 2029 5463 per

467 5462 803 5533 Evangeliutn
834 5468 1261 5532 promittuntur.»
1290 5467 1546 5519 Boheritis
1572 5473 1821 5516 econtra:
1852 5481 1870 5513 ι
1895 5462 2025 5516 Cum

467 5542 687 5599 honore,
721 5539 879 5607 282
917 5538 1060 5598 iniit,
1096 5552 1215 5604 qua
1249 5538 1463 5589 indutus
1495 5535 1823 5607 vestimentis
1852 5550 2029 5587 succr-

467 5606 759 5671 dotalibus,
786 5606 900 5677 (jui'.
952 5609 1126 5674 capite
1166 5607 1526 5673 discooperto,
1568 5606 1689 5671 quia
1736 5606 1785 5658 iit
1830 5606 2027 5673 pulpito

1815 279 1870 332 ε.
1914 277 1973 330 Ρ.
2019 278 2372 332 BENEDICTI

930 395 1369 465 quemadmodum
1403 395 1585 449 scribit
1613 394 1869 465 Rodtilfus
1904 394 2028 449 Cla-
2056 402 2105 456 Α
2134 404 2319 447 contra
2360 395 2526 465 altare
2563 404 2761 459 erecto,
2804 403 2856 449 et
2902 409 3020 448 cum
3063 394 3258 448 lumine
3309 404 3359 448 et
3405 394 3640 449 incenso.
3680 414 3698 445 ι

3584 277 3693 331 ιιι»

2132 465 2386 517 Similiter
2431 464 2806 518 ilildetnarus:
2858 483 2876 513 ι
2913 465 3043 518 Cum
3100 465 3344 531 planetu,
3391 472 3598 529 orario,
3644 477 3714 520 et

2128 533 2465 588 caiidelabris
2486 535 2713 598 duobus,
2743 544 2794 587 et
2827 534 3113 588 Illuribiilo.
3138 554 3157 585 ι

2200 614 2462 669 Stantibus
2490 612 2768 683 amnibus.]
2803 614 2957 667 Juxta
2985 616 3253 683 antiquam
3285 625 3445 683 atque
3474 616 3539 668 ab
3571 631 3707 678 apo-

2130 686 2282 738 stolis
2313 684 2556 737 traditam
2604 687 3071 747 consuetudinem,
3120 684 3273 754 cujus
3318 686 3556 739 mentio-it
3603 687 3705 740 Li-

2131 756 2300 824 turgia
2324 756 2382 808 ὃ.
2408 754 2606 825 Μᾶτρις
2641 772 2660 804 ι
2691 755 2836 809 State
2859 761 2876 777 '
2910 756 3185 808 audiamus
3211 757 3269 810 S.
3293 754 3654 825 Evangelim.
3674 776 3700 808 ι

2131 826 2289 879 Missa
2341 825 2397 880 S.
2444 824 2666 877 Basilii:
2711 843 2730 875 ι
2769 826 2981 894 Legitur
3041 826 3389 894 Evnogelinm
3434 824 3703 881 stantibus

2130 896 2377 949 omnibus
2401 908 2520 947 cum
2549 895 2741 948 timore
2775 906 2829 948 et
2878 898 3195 949 reverentia.
3224 914 3242 945 ι
3276 896 3704 951 Constitutiones

2132 966 2440 1037 apostolicae
2466 968 2601 1032 apud
2627 964 2951 1018 Clementem
2976 965 3114 1037 (Lib.
3140 980 3199 1029 tt,
3222 982 3334 1037 rep.
3361 965 3452 1034 57)
3480 985 3493 1021 :
3522 985 3541 1019 ι
3561 967 3703 1021 Cum

2132 1037 2319 1103 legitur
2353 1036 2721 1100 Evangelimn,
2770 1036 3067 1106 presbyteri
3106 1045 3160 1090 et
3196 1037 3432 1101 diaconi,
3475 1038 3703 1093 univer-

2132 1121 2328 1187 susque
2361 1107 2585 1186 populus
2630 1119 2821 1185 magno
2846 1121 2966 1159 cum
2998 1108 3208 1160 silentio
3237 1116 3401 1188 sicut.
3423 1127 3446 1161 ι
3472 1109 3530 1163 S.
3565 1107 3704 1162 Ger-

2134 1192 2273 1228 mani
2300 1175 2527 1229 Theorta
2558 1187 2778 1245 mystica
2805 1193 2816 1227 :
2855 1195 2873 1228 ι
2907 1176 3133 1230 Verbum
3159 1177 3249 1230 Bm
3276 1187 3387 1241 est,
3416 1178 3701 1233 audiamus

2137 1246 2268 1299 recti
2298 1246 2356 1301 S.
2381 1245 2743 1316 Evangelium.
2776 1264 2795 1298 ι
2828 1245 3111 1309 Rodullus,
3142 1246 3193 1301 in
3226 1247 3343 1301 Vita
3373 1248 3607 1312 Babani,
3640 1266 3702 1303 η.

2133 1316 2203 1371 ﬁ
2228 1316 2388 1384 (Sate.
2414 1321 2755 1385 tv,part.it):
2787 1335 2806 1365 ι
2840 1317 2974 1370 Cum
3000 1318 3050 1370 in
3077 1318 3302 1371 ecclesia
3335 1319 3541 1385 pubiiee
3570 1320 3703 1373 mis-

2135 1401 2312 1440 Sarum
2334 1393 2617 1454 agerentur
2643 1387 2921 1449 solemnia,
2950 1397 3006 1441 et
3042 1387 3201 1441 lectio
3229 1388 3490 1455 legeretur
3518 1389 3701 1443 Evan-

2134 1457 2543 1526 geliistantibus
2570 1456 2823 1511 omnibus
2842 1457 2988 1525 juxta
3021 1472 3223 1512 rnorem
3250 1473 3369 1510 cum
3399 1460 3615 1513 silentio
3643 1470 3701 1515 et

2140 1529 2456 1580 reverentia.
2484 1546 2503 1578 ι
2543 1526 2771 1591 ldipsum
2806 1531 2875 1580 ab
2906 1529 3180 1582 Anastasio
3208 1542 3343 1596 papa
3383 1530 3703 1587 auctoritate

2137 1598 2424 1664 apostolica
2456 1598 2716 1650 limatum
2762 1598 2949 1655 scribit
2982 1598 3295 1651 Anastasius
3342 1598 3701 1656 Bibliotheu-

2139 1670 2247 1720 rius
2278 1667 2327 1720 in
2360 1668 2499 1720 illius
2535 1666 2685 1730 Vita,
2716 1682 2771 1721 et
2812 1669 3127 1736 Hierologus
3162 1669 3215 1721 in
3257 1668 3353 1722 lib.
3373 1669 3440 1722 de
3468 1670 3702 1725 θῦνε-ν.

2139 1743 2354 1798 eccles..
2376 1752 2426 1791 c.
2450 1736 2502 1792 9.
2532 1737 2719 1791 Exstat
2749 1740 2845 1792 hac
2866 1739 2931 1791 de
2951 1754 3009 1791 re
3028 1740 3143 1805 ejus
3165 1740 3468 1792 constitutio
3491 1744 3541 1792 in
3569 1740 3703 1795 Cra.

2064 1783 2107 1841 Β
2138 1783 2504 1861 attigatis
2526 1783 2636 1876 ξ’ύῖ
2646 1783 3466 1875 ξόιὲὲῗίίὲὶῖ.’ῐ.”ἓῗίιᾶἑὶἱνὶὲἓὶιῖ
3475 1783 3560 1864 iiiis
3574 1783 3702 1864 ’ὗξεί

2122 1878 2217 1930 bis
2259 1889 2545 1945 concepta;
2586 1896 2604 1928 ι
2635 1881 2937 1945 Apostolica
2991 1880 3306 1933 auctoritate
3353 1884 3702 1945 mandamus,

2135 1948 2259 2000 dum
2289 1959 2469 2002 sancta
2501 1950 2783 2017 Evangelia
2816 1950 2867 2002 in
2906 1950 3130 2003 ecclesia
3176 1951 3486 2014 recitantur,
3520 1966 3703 2005 sacer-

2134 2019 2286 2072 dotes
2323 2030 2376 2072 et
2403 2020 2580 2072 czeteri
2610 2034 2799 2072 omnes
2836 2028 3125 2086 prasentes
3168 2032 3270 2071 non
3300 2020 3571 2081 sedentes.
3605 2023 3703 2075 sed

2134 2088 2507 2143 venerabiliter
2536 2090 2683 2142 curvi
2726 2092 2779 2143 in
2819 2102 3105 2157 conspectu
3135 2092 3189 2143 S.
3234 2090 3502 2159 Evangelii
3551 2102 3705 2145 stau-

2135 2170 2235 2223 tes,
2266 2159 2528 2213 dominica
2559 2160 2718 2214 verba
2745 2168 2946 2214 attente
2972 2163 3189 2213 audiant
3216 2170 3271 2214 et
3306 2160 3534 2216 lideliter
3572 2164 3705 2215 adeo

2134 2241 2273 2283 τθιιι.
2305 2248 2324 2281 ι

2206 2321 2371 2391 llnjns
2412 2323 2544 2378 ritus
2591 2322 2825 2378 rationes
2875 2336 2995 2378 esse
3041 2332 3306 2391 possunt:
3352 2323 3406 2376 i'
3432 2326 3608 2377 honor
3656 2334 3704 2384 et

2132 2395 2424 2448 reverentia
2474 2395 2530 2448 S.
2564 2394 2858 2461 Evangelii;
2901 2393 2959 2446 2‘
2988 2395 3125 2463 quod
3177 2408 3281 2446 non
3330 2395 3519 2448 deceat
3563 2396 3704 2449 alios

2131 2465 2320 2519 sedere
2364 2472 2535 2517 stante
2563 2464 2619 2519 S.
2649 2462 2915 2533 Evangelii
2944 2465 3163 2527 lectore,
3199 2479 3218 2514 ι
3248 2464 3333 2531 qui
3376 2467 3486 2520 sive
3528 2467 3700 2519 abbas

2133 2535 2285 2603 ipse,
2328 2535 2439 2587 sive
2484 2534 2620 2588 alitis
2659 2535 2879 2604 quilibet
2923 2534 3171 2588 sacerdos
3215 2536 3302 2587 ille
3341 2535 3439 2597 sit,
3485 2536 3705 2591 Dom'ni

2132 2607 2300 2659 nostri
2332 2604 2453 2658 Jesu
2478 2605 2674 2659 Christi
2709 2619 2986 2671 personam
3016 2606 3181 2672 gerit,
3203 2620 3223 2655 ι
3252 2615 3306 2658 ιιι
3335 2605 3566 2673 loquitur
3592 2607 3704 2659 Rn-

2133 2689 2310 2745 perius
2341 2675 2537 2746 (Libui
2560 2680 2613 2727 in
2645 2675 2825 2745 (legal.
2852 2675 2913 2731 S.
2939 2673 3058 2738 8.);
3090 2674 3150 2725 3ο
3176 2684 3232 2728 ιιι
3262 2674 3356 2727 hac
3384 2680 3549 2729 nostri
3576 2692 3704 2729 cor-

2131 2749 2278 2814 poris
2301 2745 2648 2811 diSpositione
2674 2748 3118 2807 demonstremus,
3144 2761 3240 2797 nos
3262 2756 3508 2811 tanquam
3535 2763 3701 2802 veros

2132 2817 2223 2870 Dei
2270 2831 2454 2871 servos
2496 2815 2560 2867 ad
2607 2817 2748 2883 ejus,
2788 2832 2906 2883 qnte
2951 2816 3314 2884 proteruntur,
3353 2820 3699 2887 exsequenda

2131 2898 2375 2941 maniata
2404 2900 2613 2954 semper
2633 2902 2753 2942 esse
2784 2896 3017 2955 paratos.

2202 2977 2315 3042 Qua
2339 2977 2587 3048 perlata,
2618 2981 2955 3048 respondeant
2986 2992 3163 3048 omnes
3189 2975 3393 3048 Amem]
3434 2977 3561 3044 Qua
3593 2992 3698 3033 vox

2128 3057 2211 3103 est
2229 3047 2503 3109 llebraica,
2525 3047 2786 3114 duplicem
2817 3046 3014 3101 habens
3036 3046 3502 3116 significationem:
3530 3064 3695 3103 unum

2130 3117 2382 3186 optantis,
2413 3116 2465 3170 id
2493 3127 2576 3170 est
2609 3118 2726 3184 ﬁat,
2760 3133 2864 3187 quo
2892 3133 3061 3187 sensti
3090 3119 3318 3172 sumitur
3346 3120 3412 3172 ab
3454 3119 3699 3173 Ecclesia

2132 3185 2183 3241 in
2212 3188 2315 3242 line
2343 3187 2713 3251 collectarmn;
2740 3185 2958 3242 alteram
2988 3185 3323 3250 al‘lirtnantis,
3346 3187 3396 3241 id
3418 3201 3501 3243 erit
3526 3205 3702 3243 verum

2132 3266 2233 3322 est,
2267 3272 2368 3327 qua
2398 3259 2453 3311 in
2490 3258 2872 3325 signiﬁcatione
2901 3274 2929 3312 a
2954 3257 3011 3313 S.
3046 3256 3100 3310 l’.
3137 3258 3422 3313 Benedicto
3470 3274 3699 3327 usurpa-

2133 3338 2239 3393 tnr,
2277 3347 2297 3381 ι
2324 3327 2474 3395 quia,
2501 3328 2671 3396 inquit
2698 3327 2976 3394 Beiherius,
3004 3342 3187 3382 omnes
3218 3329 3414 3383 debent
3436 3329 3500 3382 ad
3533 3330 3699 3384 verba

2135 3398 2228 3453 Dei
2254 3399 2543 3461 attendere,
2576 3409 2630 3452 et
2653 3413 2714 3453 ea
2746 3416 2837 3467 per
2862 3415 3007 3451 amen
3028 3413 3270 3453 asserere
3294 3413 3416 3453 vera
3441 3412 3561 3453 esse
3582 3441 3598 3464 ,
3643 3413 3700 3455 ut

2133 3484 2284 3522 mens
2320 3469 2582 3522 audientis
2608 3470 2896 3523 concordet
2924 3468 3040 3522 voci
3068 3468 3328 3523 docentis.
3356 3488 3374 3520 i
3406 3468 3558 3524 Unde
3581 3486 3697 3524 rne-

2132 3542 2234 3609 rito
2260 3554 2379 3593 cuin
2410 3539 2695 3608 Smaragdo
2724 3543 2894 3609 possis
2926 3540 3243 3609 redarguere
3273 3554 3365 3593 eos
3389 3543 3474 3608 qui
3515 3541 3692 3608 impu-

2134 3608 2277 3663 denti
2318 3609 2617 3663 temeritate
2650 3609 2707 3664 S.
2728 3608 2941 3662 Patrem
2974 3608 3279 3663 insimulare
3307 3614 3418 3662 ausi
3449 3609 3692 3676 fuerunt,

2132 3681 2281 3746 quasi
2308 3681 2524 3733 omnino
2554 3681 2727 3747 inepte
2746 3693 2798 3732 et
2828 3680 3116 3748 incongrue
3135 3694 3281 3731 amen
3310 3681 3360 3732 in
3390 3681 3493 3736 line
3524 3681 3699 3734 Evan-

2132 3750 2252 3813 gelii
2293 3751 2629 3816 praecepisset
2656 3750 2781 3803 dici.
2807 3749 2964 3803 Certe
2997 3765 3046 3802 in
3074 3754 3232 3801 missa
3267 3750 3599 3805 Mozarabutn
3643 3753 3694 3804 in

2133 3822 2237 3874 line
2278 3822 2552 3888 Epistolue,
2624 3823 3015 3889 prOpIietiariim
3062 3830 3115 3871 et
3158 3820 3426 3889 Evangelii
3472 3836 3692 3889 reSpon-

2132 3891 2285 3945 detur
2305 3909 2467 3945 amcn.
2494 3889 2596 3944 Sed
2616 3903 2669 3943 et
2690 3891 2989 3944 Alexander
3012 3890 3221 3943 Aleusis
3244 3892 3310 3944 de
3331 3891 3514 3943 eadem
3544 3892 3691 3958 praui

2133 3961 2202 4013 ita
2231 3963 2410 4015 scribit
2438 3962 2535 4031 (De
2564 3960 2705 4030 Ofﬁc.
2738 3962 2906 4013 missa:
2942 3961 2991 4012 in
3020 3975 3067 4013 r1
3104 3972 3245 4027 parte
3268 3960 3439 4029 Sum.)
3471 3981 3482 4013 :
3521 3982 3538 4011 t
3571 3963 3695 4015 Per-

2134 4031 2271 4085 lecto
2301 4030 2602 4097 Evangelio,
2634 4034 2813 4083 dicunt
2841 4032 3151 4083 assistentes
3180 4035 3375 4097 Amen,
3411 4032 3565 4085 faciat
3593 4047 3693 4085 itus

2133 4100 2273 4155 Deus
2309 4117 2648 4171 perseverare
2678 4104 2726 4153 in
2772 4103 3004 4156 doctrina
3046 4101 3346 4168 Evangelii;
3383 4104 3471 4155 alii
3512 4104 3696 4155 dicunt

2133 4171 2238 4224 Deo
2255 4174 2465 4241 gratias,
2485 4173 2537 4224 iii
2554 4174 2835 4240 gratiarum
2856 4172 3114 4241 actionem
3140 4184 3235 4239 pro
3257 4172 3511 4226 benelicio
3537 4183 3695 4225 tanta:

2134 4242 2390 4295 doctrina:
2438 4254 2491 4296 et
2535 4253 2639 4294 tain
2684 4244 2949 4295 salutaris.
2984 4262 3001 4292 ι
3049 4240 3116 4293 Et
3145 4242 3378 4298 Joannes
3420 4242 3692 4305 Belethns,

2131 4312 2317 4365 doctor
2359 4312 2705 4381 Parisiensis,
2753 4314 2842 4381 qui
2904 4311 3207 4379 quingentis
3252 4314 3463 4367 circiter
3506 4312 3702 4367 abhinc

2131 4384 2282 4437 annis
2310 4383 2516 4436 vivebat
2542 4380 2632 4452 (In
2654 4380 2854 4450 Expiic.
2879 4382 2932 4433 di
2963 4383 3034 4435 ini
3061 4383 3237 4451 ofﬁcii,
3262 4398 3306 4435 c.
3329 4382 3417 4450 '59)
3444 4401 3457 4435 :
3491 4402 3509 4434 ι
3532 4382 3699 4437 Lecto

2127 4454 2234 4521 jam
2270 4454 2575 4521 Evangelii»,
2614 4454 2837 4521 quisque
2875 4452 3031 4507 debet
3063 4454 3241 4507 dicere
3269 4454 3454 4517 Amen,
3486 4457 3602 4515 vel,
3638 4465 3698 4506 ut

2132 4524 2218 4577 alii
2251 4527 2461 4589 volunt,
2494 4525 2717 4577 recitato
2748 4522 3030 4591 Evangelio
3058 4524 3235 4577 statim
3268 4525 3506 4578 dicamus
3538 4540 3696 4591 opor-

2130 4603 2205 4675 tet
2248 4594 2356 4647 Deo
2401 4593 3257 4675 gratiarnquetuadnmdum‘post
3293 4594 3581 4675 quamlibet
3621 4596 3701 4647 le~

2132 4667 2363 4718 ctionem
2387 4669 2499 4717 sive
2519 4665 2842 4729 capitulum;
2890 4663 2983 4717 sed
3030 4663 3217 4717 melius
3260 4673 3343 4719 est
3389 4674 3446 4718 ut
3490 4667 3698 4719 dicatur

2131 4737 2311 4788 Amen.
2329 4756 2345 4787 i
2373 4734 2553 4789 Obiter
2578 4734 2832 4807 233nm
2862 4731 3061 4807 referre
3080 4734 3233 4807 juvat
3256 4735 3396 4807 quod
3422 4744 3571 4807 notat
3599 4735 3701 4788 Bo-

2133 4806 2311 4859 lierius
2344 4807 2393 4859 in
2423 4804 2665 4858 secundi?
2680 4804 2903 4868 comm.,
2942 4805 2999 4857 S.
3027 4805 3303 4869 lsidorum,
3334 4804 3699 4875 Hispalen~etn

2132 4893 2437 4946 episcopum
2456 4916 2470 4937 ,
2496 4878 2546 4928 in
2572 4877 2748 4928 ofﬁcio
2778 4876 2953 4927 missa:
2980 4877 3269 4929 instituisse
3297 4886 3355 4928 ut
3382 4874 3445 4929 ad
3475 4874 3705 4945 quamli—

2136 4947 2223 5000 but
2252 4950 2555 5012 petitionem
2596 4947 2850 4999 orationis
2874 4946 3154 4999 dominica:
3196 4949 3367 5001 clerus
3407 4949 3702 5011 restionde-

2136 5028 2216 5069 ret
2244 5019 2432 5081 Anicii;
2463 5017 2554 5070 sed
2583 5019 2646 5069 ad
2680 5019 2833 5080 hanc,
2872 5016 3063 5087 Panem
3093 5028 3318 5087 nostrum
3351 5018 3706 5087 quotidianum

2131 5091 2197 5140 da
2226 5090 2366 5139 tio-iiii
2397 5091 2564 5152 hodie,
2598 5090 2940 5154 reSpontleret
2966 5086 3064 5150 Qui
3086 5104 3137 5138 ea
3160 5086 3317 5139 Deus.

2207 5180 2269 5234 Et
2291 5182 2622 5250 subsequatur
2646 5196 2763 5233 mox
2788 5181 2940 5233 abbas
2964 5178 3206 5250 hymnum
3230 5180 3306 5233 TE
3334 5195 3501 5233 nec“
3527 5177 3707 5249 Lausi]

2131 5252 2230 5312 Otii
2262 5256 2400 5305 idem
2434 5269 2553 5305 «τελε
2579 5252 2815 5305 creditur
2845 5266 2963 5304 cum
2995 5253 3087 5303 illo
3111 5252 3198 5317 qui
3220 5252 3356 5318 apud
3382 5253 3705 5305 Clementem

2136 5322 2430 5376 llotnanuiu
2485 5326 2535 5373 in
2586 5320 3063 5375 Constitutionibns
3114 5322 3345 5388 apostol.
3392 5323 3704 5388 exprimitur

2137 5394 2218 5447 liis
2252 5395 2426 5447 verbis
2453 5393 2589 5459 (Lib.
2624 5408 2713 5452 vu,
2747 5409 2860 5461 cap.
2893 5390 2983 5458 4‘3)
3014 5410 3027 5444 :
3053 5391 3124 5444 Te
3152 5393 3290 5443 decet
3318 5392 3479 5461 laus,_
3501 5401 3549 5444 Ie
3567 5394 3705 5443 decet

2137 5431 2218 5447 ...ο
2480 5431 2589 5445 ων.
2631 5431 2713 5452 ....
2747 5431 2804 5443 η.
2847 5431 2860 5443 .
2894 5431 2954 5444 ...γ
3014 5431 3027 5444 .
3056 5431 3074 5444 .
3098 5431 3122 5444 ν
3152 5431 3290 5443 κν.-.
3318 5431 3431 5443 η.-.
3501 5431 3705 5444 ηπ--.

2137 5466 2373 5529 hymnus,
2403 5431 2610 5516 lc‘dccet
2636 5431 2840 5529 gloria,"
2869 5431 3030 5515 Detim
3075 5461 3278 5514 Patrem
3318 5478 3404 5525 per
3435 5431 3626 5513 ὶίὶιίιιιιι
3656 5466 3705 5513 tit

2138 5534 2335 5599 Spiritu
2367 5545 2539 5586 sancto
2569 5535 2619 5585 iii
2656 5536 2843 5585 satcula
2873 5534 3190 5584 sa’culorum.
3226 5534 3404 5585 Amen.
3439 5530 3502 5584 Ει
3532 5542 3702 5586 tamen

2137 5607 2431 5674 appellatur
2463 5605 2847 5658 Ambrosianus
2879 5603 3103 5672 hymnus
3133 5604 3184 5656 iii
3218 5603 3309 5656 lih.
3344 5618 3360 5654 ι
3390 5602 3505 5656 Mir.
3532 5603 3590 5659 5.
3621 5600 3705 5656 ιιιο

536 5769 557 5798 ⁹
585 5767 885 5839 Legendutn
920 5770 1120 5822 videtur
1151 5765 1350 5817 S'on'ct
1392 5760 1678 5817 audiziiuir.
1719 5763 1794 5816 vel
1837 5761 2022 5815 saltem
2068 5761 2137 5815 sic
2171 5756 2599 5827 d'stingueiidurn
2631 5774 2641 5813 ;
2676 5756 2838 5821 Stoic,
2864 5756 3155 5822 audin-ints,
3180 5761 3264 5812 etc
3312 5754 3493 5812 Etit‘l.‘
