3952 6182
538 267 631 320 iii?

1903 268 1955 325 S.
1994 270 2052 322 P.
2094 264 2450 322 BENEDiCTl
2716 282 2719 283 '
3686 272 3768 327 ιιι

539 386 623 428 tur
648 387 695 438 -,
726 393 839 431 suae
872 377 1191 446 antipliona,
1217 378 1583 434 subtrahendo
1606 379 1809 434 modice
1839 379 1977 434 sicut
2001 379 2101 433 do-
2132 381 2176 439 Α
2214 376 2393 445 psallit
2420 374 2659 431 Ecclesia
2688 374 2948 442 Humana,
2978 335 3204 432 dicatur.
3235 377 3360 435 Post
3394 379 3507 437 hac
3540 397 3766 453 sequ...

540 468 737 548 iaiiecs
755 468 821 520 ιε
856 478 912 521 ut
948 485 1134 525 mones
1174 481 1457 525 occurrant
1486 472 1549 525 ad
1582 472 2099 540 quinquagesimum,

537 564 627 623 qui
646 578 763 615 cum
790 562 1075 628 arniph‘ona
1100 563 1325 617 dicatur.
1347 564 1473 617 Post
1494 579 1651 633 quem
1674 563 1765 616 alii
1787 563 1892 617 duo
1918 564 2107 632 psalmi

537 651 784 705 dicantur
813 652 1105 707 secundum
1138 655 1577 709 consuetudinem
1612 674 1623 708 :
1659 655 1708 708 id
1745 665 1846 719 est,
1873 656 2106 710 secunda

540 745 671 798 feria
692 746 906 813 quintus
930 757 985 800 et
1012 748 1316 801 tricesimus
1340 748 1585 817 quintus;
1617 750 1773 803 tertia
1805 749 1932 803 feria
1968 764 2104 818 qua-

539 838 866 895 drafzesimus
913 838 1182 891 secundus
1232 848 1285 892 et
1346 839 1818 909 quinquagesimus
1874 849 2103 905 sextus;

537 937 722 996 quarta
778 928 906 982 feria
970 929 1336 998 sexagesimus
1390 931 1575 985 tertius
1619 940 1673 986 et
1737 930 2104 1001 sexagesimus

536 1026 787 1086 quartus;
819 1020 1001 1088 quinta
1036 1021 1166 1075 feria
1204 1022 1566 1091 octogesimus
1592 1021 1850 1089 septimus
1877 1034 1934 1075 et
1957 1031 2104 1076 octo-

536 1108 770 1175 gesimus
800 1123 1000 1172 nonus;
1025 1120 1175 1164 sexta
1206 1110 1335 1165 feria
1361 1112 1781 1178 septuagesimus
1802 1112 2023 1181 quintus
2051 1121 2105 1167 et

537 1204 908 1261 nimauesTmus
965 1202 1209 1270 primus;
1258 1201 1482 1256 sabbato
1537 1212 1714 1256 autem
1773 1202 2106 1258 centesimus

535 1291 970 1359 quadragesimus
998 1294 1265 1347 secundus
1291 1301 1347 1347 et
1373 1293 1638 1348 canticum
1672 1294 2097 1359 Deuteronomii,

534 1382 673 1449 quod
700 1383 967 1437 dividatur
993 1385 1045 1439 in
1085 1383 1217 1437 ditas
1242 1384 1463 1439 Glarias.
1491 1384 1618 1439 Nam
1647 1386 1859 1440 exteris
1909 1385 2100 1441 diebus

534 1475 795 1526 canticum
826 1476 1236 1544 unumquodque
1261 1487 1282 1515 ε
1309 1476 1395 1531 die
1417 1491 1513 1530 suo
1541 1492 1605 1531 ex
1634 1477 1931 1547 prophetis,
1964 1476 2101 1532 sicut

602 1638 627 1667 ⁸
654 1630 808 1685 Deest
827 1632 1026 1684 dicatur
1054 1631 1105 1685 in
1140 1631 1278 1686 Hild.

602 1699 628 1737 b
654 1705 847 1763 :txon.,
872 1705 955 1754 die
974 1702 1249 1756 dominico.

603 1782 626 1809 ⁸
656 1771 820 1834 Flora,
853 1789 1269 1837 unumquemque.

602 1837 629 1877 ά
660 1844 866 1905 Sabim,
897 1845 1218 1912 Apocalypsi.

604 1922 628 1948 ε
656 1916 849 1977 Uxon.,
883 1914 1093 1978 lituniw,
1124 1915 1218 1977 al.,
1249 1914 1456 1968 letunia.

2213 479 2298 525 tur
2333 470 2541 532 laudes;
2572 469 2767 524 deinde
2809 470 2966 523 lectio
2994 484 3097 524 otia
3130 473 3365 539 Apostoli
3388 472 3414 510 ἀ
3464 478 3771 533 memoriter

2212 563 2484 617 recitanda
2515 606 2529 631 ,
2577 562 3009 632 responsorium,
3066 565 3505 630 Ambrosianum,
3561 580 3770 633 versus,

2212 656 2474 710 canticum
2497 655 2565 710 de
2598 653 2913 725 Eva‘ngelio,
2944 654 3123 710 litania
3158 664 3181 691 ο
3218 671 3232 708 :
3263 658 3421 727 291
3449 668 3502 711 et
3544 662 3773 727 comple-

2212 756 2321 802 tum
2361 755 2464 799 est.
2496 744 2659 800 Plane
2697 745 2901 813 agenda
2934 747 3188 800 matutina
3211 748 3296 801 vel
3327 752 3628 818 vespertina
3672 767 3771 806 non

2214 845 2446 890 transeat
2478 835 2495 872 ί
2530 835 2810 903 aliquando
2838 835 2937 889 nisi
2974 835 3026 891 in
3054 836 3243 891 ultimo
3273 852 3366 906 per
3386 839 3626 893 ordinem
3654 856 3770 894 ora-

2208 928 2285 981 tio
2312 926 2598 991 dominica,
2628 926 2876 981 omnibus
2904 926 3262 995 audientibus,
3286 929 3493 984 dicatur
3520 946 3549 985 a
3574 932 3770 1000 priore,

2207 1030 2423 1088 propter
2448 1018 2817 1073 scandalorum
2842 1020 3023 1086 spinas
3046 1035 3163 1087 qua-
3190 1021 3318 1074 oriri
3343 1023 3541 1087 solent,
3572 1035 3630 1077 ut
3652 1040 3775 1078 (ξου-

2206 1110 2349 1164 venti
2378 1117 2404 1157 ι
2438 1124 2533 1179 per
2564 1110 2730 1177 ipsius
2758 1110 3017 1163 orationis
3044 1111 3403 1177 sponsionem,
3437 1127 3537 1180 qua
3561 1114 3775 1180 dicunt,

2205 1201 2418 1257 Dimitte
2446 1201 2589 1255 nobis
2610 1203 2739 1256 sicut
2762 1212 2810 1255 et
2836 1218 2927 1255 nos
2954 1203 3255 1256 dimittimus
3288 1201 3337 1266 ι²;
3376 1216 3605 1274 purgent
3632 1222 3693 1262 se
3715 1212 3773 1263 ab

2207 1293 2510 1363 huiusmodi
2558 1296 2707 1349 vitio.
2745 1293 2970 1350 Cieteris
3004 1310 3131 1348 vero
3170 1296 3389 1364 agendis
3426 1298 3605 1353 ultima
3658 1316 3773 1366 pars

2200 1386 2322 1453 ejus
2348 1384 2604 1438 orationis
2630 1384 2838 1438 dicatur
2870 1402 2883 1437 :
2917 1396 2971 1438 ut
2998 1386 3064 1440 ab
3087 1386 3335 1441 omnibus
3368 1390 3771 1458 respondeatur,

2211 1477 2316 1533 Sed
2337 1476 2494 1531 libera
2526 1493 2615 1531 nos
2644 1494 2676 1532 a
2704 1477 2860 1531 malo.

2278 1628 2299 1667 τ
2338 1630 2540 1695 Oxum,
2572 1640 2852 1686 transeant.

2276 1710 2301 1747 ις
2340 1701 2581 1770 Quinque
2614 1716 2766 1762 mss.,
2797 1712 2849 1754 ut
2870 1702 3113 1757 conversi.
3137 1702 3294 1760 Bern.
3325 1705 3499 1770 Cass.,
3523 1710 3770 1762 utconrio

2206 1772 2290 1823 cti.
2317 1772 2522 1838 Sabim,
2548 1780 2600 1823 ut
2621 1789 2733 1824 cum
2762 1772 2980 1823 venerint
3014 1773 3080 1824 ad
3109 1776 3288 1839 ipsius,
3314 1786 3416 1829 etc.

2274 1840 2301 1878 ιι
2344 1842 2513 1900 Flor..
2543 1839 2768 1903 Concin,
2803 1842 2978 1903 Dion,
3008 1842 3226 1902 Bolier..
3258 1845 3459 1899 addunt
3483 1847 3653 1902 debita
3678 1866 3769 1903 no-

2196 1921 2327 1965 εει-α.

535 2018 3775 2060 ww

1819 2104 2465 2170 COMMENTARIUS.

604 2231 996 2307 Diebusuutem
1032 2231 1649 2307 privatis_matutiuorum
1687 2230 1977 2307 solemnitus
2022 2236 2096 2281 ita
2129 2230 2171 2287 Β
2271 2228 2439 2307 Lectio
2478 2231 2719 2307 _Apgstoli_
2761 2233 3048 2285 memoriter
3095 2234 3398 2307 recitanda.]
3460 2239 3655 2306 Quanti
3707 2244 3773 2298 sit

533 2314 734 2370 agatur,
766 2303 817 2354 id
852 2312 925 2354 est
954 2311 1006 2353 ut
1042 2302 1383 2369 sexagesimus
1421 2310 1593 2354 sextus
1631 2300 1856 2370 psalmus
1898 2301 2098 2370 dicatur

533 2368 637 2426 sine
677 2373 974 2441 antiphona,
1016 2368 1355 2425 subtrahendo
1398 2372 1591 2423 modice
1626 2368 1756 2423 sicut
1795 2368 2095 2440 dominica.]

533 2443 909 2499 Subtralieudo
948 2442 1183 2508 modice,
1234 2444 1286 2495 id
1324 2451 1404 2497 est
1443 2457 1545 2495 non
1586 2442 1657 2494 ita
1696 2442 1959 2501 celeriter,
2002 2456 2096 2495 seu

531 2515 687 2568 etiam
721 2514 890 2566 minus
920 2513 1025 2567 alte
1052 2512 1346 2577 cantando,
1394 2513 1560 2581 inquit
1589 2510 1888 2565 B-rnardus
1917 2510 2097 2565 Cassi-

534 2584 735 2637 nensis.
764 2583 1018 2638 Nimirum
1052 2583 1191 2637 sicut
1218 2583 1281 2636 ad
1315 2582 1517 2653 vigilias
1549 2583 1803 2652 psalmum
1833 2597 1951 2638 xciv
1978 2596 2100 2651 pro-

534 2654 790 2709 trahendo
837 2667 889 2709 et
937 2668 1146 2709 morose
1190 2653 1356 2708 voluit
1398 2654 1531 2718 dici,
1580 2657 1650 2708 ita
1700 2654 1763 2707 ad
1810 2655 2098 2707 matutinos

532 2726 791 2795 psalmum
819 2740 962 2780 Lm.

606 2794 673 2850 Ut
702 2813 874 2849 omnes
902 2802 1171 2847 occurrant
1194 2810 1259 2847 aa
1284 2792 1798 2865 quinquagesimum._|
1838 2792 2099 2865 Nonqui-

533 2865 654 2936 dem
689 2866 800 2936 jam
842 2868 1152 2934 incoeptum,
1202 2864 1726 2936 sedinclioandnm;
1771 2868 1840 2917 ita
1869 2874 1924 2919 ut
1952 2864 2099 2919 ﬁnita

532 2934 714 2990 Gloria
736 2936 920 3003 psalmi
941 2951 1079 2993 vai.
1099 2949 1284 2989 omnes
1299 2934 1406 3003 jam
1425 2936 1773 3000 occurrerint,
1798 2935 2099 3004 tardiusque

535 3010 806 3063 venientes
833 3006 1180 3071 satisfaciant,
1223 3005 1299 3059 uti
1342 3016 1461 3075 post
1487 3004 1848 3061 llildemarum
1878 3006 2100 3075 exponit

530 3076 831 3134 Bernardus
852 3077 1203 3132 Cas<inensis.
1253 3121 1259 3131 .

604 3149 706 3210 οιιὶ
733 3165 846 3201 cum
863 3146 1141 3219 untipltona
1163 3144 1407 3219 dicatum]
1437 3145 1514 3202 De
1546 3145 1850 3219 antipbonis
1878 3145 2100 3219 ad_reli-

528 3234 663 3288 quos
685 3220 913 3288 psalmos
943 3217 1070 3272 nihil
1092 3217 1218 3271 dicit
1239 3218 1295 3275 S.
1320 3216 1377 3272 P.
1392 3215 1722 3273 Benedictus
1747 3234 1759 3269 :
1792 3218 1915 3288 hinc
1939 3215 2101 3288 Joan-

522 3287 624 3342 nes
656 3287 796 3343 Bona
825 3291 892 3343 de
925 3289 1368 3358 Cisterciensibus
1397 3290 1507 3343 suis
1542 3289 1758 3357 loquens
1790 3287 1893 3358 (De
1926 3287 2094 3341 Divin.

529 3358 728 3415 Psalm.
752 3377 864 3428 cap.
894 3359 979 3422 18.
1004 3356 1035 3431 ς
1063 3358 1137 3431 4).
1174 3378 1193 3410 ι
1225 3360 1289 3414 ad
1320 3356 1740 3431 laudes,inquit,
1773 3356 1928 3412 unam
1958 3358 2099 3411 dun-

530 3439 675 3485 taxat
698 3431 926 3487 dicimus
959 3430 1325 3498 antiphonam,
1359 3431 1422 3485 ad
1459 3430 1609 3498 cujus
1646 3439 1883 3483 tenorem
1911 3443 2098 3484 omnes

527 3502 765 3570 psalmos
794 3501 1147 3555 modulamur.
1178 3520 1199 3553 ι

596 3571 721 3625 Post
749 3589 895 3641 quem
932 3572 1025 3625 alii
1049 3574 1151 3624 duo
1180 3570 1366 3640 psalmi
1402 3571 1634 3624 dicantur
1660 3570 1935 3622 secundum
1968 3585 2093 3622 con-

523 3640 889 3731 suetudinizuiz]~
923 3644 1091 3725 Quam
1141 3643 1253 3710 ipse
1298 3642 1542 3731 instituit,
1590 3642 1721 3731 sive,
1762 3650 1820 3731 ut
1862 3641 2091 3709 loquitur

523 3713 825 3768 Bernartius
851 3712 1082 3777 Cassin.,
1121 3730 1140 3763 ι
1179 3714 1468 3766 secundum
1498 3712 1933 3767 consuetudinem
1975 3728 2091 3763 mo-

527 3784 817 3838 nachorum
860 3786 950 3853 qui
996 3793 1122 3837 tunc
1166 3784 1218 3837 in
1267 3784 1381 3849 ipso
1428 3782 1751 3837 monasterio
1784 3782 2088 3835 Cassiueusi

518 3863 692 3921 erant,
732 3874 751 3906 ι
786 3870 891 3909 non
918 3863 1094 3909 autem
1125 3854 1344 3908 aliarum
1372 3854 1736 3907 ecclesiarum.

592 3920 778 3978 [dest
817 3926 943 3994 feria
979 3928 1222 3988 secunda,
1269 3923 1396 3994 eic.j
1448 3923 1613 3977 Feriae
1657 3920 1795 3985 apud
1831 3924 2088 3994 antiquos

518 4007 667 4047 erant
701 3992 825 4049 dies
846 3997 985 4059 festi,
1013 4011 1042 4049 a
1075 3994 1330 4049 feriendis
1358 3992 1604 4055 victimis,
1633 4008 1763 4062 quas
1792 3992 1872 4046 his
1900 3993 2088 4046 diebus

518 4064 832 4129 oﬂ‘erebant,
862 4067 939 4120 sic
962 4066 1109 4120 dicti.
1138 4065 1243 4120 Sed
1272 4065 1328 4118 Β.
1356 4065 1671 4119 Benedictus
1701 4079 1794 4131 per
1818 4064 1976 4117 ferias
2000 4063 2088 4117 hic

516 4135 766 4206 intelligit
803 4136 917 4190 dies
950 4139 1202 4205 privatus,
1230 4136 1382 4189 sicuti
1420 4154 1449 4189 a
1476 4134 1733 4190 Silvestro
1769 4147 1901 4206 papa
1943 4134 2087 4187 ordi-

516 4204 713 4261 natum
754 4204 975 4276 legimus
1023 4210 1074 4262 in
1128 4206 1440 4260 lectionibus
1478 4221 1596 4273 «inae
1634 4206 1696 4257 ad
1734 4204 1935 4276 vigilias
1971 4206 2085 4271 ejus

517 4277 636 4329 τεειί
676 4274 1003 4334 recitantur:
1040 4298 1057 4329 ι
1091 4277 1307 4333 Salibati
1347 4287 1402 4330 et
1439 4276 1687 4330 dominici
1726 4274 1828 4328 diei
1871 4278 2086 4329 nomine

514 4359 743 4413 retento,
776 4349 1007 4416 reliquos
1044 4347 1391 4403 hebdomade:
1419 4347 1533 4401 dies
1573 4347 1824 4401 feriarum
1871 4345 2083 4399 nomine

514 4419 822 4481 distinctos,
859 4429 913 4471 ut
935 4418 1044 4488 jam
1075 4429 1196 4472 ante
1228 4418 1276 4469 in
1308 4417 1540 4473 Ecclesia
1572 4417 1751 4473 vocari
1781 4425 2079 4485 cmperant,

516 4489 769 4556 appellari
797 4489 989 4553 voluit;
1021 4505 1125 4560 quo
1151 4488 1541 4557 signiﬁcaretur
1569 4488 1803 4560 quotidie
1828 4488 2077 4549 clericos,

512 4560 716 4626 objecta
766 4558 1077 4615 czcterarmn
1128 4574 1306 4615 rerum
1359 4572 1520 4626 cura,
1569 4558 1659 4613 uni
1706 4561 1817 4613 Deo
1862 4572 2080 4628 prorsus

512 4642 702 4685 vacare
728 4630 941 4686 debere.
974 4651 995 4682 ι

588 4704 806 4767 Quintus
826 4713 871 4757 et
892 4703 1176 4772 trigesimus
1196 4702 1421 4770 quintus,
1443 4696 1570 4769 etc.]
1712 4708 1957 4768 quzerunt
1983 4713 2080 4772 cur

512 4771 858 4827 interturbato
887 4770 1208 4841 psalmorum
1238 4772 1445 4831 ordine.
1480 4772 1577 4825 bos
1605 4770 1829 4824 diversis
1866 4787 1896 4824 e
1935 4770 2070 4824 locis

511 4842 743 4914 psalums
772 4844 830 4914 S.
858 4845 1012 4900 Pater
1034 4844 1271 4909 elegerit.
1324 4844 1484 4914 292
1517 4842 1821 4914 Respondet
1851 4841 2077 4895 Bernar-

510 4912 608 4964 dus
634 4913 839 4967 Cassio.
867 4927 920 4967 et
938 4932 1004 4970 ex
1031 4931 1093 4969 eo
1122 4912 1375 4969 BoheriiTs
1394 4912 1445 4967 ἶ
1475 4913 1525 4965 l"
1550 4913 1916 4966 auctoritatem
1961 4921 2073 4965 sta-

2202 2300 2373 2373 nteriti
2404 2300 2523 2373 liuic
2558 2300 3008 2373 Begulteistatuto
3057 2300 3667 2373 obtemperarefdisces
3706 2331 3765 2369 ex

2204 2371 2296 2424 lib.
2332 2386 2386 2423 ιιι
2415 2371 2648 2425 Revelat.
2682 2372 2741 2425 S.
2766 2372 3067 2437 Gertrudis,
3094 2389 3143 2429 c.
3176 2371 3265 2431 82‘.

2277 2439 2654 2518 Plane_agenda
2674 2444 2921 2518 matutina
2936 2445 3017 2518 pel
3037 2449 3338 2518 vespertina.
3359 2447 3494 2518 etc.]
3533 2450 3675 2517 Quid
3704 2450 3772 2509 sit

2199 2513 2404 2585 agenda
2424 2510 2581 2585 docet
2610 2512 2865 2568 Boberius
2897 2514 2979 2567 bis
3011 2516 3188 2569 verbis
3221 2535 3232 2568 :
3267 2536 3287 2568 ι
3322 2510 3763 2585 Αςεηᾶᾖιοιιιειι

2200 2592 2281 2637 est
2326 2581 2737 2646 substantivum;
2796 2586 2873 2638 sic
2916 2585 3058 2638 enim
3098 2581 3431 2652 appellantur
3476 2589 3623 2646 hora
3679 2609 3769 2648 ca.

2200 2653 2508 2724 uonicze‘in
2550 2654 2863 2721 quibusdam
2910 2656 3233 2724 regionibus.
3267 2676 3285 2708 ι
3343 2662 3405 2712 Et
3443 2660 3764 2720 Menardus:

2206 2742 2227 2776 ι
2260 2722 2477 2793 Agenda
2522 2733 2605 2777 est
2649 2724 2879 2779 ollicium
2923 2722 3144 2793 alicujus
3169 2727 3333 2791 hom,
3362 2729 3596 2785 ofﬁcium
3632 2734 3769 2789 diri-

2200 2810 2351 2861 num,
2375 2807 2578 2870 _cu_rsus
2624 2794 3011 2870 divinibflicii,
3036 2798 3414 2870 anniversaria
3457 2804 3766 2870 celebritas.

2198 2880 2336 2941 opus
2374 2864 2497 2941 Dei,
2532 2875 2593 2941 ut
2627 2866 2764 2941 infra
2803 2865 2903 2941 boc
2930 2868 3104 2941 capite
3135 2884 3151 2921 :
3187 2872 3377 2941 ceteris
3411 2873 3661 2941 agendis;
3705 2864 3766 2931 εξ

2201 2933 2888 3007 ΟιεςοιίἰᾹΑηιίρΙιοηειιίιιε
2914 2954 2926 2989 :
2956 2935 3021 2991 In
3047 2938 3245 3007 agenda
3284 2933 3596 2996 mortuorum
3623 2933 3765 2999 anti-

2196 3006 2368 3088 phona
2391 3020 2409 3059 :
2434 3005 2678 3088 Requiem_
2695 3015 2965 3088 cateruam;
2990 3005 3765 3088 Anastasius.Bibli‘othecarius

2199 3077 2251 3130 in
2279 3077 2456 3131 Leone
2481 3077 2717 3154 secundo
2730 3093 2754 3154 _:
2779 3077 2882 3132 Sed
2901 3087 2949 3130 et
2970 3095 3032 3132 ne
3053 3078 3227 3133 Mauri
3245 3083 3467 3154 episcopi
3485 3088 3766 3142 anniversi-

2198 3156 2275 3199 tas
2296 3163 2383 3200 seu
2402 3148 2600 3212 agenda
2618 3147 2971 3201 celebraretur.
3003 3170 3023 3203 ο

2273 3216 2392 3292 Nini
2420 3226 2643 3292 transeat
2678 3219 2975 3292 aliquando,
3006 3220 3104 3274 nisi
3137 3221 3190 3274 in
3218 3222 3394 3275 ultimo
3414 3240 3505 3292 per

2197 3290 2360 3369 oratio
2410 3288 2664 3369 dominica
2710 3290 2941 3369 omnibus
2981 3292 3317 3369 _au_dientibus
3360 3288 3601 3369 dicatur,
3628 3299 3764 3369 etc.]

2194 3359 2430 3430 Plurima
2456 3358 2542 3430 hic
2568 3368 2623 3412 et
2646 3369 2828 3414 nomn
2851 3360 3159 3430 dignissima
3185 3364 3479 3429 praescribit
3502 3358 3644 3422 SIP.
3668 3358 3763 3425 Bel

2199 3429 2461 3483 nedictus.
2505 3429 2701 3491 Primo,
2734 3439 2792 3483 ut
2827 3432 2892 3484 ad
2918 3429 3116 3487 omnes
3157 3435 3441 3489 canonicas
3471 3437 3627 3491 horas
3664 3442 3764 3493 sub

2201 3500 2366 3579 linem
2403 3499 2561 3579 officii
2591 3500 2798 3579 dicatur
2829 3504 3015 3579 _o_ratio_
3033 3504 3318 3579 dominica.
3362 3505 3518 3579 idque
3546 3523 3763 3579 promer

3533 3227 3764 3283 ordinem

2124 3600 2169 3662 Ο
2200 3569 2982 3662 ςκςθιιςιιξιεειξιιὲιιάέρὺίυφ.
3003 3573 3160 3642 hujus
3181 3569 3763 3662 oratioiiis',luu;:iiii;tri-

2199 3642 2299 3694 bus
2344 3642 2671 3707 podssimum
2734 3645 3013 3695 momentis
3076 3648 3412 3699 commendat
3466 3647 3759 3706 Boberius:

2197 3712 2253 3766 1⁸
2278 3727 2304 3763 a
2333 3712 2605 3783 dignitate,
2633 3712 2753 3780 (pila
2782 3712 3031 3782 Magister
3060 3719 3431 3783 magistrorum
3463 3732 3579 3773 eam
3608 3737 3761 3775 com-

2196 3783 2401 3851 posuit;
2431 3782 2488 3834 2°
2516 3796 2546 3833 a
2572 3782 2851 3858 brevitate,
2891 3786 3084 3858 et‘boc
3121 3782 3421 3855 multiplici,
3471 3790 3660 3858 inquit,
3692 3794 3762 3848 de

2194 3868 2384 3916 causa;
2417 3867 2536 3905 nam
2572 3852 2687 3905 ideo
2714 3865 2795 3906 est
2825 3854 3016 3917 brevis,
3050 3866 3106 3908 ut
3133 3852 3323 3910 melius
3346 3852 3563 3920 sciatur,
3595 3852 3656 3914 ut
3678 3863 3761 3915 fa-

2191 3924 2344 3976 cilius
2376 3923 2687 3983 retineatur,
2722 3932 2779 3976 ut
2818 3924 3104 3979 ferventius
3143 3928 3367 3993 dicatur,
3401 3937 3458 3981 ut
3493 3930 3760 3987 dicentem

2193 4007 2296 4063 non
2328 3993 2540 4058 tredeat,
2570 4002 2627 4046 ut
2657 4008 2750 4061 per
2778 3994 3125 4063 ignorantiam
3154 4011 3315 4051 nemo
3343 4011 3402 4051 se
3424 4013 3668 4063 excuset,
3705 4015 3761 4058 ut

2193 4062 2472 4141 Dominum
2515 4064 2621 4117 cito
2661 4062 2845 4141 audire
2884 4066 3094 4141 innuat,
3127 4077 3186 4119 ut
3227 4069 3346 4141 plus
3378 4068 3565 4141 affectu
3595 4089 3759 4141 quam

2192 4148 2321 4188 voce
2347 4135 2653 4203 designetur
2683 4136 2977 4190 orationem
3010 4137 3206 4192 debere
3228 4135 3383 4203 ﬁeri;
3424 4140 3480 4193 5⁸
3508 4155 3538 4194 a
3574 4135 3760 4197 fecim-

2188 4204 2385 4276 ditata,
2426 4205 2549 4274 quia
2595 4219 2782 4259 omnes
2818 4207 3102 4273 petitiones
3140 4209 3191 4261 in
3232 4222 3290 4261 se
3328 4213 3754 4276 comprehendit.

2186 4275 2338 4349 Quod
2401 4277 2642 4349 ultimum
2706 4287 2862 4349 caput
2922 4277 2994 4331 ita
3057 4280 3274 4341 exponit
3337 4275 3758 4349 S.Angustimrs

2187 4290 2338 4339 υιιοα
2401 4290 2642 4329 ιιιιιιιιιιιη
2706 4290 2862 4397 caput
2922 4290 2994 4331 tta
3057 4290 3274 4341 exponit
3337 4290 3395 4333 δ.
3429 4290 3758 4349 Augustinus

2187 4344 2555 4411 (Serm.64,in
2579 4362 2747 4417 uppen
2789 4347 2828 4415 .)
2855 4361 2949 4401 seu
2976 4349 3154 4417 quivis
3184 4350 3359 4402 alius:
3392 4368 3413 4400 ι
3435 4352 3557 4405 Htec
3582 4356 3759 4409 oratio

2186 4417 2581 4483 compendiosis
2642 4416 2852 4488 verbis,
2911 4417 2963 4471 id
3019 4428 3101 4473 est
3151 4430 3353 4487 septem
3408 4424 3757 4488 petitionibus

2184 4499 2371 4561 omnes
2398 4488 2602 4561 species
2640 4487 2893 4541 orationis
2919 4490 3334 4561 comprehendit.
3362 4487 3553 4561 quibus
3585 4494 3755 4549 Deum

2184 4556 2587 4625 interpellamus
2622 4567 2712 4609 aut
2748 4573 2842 4624 pro
2881 4559 3191 4627 appetendis
3222 4556 3397 4625 bonis,
3429 4575 3518 4615 aut
3541 4580 3637 4624 pro
3669 4568 3756 4619 vi-

2186 4629 2358 4701 tandis
2380 4631 2553 4691 malis,
2583 4636 2802 4701 autApr‘o
2819 4627 3058 4683 delendis
3086 4631 3409 4701 commissis.
3444 4653 3461 4684 ι
3490 4634 3618 4701 Qua:
3646 4637 3750 4689 tria

2183 4697 2299 4769 fuse
2325 4709 2379 4752 et
2403 4707 2523 4769 apte
2547 4698 2734 4769 exSS.
2761 4697 3002 4753 Patribus
3025 4700 3251 4769 explicat
3279 4697 3756 4760 Alardusllazazus

2181 4768 2245 4821 ad
2268 4768 2505 4822 Cassiani
2532 4768 2710 4844 collat.
2731 4769 2781 4829 9,
2798 4784 2845 4823 c.
2862 4770 2950 4844 18.
2983 4768 3167 4844 Etbas
3189 4770 3330 4844 forte
3351 4773 3421 4844 ob
3438 4781 3749 4844 praemgaii-

2178 4854 2285 4914 vas
2308 4858 2327 4891 ι
2362 4854 2477 4892 mos
2512 4842 2867 4914 apostolorum
2910 4841 3030 4908 fuit,
3054 4841 3225 4914 inquit
3265 4844 3323 4914 S.
3345 4841 3651 4914 Gregorius,
3691 4858 3754 4901 us

2177 4910 2241 4985 ad
2274 4912 2438 4985 ipsam
2460 4910 2792 4964 solummodo
2817 4914 3109 4985 orationem
3137 4910 3501 4985 (dominicam)
3527 4918 3753 4971 oblatio-

508 4985 707 5035 tuentis
741 4986 1017 5051 sufficere,
1057 5002 1177 5039 cum
1212 4985 1371 5038 humo
1408 4983 1596 5051 spiritu
1643 4982 1878 5035 omnium
1906 4982 2072 5049 jusm-
2103 4981 2156 5040 D
2182 4982 2263 5033 nis
2304 4982 2529 5035 hostiam
2574 4992 2969 5036 consecrarent.
3002 5003 3022 5034 ι
3076 4982 3134 5037 S.
3158 4984 3403 5038 Clemens
3433 4981 3490 5037 in
3512 4988 3747 5042 Constit.

509 5066 624 5106 rum
668 5056 853 5123 plenus
891 5073 998 5110 non
1038 5060 1154 5111 sine
1195 5056 1495 5108 rationabili
1535 5068 1696 5107 causa
1735 5067 1798 5107 ac
1825 5054 2077 5121 mysterio

507 5122 605 5176 bos
665 5129 954 5188 [tril‘SL‘l'liltt
1021 5129 1084 5180 ad
1142 5126 1455 5180 matutinum
1522 5125 1753 5192 psalmos
1814 5123 2073 5191 elegerit:

504 5194 564 5248 2⁸
592 5211 712 5250 cum
751 5196 1051 5252 llildeniaru
1093 5198 1143 5251 in
1193 5197 1434 5264 quolibet
1481 5195 1701 5249 istorum
1752 5195 2072 5262 psalmorum

504 5276 596 5319 aut
643 5282 930 5336 expresse,
986 5278 1074 5323 aut
1120 5269 1220 5323 sub
1270 5266 1522 5337 mysterio
1566 5265 1765 5333 aliquid
1813 5264 2073 5337 contineri

502 5338 644 5404 quod
709 5334 774 5391 ad
820 5338 1003 5392 borum
1075 5334 1437 5392 matutina-lem
1481 5338 1785 5406 pertineat:
1827 5336 1879 5389 id
1930 5334 2071 5404 quod

502 5409 667 5460 fusius
692 5410 1019 5462 demonstrat
1045 5411 1400 5463 llildemarus.

575 5478 712 5532 Nunt
742 5482 935 5533 ca’teris
964 5482 1137 5533 diebus
1166 5482 1416 5532 canticum
1440 5478 1835 5547 urwmquodque
1861 5475 1943 5529 die
1960 5490 2066 5547 suo

500 5547 630 5599 sicut
658 5550 829 5617 psallit
856 5549 1086 5603 Ecclesia
1117 5551 1349 5603 Romana
1388 5546 1629 5617 dicatur.]
1676 5551 1726 5601 Id
1752 5546 1839 5601 e~t
1876 5546 2063 5600 eadem

502 5619 705 5689 cantica
743 5634 863 5689 quze
901 5622 1076 5689 psallit
1108 5621 1343 5674 Ecclesia
1376 5617 1628 5671 Romana
1660 5619 1934 5681 dicantur;
1962 5617 2065 5689 vel

502 5684 639 5758 sicut
691 5684 923 5744 Ecclesia
975 5690 1212 5743 Romana
1259 5689 1467 5756 aliquod
1516 5692 1780 5743 canticum
1830 5687 2067 5758 quotidie

504 5753 711 5825 psallit,
754 5761 822 5813 ita
851 5771 906 5815 et
936 5777 1051 5826 nos,
1078 5761 1187 5815 sive
1213 5753 1418 5824 eadem,
1450 5762 1559 5815 sive
1590 5761 1709 5815 alia.

2178 5060 2350 5119 apost.
2385 5053 2420 5105 l.
2446 5067 2538 5114 vn,
2569 5066 2619 5105 c.
2642 5051 2714 5106 25
2743 5052 2929 5121 (Epist.
2963 5053 3075 5119 65),
3107 5062 3287 5107 monet
3310 5054 3634 5112 Christianos
3688 5072 3750 5112 ut

2178 5136 2294 5193 eam
2326 5134 2406 5175 ter
2435 5123 2485 5175 in
2512 5122 2602 5175 die
2630 5123 2875 5177 recitent.
2909 5127 2960 5176 In
2990 5124 3215 5178 concilio
3241 5124 3497 5179 Toletano
3526 5141 3746 5193 iv,can.

2177 5192 2232 5254 9,
2269 5193 2521 5259 iubentur
2560 5194 2854 5263 presbyteri
2894 5210 2956 5249 ac
2992 5193 3173 5249 czeteri
3210 5196 3390 5250 clerici
3442 5192 3745 5255 orationem

2176 5263 2516 5326 dominii-am,
2548 5265 2669 5333 quia
2700 5264 3005 5332 quotidiana
3035 5275 3117 5318 est
3156 5265 3343 5331 oratio,
3384 5269 3609 5335 quotidie
3645 5270 3741 5322 di-

2174 5346 2321 5387 cere.
2360 5335 2674 5407 Deuiquein
2705 5336 2930 5407 Concilio
2956 5336 3236 5407 libemensi
3266 5337 3425 5407 293
3452 5354 3500 5391 c.
3525 5339 3577 5402 2,
3607 5340 3743 5407 legi-

2175 5418 2294 5457 mus
2321 5420 2364 5457 :r
2400 5404 2535 5457 Nulli
2562 5405 2863 5459 Christiano
2903 5406 3061 5460 licere
3090 5404 3736 5464 oratiurTeiu'domiuica'in

2172 5485 2264 5527 aut
2301 5490 2403 5549 non
2445 5485 2624 5530 tenere
2663 5476 2990 5541 tnenioriter,
3021 5489 3110 5530 aut
3152 5492 3256 5531 non
3301 5479 3615 5549 intelligere,
3638 5494 3742 5535 aut

2174 5559 2278 5598 non
2320 5546 2673 5614 frequentare.
2710 5565 2727 5596 s

2244 5612 2522 5683 Secundo,
2564 5617 2856 5682 praescribit
2894 5615 2949 5671 S.
2985 5617 3300 5675 benedictus
3336 5630 3398 5675 ut
3433 5621 3597 5673 oratio
3628 5612 3737 5671 dn-

2176 5685 2366 5738 minica
2407 5690 2509 5739 alta
2549 5688 2767 5757 dicatur,
2793 5702 2921 5740 voce
2958 5688 3022 5740 ad
3064 5690 3243 5744 laudes
3281 5701 3335 5745 et
3362 5707 3638 5757 vcsperas:
3680 5692 3735 5741 id

2175 5757 2313 5825 quod
2366 5757 2417 5809 in
2467 5757 2687 5812 concilio
2740 5756 3069 5813 Ccruudcnsi
3132 5776 3271 5815 anno
3318 5760 3421 5816 517
3460 5756 3737 5818 τοιειηιο
