3952 6182
509 297 609 355 ιεί
638 356 647 363 ,

1863 294 1920 353 S.
1959 295 2019 352 P.
2062 293 2411 352 BENEDICTI

3659 297 3758 351 151

506 414 601 469 ubi
646 413 807 469 etiam
833 410 1081 468 observat
1121 411 1258 466 haud
1302 423 1491 466 vacare
1520 409 1796 482 mysterio,
1826 408 1968 482 quod
2015 408 2071 463 S.
2103 411 2156 473 Ἀ
2186 407 2417 469 feriales,
2447 422 2606 482 quam
2640 406 2895 482 lectiones
2929 416 2985 464 et
3025 408 3522 482 antiplionze;_nam
3566 409 3753 482 eodem

513 483 834 539 Benedictus
895 482 1322 537 solemnitatibus
1394 481 1712 550 praemiserit
1778 481 2067 535 terminum

511 556 870 609 universalem
893 554 1120 606 omnibus
1146 594 1160 618 ,
1190 553 1256 607 ad
1293 552 1606 607 festivitates
1630 552 2032 621 praetermiserit
2064 567 2078 603 :

515 622 582 680 In
616 623 720 680 SS.
752 623 1133 694 festivitatibus,
1165 624 1360 694 inquit,
1394 623 1470 677 uel
1514 624 1748 677 omnibus
1779 622 2083 694 solemnitat-

516 696 682 759 tibus;
711 691 833 764 quia
871 710 973 748 non
1004 709 1192 751 omnes
1222 691 1525 764 sanctorum
1575 694 1890 749 festivitates
1914 736 1929 761 ,
1985 691 2081 745 sed

516 762 1066 835 tantumprazcipuaa;
1100 781 1289 819 omnes
1328 779 1454 819 vero
1486 762 1684 819 Christi
1710 765 2083 835 solemnitates

518 837 719 890 debent
746 836 812 890 ab
846 833 1082 889 Ecclesia
1113 835 1393 891 celebrari.
1431 853 1449 885 ι
1487 833 1864 889 Solemnitates
1902 843 2081 887 autem

509 906 756 973 Christi,
805 920 869 962 ex
924 906 1136 972 εθάελη,
1186 917 1311 960 sunt
1360 906 1636 968 Nativitas,
1687 904 2081 971 Circumcisio,

518 978 796 1046 Apparitio
821 1018 837 1042 ,
886 976 1235 1031 Praisentatio
1265 977 1317 1030 in
1351 976 1582 1044 templo,
1608 976 1771 1031 Cinna
1826 975 2036 1028 Domini
2064 1019 2082 1043 ,

523 1049 877 1111 l’arasceven,
905 1048 1193 1101 Sabhatum
1245 1059 1512 1111 sanctum,
1546 1048 1768 1111 Pascha,
1801 1046 2081 1112 Ascensio,

518 1117 895 1174 Pentecosten.
934 1117 1271 1173 Festivitates
1315 1134 1439 1173 vero
1486 1119 1581 1172 SS.
1630 1134 1748 1186 quae
1800 1119 2083 1185 principal:

518 1189 804 1253 habentur,
836 1198 958 1243 sunt
986 1190 1265 1243 duodecim
1299 1190 1670 1247 Apostolorum
1698 1227 1712 1249 ,
1760 1189 1816 1241 S.
1865 1187 2085 1242 Joannis

523 1258 801 1325 Baptistie,
828 1263 885 1313 ὃ.
918 1260 1205 1323 Laurentii,
1238 1262 1295 1313 S.
1329 1259 1505 1312 Maria:
1535 1261 1585 1312 in
1616 1260 1790 1313 medio
1822 1258 2045 1325 Augusti
2066 1297 2081 1320 ,

514 1330 585 1384 S.
616 1329 847 1387 Martini.
870 1331 926 1383 S.
967 1331 1213 1392 Caecilia,
1260 1330 1550 1399 S.Agath:e
1577 1339 1633 1383 et
1658 1330 1716 1385 S.
1750 1331 1985 1398 Agnetis,
2032 1339 2086 1383 et

519 1400 582 1471 δ.
614 1400 954 1455 Beuedicdin
978 1403 1405 1471 Quadragesimte
1431 1402 1652 1465 diebus;
1682 1410 1735 1454 et
1760 1401 1811 1452 in
1843 1398 2083 1471 calendis

526 1470 844 1525 Novembris
886 1469 1210 1526 celebratur
1240 1471 1496 1525 festivitas
1548 1474 1783 1523 omnium
1835 1469 1932 1525 SS.
1968 1469 2087 1523 Ista:

528 1556 739 1602 omnes,
764 1542 882 1608 quia
927 1557 1020 1610 per
1066 1550 1229 1595 totum
1263 1543 1518 1595 mundum
1547 1542 1884 1595 celebrantur
1907 1581 1923 1602 ,
1966 1540 2086 1594 ideo

526 1621 651 1666 sunt
682 1613 980 1681 praecipue.
1005 1612 1206 1666 Deinde
1234 1612 1515 1679 praacipuie
1555 1624 1679 1665 sunt
1717 1610 1954 1664 omnium
1983 1610 2080 1666 SS.

523 1687 617 1749 qui
648 1684 700 1735 in
731 1683 818 1737 illa
840 1684 1054 1736 civitate
1095 1688 1455 1752 requiescunt,
1503 1684 1590 1738 ubi
1634 1698 1819 1737 eorum
1862 1697 2083 1748 corpora

529 1755 775 1841 liumlata'
799 1761 941 1841 sunt...
983 1773 1002 1841 ξ
1040 1753 1309 1841 Hactenus
1354 1754 1707 1841 llildemarus.
1739 1755 1908 1841 Aliter
1956 1754 2083 1841 B‘er-
2118 1782 2164 1841 Β

521 1825 728 1878 ἰιίιι-ιιυε
755 1825 1061 1878 festidtates
1088 1841 1116 1878 a
1146 1827 1575 1878 solemnititibus
1619 1826 1689 1877 ita
1741 1824 1947 1877 videtur
1975 1825 2088 1876 dis»

530 1897 800 1963 tinguere,
836 1905 892 1948 ut
937 1897 1300 1949 solemnitates
1327 1895 1393 1948 ad
1422 1896 1617 1948 tlhristi
1645 1896 1761 1948 sive
1785 1902 2089 1947 sani-torum

532 1966 665 2019 festa
695 1968 988 2033 praecipua;
1017 1966 1329 2019 festivitates
1371 1981 1496 2020 vero
1521 1964 1586 2018 ad
1616 1967 1718 2018 alia
1747 1967 1923 2017 ntintts
1953 1978 2090 2031 prte-

525 2039 714 2101 cimta,
744 2039 811 2089 de
839 2039 1029 2105 quibus
1052 2037 1288 2090 officium
1324 2038 1390 2091 12
1428 2037 1714 2090 lectionum
1745 2037 2048 2089 cefebratur
2073 2078 2087 2103 ,

530 2112 801 2175 pertinere
831 2109 1056 2161 Videtur.
1094 2107 1199 2163 Sed
1231 2108 1519 2163 liildemari
1548 2107 1899 2168 sententiam,
1933 2122 2090 2171 quam

529 2187 824 2245 sequuntur
851 2178 1107 2232 Boherius
1128 2188 1181 2232 et
1206 2178 1504 2241 Meuardus,
1532 2192 1687 2244 quam
1713 2180 1871 2231 etiam
1896 2177 2092 2230 indicat

531 2249 831 2302 Amalarius
855 2248 905 2301 iii
934 2247 1337 2317 Supplementa,
1372 2254 1701 2317 praeferrem.

602 2318 765 2389 296
805 2318 950 2372 Sicut
999 2320 1219 2373 diximus
1258 2321 1512 2372 dominico
1556 2318 1639 2371 die
1687 2317 1973 2387 agendum,
2020 2319 2092 2370 ita

524 2392 757 2457 «ταωνι-,ι
783 2389 949 2455 Quem
993 2391 1046 2444 iit
1101 2391 1275 2444 locum
1318 2390 1617 2444 Boherius:
1653 2407 1671 2439 ι
1710 2390 1849 2449 Hoc.
1900 2391 2089 2456 inquit,

529 2458 841 2514 adverbium
882 2460 1012 2512 sicut
1046 2469 1195 2514 notat
1239 2462 1569 2514 identitatem
1616 2476 1668 2513 ιη
1719 2459 1991 2528 principiis
2038 2471 2093 2513 et

532 2530 729 2584 finibus
768 2530 1095 2598 vigiliarum;
1128 2531 1184 2585 in
1226 2532 1414 2586 mediis
1443 2547 1570 2584 vero
1599 2532 2002 2584 similitudinem
2037 2540 2093 2584 ttt

526 2602 802 2666 sequitur,
860 2601 982 2669 quia
1029 2604 1094 2655 ad
1167 2617 1445 2657 numerum
1509 2612 1562 2655 et
1611 2602 1822 2656 dicendi
1871 2606 2088 2654 modum

532 2675 779 2726 relertur.
819 2690 836 2722 i
873 2673 1031 2737 Quasi
1064 2673 1285 2737 diceret,
1340 2675 1443 2727 hoc
1486 2671 1628 2727 idem
1664 2676 1731 2725 sit
1771 2672 2088 2739 principium

533 2743 824 2813 vigiliarum
851 2743 990 2813 quod
1019 2744 1071 2796 itt
1102 2743 1401 2809 dominica;
1435 2758 1626 2813 nempe
1662 2741 1823 2807 Deus,
1855 2744 1907 2795 in
1939 2744 2092 2812 adju-

531 2817 751 2874 torium;
776 2810 1010 2881 Domine,
1041 2815 1174 2866 labia
1198 2831 1307 2867 mea
1331 2817 1526 2884 aperies
1557 2810 1577 2867 Ξ
1623 2815 1857 2880 psalmus
1906 2810 2091 2884 tertius

534 2894 591 2935 et
621 2884 996 2947 nonagesimus
1024 2894 1275 2951 quartus;
1312 2882 1451 2937 idem
1477 2886 1545 2938 sit
1577 2884 1695 2937 linis
1739 2886 1990 2937 nimirum
2023 2882 2094 2935 Te

532 2952 731 3016 Deum;
760 2952 828 3005 'l'e
852 2953 989 3004 decet
1021 2958 1152 3007 litus.
1202 2955 1396 3008 Psalnii
1430 2972 1586 3016 vero,
1621 2957 1962 3021 antiphontc,
2018 2957 2091 3009 le-

531 3024 760 3089 ctiones,
781 3028 1135 3091 responsoria,
1157 3042 1259 3079 non
1282 3026 1346 3079 ad
1369 3027 1708 3086 dominicam,
1723 3025 1814 3079 sed
1832 3028 1895 3077 ad
1926 3028 2089 3092 ipsam

532 3096 676 3148 diem
737 3098 1062 3161 pertinentes
1115 3098 1399 3160 dicantur;
1474 3107 1540 3149 ita
1595 3108 1770 3149 tamen
1832 3108 1884 3148 ut
1938 3096 2090 3149 sicuti

534 3166 798 3219 dominica
854 3168 1133 3220 duodecim
1204 3168 1392 3235 psalttti
1451 3168 1775 3234 totidemque
1835 3167 2165 3235 lectionesc

534 3236 801 3297 dicuntur,
838 3238 1056 3291 totidem
1100 3239 1258 3291 etiam
1311 3240 1361 3291 iii
1393 3238 1486 3292 SS.
1525 3238 1895 3293 festtt'ttatibus
1920 3239 2091 3290 omni-

529 3307 740 3377 busque
769 3309 1195 3362 solemnitatibus
1224 3310 1489 3362 dicantur.

604 3375 832 3448 Eaccpto
860 3379 995 3445 quod
1022 3381 1227 3448 psalmi.
1260 3391 1347 3433 aut
1389 3380 1704 3446 antiphouaz,
1750 3378 1827 3431 vel
1855 3378 2091 3432 lectiones

535 3449 604 3501 ad
627 3450 791 3521 ipsum
837 3449 972 3503 diem
1008 3453 1311 3520 pertinentes
1354 3448 1635 3521 dicantur.]
1668 3454 1789 3504 llaic
1822 3452 1981 3504 verba
2025 3450 2094 3501 ad

532 3518 700 3588 ipsum
738 3518 872 3573 diem
900 3518 1201 3590 pertinentes
1228 3522 1496 3589 duplicem
1525 3518 1705 3575 soriiri
1740 3532 1961 3588 possunt
1993 3535 2093 3574 ex-

579 3589 909 3656 licationem,’
927 3593 1131 3646 scilicet
1160 3592 1224 3646 ad
1256 3595 1429 3659 ipsum
1457 3594 1597 3647 diem
1628 3594 1817 3646 festum
1840 3590 1928 3658 qui
1957 3589 2096 3645 cele-

573 3670 720 3731 ratur
739 3669 793 3714 et
810 3662 1024 3728 colitur,
1045 3663 1126 3717 vel
1148 3665 1214 3717 ad
1237 3664 1407 3731 ipsum
1429 3663 1570 3718 diem
1596 3663 1833 3718 ferialem
1862 3664 1913 3714 in
1935 3677 2093 3731 quem

534 3730 719 3785 incidit
747 3731 861 3796 tale.
881 3736 1093 3804 l‘estum.
1122 3739 1294 3804 Atque
1333 3735 1475 3789 hunc
1502 3746 1827 3803 postremum
1854 3746 2093 3797 sensum,

538 3812 671 3873 teste
702 3803 973 3873 Bernardo
1015 3803 1341 3869 Cassinensi,
1376 3819 1565 3873 magna
1615 3806 1914 3858 animorum
1968 3818 2099 3857 con-

540 3872 779 3927 tentione
826 3872 1177 3929 defenderunt
1222 3876 1347 3929 olim
1401 3872 1638 3930 nonnulli
1690 3873 1958 3937 monachi,
1997 3876 2097 3928 huc

534 3945 800 4018 preciptte
824 3945 936 4018 nixi
985 3944 1348 4018 fundamento,
1378 3948 1525 4018 quod
1557 3947 1819 4018 integrum
1850 3947 1900 3999 in
1930 3947 2097 4018 septis

534 4027 688 4085 mana
717 4011 1034 4085 Psalterium
1062 4018 1274 4071 recitari
1300 4011 1487 4085 jubeat
1514 4019 1571 4073 S.
1603 4011 1939 4071 Benedictus.
1988 4011 2092 4070 Sed

534 4082 660 4138 huic
688 4084 923 4150 opinioni
948 4084 1054 4138 duo
1067 4082 1450 4154 opponitidem
1481 4088 1785 4142 Bernardus
1814 4086 2101 4140 Cassinen-

534 4155 643 4209 sis:
667 4154 725 4228 _1'
747 4156 1064 4209 contiariam
1078 4159 1542 4222 consuetudinem,
1561 4158 1869 4228 quaelegum
1896 4159 2095 4224 optima

534 4232 619 4279 est
665 4225 962 4298 interpres;
1020 4228 1073 4279 2’
1103 4229 1239 4296 quod
1293 4230 1352 4283 ὃ.
1386 4225 1702 4284 ιςεηθάὶ’‹·ιυε
1737 4225 1960 4298 praecise
1991 4242 2098 4283 non

538 4296 816 4367 precipiat
835 4295 939 4349 dici
967 4295 1125 4359 inte-gi
1141 4316 1226 4352 uin
1245 4315 1338 4367 per
1361 4295 1750 4354 hebdomadam
1762 4299 2098 4365 Psalterium,

533 4366 631 4422 sed
660 4375 871 4441 centum
899 4366 1279 4441 quinquaginta
1311 4372 1567 4441 psalmos,
1599 4372 1673 4424 uti
1700 4385 1759 4424 se
1788 4374 1902 4437 ipse
1922 4370 2102 4441 expli-

535 4446 641 4490 cat.
667 4436 930 4491 l’otuisset
947 4436 1141 4493 addere
1164 4442 1220 4496 S.
1246 4436 1610 4504 Benedictum,
1635 4456 1755 4496 cuin
1780 4436 2099 4494 Psalterium

532 4507 676 4582 omni
722 4508 1051 4582 hebdomada
1094 4514 1322 4582 decurri
1374 4521 1644 4582 praecepit,
1701 4527 1805 4565 non
1856 4511 2100 4567 absolute

532 4579 765 4653 locutum
793 4578 978 4641 fuisse,
1010 4581 1103 4635 sed
1136 4578 1498 4653 hypotheiice,
1529 4578 1698 4651 posito
1727 4584 1933 4637 scilicet
1954 4583 2097 4651 quod

535 4648 667 4702 festa
722 4662 829 4703 non
860 4653 1138 4720 eveniant,
1172 4648 1303 4723 qua:
1357 4655 1462 4708 illis
1517 4648 1845 4724 temporibus
1895 4648 2099 4709 rariora

534 4728 707 4774 erant.

602 4791 864 4847 Cancrum
915 4792 1030 4846 btec
1062 4793 1314 4848 Beruai-di
1363 4796 1628 4849 sententia
1654 4837 1669 4860 ,
1717 4810 1837 4863 quas
1864 4796 2100 4867 vulgaris

531 4870 635 4935 est,
666 4872 721 4915 et
746 4881 880 4932 pene
907 4882 1168 4928 omnium,
1203 4868 1284 4920 his
1317 4879 1496 4935 posset
1526 4869 1743 4930 insuper
1770 4879 2099 4934 argumentis

533 4933 753 4986 ﬁrmari.
812 4936 865 4989 ι’
920 4937 1072 5003 Quod
1112 4953 1217 4990 non
1271 4933 1439 5008 magis
1488 4938 1697 4992 dicendi
1752 4933 2093 5007 θυιὶινπειιιιιή

2188 493 2406 551 prorsus
2438 480 2599 531 modo
2627 480 2693 533 de
2726 480 2808 534 his
2839 480 3074 551 loquitur
3100 482 3159 536 S.
3196 480 3537 536 Benedictus.
3590 480 3758 551 Porro

2184 549 2323 619 quod
2353 565 2451 604 nec
2486 551 2775 612 lectiones,
2804 549 2921 605 nec
2947 552 3254 620 antiphoiia:
3285 552 3495 605 feriales
3526 550 3632 603 dici
3667 553 3760 603 de-

2187 622 2350 674 beant
2380 622 2430 673 in
2465 621 2656 681 vigiliis
2692 632 3001 676 sanctorum
3030 662 3044 685 ,
3097 621 3235 676 facili
3270 623 3484 690 negotio
3535 623 3759 674 demou-

2186 694 2345 745 Strari
2400 702 2591 760 potest.
2650 692 2777 745 Nam
2827 694 3000 761 quoad
3056 693 3334 756 let-tiones,
3367 693 3650 746 duodecim
3700 692 3754 747 in

2187 762 2339 814 festis
2366 761 2665 833 praescribit
2692 762 2763 833 Si.
2784 762 3080 833 legislator,
3107 764 3177 816 ita
3208 774 3267 817 ut
3290 773 3525 833 quatuor
3556 764 3759 817 uhiuue

2186 847 2400 897 semper
2454 832 2563 886 sint
2610 848 2675 886 ex
2726 832 2879 887 Novo
2912 835 3282 898 Testamento;
3314 832 3388 887 in
3440 833 3591 888 feriis
3634 849 3763 889 vero

2187 903 2504 956 hiemalibus
2532 912 2735 957 tantum
2772 914 2904 967 tres,
2938 905 2988 957 iii
3014 905 3211 959 :estivis
3260 909 3469 959 unicam
3500 905 3762 959 duntaxat

2184 988 2249 1027 ex
2280 973 2457 1026 Veteri
2499 975 2863 1028 Testamento.
2918 975 3111 1043 Quaero
3162 978 3342 1043 itaque
3387 975 3475 1027 ulii
3530 984 3762 1043 quatuor

2186 1044 2517 1109 accipientur
2563 1046 2820 1098 lectiones
2873 1061 2938 1099 ex
2992 1046 3141 1099 Novo
3191 1048 3537 1099 Testamento
3593 1049 3643 1097 iii
3701 1048 3761 1101 iis

2187 1116 2334 1167 feriis
2361 1115 2412 1167 iii
2439 1116 2631 1182 quibus
2659 1115 2949 1181 Vetus-legi
2997 1116 3406 1170 Testamentum
3456 1118 3757 1170 consueril.

2186 1183 2445 1239 Similiter
2470 1185 2639 1251 quoad
2667 1187 3010 1253 antiphonas,
3044 1202 3177 1254 quas
3202 1188 3262 1241 S.
3298 1189 3453 1241 Pater
3475 1185 3768 1242 dominii-is

2189 1256 2530 1327 {Idhpl’illllﬂn
2587 1259 2988 1327 seciindumque
3040 1269 3361 1311 nocturnum
3404 1259 3667 1325 as-ignat,
3710 1262 3759 1311 in

2187 1324 2336 1380 feriis
2364 1335 2567 1380 tantum
2588 1328 2654 1380 ad
2678 1324 2947 1391 primum:
2982 1334 3119 1382 unde
3141 1332 3185 1381 si
3218 1332 3520 1394 antiphona:
3551 1329 3762 1382 fetiales

2188 1395 2239 1448 in
2265 1408 2569 1450 sanctorum
2607 1397 2805 1466 vigiliis
2834 1399 3102 1461 dicamur,
3140 1415 3243 1452 non
3275 1400 3480 1469 reperio
3505 1400 3761 1453 d:cend;is

2191 1469 2241 1520 in
2272 1469 2507 1521 secundo
2539 1480 2799 1521 nocturno
2826 1469 2962 1523 sicut
2992 1470 3042 1522 in
3074 1470 3364 1535 dominica,
3395 1469 3548 1535 cujus
3586 1480 3760 1522 tamen

2189 1538 2404 1591 modum
2461 1540 2679 1591 omnino
2729 1542 2928 1595 servari
2967 1540 3025 1593 S.
3072 1540 3227 1594 Pater
3280 1542 3525 1594 instituit.
3569 1538 3762 1594 Modus

2188 1619 2354 1660 autent
2395 1612 2719 1672 supradictus
2770 1621 3018 1663 teneatur.
3048 1611 3105 1663 2°
3154 1611 3303 1678 Quod
3353 1611 3758 1674 CistercienseS.

2190 1680 2275 1741 qui
2305 1680 2558 1749 Regulam
2584 1682 2640 1734 S.
2666 1680 2938 1735 Benedicti
2964 1682 3028 1734 ad
3057 1683 3283 1737 litteram
3316 1683 3417 1735 sibi
3440 1686 3760 1736 servandam

2197 1774 2203 1805 i
2230 1761 2598 1817 rnposncrattl,
2635 1750 2686 1803 in
2714 1754 2864 1806 festis
2894 1754 2990 1807 SS.
3024 1753 3089 1805 ad
3128 1768 3316 1806 otttnes
3349 1757 3508 1805 ltoras
3538 1753 3761 1806 diurnas

2193 1827 2426 1889 p~atiiios
2454 1822 2665 1883 quidem
2699 1823 2909 1877 feriales
2941 1825 3304 1885 retinuerunt,
3330 1826 3423 1877 sed
3454 1823 3518 1875 ad
3543 1833 3763 1876 noctur-

2193 1906 2288 1944 nos
2331 1896 2644 1945 auctoritate
2678 1893 2832 1961 hujus
2877 1895 3067 1959 capitis
3111 1896 3340 1948 convicti
3399 1898 3759 1958 mutaverint;

2193 1962 2333 2014 ttndc
2354 1963 2804 2035 cardinalisiBona
2828 1982 2837 2015 :
2864 1982 2881 2015 ι
2902 1965 3225 2032 litvi-speris,
3245 1965 3432 2032 inquit,
3456 1965 3615 2035 297
3632 1981 3762 2017 nun-

2191 2047 2367 2104 quam
2385 2033 2614 2098 psalmos
2640 2034 2850 2088 feriales
2873 2047 3137 2089 mutamus
3161 2037 3228 2089 ad
3253 2033 3761 2104 menteuTltégulze,

2191 2118 2311 2170 qua:
2357 2102 2431 2175 in,
2458 2104 2832 2159 festivitatibus
2880 2106 3201 2172 psalmorum
3253 2102 3619 2160 mutationem
3657 2123 3756 2175 pro

2194 2174 2468 2226 nocturnis
2508 2186 2707 2229 tantum
2755 2177 2947 2244 vigiliis
2990 2179 3267 2245 permittit.
3308 2198 3326 2228 ι
3362 2179 3419 2231 3°
3449 2178 3601 2245 Quod
3634 2174 3759 2231 cum

2193 2246 2626 2318 Aquisgrauense
2656 2249 2964 2311 concilium,
2991 2250 3149 2301 nimis
3172 2250 3378 2303 fat-ilein
3400 2250 3755 2318 quorumdam

2193 2316 2447 2367 abbatum
2476 2318 2715 2370 ordinem
2742 2334 2769 2369 a
2792 2320 2847 2373 S.
2880 2319 3166 2372 Benedicto
3190 2320 3243 2372 in
3267 2316 3441 2373 officio
3462 2321 3761 2372 institutum

2194 2389 2430 2438 mutandi
2468 2385 2771 2441 libertatem
2826 2390 3078 2443 cohibere
3125 2390 3474 2453 desiderans,
3520 2390 3764 2443 statuerit

2195 2454 2346 2531 (Cari.
2381 2458 2456 2523 5),
2509 2468 2559 2509 ut
2597 2459 2828 2527 ofﬁciunt
2858 2461 2994 2528 quod
3044 2462 3096 2513 in
3150 2460 3350 2531 Regula
3394 2461 3454 2515 S.
3503 2459 3765 2513 Benedicti

2194 2528 2499 2594 continetur,
2524 2530 2769 2582 celebrent
2793 2532 3030 2583 monachi
3049 2573 3062 2594 ,
3090 2528 3303 2585 feriales
3328 2542 3502 2584 tamen
3528 2535 3764 2597 psalmos

2196 2596 2333 2649 ltiud
2384 2599 2695 2671 retinuerit.
2730 2614 2783 2652 ut
2813 2602 2949 2655 facili
2984 2603 3198 2671 negotio
3254 2613 3429 2668 pttlesl
3477 2596 3653 2670 colligi
3698 2618 3764 2655 ex

2200 2670 2454 2740 Atiialai'ii
2487 2676 2863 2738 Supplettiento
2906 2670 3067 2731 paulo
3093 2688 3202 2740 post
3240 2675 3547 2740 praedictum
3574 2674 3761 2725 conci-

2195 2737 2324 2812 lium
2353 2737 2572 2808 scripto.
2603 2737 2661 2792 4°
2693 2744 2839 2806 Quod
2864 2758 2982 2797 cum
3010 2737 3282 2812 pontifices
3306 2745 3621 2806 dispositum
3655 2762 3683 2794 a
3706 2745 3763 2799 S.

2196 2808 2255 2880 Ρ.
2295 2811 2579 2865 lienelictn
2630 2812 2870 2866 ordinem
2926 2808 3231 2880 psalmodia:
3274 2814 3411 2867 haud
3441 2825 3647 2867 mutare
3675 2832 3766 2865 vo-

2196 2879 2411 2946 luerint,
2444 2893 2497 2934 ut
2526 2885 2683 2936 decet
2716 2879 3002 2939 Watfridus
3040 2888 3232 2939 Strabo
3262 2887 3350 2939 lib.
3383 2888 3449 2939 de
3473 2890 3602 2938 lleb.
3634 2886 3764 2938 ecci.

2195 2965 2243 3004 c.
2279 2950 2365 3024 25,
2400 2954 2548 3005 nullo
2579 2966 2754 3006 tamen
2788 2955 2999 3023 probari
3030 2968 3199 3024 potest
3235 2958 3481 3023 ρκνιιψιι»
3506 2965 3599 3008 aut
3627 2959 3766 3008 facto

2197 3022 2429 3093 psalmus
2451 3023 2664 3076 feria'es
2696 3026 2746 3077 in
2778 3022 2955 3093 aliquo
2984 3022 3187 3080 ordinis
3219 3022 3549 3080 Benedictiiii
3583 3042 3762 3078 innua—

2205 3092 2369 3165 sterio
2415 3095 2479 3146 ad
2530 3094 2733 3162 vigilias
2782 3107 3068 3150 nocturnas
3113 3109 3419 3151 sanctorum
3475 3099 3764 3165 aliquando

2200 3162 2362 3236 fuisse
2410 3174 2739 3218 deoautatos.
2794 3167 2873 3219 Ad
2924 3169 3126 3236 vigilias
3157 3170 3313 3227 dico,
3351 3184 3469 3221 nam
3521 3162 3590 3221 de
3638 3174 3765 3221 solis

2200 3234 2387 3302 vigiliis
2417 3236 2592 3302 agitur
2635 3237 2735 3289 hoc
2761 3242 2966 3305 capite,
2986 3234 3105 3292 'non
3133 3241 3198 3291 de
3251 3242 3395 3293 horis
3444 3240 3651 3292 diurnis
3672 3281 3686 3302 ,
3717 3241 3765 3292 in

2194 3309 2386 3373 quibus
2410 3306 2621 3360 fertales
2645 3308 2878 3374 psalmos
2901 3319 3118 3363 cantant
3143 3310 3549 3363 Cistercieu-es.
3583 3312 3768 3364 Isthaec

2194 3388 2504 3449 argumenta
2531 3376 2756 3449 alicujus
2785 3380 2914 3449 mihi
2946 3381 3193 3433 vidi-titur
3219 3397 3342 3435 esse
3373 3382 3768 3449 pottderis,qu:e

2195 3448 2543 3529 nihilominus
2570 3447 2742 3503 libero
2770 3448 3032 3520 cujusque
3070 3449 3273 3521 judicio
3299 3493 3311 3517 ,
3343 3447 3480 3506 haud
3508 3452 3765 3522 gravatim

2195 3529 2503 3573 committo.

2268 3639 2457 3718 .lfodus
2508 3651 2684 3718 autent
2721 3645 3101 3718 suprascripta:
3150 3646 3426 3718 teneatur.]
3460 3646 3516 3701 In
3550 3664 3767 3705 numero

2196 3712 2401 3787 scilicet
2427 3729 2605 3768 rerum
2635 3712 2999 3787 dicendarum.
3028 3716 3103 3770 Ex
3133 3733 3239 3787 quo
3276 3712 3508 3786 patet-ad
3536 3734 3766 3774 mentem

2203 3784 2420 3852 Regulae
2451 3788 2594 3838 nulla
2622 3786 2689 3840 de
2718 3786 2923 3840 sanctis
2954 3787 3111 3840 trium
3153 3784 3441 3842 lectionum
3475 3793 3607 3844 festa
3636 3794 3769 3846 cele-

2176 3856 2339 3931 ~l_irari
2380 3856 2607 3931 debere,
2655 3859 2763 3931 sed
2805 3866 3013 3910 tantum
3061 3858 3370 3914 duodecim.
3426 3862 3596 3914 ltecte
3645 3878 3768 3931 ergo

2199 3924 2460 3999 Bolierius
2487 3928 2537 3979 in
2567 3926 2801 3980 secundo
2816 3932 3200 3983 commentario
3219 3933 3463 3998 scripsit:
3498 3950 3517 3981 ι
3547 3924 3770 3999 Quidan

2198 3996 2407 4050 faciunt
2433 4004 2542 4051 tres
2568 3998 2634 4051 de
2660 4001 2977 4065 quibusdam
3007 4001 3227 4065 sanctis,
3257 4011 3311 4055 et
3331 3996 3467 4056 licet
3515 3996 3767 4058 lectiones

2200 4076 2255 4140 et
2283 4069 2621 4140 responsoria
2654 4070 2947 4123 reciteutur
2980 4069 3048 4123 de
3079 4073 3284 4125 sanctis
3305 4111 3322 4137 ,
3360 4073 3550 4140 psalmi
3595 4085 3766 4129 tamen

2200 4137 2419 4193 feriales
2469 4139 2746 4204 dicuntur;
2802 4140 2897 4194 sed
2944 4142 3065 4194 talis
3097 4143 3310 4210 quidem
3361 4137 3602 4197 inistura
3657 4147 3769 4199 huic

2203 4224 2307 4261 nou
2336 4210 2628 4281 concordat
2667 4210 2916 4279 Regulae;
2951 4226 3048 4265 uec
3072 4213 3232 4266 etiam
3279 4220 3534 4281 probatur
3562 4229 3772 4270 sanctu—

2202 4294 2320 4353 rum
2361 4280 2623 4353 festivitas
2667 4283 2768 4335 nisi
2800 4282 3043 4335 dicantur
3073 4280 3352 4338 duodecim
3397 4288 3687 4353 lectiones,
3721 4300 3773 4341 ut

2202 4350 2257 4404 in
2280 4350 2569 4423 dominica,
2595 4353 2659 4405 ad
2687 4368 2844 4421 quam
2878 4352 2964 4406 hic
2987 4355 3240 4421 magister
3259 4365 3505 4409 notanter
3533 4350 3769 4423 remittit,

2203 4421 2296 4496 qui
2321 4422 2480 4496 etiam
2508 4425 2725 4493 cupiunt
2748 4424 2969 4496 haucad
3002 4423 3230 4478 litteram
3251 4441 3466 4480 servare
3494 4429 3642 4496 ltegu
3666 4421 3770 4495 am,

2208 4494 2402 4547 habent
2432 4493 2722 4547 buctnodis
2744 4495 2990 4548 omnibus
3018 4496 3331 4551 emendare.
3365 4514 3383 4549 ι
3420 4497 3488 4551 Et
3518 4493 3616 4553 hac
3644 4493 3772 4553 forte

2209 4566 2411 4617 ratione
2440 4566 2491 4617 in
2519 4563 2916 4618 Cassiuensiuin
2968 4567 3425 4621 Declaratioailius
3455 4585 3597 4623 anno
3645 4573 3774 4625 1520

2207 4636 2421 4700 scriptis
2452 4635 2696 4701 legimus,
2732 4652 2750 4685 ‹
2786 4637 2852 4689 de
2880 4640 3081 4690 sanctis
3110 4652 3215 4690 non
3247 4638 3450 4693 debere
3483 4641 3597 4695 fieri
3625 4643 3775 4695 aliter

2203 4720 2361 4773 quam
2410 4706 2689 4759 duodeczm
2740 4707 2993 4760 lectiones
3022 4722 3118 4760 attt
3166 4713 3771 4774 commemorationem,

2206 4790 2399 4848 printer
2428 4791 2586 4845 quam
2622 4778 2755 4829 infra
2788 4787 3152 4848 octavas,quo
3183 4792 3423 4843 tempore
3453 4793 3562 4834 tres
3583 4785 3774 4837 debent

2205 4847 2460 4900 lectiones
2493 4860 2696 4899 tantum
2730 4848 2856 4921 dici.
2896 4868 2913 4898 ι
2947 4847 3302 4915 Quandonam
3335 4866 3460 4904 vero
3501 4855 3637 4921 apud
3680 4872 3769 4905 no-

2203 4927 2346 4972 stros
2380 4921 2699 4986 ittcmperint
2730 4918 2862 4972 festa
2898 4921 3059 4973 trium
3093 4921 3391 4975 lectionum
3425 4918 3697 4977 nosvlatet.

547 5046 3769 5097 Μ

1829 5155 2217 5239 CAPUT
2294 5152 2500 5234 XV.

1534 5295 1807 5358 Alleluia
1842 5296 2064 5377 quibus
2098 5297 2472 5375 temporibus
2507 5295 2777 5355 dicatur.

610 5405 653 5460 Δ
680 5414 868 5461 sancto
899 5407 1101 5464 Pascha
1127 5425 1295 5481 uSque
1323 5414 1388 5467 ad
1415 5415 1766 5471 PentecoStcn
1799 5426 1847 5481 ⁸,
1880 5418 1999 5471 sine
2032 5419 2111 5472 iu-

538 5496 879 5553 termissiouc
902 5496 1112 5555 dicatur
1134 5502 1365 5571 alleluia,
1399 5515 1505 5560 tam
1534 5511 1585 5562 in
1619 5508 1839 5578 psalmis
1865 5526 2021 5578 quain
2057 5516 2108 5564 in

541 5589 913 5658 responsoriis.
947 5595 991 5648 Α
1015 5592 1332 5651 Petitecoste
1353 5596 1380 5634 ι’
1410 5607 1587 5654 autem
1619 5614 1788 5669 usque
1818 5600 1882 5654 ad
1906 5612 2063 5669 caput
2091 5611 2112 5638 ⁸

610 5732 638 5794 _‘
666 5725 774 5794 ᾼΙ..
808 5726 1159 5794 Pentecoslen,
1183 5728 1381 5782 omisso
1409 5734 1492 5786 ml.

611 5790 642 5830 δ
670 5793 860 5853 Plures
880 5813 1036 5867 ωδε..
1066 5813 1098 5855 ο
1125 5790 1475 5856 Pentecoste".

2234 5416 2665 5484 Quadragesinia:
2708 5417 2953 5470 omnibus
2988 5418 3233 5474 noctibus
3259 5433 3379 5471 cuin
3411 5434 3505 5473 se:
3539 5420 3778 5479 posterioo

2226 5511 2374 5565 ribus
2428 5510 2645 5575 psalmis
2685 5522 2886 5562 tantum
2933 5512 2999 5563 ad
3055 5523 3343 5566 nocturnas
3375 5513 3605 5568 dicatur.
3636 5509 3774 5566 Omni

2229 5618 2354 5655 vero
2378 5601 2642 5654 dominica
2670 5610 2818 5653 extra
2847 5601 3008 5671 293
3029 5604 3538 5676 Quinquagesimaut
3568 5608 3776 5667 cantici,

2290 5744 2312 5771 ι
2344 5735 2448 5802 AL,
2473 5735 2524 5789 iit
2556 5746 2742 5803 caput;
2772 5736 2842 5791 al.
2869 5748 3046 5806 caput.
