3952 6182
247 282 346 336 iiii

1291 272 1557 329 iiEtil'LA
1602 274 2084 331 ωιιιιΕΝτΑτΑ.
2132 277 2278 331 CAP.
2322 276 2457 332 XVI.

3401 271 3503 326 458

248 399 376 447 tere,
410 396 612 456 septem
636 387 752 441 illas
777 388 1037 456 signiﬁcat
1066 387 1209 441 vices
1236 386 1424 455 quibus
1448 403 1505 441 se.
1524 391 1810 444 monztclto-
1842 393 1892 450 Α
1992 391 2063 444 Ex
2090 390 2248 445 dictis
2279 391 2533 444 hactenus
2562 391 2691 444 satis
2722 389 2949 444 refutata
2984 398 3163 443 manet
3211 389 3493 445 Neocaesa-

250 474 361 512 rum
380 458 590 511 devotio
600 459 870 512 consolatu
880 476 924 518 r,
939 458 989 512 id
1003 458 1418 521 cst,matutinas.
1436 461 1667 519 tertiam.
1685 476 1811 514 sex-

254 540 376 590 tam,
395 543 612 595 nonam,
632 529 1008 593 luccrnarium,
1032 530 1427 598 completorios,
1450 539 1753 585 nocturnos.
1786 550 1804 580 ι

250 599 402 681 303
418 599 813 681 Sinrileshoras
835 600 1060 653 instituit
1082 600 1278 681 Regula
1384 599 1587 663 lsidori,
1616 617 1731 667 cap.

255 669 488 739 Denique
514 669 576 724 S.
616 670 842 723 Basilius
872 681 1076 738 septem
1104 669 1263 723 etiam
1294 669 1451 724 horas
1488 684 1730 726 recenset
1759 674 1809 725 iu

250 756 410 795 serm.
440 741 467 793 1
496 740 563 794 de
594 740 923 795 lustitutiune
956 741 1360 799 monachorum.
1390 742 1475 795 ubi
1503 742 1580 796 sic
1607 743 1813 796 discur-

252 813 350 864 rit:
381 828 400 863 ι
425 812 474 865 Is
503 811 729 865 maxime
756 812 1004 864 horarum
1034 812 1224 865 modus
1253 812 1515 865 tenendus
1540 824 1641 872 est,
1671 816 1758 879 qui
1782 830 1810 867 a

249 882 451 935 sanctis
475 882 601 934 viris
618 882 682 933 ad
707 882 1001 935 orationem
1031 882 1329 949 deScriptus
1350 890 1452 937 est.
1474 883 1676 937 Etenim
1699 887 1813 938 exi-

252 956 387 1005 mius
417 954 504 1005 ille
535 953 694 1023 David
722 959 832 1006 ait:
864 950 1036 1005 Media
1071 963 1218 1005 nocte
1245 954 1510 1017 surgebam
1558 955 1626 1005 ad
1653 955 1814 1023 conﬁ-

250 1024 455 1075 tendum
500 1022 588 1074 tibi
634 1040 785 1091 super
826 1024 1029 1093 judicia
1064 1023 1281 1094 justitia:
1319 1033 1454 1087 tute;
1481 1040 1637 1091 quem
1685 1022 1812 1078 sane

249 1109 460 1161 qtthite
512 1094 704 1147 Paulus
732 1104 785 1147 et
830 1094 968 1148 Silas
1008 1095 1175 1148 secuti
1209 1094 1565 1162 reperiuntur,
1610 1095 1723 1163 qui,
1758 1096 1809 1148 in

249 1180 465 1217 carcere
490 1165 668 1232 positi,
699 1166 911 1218 circiter
951 1165 1182 1218 mediam
1226 1175 1433 1219 noctem
1469 1165 1630 1218 Deum
1654 1168 1811 1219 ambo

248 1235 634 1289 collaudarent.
672 1235 831 1288 Addit
857 1235 1049 1289 deinde
1075 1234 1212 1289 idem
1241 1237 1498 1303 propheta
1523 1254 1536 1287 ι
1566 1251 1807 1304 vespere,

253 1322 409 1359 triane
440 1315 497 1358 et
542 1306 781 1359 meridie.
824 1305 958 1373 Quin
989 1315 1040 1358 ct
1079 1306 1311 1374 Spiritus
1340 1316 1555 1360 sanctus
1600 1308 1812 1361 circiter

252 1377 432 1429 iturum
458 1376 561 1429 dici
594 1377 798 1429 tertiam
827 1376 1012 1440 adluit,
1040 1376 1177 1428 sicut
1201 1378 1250 1428 in
1284 1378 1429 1429 Actis
1452 1378 1807 1446 accipimus...

254 1448 416 1499 Porro
440 1462 579 1499 nona
604 1447 887 1500 dominica:
916 1447 1177 1512 passionis
1210 1448 1524 1500 memoriam
1575 1452 1806 1501 rel‘ort...

254 1517 445 1571 Verum
479 1520 723 1584 quoniam
754 1518 877 1571 item
905 1516 1006 1570 hoc
1049 1526 1131 1569 est
1163 1518 1299 1585 apud
1332 1519 1574 1571 eumdem
1606 1517 1806 1571 Dav.d:

253 1588 453 1654 Septies
479 1589 529 1641 in
558 1590 637 1639 die
663 1589 865 1641 laudem
888 1588 997 1640 dixi
1033 1587 1120 1639 tibi
1166 1604 1315 1653 super
1352 1589 1550 1658 judicia
1590 1590 1812 1658 justiliie

252 1671 387 1721 ture,
434 1669 671 1725 tempora
720 1670 894 1712 autem
949 1658 1033 1710 illa
1078 1672 1197 1726 qua:
1250 1660 1477 1711 diximus
1529 1664 1803 1724 orationis,

251 1730 611 1795 Septenarium
641 1744 920 1783 numerum
957 1744 1063 1781 non
1097 1729 1405 1788 coniiciunt.
1451 1729 1698 1797 bipartito
1723 1733 1806 1782 di-

252 1800 479 1855 videnda
508 1812 587 1853 est
628 1801 800 1854 o.atio
853 1799 1165 1861 meridiana,
1197 1800 1265 1851 ita
1307 1799 1556 1854 videlicet
1599 1810 1652 1854 ut
1688 1817 1811 1869 pars

255 1887 351 1922 una
379 1872 559 1924 cibum
608 1870 891 1939 prince-dat,
927 1871 1090 1923 altera
1141 1870 1516 1941 subsequatur,
1547 1888 1651 1940 quo
1696 1888 1814 1941 per-

254 1953 405 2005 petua
442 1943 558 1995 haec
585 1942 737 1994 nobis
764 1942 985 1994 lormnla
1030 1941 1098 1993 sit
1135 1940 1300 1992 Deum
1329 1942 1526 2008 septies
1577 1958 1669 2008 per
1698 1940 1816 1995 sin-

258 2014 406 2080 gulas
456 2012 663 2064 dierum
696 2012 1081 2066 conversiones
1136 2011 1377 2063 laudibus
1426 2013 1749 2066 celebrandi.
1794 2034 1810 2064 ι

260 2084 530 2135 Hactenus
594 2083 652 2136 S.
711 2083 976 2141 Basilius.
1035 2082 1121 2149 qui
1185 2083 1311 2134 licet
1358 2082 1597 2135 videatur
1660 2083 1818 2135 horas

254 2164 458 2220 septem
486 2153 787 2217 admittere,
814 2168 998 2207 revera
1030 2162 1203 2205 tamen
1236 2154 1339 2203 non
1391 2153 1489 2207 nisi
1527 2169 1619 2208 sex
1658 2171 1820 2221 agno-

254 2228 395 2285 scit;
432 2239 554 2276 nam
586 2234 810 2285 sextam,
843 2238 1002 2290 quam
1030 2222 1375 2276 meridianam
1406 2235 1579 2286 vocat,
1607 2226 1657 2278 in
1688 2227 1820 2279 duas

254 2296 468 2357 dividit,
502 2294 647 2347 nulla
676 2294 809 2347 facta
841 2294 1025 2360 prima:
1056 2304 1142 2346 aut
1169 2294 1497 2360 completorii
1529 2297 1817 2351 mentione.

255 2366 392 2417 Alibi
426 2380 555 2418 vero
584 2362 791 2435 (Regni.
824 2362 1031 2418 Fusior.
1068 2380 1114 2416 ε.
1149 2362 1238 2433 57)
1280 2366 1513 2431 quinque
1563 2382 1656 2432 per
1681 2367 1821 2420 diem

257 2440 493 2503 assignat
527 2438 703 2500 horas,
743 2445 852 2488 tres
892 2450 986 2504 per
1019 2445 1250 2496 noctem,
1292 2435 1495 2489 scilicet
1547 2452 1641 2503 per
1680 2438 1822 2491 diem

258 2507 575 2559 matutinum
602 2510 713 2559 sive
740 2506 1052 2571 diluculum,
1089 2509 1317 2570 tertiam,
1344 2517 1570 2570 sextam,
1610 2523 1821 2570 nonam,

258 2586 312 2629 et
341 2576 725 2631 eucharistiam
761 2576 1021 2647 completa
1052 2576 1168 2638 die;
1211 2591 1307 2646 per
1337 2587 1545 2631 noctem
1580 2593 1707 2631 vero
1737 2593 1827 2647 pe-

257 2649 502 2701 titionem
529 2650 702 2700 noctis
720 2648 889 2710 initio,
908 2646 1134 2700 mediam
1157 2657 1389 2713 noctem,
1405 2657 1459 2701 et
1480 2658 1601 2702 ante
1622 2646 1828 2704 dilucu-

256 2720 393 2780 lum;
423 2734 545 2786 qmc
570 2718 703 2771 forte
725 2718 888 2771 tribus
910 2717 1207 2786 vigiliarum
1233 2728 1534 2773 nostrarum
1558 2722 1829 2775 nocturnis

256 2792 602 2857 respondent.
621 2789 770 2841 Nulla
798 2788 928 2843 facta
951 2789 1235 2857 primumut
1256 2789 1587 2857 completorii
1607 2802 1827 2845 utentio-

258 2876 341 2918 ne,
377 2862 478 2913 nisi
513 2861 647 2912 forte
673 2860 790 2929 quis
818 2874 939 2914 cum
972 2859 1222 2913 Menardo
1250 2859 1391 2914 dicat
1425 2862 1734 2929 petitionem
1764 2865 1831 2916 de

256 2948 355 3000 qua
410 2931 496 2983 hic
527 2930 582 2984 S.
622 2932 842 2985 Basilius
891 2944 1011 2984 esse
1048 2930 1483 2997 completorium;
1517 2947 1633 3001 quae
1656 2942 1831 2987 tamen

256 3002 527 3071 cornpleta
573 3003 680 3067 jam
707 3002 791 3054 die
820 3002 1154 3068 incoeptaque
1180 3010 1333 3073 nocte
1356 3001 1657 3073 dicebatur,
1684 3002 1834 3073 cujus

257 3087 354 3126 nec
372 3073 624 3126 meminit
652 3074 700 3124 in
725 3087 882 3140 supra
910 3073 1070 3124 citato
1094 3072 1336 3131 serm.de
1355 3072 1691 3128 Institutione
1711 3072 1827 3127 nio-

1922 462 2114 515 riensis
2172 462 2423 515 Ecclesiae
2459 462 2772 515 clericorum
2829 462 3125 526 temeritas,
3176 462 3263 529 qui
3299 462 3497 515 Basilio

1918 532 2109 601 Magno
2128 531 2412 592 aliqume
2444 533 2571 585 vitio
2601 542 2809 586 vertere
2839 532 2953 584 ausi
2986 541 3108 585 sunt
3149 532 3289 601 quod
3337 536 3493 586 statis

1917 605 2184 671 certisque
2239 603 2384 656 horis
2452 602 2563 655 Deo
2615 604 2798 656 laudes
2843 602 3196 666 persolveret,
3249 603 3490 658 dicentes

1917 655 2081 726 moris
2098 655 2172 726 'id
2195 688 2297 726 non
2349 673 2513 726 fuisse
2554 655 2762 742 magno
2800 655 3058 739 Gregorio
3089 655 3495 740 Tltattmaturgo

1916 744 2211 812 appellato;
2254 758 2386 812 quos
2432 742 2522 797 ille
2548 747 2704 808 epist.
2733 744 2801 798 63
2829 744 3087 797 confutat.
3148 744 3252 798 Sed
3310 755 3365 799 et
3395 746 3495 798 im-

1918 824 2087 881 pietas
2141 813 2398 881 Lampetii
2446 813 2700 875 haeretici,
2736 829 2802 867 ex
2844 828 3001 868 emno
3042 814 3488 871 Massalianornm

1915 885 2109 947 exorti,
2134 898 2224 938 eos
2245 885 2331 953 qui
2362 884 2597 939 deﬁnitis
2628 884 2773 937 horis
2805 882 2983 936 divina
3026 884 3362 940 celebrarent
3404 888 3490 939 of-

1919 954 2038 1007 ﬁcia
2065 955 2238 1009 adhuc
2282 956 2381 1024 legi
2429 953 2635 1009 servire
2678 955 2989 1013 asserentis.
3019 956 3091 1008 uti
3121 956 3303 1009 videre
3327 971 3403 1011 est
3439 962 3489 1011 in

1919 1024 2245 1080 Bibliotheca
2276 1026 2470 1091 Pttotii,
2502 1041 2557 1078 ιι.
2585 1024 2677 1089 52,
2702 1026 2769 1079 de
2814 1025 3034 1095 Synodo
3079 1024 3351 1083 Sidetana.
3384 1029 3492 1085 Sed

1915 1096 1980 1149 ad
2010 1096 2221 1163 Regula:
2258 1106 2461 1151 textum
2484 1098 2762 1149 veniamus

1990 1167 2153 1241 Utrait
2194 1166 2492 1236 PrOpheta:
2527 1167 2728 1241 Septies
2753 1168 2805 1218 in
2849 1165 3182 1241 die__l_audem
3206 1170 3316 1220 dixi
3350 1169 3487 1241 tibi.]

1918 1238 2076 1305 Quasi
2105 1241 2447 1300 semetipsum
2476 1248 2566 1290 aut
2585 1238 2745 1290 alium
2776 1236 3075 1305 quemlibet
3108 1236 3487 1307 interrogando

1917 1311 1973 1361 5.
2028 1308 2086 1361 Ρ.
2144 1309 2459 1361 benedictus
2517 1309 2567 1359 in
2627 1308 2781 1371 liuius
2827 1308 3020 1372 capitis
3052 1308 3204 1359 titulo
3236 1308 3489 1363 dixerat:

1918 1380 2173 1443 Qualiter,
2203 1379 2251 1430 id
2291 1388 2372 1431 cst
2399 1381 2631 1444 quoties,
2660 1379 2834 1430 divina
2875 1395 3031 1445 opera
3064 1396 3154 1443 per
3179 1381 3312 1431 diem
3338 1397 3489 1449 agan-

1914 1449 2035 1501 tur?
2067 1449 2255 1503 Postea
2290 1449 2440 1515 quasi
2476 1449 2868 1515 respondendo,
2916 1450 3084 1518 inquit
3129 1449 3262 1502 Hild.
3286 1465 3487 1511 martis,

1913 1532 1966 1572 et
1996 1530 2114 1586 post
2141 1535 2261 1573 eum
2298 1520 2600 1573 Bernardus
2622 1518 2978 1581 Cassincnsis,
3012 1521 3216 1584 reponit
3258 1538 3269 1572 :
3309 1519 3375 1573 Ut
3416 1524 3491 1574 ait

1914 1591 2160 1658 praplteta
2194 1606 2212 1642 :
2249 1588 2446 1657 Septies
2480 1591 2531 1642 in
2560 1591 2645 1643 die
2678 1590 2879 1642 laudent
2904 1590 3013 1642 dixi
3046 1591 3153 1653 tibi,
3182 1592 3492 1657 prophetica

1916 1664 2102 1726 verba,
2128 1662 2284 1713 sicuti
2312 1661 2456 1713 aiunt
2476 1659 2714 1728 pr.edicti
2736 1670 3005 1723 auctores,
3028 1676 3130 1713 non
3152 1676 3366 1714 sensum
3392 1678 3491 1717 suo

1845 1765 1892 1823 Β
1918 1731 2513 1823 adaptatisproposito:
2545 1746 2666 1812 nam
2700 1730 3263 1823 proplte't:a_itume-i-ttin
3302 1733 3491 1823 deum...

1922 1811 2028 1854 tum
2064 1818 2158 1869 pro
2181 1802 2457 1855 indeﬁnito
2486 1803 2744 1867 assignat,
2772 1812 2830 1853 ιιι
2858 1801 2995 1854 idem
3035 1806 3104 1855 sit
3131 1804 3317 1868 septies
3348 1805 3490 1871 quod

1918 1887 2151 1936 semper.
2180 1882 2397 1925 econtra
2427 1886 2552 1925 vero
2582 1872 2639 1927 S.
2674 1872 2731 1925 P.
2772 1871 3107 1925 Benedictus.

1994 1944 2091 2006 Qui
2104 1944 2418 2012 septenarius
2444 1951 2671 1995 sacratus
2689 1958 2947 2005 nutriet-us,
2975 1940 3105 2011 etc.]
3121 1943 3491 2010 Septenarinm

1922 2030 2199 2067 numerum
2227 2023 2491 2068 sacratum
2544 2014 2776 2081 appellat
2831 2012 2899 2064 ob
2951 2012 3227 2066 innumera
3278 2030 3395 2082 qua!
3443 2020 3494 2069 in

1921 2099 2040 2137 sese
2067 2083 2289 2138 includit
2316 2092 2647 2138 sacramenta
2675 2100 2689 2147 ;
2723 2099 2785 2138 ex
2835 2085 3029 2152 quibus
3075 2084 3251 2152 aliqua
3290 2089 3491 2140 revelat

1920 2155 1979 2209 S.
2010 2156 2187 2209 Bruno
2230 2154 2526 2224 Signiensis
2581 2156 2863 2225 episeppus
2915 2154 2996 2206 his
3053 2156 3227 2207 verbis
3267 2154 3404 2225 (Lib.
3445 2172 3496 2209 tv

1926 2225 2102 2289 Sent.,
2137 2243 2182 2278 c.
2219 2222 2505 2295 15,7serm.
2536 2225 2627 2291 2):
2678 2222 2936 2279 «constat
2984 2240 3086 2278 non
3131 2222 3303 2279 solum
3355 2231 3493 2295 apud

1928 2311 2045 2359 nos,
2068 2312 2252 2350 verum
2274 2294 2432 2348 etiam
2458 2297 2594 2362 apud
2618 2296 2794 2349 szcculi
2822 2298 3108 2360 sapientes,
3134 2294 3495 2358 septenarium

1929 2383 2209 2421 numerum
2262 2366 2684 2419 sacratissimum
2737 2380 2800 2419 ac
2854 2365 3300 2431 perfectissimum
3354 2384 3497 2428 esse.

1927 2440 2177 2506 quoniam
2227 2446 2280 2491 et
2328 2436 2503 2489 omnia
2538 2445 2796 2504 tempora,
2827 2447 2879 2488 et
2911 2450 3099 2489 omnes
3125 2438 3328 2491 numeri
3361 2440 3410 2491 in
3434 2457 3500 2492 co

1929 2510 2291 2561 Continentur.
2327 2506 2545 2560 Constat
2580 2509 2720 2560 enim
2751 2522 2814 2558 ex
2848 2506 2957 2573 pari
2990 2506 3041 2559 id
3066 2515 3149 2560 est
3175 2519 3421 2576 quatuor,
3447 2521 3500 2564 et

1931 2593 1990 2631 et
2023 2580 2191 2646 primo
2219 2578 2405 2647 impari
2440 2576 2488 2629 id
2517 2587 2599 2630 est
2622 2578 2817 2630 tribus:
2845 2576 3019 2647 omnis
3038 2587 3214 2630 autem
3244 2593 3499 2633 numerus

1888 2700 1891 2705 .
1933 2645 2034 2715 aut.
2060 2664 2152 2717 par
2188 2645 2308 2711 est,‘
2347 2659 2437 2701 aut
2486 2648 2675 2716 impar.
2737 2645 2924 2701 Omnis
2969 2662 3098 2716 ergo
3142 2663 3395 2703 numerus
3434 2666 3503 2706 ex

1934 2720 2220 2784 septenarii
2252 2720 2488 2787 partibus
2510 2719 2870 2783 constituitur,
2902 2728 2956 2771 et
3004 2733 3097 2785 per
3125 2719 3225 2772 hoc
3253 2720 3342 2773 alii
3400 2737 3497 2773 nu-

1937 2790 2068 2860 meri
2090 2791 2152 2860 in
2186 2790 2286 2845 hoc
2308 2805 2412 2860 uno
2444 2803 2667 2842 numero
2695 2789 3058 2860 continentur.
3086 2788 3221 2860 Ilinc
3248 2800 3329 2844 cst
3359 2792 3501 2860 quod

1935 2858 2102 2913 Judtei
2134 2869 2336 2927 septem
2367 2858 2553 2931 diebus
2579 2859 3099 2931 comeduntgazyma,‘
3115 2857 3238 2931 hinc
3260 2869 3343 2915 est
3361 2857 3501 2931 quod

1937 2940 2139 3000 septem
2170 2933 2355 2985 diebus
2398 2930 2672 2984 celebrant
2706 2929 3043 3001 festivitates,
3087 2928 3213 2983 hinc
3243 2941 3327 2985 est
3359 2928 3503 3001 quod

1940 2999 2127 3056 manus
2154 3002 2491 3056 sacerdotum
2515 3003 2725 3069 quando
2747 2999 3062 3054 ordinantur
3082 3009 3284 3067 septem
3317 2999 3505 3057 diebus

1942 3082 2209 3142 unguntur
2240 3083 2292 3126 et
2330 3083 2733 3136 eoosecrantuv,
2780 3070 2901 3124 hinc
2942 3079 3025 3142 est
3072 3071 3212 3142 quod
3265 3075 3502 3140 pontifex

262 3144 448 3201 nacb.,
474 3158 574 3196 nec
595 3138 897 3211 quisqtiaiii,
929 3143 1117 3196 saltem
1147 3157 1303 3211 quem
1338 3144 1525 3205 sciam,
1559 3157 1683 3199 ante
1702 3160 1824 3197 eum
1853 3138 1898 3197 C
1935 3138 2155 3212 tangens
2185 3146 2235 3196 in
2262 3143 2528 3211 sanguine
2563 3142 2784 3211 digitum
2837 3140 3035 3212 septies
3064 3138 3278 3212 projieit
3317 3155 3502 3198 contra

261 3216 309 3267 in
357 3215 601 3267 Ortrnte.
643 3214 906 3282 Quidquid
961 3216 1050 3274 sit,
1097 3223 1243 3267 certe
1279 3230 1344 3267 ex
1390 3216 1545 3268 dictis
1576 3215 1831 3269 hactenus

266 3297 409 3353 patet
444 3295 570 3338 ante
597 3285 654 3339 S.
691 3282 1030 3337 Benedictum
1076 3299 1105 3335 a
1155 3284 1310 3337 nullis
1339 3286 1639 3339 celebratas
1669 3285 1833 3339 fuisse

261 3366 469 3421 septem
504 3355 663 3408 simul
710 3355 871 3409 horas
897 3357 1204 3416 canonicas,
1233 3371 1365 3421 quas
1414 3371 1555 3408 nunc
1584 3357 1834 3410 observat

266 3425 542 3489 Ecclesia;
570 3440 688 3478 nam
716 3428 837 3480 licet
867 3435 1050 3479 essent
1073 3440 1259 3478 omnes
1278 3426 1385 3492 jam
1421 3429 1694 3493 institutae,
1729 3443 1832 3479 non

260 3513 454 3551 euntes
481 3497 857 3551 tameneodem
872 3496 1248 3551 dicebanturin
1278 3497 1414 3561 loco,
1444 3498 1565 3550 aliis
1588 3500 1831 3565 primam,

258 3569 382 3620 aliis
411 3567 823 3631 cotnpletorinm
856 3567 1401 3635 praetermittentihus.
1431 3567 1644 3635 Septem
1677 3567 1836 3622 horas

262 3639 312 3690 in
347 3640 437 3691 die
460 3639 686 3691 naturali
720 3639 1095 3707 persolvebant
1126 3638 1385 3700 nonnulli,
1414 3653 1480 3691 ex
1518 3638 1713 3706 quibus
1740 3654 1835 3692 sex

262 3722 316 3760 ut
351 3709 644 3778 plurimum
687 3709 738 3761 in
768 3709 853 3763 dte
884 3708 1170 3769 artiﬁciali,
1204 3712 1485 3776 septimam
1538 3720 1693 3763 nocte
1738 3709 1836 3763 de-

260 3781 575 3833 cantabant.
611 3781 676 3833 At
708 3795 830 3835 vero
859 3780 918 3833 S.
944 3781 1001 3832 Ρ.
1034 3778 1348 3833 Benedictus
1376 3779 1650 3848 propheta:
1681 3794 1837 3834 secu-

265 3861 351 3903 tus
377 3850 709 3916 exemplum,
736 3861 938 3919 septem
964 3852 1014 3902 in
1034 3850 1119 3903 die
1143 3848 1404 3902 artiﬁciali
1421 3850 1836 3913 horasinstituit,

260 3934 313 3973 et
329 3933 491 3974 nocte
505 3921 571 3972 ad
588 3922 949 3974 conﬁtendum
966 3922 1075 3974 Deo
1094 3920 1279 3972 fratres
1300 3935 1517 3989 surgere
1532 3922 1720 3975 voluit.
1740 3924 1839 3986 Qui

261 4003 446 4044 autem
473 4002 596 4058 post
617 4005 734 4044 eum
761 4005 1119 4061 supervenere
1150 3992 1492 4059 legislatures.
1513 3993 1651 4045 hunc
1682 4003 1839 4045 etiam

262 4076 551 4114 numerum
581 4060 863 4123 auxerunt;
891 4076 1008 4114 nam
1030 4062 1087 4115 S.
1123 4060 1444 4115 Fructuosus
1464 4065 1630 4130 epise.
1660 4063 1842 4116 Braca-

259 4134 439 4187 rensi~
455 4132 506 4184 in
525 4132 688 4196 prima
710 4133 903 4201 Regula
922 4133 1073 4200 (Cap.
1088 4132 1121 4184 *2
1136 4146 1183 4185 et
1209 4132 1261 4199 5)
1289 4133 1529 4187 undecim
1548 4133 1844 4187 bora~con-

258 4205 456 4258 stituit.
480 4203 725 4271 primam,
750 4208 1055 4261 secundam.
1075 4203 1305 4264 tertiani,
1336 4214 1571 4266 sextam,
1621 4220 1841 4262 nonam.

257 4273 662 4345 duodecimam,
703 4289 998 4343 vesperam,
1034 4274 1233 4327 initium
1270 4276 1462 4340 noctis,
1502 4275 1743 4345 synaxim
1775 4273 1843 4327 ad

261 4344 508 4399 mediam
526 4354 758 4415 noctem,
781 4346 1016 4415 synaxim
1039 4356 1156 4413 post
1170 4346 1398 4398 inediam
1416 4344 1645 4410 noctem,
1661 4355 1715 4401 et
1728 4361 1842 4399 ma-

260 4427 525 4495 tutinum.
564 4414 620 4468 lu
649 4414 877 4495 srcunila
915 4416 1063 4485 (Cap.
1088 4416 1549 4495 lﬁ),quiudecim,
1595 4417 1841 4495 primam,

1940 3210 2383 3281 propitiatorium’
2409 3220 2463 3284 et
2495 3210 2637 3267 fores
2688 3210 3036 3275 tabernaculi,
3072 3210 3208 3284 hinc
3236 3221 3320 3267 est
3360 3215 3503 3284 quod

1940 3287 2179 3352 Ieprosus
2202 3283 2538 3337 eoncluditur
2566 3293 2769 3350 sa-ptem
2811 3283 3020 3346 diebus,
3071 3281 3194 3352 hinc
3248 3293 3331 3338 est
3366 3281 3505 3351 quod

1939 3351 2096 3407 maria
2127 3370 2279 3408 soror
2299 3354 2462 3424 Moysi
2487 3362 2689 3420 septem
2713 3351 3109 3407 diebusmansit
3133 3363 3281 3407 extra
3309 3368 3505 3418 castra,

1942 3426 2064 3479 hinc
2093 3437 2175 3479 est
2203 3424 2341 3493 quod
2375 3426 2510 3477 muri
2542 3425 2757 3477 Jericho
2784 3424 2982 3489 septies
3018 3424 3418 3481 circumdantur
3454 3440 3509 3481 et

1939 3506 2218 3559 corruunt,
2243 3497 2367 3550 hinc
2382 3502 2461 3548 est
2484 3495 2623 3561 quod
2646 3495 2842 3564 septies
2867 3495 2918 3548 in
2944 3494 3257 3549 dielaudem
3286 3496 3509 3552 Domino

1940 3567 2189 3630 dicimus,
2216 3568 2337 3621 hinc
2363 3576 2445 3621 eSt
2468 3566 2607 3634 quod
2642 3581 2745 3619 non
2769 3565 2942 3618 solum
2971 3567 3170 3632 septies
3206 3566 3304 3620 sed
3347 3578 3508 3622 etiam

1942 3640 2243 3703 septuagies
2270 3638 2429 3707 305
2448 3636 2646 3703 septies
2670 3635 3215 3707 nostrisdebitoribus
3238 3637 3510 3694 dimittere

1939 3709 2207 3775 jnbcmur,
2243 3705 2365 3761 hinc
2413 3716 2493 3760 est
2530 3707 2670 3776 quod
2723 3706 2974 3769 templum
3008 3705 3260 3759 Stlomon
3304 3720 3507 3775 septem

1945 3779 2097 3831 annis
2141 3780 2432 3832 a-dilicatur
2480 3789 2535 3831 et
2574 3789 2781 3846 septem
2833 3777 3018 3830 diebus
3067 3776 3363 3831 dedicatur.
3399 3780 3511 3833 lloc

1944 3860 2146 3917 septem
2180 3850 2454 3910 Ecclesiae,
2495 3861 2697 3917 septem
2726 3847 3069 3910 candelabra,
3093 3859 3298 3913 septem
3340 3850 3512 3904 lucer.

1947 3936 2049 3982 nae,
2099 3932 2301 3989 septem
2360 3919 2552 3985 sigilla,
2586 3929 2793 3987 septem
2850 3919 3024 3989 angeli
3070 3917 3191 3970 tuba
3237 3929 3512 3982 canentes,

1946 3988 2336 4059 septempancs
2368 3989 2577 4043 turbam
2610 3989 2831 4042 multam
2856 3988 2909 4042 in
2944 3988 3159 4043 deserto
3189 3989 3513 4058 reﬁcientcs,

1945 4071 2000 4131 et
2019 4071 2219 4122 septem
2236 4070 2419 4131 gratiae
2439 4060 2669 4128 Spiritus
2685 4063 2855 4114 sancti
2877 4059 3180 4131 signiﬁcare
3203 4061 3468 4118 Videntur.
3490 4083 3511 4115 ι

1960 4130 2086 4185 Vide
2114 4128 2419 4186 Menardum
2451 4131 2518 4184 ad
2566 4133 2705 4185 hunc
2752 4128 2949 4196 locum,
2977 4140 3032 4187 et
3078 4128 3338 4186 Joannem
3371 4133 3513 4189 Bona

1947 4203 2015 4257 de
2041 4203 2221 4256 Divina
2251 4201 2515 4256 Psalmod.
2547 4214 2665 4270 cap.
2693 4201 2747 4267 2,
2775 4202 2801 4269 §
2834 4202 2889 4254 5.

2024 4273 2157 4339 Quia
2184 4273 2248 4326 de
2274 4273 2352 4326 his
2376 4272 2514 4325 horis
2543 4271 2742 4326 diurnis
2776 4272 2909 4324 dixit
2932 4287 2950 4325 :
2978 4271 3175 4342 Septies
3202 4271 3253 4325 in
3292 4273 3377 4329 die
3404 4274 3515 4330 (nu.

1948 4344 2077 4415 dem,
2097 4344 2205 4415 dixi
2238 4342 2371 4415 τιθῶ]
2419 4342 2586 4410 Quem
2642 4342 2921 4411 Prophetas
2948 4342 3269 4397 versiculum
3324 4346 3392 4401 de
3418 4348 3507 4401 die

1951 4414 2209 4469 artiﬁciali
2239 4414 2603 4484 late’sumpto,
2664 4420 2818 4482 prout
2844 4426 3038 4467 aurora
3097 4421 3151 4484 et
3200 4419 3517 4484 crepusculo

259 4485 585 4580 secundam,
613 4483 1122 4580 tertiam,quartam,
1146 4485 1405 4580 quintam;
1431 4483 1657 4569 sextam,
1682 4489 1842 4553 scpti-
1876 4521 1926 4580 Β
1950 4484 2427 4580 εἰτοιιιιιξοιιὺξιιιιι,
2483 4483 2542 4538 5.
2576 4484 2764 4580 Ρειιιξιο1
2787 4484 3062 4580 intelligit;
3094 4483 3378 4580 hune-de
3427 4489 3517 4543 die

260 4572 440 4620 mam,
459 4564 721 4626 activam,
747 4573 961 4622 nonam,
980 4557 1262 4621 decimam,
1289 4557 1638 4619 undecimam,
1662 4573 1849 4626 vespe-

260 4642 405 4691 ram,
434 4625 664 4698 mediam
681 4636 911 4690 noctem,
935 4627 1256 4696 gallicinium
1279 4644 1291 4688 ;
1318 4628 1576 4682 decimam
1602 4625 1839 4698 quintam

261 4714 373 4751 non
408 4697 697 4764 expressit,
731 4707 962 4751 attamen
996 4706 1073 4751 tot
1100 4698 1393 4753 instituisse
1418 4710 1559 4760 patet
1581 4697 1642 4753 ex
1672 4706 1838 4753 textu.

339 4767 587 4827 Denique
620 4771 1019 4833 praetermittere
1052 4770 1136 4823 hic
1175 4784 1379 4835 nequeo
1409 4769 1546 4837 quod
1582 4772 1648 4823 de
1686 4771 1841 4824 insti-

263 4850 379 4893 tuta
413 4838 672 4905 psallendi
702 4839 904 4891 ratione
928 4839 1090 4908 30a,
1136 4841 1203 4891 ab
1230 4841 1533 4893 Alexandro
1564 4845 1839 4895 Acmtnetn

266 4929 318 4962 tit
355 4912 686 4977 nimiastcrio
713 4913 775 4959 ad
812 4911 1129 4977 Euphratem
1153 4912 1413 4962 tedilicato
1431 4912 1617 4964 scribit
1638 4928 1841 4977 anony-

264 4996 393 5032 mtis
443 4976 610 5045 (1301.,
646 4980 711 5031 15
732 4976 914 5046 ,Ιαιιδε
973 5000 989 5027 ι
1022 4980 1252 5033 Primum
1290 4984 1340 5035 ιιι
1395 4981 1591 5050 lit-gula
1645 4976 1841 5037 sancti!)

264 5052 631 5105 institutionis
652 5066 889 5103 normam
914 5052 1257 5116 apostolicam
1280 5052 1522 5120 suscipit,
1546 5054 1837 5121 statuitque

264 5132 512 5181 tertiam,
548 5129 769 5185 sextam,
826 5138 1040 5184 nonam,
1070 5132 1124 5175 et
1164 5122 1321 5174 simul
1356 5139 1692 5177 noeturnunt.
1732 5128 1832 5179 Ue-

263 5195 409 5263 inde,
430 5192 686 5257 expendit
712 5192 838 5258 quid
889 5194 1027 5244 Deus
1063 5193 1262 5261 exigat,
1296 5202 1349 5246 et
1395 5193 1603 5247 invenit
1644 5194 1839 5263 ubique

261 5262 567 5332 septimum
595 5277 868 5316 numerum
940 5263 1233 5330 praedicari,
1266 5265 1708 5332 quemadmodum
1756 5262 1843 5318 di-

261 5335 452 5387 citur:
487 5330 686 5401 Septies
710 5337 763 5385 in
785 5334 864 5385 die
893 5333 1097 5385 laudem
1128 5335 1236 5386 diart'
1260 5330 1385 5397 tibi;
1415 5345 1469 5388 et
1500 5336 1621 5388 illud
1653 5339 1843 5389 statuit

262 5403 533 5471 exsequi;
558 5403 697 5471 quod
732 5412 785 5455 et
822 5404 1065 5471 perl'ecat,
1094 5406 1291 5472 septies
1319 5406 1570 5471 interdiu,
1605 5416 1657 5459 et
1684 5417 1841 5460 noctu

261 5485 479 5542 septies
520 5475 823 5541 concipiens
878 5489 1085 5541 preces,
1135 5477 1411 5542 septennio
1459 5476 1600 5529 hunc
1629 5488 1841 5531 secutus

262 5558 353 5598 est
380 5557 699 5617 tenorem.»
739 5544 923 5597 Postea
956 5561 1080 5598 vero
1112 5561 1207 5599 nec
1249 5547 1329 5599 bis
1356 5559 1636 5602 contentus
1661 5548 1840 5617 jugeni

265 5614 630 5688 psalmodiam
659 5616 919 5688 instituit;
944 5631 1101 5682 quam
1124 5616 1281 5669 etiam
1312 5620 1361 5670 in
1383 5620 1618 5688 pluribus
1639 5614 1846 5671 ordinis

266 5686 833 5755 nostriimonasteriis
864 5688 1093 5755 viguisse
1150 5687 1334 5754 probat
1379 5686 1557 5744 noster
1611 5688 1845 5745 Mabillo-

272 5760 411 5812 nius
429 5758 443 5799 ι’
458 5754 667 5822 Prwfat.
700 5756 903 5808 udswc.
924 5754 1013 5825 iv,
1042 5769 1174 5824 part.
1207 5758 1282 5827 tt).

528 5872 791 5930 Ριιτιιοι.
842 5869 1036 5932 LXVI

1952 4556 2204 4618 naturali,
2234 4558 2321 4624 qui
2356 4556 2525 4609 lucem
2550 4567 2604 4609 et
2628 4553 2875 4626 tenebras
2901 4553 3060 4626 simttl
3092 4555 3329 4620 involvit,
3354 4573 3515 4626 expo-

1950 4635 2083 4679 nunt
2133 4627 2189 4681 S.
2228 4623 2449 4679 Basilius
2478 4640 2638 4679 serm.
2696 4626 2719 4678 1
2753 4625 2821 4679 de
2861 4623 3193 4679 Institutione
3240 4623 3510 4693 monach.,

1949 4696 2235 4750 Ca~sianus
2261 4704 2314 4749 et
2341 4696 2452 4749 alii.

2022 4766 2159 4819 Nam
2206 4769 2269 4819 de
2292 4767 2550 4819 nocturnis
2579 4765 2766 4835 uigiliis
2795 4765 2927 4818 idem
2971 4767 3078 4834 ipse
3111 4762 3371 4835 Propheta
3408 4770 3516 4823 ait:

1953 4837 2125 4891 Media
2153 4846 2295 4892 nocte
2308 4838 2569 4906 surgebam
2609 4834 2677 4889 ad
2706 4836 3040 4904 conﬁtendum
3066 4834 3198 4904 tibi.|
3222 4837 3517 4893 Nocturnas

1952 4910 2159 4978 vigtlias
2188 4905 2503 4962 auctoritate
2524 4908 2702 4961 divina
2726 4908 3027 4970 conﬁrmat,
3051 4905 3328 4978 Propheta:
3351 4912 3518 4964 addu-

1950 4976 2077 5033 ceits
2104 4980 2429 5044 exemplum,
2460 4979 2546 5048 qui
2572 4978 2743 5031 media
2777 4988 2933 5030 nocte
2963 4976 3215 5046 surgebat
3250 4979 3315 5032 ad
3347 4986 3513 5035 conli-

1953 5051 2164 5103 tendum
2196 5051 2334 5104 Deo:
2367 5051 2503 5117 quod
2530 5060 2703 5102 tamen
2734 5049 2789 5101 5.
2817 5048 2972 5101 Pater
3003 5063 3105 5102 non
3146 5048 3224 5102 sic
3272 5054 3517 5118 proponit

1946 5125 2094 5188 quasi
2129 5135 2225 5175 nos
2255 5122 2412 5175 vellet
2441 5121 2612 5173 media
2639 5129 2794 5174 nocte
2820 5132 3059 5189 surgere,
3088 5119 3281 5189 quibus
3310 5123 3519 5177 modice

1947 5192 2175 5258 amplius
2221 5192 2289 5245 de
2334 5191 2505 5245 media
2537 5200 2692 5244 nocte
2743 5190 3041 5257 permittit;
3091 5190 3185 5245 sed
3230 5201 3431 5245 tantum
3462 5203 3519 5249 ut

1948 5264 2255 5316 ostenderet
2283 5265 2572 5315 monachos
2602 5268 2757 5313 nocte
2778 5274 2999 5329 surgere
3026 5260 3242 5330 debere,
3275 5273 3331 5331 ut
3355 5276 3521 5331 expo-

1952 5343 2083 5385 nunt
2109 5333 2448 5387 llildemarus
2476 5341 2528 5384 et
2560 5331 2861 5384 Bernartius
2889 5331 3241 5387 Cassinensis.
3282 5329 3401 5387 για.
3426 5329 3470 5386 Ῑ.
3506 5349 3521 5391 ι

1950 5405 2016 5455 de
2051 5405 2228 5463 Antia.
2259 5402 2506 5456 monach.
2535 5401 2766 5464 Bitibus,
2795 5415 2913 5466 cap.
2948 5402 3001 5455 1.

2024 5473 2158 5540 Ergo
2183 5475 2262 5526 his
2290 5476 2595 5541 temporibus
2644 5472 2921 5540 referamus
2951 5473 3129 5525 laudes
3173 5471 3405 5527 Creatori
3434 5491 3521 5529 no-

1956 5545 2104 5615 stra]
2130 5546 2243 5599 Non
2272 5546 2441 5598 solum
2491 5559 2605 5605 ore,
2632 5542 2748 5615 __sed
2790 5543 2949 5596 etiam
2993 5545 3175 5615 corde,
3223 5546 3328 5596 imo
3362 5551 3524 5599 cordo

1955 5613 2182 5682 amplius
2212 5633 2224 5666 :
2258 5631 2399 5680 nam,
2434 5625 2490 5667 ut
2516 5618 2591 5667 ait
2629 5613 2987 5677 llildemarus,
3027 5630 3046 5663 ι
3070 5613 3163 5666 Ille
3206 5615 3387 5667 laudes
3417 5618 3523 5670 beo

1956 5688 2119 5739 ret’ert
2145 5690 2231 5755 qui
2266 5695 2363 5739 noc
2390 5690 2529 5753 quod
2557 5698 2651 5739 ore
2680 5682 2832 5747 dicit,
2863 5687 3033 5755 corde
3055 5684 3276 5753 cogitat.
3308 5686 3375 5738 Et
3398 5700 3521 5754 pro-

1959 5769 2135 5825 pterea
2164 5752 2446 5829 vigilanter
2476 5757 2533 5811 S.
2566 5755 2887 5811 Benedictus
2915 5752 3228 5822 subiunxit,
3249 5771 3368 5812 cum
3397 5752 3531 5818 dicit.

2941 5865 3003 5927 15
