3952 6182
294 287 393 344 161

1326 284 1603 341 REGULA
1641 280 2132 339 COMMENTATA.
2173 282 2325 339 CAP.
2368 283 2529 339 XVII.

3450 290 3556 346 ωε

292 406 602 460 solemnibus
652 421 807 472 usque
847 405 916 459 ad
966 406 1144 459 missas
1191 404 1495 464 sustineant;
1533 409 1589 457 et
1604 415 1736 473 cap.
1760 400 1830 456 '58
1856 418 1869 473 ξ
1900 400 1948 460 Α
1979 407 2033 453 ει
2056 398 2282 473 reliqua.
2333 399 2464 473 LE;
2495 400 2700 456 duabus
2729 399 2874 458 hisce
2904 402 3244 472 Opinionibus
3276 407 3558 473 posteriori

297 476 425 530 Post
465 479 648 530 missas
688 487 736 531 et
776 478 1179 530 communionem
1223 472 1552 544 ingrediatur
1602 472 1769 527 lector
1806 471 1873 525 ad

294 548 581 602 legendum

345 564 623 671 $3.1m.)
648 657 663 679 ,
696 616 856 671 missa
880 616 1107 671 sumitur
1135 628 1233 684 pro
1265 614 1399 668 festo
1426 611 1651 682 alicujus
1678 612 1873 684 sancti.

294 689 367 742 Ita
389 697 591 743 statuta
624 690 680 744 S.
711 688 961 741 Adalardi
994 706 1006 739 :
1037 683 1198 757 308
1223 704 1243 737 ι
1278 686 1365 739 Isti
1392 692 1515 757 sunt
1535 685 1651 739 dies
1678 683 1878 757 in_qui-

294 759 395 814 bus
433 758 517 813 eis
560 758 629 813 ab
676 773 840 828 opere
882 752 1510 828 dominic'tfparcendum
1541 767 1690 809 est...
1730 752 1877 828 Nati-

298 830 438 883 vitas
475 824 755 884 Domini...
788 828 950 882 Missa
973 824 1524 887 domtueBalthildse;
1571 844 1590 877 ι
1647 825 1877 894 antiquae

296 901 604 955 Germaniae
632 900 1048 956 consuetudines
1077 913 1178 952 ms.
1197 939 1211 960 ,
1246 897 1418 951 p.30:
1449 914 1467 947 ι
1491 896 1686 950 Diebus
1709 896 1879 950 domi-

296 972 434 1024 uicis
486 980 542 1025 et
593 969 742 1025 festis
795 972 861 1023 ab
907 969 1034 1037 ipsis
1072 969 1308 1023 calendis
1337 964 1583 1022 Octobris
1614 982 1781 1029 usque
1823 967 1876 1020 in

298 1043 515 1094 missam
571 1042 629 1095 S.
685 1041 915 1095 Martini.
956 1061 974 1093 ι
1029 1040 1088 1094 Et
1143 1038 1317 1093 infra:
1382 1055 1401 1088 ι
1460 1037 1504 1090 Α
1558 1038 1712 1091 missa
1750 1053 1878 1091 vero

299 1112 355 1182 S.
392 1112 606 1166 Martini
630 1127 795 1182 usque
820 1113 872 1165 in
899 1111 1331 1182 Puriticationem
1363 1108 1422 1165 S.
1464 1109 1677 1173 Mai-ue,
1700 1118 1806 1163 etc.
1846 1127 1866 1160 ι

301 1180 433 1237 Vide
465 1183 628 1237 vitam
657 1180 727 1237 εξ
747 1182 988 1249 Gutlaci,
1019 1199 1071 1235 ιι.
1102 1180 1172 1236 ’52
1197 1221 1210 1243 ,
1242 1196 1367 1235 saac.
1397 1196 1473 1243 ιιι,
1521 1186 1661 1248 part.
1694 1194 1733 1233 ι.

369 1254 593 1321 Tertio,
648 1254 809 1307 missa
855 1255 1083 1307 sumitur
1134 1267 1232 1320 pro
1261 1252 1388 1305 hora
1439 1250 1726 1321 canonica,
1760 1252 1878 1304 sive

302 1338 399 1391 pro
439 1339 600 1378 cursu
632 1323 798 1377 divini
821 1323 1002 1379 officii.
1035 1324 1123 1379 Sic
1145 1322 1280 1392 apud
1308 1322 1620 1376 Cassianum
1652 1320 1876 1392 (Lib.u,

303 1412 416 1463 cap.
446 1396 538 1463 15)
565 1412 577 1446 :
609 1413 627 1445 ι
663 1395 837 1461 Quare
878 1403 997 1463 post
1026 1395 1241 1447 missam
1293 1403 1606 1447 nocturnam
1644 1391 1878 1447 dormire

302 1480 406 1518 non
443 1475 707 1533 oporteat.
744 1484 764 1518 ι
803 1466 867 1519 Et
906 1464 1029 1518 alibi
1064 1463 1201 1532 (Lib.
1230 1480 1308 1528 ut,
1356 1480 1470 1534 cap.
1518 1464 1572 1531 5)
1608 1480 1620 1515 :
1672 1482 1690 1515 ι
1720 1463 1878 1518 Missa

307 1539 572 1589 canonica
602 1538 867 1591 celebrata
891 1575 906 1601 ,
948 1550 1114 1603 usque
1139 1534 1205 1589 ad
1234 1533 1559 1605 lucem’post
1588 1534 1701 1605 haec
1740 1533 1879 1605 vigi-

304 1605 403 1659 lias
430 1608 749 1661 extendunt.
785 1626 803 1658 ι
834 1609 893 1660 Ει
927 1606 1212 1660 concilium
1241 1604 1546 1673 Agathense
1578 1604 1726 1674 (Cen.
1752 1604 1875 1675 50):

310 1694 329 1726 ¢
370 1676 571 1746 Hymni
603 1679 844 1731 matutini
872 1678 951 1729 vel
980 1676 1266 1741 vestiertini
1296 1677 1483 1730 diebus
1514 1675 1761 1730 omnibus
1781 1677 1875 1730 de-

1983 468 2301 545 suliragatur
2343 469 2703 545 Hildemarus,
2729 487 2848 526 cum
2882 468 3149 543 postrema
3182 468 3338 545 hujus
3367 480 3560 545 capitis

1981 539 2143 595 verba
2164 581 2179 603 ,
2210 549 2260 593 et
2287 545 2455 595 missa:
2484 541 2641 609 ﬁant,
2670 539 3062 610 commentans,
3091 539 3294 599 addit':
3331 567 3347 597 ι
3398 539 3448 602 Id
3478 564 3559 603 εει

1981 610 2254 664 orationes
2273 652 2288 678 ,
2313 611 2426 665 sive
2448 612 2861 679 supplicationes
2886 615 3269 669 monachorum
3296 617 3361 671 ad
3392 620 3556 674 Deum

1981 682 2331 757 transmissae.
2368 701 2385 733 ι
2414 680 2770 736 Ilildemarum
2793 694 3087 753 sequuntur
3111 688 3426 757 insigniores
3455 690 3558 744 Be-

1980 752 2117 826 gula:
2182 761 2827 826 commentatoreshpene
2875 752 3089 811 omnes.
3163 752 3487 826 smaragdos
3543 781 3555 813 :

1988 840 2026 895 i_
2053 822 2201 895 Quod
2234 824 2286 876 in
2322 823 2441 877 aliis
2480 823 2613 878 locis
2640 823 2767 878 dicit
2795 834 2849 880 et
2878 827 3201 895 completum
3230 822 3476 895 esu—hae
3502 833 3556 887 in

1982 893 2217 969 clausula
2247 903 2295 946 et
2334 895 2655 969 missmsuut
2697 895 2845 949 dicit.
2879 894 2947 950 Et
2970 893 3153 969 missae
3180 911 3299 953 sunt
3327 893 3556 969 repetit,

1976 964 2253 1040 orationes
2288 968 2429 1040 enim
2458 966 2653 1040 officii.
2687 981 2807 1040 qua:
2832 967 3047 1040 anubis
3077 981 3200 1023 sunt
3241 964 3555 1040 complent,

1982 1034 2092 1088 Deo
2116 1044 2238 1088 sunt
2265 1037 2463 1103 missae,
2487 1036 2609 1103 quia
2633 1036 2682 1088 in
2708 1037 2847 1091 illius
2875 1037 3077 1094 hoiiore
3105 1049 3231 1094 sunt
3252 1034 3554 1099 celebrata}.

1982 1105 2161 1177 Aliter
2179 1105 2451 1177 orationes
2475 1106 2525 1160 id
2549 1118 2629 1161 est
2652 1107 2889 1162 collectas
2911 1150 2927 1175 ,
2959 1126 3076 1177 qua!
3100 1110 3154 1163 in
3182 1111 3285 1164 line
3314 1129 3502 1169 cursus
3528 1133 3560 1170 a

1989 1175 2261 1231 Sacerdote
2303 1176 2583 1251 dicuntur,
2606 1178 2899 1251 mi:s:e,rid
2940 1175 3024 1235 est
3053 1181 3163 1236 Deo
3195 1186 3556 1251 transmissa),

1980 1257 2259 1319 Vocantur.
2300 1267 2319 1298 ι
2356 1247 2657 1303 Bernardus
2683 1247 3018 1305 Cassinensis
3049 1268 3063 1305 :
3099 1271 3116 1302 ι
3155 1252 3305 1319 Quod
3336 1270 3464 1310 vero
3488 1247 3561 1311 ait

1981 1319 2149 1391 missa
2178 1318 2428 1391 sintpsie
2459 1319 2767 1388 intelligas,
2814 1322 2955 1391 quod
3004 1318 3215 1389 quando
3252 1339 3464 1382 oramus
3492 1330 3560 1381 ad

1984 1386 2150 1440 Deum
2200 1389 2470 1443 orationes
2513 1386 2806 1455 mittimus,
2832 1386 2892 1446 ἐι
2919 1393 2987 1447 ab
3018 1386 3116 1447 ista
3149 1396 3400 1451 missione
3430 1397 3560 1452 dici-

1984 1466 2068 1533 tur
2097 1458 2623 1533 missaLUndequod
2651 1462 2780 1516 dicit
2800 1462 2967 1517 missa:
2995 1467 3125 1533 εῖηι,
3156 1465 3293 1519 idem
3318 1480 3398 1522 εει
3425 1484 3487 1523 ac
3517 1469 3562 1525 si

1982 1527 2183 1583 diceret
2208 1548 2227 1607 _:
2262 1529 2385 1607 Best
2416 1527 2577 1607 Kyrie
2609 1533 2806 1607 Δείείεοη
2845 1533 3055 1607 dicatur
3093 1527 3264 1590 oratio
3294 1553 3410 1607 qua:
3440 1541 3562 1593 mit-

1984 1609 2125 1675 tatur
2154 1600 2221 1675 ad
2272 1600 2481 1675 Deum.
2509 1602 2657 1657 Unde
2684 1618 2805 1657 cum
2836 1606 2946 1675 agit
2974 1605 3040 1659 de
3084 1600 3325 1675 veSperxs'
3365 1612 3417 1664 in
3461 1614 3561 1666 hoc

1981 1670 2396 1751 capitulo,_dixit
2424 1673 2562 1751 duas
2578 1675 2850 1751 orationes
2872 1670 3317 1751 faciendam-puta
3345 1683 3558 1751 quando

305 1740 617 1813 cant'entur,
662 1758 730 1821 et;
756 1749 808 1803 in
850 1740 1192 1802 conclusione
1224 1748 1602 1821 matutinarmn
1644 1747 1727 1821 vel
1761 1761 1880 1821 ves-
1910 1760 1954 1821 Β
1982 1740 2191 1821 dicit_in
2228 1743 2400 1821 littera
2430 1744 2602 1821 ora_t_i_o
2629 1743 2934 1821 dominica_,
2968 1747 3019 1800 id
3050 1759 3133 1803 est
3154 1740 3321 1805 'Pater
3357 1740 3556 1814 noster,

306 1822 637 1883 pertinarum
663 1819 943 1873 missarum
973 1828 1088 1888 post
1112 1821 1338 1889 hymnos
1367 1818 1611 1887 capitolia
1639 1816 1707 1872 de
1738 1818 1879 1872 psal-

306 1889 406 1941 Inis
431 1892 696 1945 dicantur.
733 1909 753 1942 ι

375 1960 613 2028 Quarto,
652 1961 813 2015 missa
836 1960 1063 2014 sumitur
1087 1974 1182 2029 pro
1208 1958 1454 2013 lectione.
1482 1957 1539 2015 S.
1568 1959 1885 2015 Aurelianus

308 2030 358 2084 in
391 2032 596 2085 Ordine
628 2031 924 2100 psallendi:
960 2049 979 2082 ‹
1014 2030 1068 2084 In
1100 2030 1270 2085 Natali
1319 2029 1524 2084 Domini
1565 2040 1620 2085 et
1659 2031 1710 2085 in
1762 2030 1885 2098 Epi-

309 2102 505 2170 phania
539 2106 691 2156 tertia
722 2102 851 2155 hora
885 2104 1056 2156 noctis
1082 2102 1282 2170 surgite
1311 2118 1323 2151 :
1354 2101 1512 2154 dicite
1557 2116 1719 2155 unum
1762 2116 1884 2157 noc-

310 2182 528 2225 turnum
558 2213 573 2235 ,
623 2184 676 2227 et
725 2174 881 2226 tacite
919 2186 1012 2227 sex
1062 2173 1254 2226 missas
1308 2171 1377 2226 de
1406 2172 1537 2225 Isaia
1590 2172 1884 2241 propheta;

309 2243 507 2295 iterum
539 2245 697 2298 dicite
724 2244 1013 2298 secundum
1042 2252 1388 2311 nocturnum,
1417 2252 1472 2296 et
1506 2243 1748 2311 legantur
1768 2244 1887 2297 alia:

309 2328 403 2367 sex
437 2315 505 2366 de
536 2314 849 2385 Evangelia.
883 2313 940 2368 In
963 2314 1255 2383 Epiphania
1283 2313 1387 2385 ita:
1434 2313 1504 2385 InA
1523 2314 1692 2385 primo
1720 2329 1883 2367 unum

311 2396 655 2445 nocturnum,
674 2382 865 2439 deinde
883 2387 949 2439 de
968 2382 1186 2439 Daniele
1209 2384 1464 2453 pmpheta
1483 2382 1641 2439 facite
1658 2385 1777 2438 illas
1791 2398 1885 2439 sex

311 2458 605 2527 missas...
637 2456 690 2509 ln
717 2466 1008 2527 martyrum
1038 2455 1409 2527 festivitatibus
1437 2463 1546 2509 tres
1560 2461 1887 2527 autquatuor

312 2527 495 2580 missae
525 2525 697 2580 fiunt:
729 2525 953 2596 primam
999 2527 1221 2581 missam
1267 2526 1335 2581 de
1362 2526 1652 2595 Evangelio
1696 2528 1884 2596 legite:

312 2597 550 2667 reliquas
571 2599 638 2667 de
665 2597 1000 2666 passionibus
1030 2604 1345 2667 martyrum,
1378 2606 1483 2652 etc.
1518 2616 1535 2648 ι
1567 2597 1815 2667 Magister
1835 2598 1886 2652 in

312 2665 518 2739 Regula
574 2665 728 2739 (Cap.
776 2668 869 2738 46)
928 2686 940 2720 :
999 2686 1016 2719 ι
1064 2669 1142 2723 Eo
1173 2665 1393 2723 'ordine
1442 2682 1548 2739 quo
1596 2665 1803 2739 missas
1857 2684 1886 2722 a

312 2737 532 2791 clericis
557 2737 915 2803 celebrantUr,
948 2739 1000 2793 id
1029 2751 1111 2794 est
1134 2754 1254 2793 cum
1279 2737 1704 2794 minor’clericus
1758 2753 1889 2807 apo-

312 2807 514 2862 stolum
535 2810 835 2879 perlegerit,
858 2810 1096 2880 sequitur
1115 2810 1286 2880 major
1314 2809 1571 2866 diaconus
1601 2811 1888 2881 Evangelia

312 2888 497 2933 sancta
531 2880 783 2935 lecturus.
816 2898 836 2931 ι

384 2950 589 3015 Quinto
613 2991 628 3017 ,
676 2953 835 3006 missa
864 2952 1004 3022 apud
1033 2951 1278 3022 antiquos
1324 2950 1465 3005 dicta
1494 2951 1761 3021 reperitur
1790 2966 1889 3022 pro

315 3021 567 3075 oratione
613 3037 705 3075 seu
758 3021 1013 3087 collecta,
1045 3038 1109 3077 eo
1149 3021 1287 3091 Quod
1321 3024 1560 3077 mittatur
1596 3023 1660 3076 ad
1702 3021 1888 3078 Deum.

316 3092 480 3162 ltain
508 3092 737 3147 concilio
765 3092 1067 3148 Milevitano
1094 3092 1245 3162 (Can.
1279 3093 1370 3161 12)
1399 3111 1411 3145 ;
1443 3111 1462 3144 t
1499 3093 1699 3148 Placuit
1726 3094 1883 3149 etiam

316 3175 370 3217 et
400 3161 550 3235 illud,
583 3174 640 3235 ut
682 3178 865 3235 preces
886 3204 902 3230 ,
956 3164 1036 3218 vel
1067 3150 1368 3228 orationes,
1400 3178 1495 3235 seu
1522 3165 1699 3219 missae
1723 3207 1739 3232 ,
1767 3180 1884 3235 quae
1912 3150 1959 3213 C

317 3232 561 3301 probata:
604 3232 800 3289 fuerint
827 3234 880 3288 in
911 3235 1137 3289 concilio
1159 3273 1174 3298 ,
1206 3235 1321 3288 sive
1369 3234 1704 3300 praefationes
1724 3273 1740 3299 ,
1771 3232 1886 3291 Sive

318 3305 843 3370 commendationes,
876 3321 970 3361 seu
1002 3320 1189 3358 manus
1220 3305 1589 3372 impositiones
1619 3305 1687 3360 ab
1709 3309 1885 3360 omni-

318 3374 420 3429 bus
445 3376 809 3431 celebrentur.
853 3396 871 3429 ι
906 3376 964 3430 In
991 3376 1219 3430 concilio
1242 3376 1500 3430 Toletano
1531 3375 1593 3441 4,
1626 3389 1744 3430 can.
1776 3376 1844 3430 I5
1872 3396 1883 3429 :

324 3463 346 3497 ε
383 3447 802 3516 νϐοιιιροιιιιιιιιιι*
854 3462 982 3516 ergo
1032 3447 1254 3516 hymni,
1311 3446 1449 3503 sicut
1498 3457 1887 3514 componuntur

319 3515 501 3571 missa:
525 3517 643 3588 sive
673 3531 859 3588 preces
905 3515 986 3573 vel
1031 3515 1323 3588 orationes.
1356 3535 1375 3568 ι
1411 3517 1478 3588 Et
1508 3516 1650 3588 apud
1676 3516 1886 3588 Cassia-

326 3601 458 3661 num
512 3586 650 3657 (Lib.
674 3586 744 3653 ἰι,
800 3604 917 3661 cap.
948 3588 1047 3659 7):
1084 3607 1103 3639 ι
1154 3587 1280 3661 Qui_
1308 3587 1539 3661 necdum
1578 3587 1714 3643 bene
1741 3587 1890 3661 linito

321 3658 570 3728 psalmo,
620 3661 672 3714 in
703 3658 997 3715 orationem
1043 3658 1395 3728 procumbere
1423 3658 1735 3714 festinamus
1758 3700 1774 3726 ,
1822 3660 1888 3713 ad

323 3728 692 3784 celebritatem
725 3730 900 3785 missa:
924 3730 1240 3799 quantocius
1270 3739 1639 3799 properantes.

394 3799 584 3871 Sexto,
608 3800 1037 3871 denique,missa
1066 3815 1164 3871 pro
1185 3801 1498 3856 dimissione
1518 3801 1731 3863 dicitur,
1755 3800 1893 3855 sicut

323 3869 466 3937 apud
516 3869 772 3937 Tullium,
796 3887 827 3924 v
856 3871 923 3925 de
963 3869 1133 3938 Ora't.,
1164 3871 1387 3927 collecta
1419 3886 1518 3941 pro
1543 3871 1887 3935 collectione;

325 3941 466 4008 apud
507 3941 756 4007 Tertul|.,
784 3942 822 3997 l.
855 3957 909 3997 ιιι
948 3951 1090 3997 cont.
1136 3942 1323 4008 Marc.,
1367 3943 1531 4011 proba
1575 3957 1669 4011 pro
1703 3942 1894 4010 proba-

325 4014 504 4075 tione;
530 4014 669 4080 apud
693 4011 1037 4083 Cyprianum,
1069 4014 1289 4067 remissa
1321 4026 1416 4081 pro
1437 4012 1773 4068 remissione.

398 4083 479 4136 Ex
504 4083 610 4137 illis
631 4098 722 4138 sex
742 4082 918 4138 missae
936 4083 1407 4153 signiﬁcationibus
1422 4083 1783 4138 controversia
1806 4082 1893 4139 hic

325 4161 533 4207 tantum
583 4169 705 4208 esse
753 4164 928 4223 petest
982 4163 1048 4209 de
1094 4155 1301 4210 duabus
1354 4155 1662 4224 postremis.
1715 4153 1889 4208 Nam:

329 4226 391 4279 1ο
423 4234 627 4278 certum
655 4234 739 4279 est
767 4224 853 4279 hic
896 4224 1111 4279 missam
1159 4238 1262 4279 non
1308 4226 1445 4279 sumi
1493 4240 1589 4293 pro
1634 4224 1895 4279 sacrificio

330 4296 714 4358 eucharistico,
746 4304 806 4348 ut
833 4297 998 4349 voluit
1023 4296 1309 4364 aliquando
1336 4300 1416 4350 vir
1444 4295 1660 4366 quidam
1682 4296 1892 4360 doctus,

330 4381 486 4435 quem
516 4367 707 4420 merito
729 4366 922 4421 refellit
950 4366 1233 4421 Menardus
1257 4371 1397 4421 hunc
1418 4368 1471 4420 in
1494 4367 1700 4429 locum;
1725 4381 1896 4434 neque

331 4439 495 4500 enim,
527 4438 715 4508 saltem
738 4452 803 4492 ex
833 4439 1240 4508 consuetudine,
1265 4438 1427 4491 missa
1455 4446 1577 4508 post
1604 4441 1897 4505 completo-

328 4521 468 4561 r.um
518 4507 811 4563 dicebatur.
851 4510 916 4563 2°
958 4506 1173 4563 Certum
1203 4518 1284 4563 est
1311 4506 1471 4562 etiam
1498 4523 1601 4562 non
1635 4510 1768 4563 sumi
1800 4522 1895 4575 pro

330 4579 467 4632 festo
486 4620 503 4649 ,
531 4594 651 4632 nam
678 4578 793 4633 dies
818 4577 940 4634 feSti
970 4593 1139 4647 neque
1167 4580 1402 4647 qu0tidie
1419 4620 1433 4644 ,
1457 4594 1629 4649 neque
1648 4580 1712 4633 ad
1732 4579 1892 4633 horas

330 4648 867 4721 singulaseveniunt.
899 4651 961 4704 5ο
1003 4650 1183 4721 Neque
1209 4664 1313 4721 pro
1343 4648 1555 4721 integra
1575 4652 1702 4721 hora
1733 4664 1894 4721 cano-

329 4720 450 4789 nica
473 4759 490 4783 ,
521 4719 752 4788 alioquin
787 4729 1004 4789 peracto
1022 4720 1205 4775 divino
1233 4720 1412 4775 officio
1435 4719 1541 4785 ,'S.
1575 4719 1892 4775 Benedictus

329 4787 437 4860 jam
466 4787 800 4845 celebratum
828 4794 1016 4845 iterum
1041 4791 1299 4845 celebrari
1327 4795 1661 4861 praeciperet.
1702 4793 1765 4845 4⁸
1793 4790 1895 4845 Νε-

331 4876 433 4928 que
462 4876 558 4927 pro
586 4862 817 4917 lectione
843 4907 857 4925 ,
890 4877 1010 4916 nam
1043 4876 1157 4933 cap.
1190 4862 1281 4928 48,
1312 4872 1432 4932 post
1453 4877 1679 4932 primam
1705 4870 1759 4914 et
1779 4874 1897 4929 post

333 4945 526 5003 nonam
548 4946 654 4985 non
685 4933 899 4988 lectioni
924 4973 940 4998 ,
978 4933 1075 4989 sed
1119 4933 1269 5003 operi
1317 4947 1568 4987 manuum
1602 4934 1896 4987 vacandum
1933 4972 1939 4978 .

330 5017 449 5055 esse
480 5002 723 5058 instituit.

400 5072 564 5142 309
600 5073 730 5128 Tota
759 5089 888 5145 ergo
915 5072 1201 5129 difficultas
1224 5083 1467 5129 versatur
1486 5073 1624 5128 circa
1646 5073 1780 5128 duas
1809 5088 1903 5144 po.

331 5153 558 5196 streinas
598 5146 774 5199 missa:
801 5146 1159 5213 acceptiones,
1190 5161 1259 5199 an
1299 5146 1502 5200 scilicet
1528 5146 1795 5199 oratIOues
1823 5146 1899 5199 di-

331 5216 529 5267 cendas
554 5214 613 5270 S.
646 5215 965 5270 Benedictus
1007 5216 1089 5270 his
1128 5218 1307 5271 verbis
1339 5216 1683 5285 przeceperit,
1713 5230 1779 5268 an
1810 5216 1904 5270 ab-

331 5284 651 5339 solutionem
672 5302 766 5341 seu
789 5286 1153 5341 dimissionem
1176 5284 1469 5342 faciendam
1489 5303 1503 5351 ;
1523 5295 1744 5355 utraque
1760 5287 1900 5340 enim

329 5359 592 5411 sententia
616 5372 743 5412 suos
764 5370 1061 5411 assertores
1090 5357 1291 5423 habuit,
1321 5367 1379 5412 ut
1405 5358 1661 5411 discimus
1689 5371 1753 5411 ex
1786 5356 1900 5410 Hil-

330 5427 553 5497 demaro
587 5445 598 5480 :
648 5446 666 5479 ι
713 5429 887 5482 Missa
912 5429 1053 5495 sint,
1082 5429 1278 5497 inquit,
1307 5428 1513 5483 duobus
1543 5428 1719 5483 modis
1746 5427 1902 5481 intel-

331 5496 504 5563 ligunt
547 5500 836 5568 sapientes.
889 5499 1043 5552 Fiant
1082 5496 1259 5553 missas
1301 5500 1351 5553 id
1396 5512 1479 5553 est
1516 5497 1897 5552 absolutiones.

330 5568 459 5623 Sive
505 5570 613 5623 alio
660 5571 820 5624 modo
866 5570 1114 5625 dieuutur
1142 5571 1317 5624 missm
1349 5570 1633 5624 missiones
1654 5610 1669 5631 ,
1702 5578 1759 5622 ut
1784 5570 1904 5622 atti—

330 5649 493 5692 neant
536 5640 604 5694 ad
646 5641 787 5694 illam
817 5643 1147 5704 orationem,
1180 5655 1246 5694 eo
1274 5642 1413 5709 quod
1442 5656 1537 5709 per
1564 5641 1797 5693 officium
1823 5654 1906 5691 sa-

328 5712 560 5765 cerdotis
601 5713 873 5766 orationes
901 5713 1080 5779 populi
1111 5711 1410 5780 diriguntur
1437 5714 1502 5765 ad
1535 5712 1737 5774 Deum;
1767 5711 1907 5764 unde

326 5782 457 5837 dicit
487 5782 735 5839 sacerdos
778 5801 788 5835 :
834 5781 1069 5843 Exaudi.
1108 5782 1349 5844 Domine,
1389 5797 1557 5836 vocem
1582 5783 1763 5846 pepuli
1795 5783 1866 5835 tui
1890 5820 1904 5846 ,

1984 1824 2037 1866 et
2068 1813 2233 1867 missa:
2262 1814 2409 1881 ﬁant.
2459 1832 2477 1865 ι
2514 1813 2765 1869 Nicolaus
2794 1819 2860 1870 de
2892 1817 3145 1873 Fractura
3180 1837 3193 1874 :
3232 1839 3249 1869 ι
3302 1821 3366 1875 Et
3393 1813 3561 1877 ηιίδεαὲ

1983 1892 2132 1957 sunt,
2166 1885 2351 1953 supple
2379 1884 2682 1957 orationes,
2715 1896 2768 1941 et
2798 1888 3107 1957 psalinodize
3137 1891 3330 1946 missze'
3359 1895 3467 1948 sint
3494 1899 3560 1948 ad

1990 1954 2290 2032 Dominum.
2324 1974 2355 2032 ρ
2396 1953 2653 2011 Boherius
2684 1957 2737 2010 in
2769 1953 2942 2032 primo
2969 1972 3258 2016 comment.
3297 1980 3312 2017 ;
3350 1983 3367 2015 ι
3414 1968 3561 2032 Quo-

1987 2026 2296 2093 tiescunque
2324 2026 2487 2080 Deum
2510 2041 2747 2091 oramus,
2773 2031 3041 2086 orationes
3065 2046 3273 2088 nostras
3297 2036 3363 2089 ad
3395 2026 3560 2091 [tcum

1988 2094 2380 2172 mittimus,_et_
2404 2112 2434 2150 a
2478 2097 2569 2150 tali
2611 2100 2866 2155 missione
2896 2103 3185 2168 orationes,
3216 2120 3349 2172 quas
3366 2103 3431 2161 'in
3459 2107 3562 2163 fine

1991 2167 2240 2219 horarum
2278 2167 2505 2242 dicimus
2525 2207 2541 2231 ,
2571 2180 2628 2222 ut
2655 2179 2780 2242 sunt
2808 2186 2996 2240 preces
3016 2214 3031 2237 ,
3060 2167 3523 2232 oratio‘dominica
3545 2221 3561 2242 ,

1988 2251 2175 2313 versus
2213 2240 2577 2313 subsequens,
2624 2241 2795 2313 oratio
2823 2244 3071 2310 specialis
3108 2244 3276 2313 ipsius
3305 2249 3449 2303 horzn
3478 2240 3562 2305 vel

1988 2308 2093 2385 diei
2112 2348 2125 2372 ,
2154 2323 2273 2385 cum
2296 2310 2645 2385 conclusione
2666 2308 3084 2385 debita—,Vmissas
3113 2308 3471 2385 nominantur,
3509 2334 3563 2377 ut

1989 2378 2074 2452 hic
2086 2394 2111 2452 ;
2137 2379 2276 2433 unde
2303 2381 2700 2452 quandodicit,
2732 2380 2801 2435 Et
2828 2378 2995 2438 misse:
3029 2386 3177 2452 ﬁant,
3214 2388 3350 2442 idem
3378 2378 3471 2445 est,
3500 2407 3563 2447 ac

2064 2450 2264 2528 diceret
2292 2467 2305 2501 :
2336 2451 2461 2504 Post
2486 2450 2647 2528 Kyrie
2668 2454 2853 2528 eleison
2870 2493 2885 2517 ,
2909 2450 3179 2528 orationes
3202 2457 3327 2512 ﬁant
3353 2476 3471 2528 quae
3497 2467 3563 2517 ad

1990 2520 2157 2595 Deum
2188 2520 2489 2595 mittantur.
2539 2541 2559 2573 ι
2590 2522 2657 2576 Et
2683 2524 2736 2595 in
2767 2524 3001 2579 secnndo
3025 2541 3222 2583 comm.
3254 2546 3268 2583 :
3307 2549 3324 2580 ‹
3371 2520 3563 2595 Missie,

1992 2590 2042 2643 id
2069 2600 2151 2644 est
2180 2592 2453 2665 orationes
2479 2607 2605 2665 qua:
2624 2593 2905 2648 mittuntur
2930 2596 2996 2649 ad
3028 2596 3343 2665 Demittunt,
3376 2615 3428 2655 ut
3460 2590 3565 2658 Pa;

1992 2670 2065 2714 ter
2094 2669 2287 2727 noster,
2318 2662 2567 2731 illiusque
2594 2664 2739 2718 hora:
2769 2667 2960 2719 oratio.
3016 2687 3032 2718 ι
3067 2667 3301 2725 Joannes
3330 2662 3397 2727 de
3426 2674 3565 2729 Tur-

1990 2744 2284 2788 tecremata
2312 2748 2324 2784 :
2360 2750 2379 2784 ι
2417 2732 2483 2786 Et
2505 2734 2671 2787 missa:
2689 2735 2789 2789 sint
2807 2776 2823 2800 ,
2853 2736 2902 2791 id
2927 2747 3011 2792 est
3031 2738 3279 2795 dicantur
3297 2743 3567 2801 orationes

1993 2817 2115 2882 quam1
2142 2804 2321 2857 missa:
2350 2802 2597 2859 dicuntur
2627 2804 2713 2860 hic
2743 2821 2771 2858 a
2798 2806 2856 2882 β.
2899 2806 3076 2882 Patre,
3114 2826 3181 2866 eo
3210 2814 3348 2882 quod
3380 2814 3433 2869 in
3461 2816 3566 2873 illis

1992 2877 2059 2944 ad
2079 2872 2247 2928 Deum
2262 2888 2516 2944 expresse
2534 2889 2719 2942 preces
2738 2876 3009 2932 mittamus
3025 2872 3267 2937 dicentes
3288 2902 3299 2938 :
3320 2872 3562 2942 Oremus.

1996 2942 2680 3036 Omnipjotensgempiterne
2716 2947 3171 3036 D‘et‘uflvelnDetu
3203 2955 3325 3036 qui;
3356 2958 3438 3036 vel
3452 2958 3566 3036 filli-

1989 3015 2247 3084 jusmodi.
2296 3033 2315 3068 ι
2348 3015 2687 3072 'I‘heobaldus
2724 3018 2976 3074 Artaldus
3016 3015 3335 3082 Caelestinus
3362 3026 3415 3081 in
3445 3027 3565 3083 Gat-

1994 3087 2094 3159 lica
2144 3085 2479 3159 expositione
2514 3085 2737 3159 Regula;
2785 3090 3146 3148 Benedictinzc
3176 3094 3289 3151 haec
3332 3099 3492 3153 verba
3520 3112 3567 3155 et

1988 3158 2162 3235 missa:
2195 3160 2298 3235 sint
2331 3157 2405 3212 ita
2423 3157 2647 3235 reddit:
2666 3159 2750 3235 ‘Et
2779 3163 2939 3235 scient
2966 3164 3096 3235 dites
3120 3180 3304 3220 messes
3323 3211 3338 3235 ,
3368 3169 3567 3223 c’est-d-

1991 3228 2102 3305 dire
2130 3228 2368 3282 l‘oraison
2398 3230 2731 3305 dominicale,
2778 3231 2823 3285 te
2850 3230 3054 3305 credo,
3086 3236 3153 3289 les
3187 3228 3398 3305 priéres,
3432 3253 3477 3293 et
3517 3244 3567 3294 la

1987 3298 2197 3381 collecte
2229 3315 2419 3381 ‘propre
2446 3302 2478 3352 ὰ
2511 3298 3151 3381 ἱεςιιειήειινε,ιιεε9υέιιεε
3176 3298 3269 3381 par
3294 3298 3567 3381 singuliére

1990 3369 2240 3444 efﬁcacia!
2264 3379 2377 3444 sont
2395 3371 2845 3444 envoyées‘g‘tDieu
2865 3373 2913 3426 Ie
2934 3369 3246 3444 SOuverain,
3274 3369 3567 3436 etchoan-

1990 3455 2087 3493 nes
2131 3439 2461 3495 Craesbeeck
2505 3439 2576 3494 ς’(
2624 3440 2801 3497 Missa:
2838 3445 2974 3508 sint,
3026 3446 3127 3501 hoc
3173 3439 3258 3503 est
3298 3453 3568 3509 orationes

1993 3511 2152 3588 ﬁant,
2185 3522 2245 3588 et_
2267 3512 2633 3588 mittanturgad
2659 3513 2823 3588 Deum
2852 3524 2961 3569 tum
2991 3530 3021 3569 a
3050 3517 3272 3587 singulis
3301 3522 3565 3588 privatim,

1992 3592 2047 3635 et
2074 3583 2338 3636 submisse
2367 3582 2670 3638 dicentibus
2696 3583 2853 3638 Pater
2883 3597 3073 3652 noster,
3104 3582 3242 3654 eic.;
3279 3582 3386 3645 tum
3416 3582 3566 3648 com;

1992 3655 2223 3707 muniter
2254 3667 2358 3726 uno
2388 3653 2666 3709 sacerdote
2690 3655 2970 3711 collectam
3000 3659 3144 3714 clare
3168 3661 3456 3726 recitante;
3489 3667 3568 3718 di.

1993 3734 2206 3803 rituum
2231 3724 2375 3778 enim
2421 3726 2692 3803 orationes
2737 3735 2937 3803 nostra:
2967 3729 3144 3803 missae
3166 3769 3181 3795 ,
3218 3748 3237 3781 ι
3272 3741 3376 3786 etc.
3420 3724 3568 3803 litigo

1992 3793 2275 3848 Menardus
2305 3812 2318 3845 :
2358 3813 2375 3845 ι
2421 3793 2595 3849 Missa:
2639 3794 2739 3851 hoc
2767 3796 2887 3851 loco
2912 3798 3149 3853 collecta:
3169 3793 3300 3854 'sunt
3328 3818 3422 3858 seu
3450 3793 3568 3859 or3~

1994 3870 2341 3942 ιιιριιεεηιιιιω
2356 3864 2507 3934 juxta
2529 3864 2835 3942 Cassianum
2864 3867 2931 3922 ad
2957 3868 3115 3942 tinem
3141 3871 3400 3942 cujusque
3429 3882 3569 3942 psal-

1997 3938 2066 3989 mi
2091 3936 2402 4013 dicebantnr
2422 3950 2451 3989 a
2472 3937 2772 4013 sacerdote,
2802 3954 3025 4013 quarum
3053 3936 3219 4013 310
3242 3936 3567 4001 mentionem

1998 4015 2201 4060 tantum
2233 4010 2357 4061 facit
2384 4009 2436 4060 in
2466 4009 2570 4063 line
2596 4009 2850 4063 horarum
2871 4011 2927 4064 S.
2958 4010 3019 4064 P.
3053 4009 3367 4068 tieﬁédictus
3396 4016 3569 4072 brevi—

1997 4079 2119 4156 tatis
2148 4093 2346 4146 causa,
2380 4087 2627 4156 tanquam
2658 4080 2733 4133 rei
2771 4082 2882 4134 suis
2931 4083 3208 4156 monachis
3248 4086 3479 4156 vulgaris
3518 4100 3570 4149 et

1998 4147 2167 4222 tritae,
2196 4150 2643 4217 quemadmodum
2677 4164 2862 4219 postea
2906 4154 3015 4222 agit
3040 4153 3109 4207 de
3155 4155 3301 4209 brevi
3331 4147 3571 4216 Gratiane

1997 4220 2158 4294 veluti
2188 4222 2360 4273 obiter
2389 4228 2442 4273 et
2472 4235 2565 4287 per
2591 4220 2971 4294 transennam,
3004 4230 3255 4294 tanquam
3280 4226 3348 4282 de
3374 4244 3432 4283 re
3458 4246 3571 4285 mo~

2000 4290 2184 4369 naehis
2216 4300 2372 4369 nota,
2402 4306 2522 4369 qua:
2564 4294 2751 4369 majori
2797 4290 3153 4369 explicatione
3177 4310 3291 4369 non
3320 4299 3569 4369 indigeat.

2003 4360 2097 4415 Vel
2126 4371 2274 4416 certe
2302 4362 2581 4416 dicendum
2615 4362 2671 4436 S.
2701 4361 2766 4436 Ρ.
2799 4360 3142 4419 Benedictum
3168 4366 3319 4436 juxta
3348 4360 3572 4426 aliorum

2001 4447 2202 4509 morem
2230 4447 2385 4509 quem
2400 4446 2569 4509 supra
2598 4432 2993 4509 declaravimus
3023 4432 3277 4509 rejecisse
3308 4440 3571 4509 ejusmodi

1922 4527 1975 4588 ι)
1999 4503 2251 4588 collectas
2279 4504 2345 4588 ad
2395 4503 2553 4558 tinem
2581 4504 2855 4588 cujusque
2868 4506 3014 4561 horae
3032 4547 3047 4572 ,
3081 4508 3152 4588 ita
3183 4518 3235 4563 ut
3279 4503 3458 4588 plures
3487 4513 3572 4567 di-

1997 4574 2181 4627 cendo:
2207 4574 2317 4628 sint
2338 4589 2442 4629 non
2468 4588 2568 4629 una
2590 4615 2605 4638 ,
2627 4585 2785 4642 atque
2806 4576 2875 4631 ob
2900 4590 3019 4632 eam
3041 4574 3298 4635 rationem
3326 4581 3525 4637 dixisse
3557 4600 3571 4635 :

2003 4644 2175 4698 Missio
2223 4646 2358 4710 sint,
2410 4659 2515 4700 non
2570 4646 2733 4701 missa
2776 4648 2865 4701 sit.
2914 4665 2933 4699 ι
2969 4649 3203 4704 Joannes
3248 4653 3571 4708 Caramuel:

2008 4736 2025 4787 ς
2074 4715 2244 4770 Missae
2270 4725 2392 4769 sunt
2417 4716 2690 4771 orationes
2712 4718 2814 4771 illae
2835 4733 2969 4787 quas
2990 4720 3042 4772 in
3070 4719 3175 4774 ﬁne
3204 4720 3430 4776 dicimus
3453 4734 3576 4780 ante

2003 4786 2367 4840 Benedicamus
2400 4787 2637 4841 Domino.
2687 4805 2707 4841 ι
2741 4788 2808 4842 Ει
2835 4786 2974 4842 infra
3008 4806 3021 4842 :
3058 4807 3078 4841 ι
3117 4789 3291 4846 Missas
3316 4803 3441 4847 sunt
3468 4797 3578 4850 col-

2002 4859 2155 4931 lectae
2180 4858 2506 4931 ill-.e‘ultima:
2528 4858 2710 4931 oliicii,
2736 4873 2929 4929 nempe
2953 4861 3125 4931 oratio
3149 4865 3579 4931 corrcsuondens

2007 4929 2112 4982 diei
2132 4970 2147 4994 ,
2177 4943 2229 4982 et
2257 4928 2301 4982 si
2332 4944 2450 5000 quae
2475 4940 2600 5008 tunc
2624 4930 2833 5008 ﬁebant
2851 4928 3216 5008 confessorum
3257 4928 3350 5008 aut
3374 4948 3578 5008 marty-

2009 5015 2124 5053 rum
2155 4999 2711 5055 commemorationes.
2757 5019 2776 5052 ι
2815 4999 2957 5054 Idem
2989 4999 3152 5057 habet
3178 5003 3231 5058 in
3261 4999 3578 5061 Nomencla-

2010 5083 2145 5125 tore.
2196 5070 2433 5140 Denique
2465 5069 2689 5125 Carolus
2718 5070 2957 5126 Cointius
2986 5073 3040 5125 in
3078 5082 3209 5129 tom.
3239 5076 3258 5130 Ι
3297 5078 3581 5132 Annalium

2014 5141 2220 5218 Eccles.
2256 5142 2581 5218 Francorum
2614 5143 2773 5211 (Ann.
2806 5142 2945 5209 514,
2976 5160 3030 5195 η.
3060 5143 3151 5218 52)
3183 5162 3198 5199 :
3236 5165 3254 5198 ‹
3300 5147 3457 5201 Hora:
3486 5149 3584 5218 igi-

2015 5222 2100 5265 tur
2131 5214 2331 5283 prima,
2364 5211 2549 5275 tertia,
2581 5223 2768 5275 sexta,
2799 5220 2855 5267 et
2893 5229 3066 5281 nona,
3107 5211 3187 5271 sic
3223 5211 3540 5273 clauduntur
3566 5238 3585 5275 :

2016 5282 2141 5338 Post
2184 5282 2344 5353 Κριτία
2383 5284 2574 5359 ειεὶεοιι
2617 5284 2813 5359 dicitur
2851 5284 3024 5339 oratio
3067 5287 3353 5355 dominica,
3387 5303 3452 5341 co
3480 5306 3586 5359 quo

2009 5369 2170 5422 supra
2214 5355 2515 5423 expositum
2562 5364 2647 5409 est
2694 5354 2874 5425 modo,
2923 5366 3033 5410 tum
3078 5360 3284 5425 missas,
3332 5354 3429 5415 Seu
3471 5354 3591 5416 cbl-‘

2010 5428 2182 5480 lectze.
2231 5444 2249 5476 ι
3576 5474 3579 5477 _

2084 5497 2231 5549 Ilanc
2255 5505 2331 5549 tot
2352 5495 2784 5564 gravissimorum
2809 5507 3083 5553 auctorum
3110 5498 3427 5553 sententiam
3458 5516 3589 5556 con-

2014 5570 2193 5621 firmat
2219 5582 2343 5620 usus
2369 5582 2431 5619 ac
2456 5567 2638 5635 praxis
2668 5567 2835 5621 missa:
2864 5570 3174 5623 vocabulum
3206 5575 3490 5636 usurpandi
3520 5574 3588 5628 ad

2014 5637 2391 5707 signiticandas
2420 5638 2672 5692 collectas
2712 5639 2824 5692 sive
2867 5642 3168 5704 orationes,
3201 5649 3257 5694 ut
3303 5642 3481 5698 videre
3507 5644 3595 5699 est

2018 5712 2067 5783 in
2096 5709 2326 5783 secunda
2351 5710 2548 5783 Begula
2579 5707 2679 5763 SS.
2709 5709 2945 5776 Patrum,
2980 5726 3097 5783 cap.
3131 5712 3183 5777 6,
3214 5712 3299 5767 ubi
3331 5728 3493 5783 agens
3522 5717 3589 5770 de

2018 5780 2207 5834 divinis
2254 5780 2441 5833 oiltciis
2486 5782 2595 5833 lucc
2626 5782 2783 5835 habet
2831 5798 2842 5833 :
2898 5800 2915 5832 ι
2962 5780 3190 5852 Operam
3225 5780 3600 5846 vet‘ovdabuot
