  <div class='ocr_page' id='page_1' title='image "/cluster/home/n/w/nwhite01/storage/ocr_20150623/66/hvd.32044054758701/465.png"; bbox 0 0 4034 6166; ppageno 0'>
   <div class='ocr_carea' id='block_1_1' title="bbox 370 325 468 384">
    <p class='ocr_par' dir='ltr' id='par_1_1' title="bbox 370 325 468 384">
     <span class='ocr_line' id='line_1_1' title="bbox 370 325 468 384; baseline 0.01 -2"><span class='ocrx_word' id='word_1_1' title='bbox 370 325 468 384; x_wconf 75' lang='grc'><strong>910</strong></span> 
     </span>
    </p>
   </div>
   <div class='ocr_carea' id='block_1_2' title="bbox 1710 323 2263 379">
    <p class='ocr_par' dir='ltr' id='par_1_2' title="bbox 1710 323 2263 379">
     <span class='ocr_line' id='line_1_2' title="bbox 1710 323 2263 379; baseline -0.002 0"><span class='ocrx_word' id='word_1_2' title='bbox 1710 324 1766 379; x_wconf 91' lang='lat' dir='ltr'><strong>S.</strong></span> <span class='ocrx_word' id='word_1_3' title='bbox 1810 324 1867 377; x_wconf 86' lang='lat' dir='ltr'><strong>P.</strong></span> <span class='ocrx_word' id='word_1_4' title='bbox 1910 323 2263 379; x_wconf 66' lang='lat' dir='ltr'><strong>BLNl-LDICTI</strong></span> 
     </span>
    </p>
   </div>
   <div class='ocr_carea' id='block_1_3' title="bbox 3486 327 3589 382">
    <p class='ocr_par' dir='ltr' id='par_1_3' title="bbox 3486 327 3589 382">
     <span class='ocr_line' id='line_1_3' title="bbox 3486 327 3589 382; baseline 0 0"><span class='ocrx_word' id='word_1_5' title='bbox 3486 327 3589 382; x_wconf 70' lang='lat'><strong>920</strong></span> 
     </span>
    </p>
   </div>
   <div class='ocr_carea' id='block_1_4' title="bbox 372 433 3590 510">
    <p class='ocr_par' dir='ltr' id='par_1_4' title="bbox 372 433 3590 510">
     <span class='ocr_line' id='line_1_4' title="bbox 372 433 3590 510; baseline 0 -20"><span class='ocrx_word' id='word_1_6' title='bbox 372 438 420 490; x_wconf 73' lang='grc' dir='ltr'><strong>ιιι</strong></span> <span class='ocrx_word' id='word_1_7' title='bbox 434 447 518 510; x_wconf 82' lang='lat' dir='ltr'><strong>est</strong></span> <span class='ocrx_word' id='word_1_8' title='bbox 530 437 1147 510; x_wconf 72' lang='lat' dir='ltr'><strong>suoloeo,_secrelo,_u_on</strong></span> <span class='ocrx_word' id='word_1_9' title='bbox 1163 434 1435 510; x_wconf 58' lang='lat' dir='ltr'><strong>palatini?</strong></span> <span class='ocrx_word' id='word_1_10' title='bbox 1449 450 1547 487; x_wconf 87' lang='lat' dir='ltr'><strong>non</strong></span> <span class='ocrx_word' id='word_1_11' title='bbox 1563 434 1917 510; x_wconf 72' lang='lat' dir='ltr'><strong>superbiendo,</strong></span> <span class='ocrx_word' id='word_1_12' title='bbox 1954 438 2001 495; x_wconf 75' lang='grc' dir='ltr'><strong>Α</strong></span> <span class='ocrx_word' id='word_1_13' title='bbox 2026 434 2178 510; x_wconf 81' lang='lat' dir='ltr'><strong>positi</strong></span> <span class='ocrx_word' id='word_1_14' title='bbox 2199 476 2219 510; x_wconf 82' lang='lat'><strong>,_</strong></span> <span class='ocrx_word' id='word_1_15' title='bbox 2259 433 2607 510; x_wconf 38' lang='lat' dir='ltr'><strong>et‘conitontis</strong></span> <span class='ocrx_word' id='word_1_16' title='bbox 2638 434 3057 510; x_wconf 39' lang='lat' dir='ltr'><strong>persererantjain</strong></span> <span class='ocrx_word' id='word_1_17' title='bbox 3092 437 3366 510; x_wconf 60' lang='lat' dir='ltr'><strong>ratu-italis</strong></span> <span class='ocrx_word' id='word_1_18' title='bbox 3387 482 3401 503; x_wconf 80' lang='lat'><strong>,</strong></span> <span class='ocrx_word' id='word_1_19' title='bbox 3436 449 3590 510; x_wconf 78' lang='lat' dir='ltr'><strong>atque</strong></span> 
     </span>
    </p>
   </div>
   <div class='ocr_carea' id='block_1_5' title="bbox 372 504 1916 576">
    <p class='ocr_par' dir='ltr' id='par_1_5' title="bbox 372 504 1916 576">
     <span class='ocr_line' id='line_1_5' title="bbox 372 504 1916 576; baseline -0.001 -19"><span class='ocrx_word' id='word_1_20' title='bbox 372 507 520 574; x_wconf 86' lang='lat' dir='ltr'><strong>quasi</strong></span> <span class='ocrx_word' id='word_1_21' title='bbox 542 507 836 576; x_wconf 86' lang='lat' dir='ltr'><strong>respuendo</strong></span> <span class='ocrx_word' id='word_1_22' title='bbox 851 506 990 574; x_wconf 89' lang='lat' dir='ltr'><strong>quod</strong></span> <span class='ocrx_word' id='word_1_23' title='bbox 1014 506 1109 559; x_wconf 79' lang='lat' dir='ltr'><strong>fuit</strong></span> <span class='ocrx_word' id='word_1_24' title='bbox 1127 521 1153 556; x_wconf 90' lang='lat' dir='ltr'><strong>a</strong></span> <span class='ocrx_word' id='word_1_25' title='bbox 1172 506 1369 570; x_wconf 87' lang='lat' dir='ltr'><strong>majore</strong></span> <span class='ocrx_word' id='word_1_26' title='bbox 1386 507 1719 574; x_wconf 79' lang='lat' dir='ltr'><strong>imperatum;</strong></span> <span class='ocrx_word' id='word_1_27' title='bbox 1743 504 1799 555; x_wconf 74' lang='grc'><strong>4⁸</strong></span> <span class='ocrx_word' id='word_1_28' title='bbox 1816 520 1916 556; x_wconf 90' lang='lat' dir='ltr'><strong>non</strong></span> 
     </span>
    </p>
   </div>
   <div class='ocr_carea' id='block_1_6' title="bbox 372 576 1922 645">
    <p class='ocr_par' dir='ltr' id='par_1_6' title="bbox 372 576 1922 645">
     <span class='ocr_line' id='line_1_6' title="bbox 372 576 1922 645; baseline -0.002 -17"><span class='ocrx_word' id='word_1_29' title='bbox 372 578 679 637; x_wconf 83' lang='lat' dir='ltr'><strong>resistendo,</strong></span> <span class='ocrx_word' id='word_1_30' title='bbox 711 579 759 629; x_wconf 91' lang='lat' dir='ltr'><strong>id</strong></span> <span class='ocrx_word' id='word_1_31' title='bbox 794 588 875 629; x_wconf 83' lang='lat' dir='ltr'><strong>est</strong></span> <span class='ocrx_word' id='word_1_32' title='bbox 913 576 1183 630; x_wconf 83' lang='lat' dir='ltr'><strong>renuendo</strong></span> <span class='ocrx_word' id='word_1_33' title='bbox 1223 576 1274 628; x_wconf 91' lang='lat' dir='ltr'><strong>in</strong></span> <span class='ocrx_word' id='word_1_34' title='bbox 1305 577 1435 629; x_wconf 83' lang='lat' dir='ltr'><strong>facie</strong></span> <span class='ocrx_word' id='word_1_35' title='bbox 1463 592 1521 627; x_wconf 85' lang='lat' dir='ltr'><strong>ea</strong></span> <span class='ocrx_word' id='word_1_36' title='bbox 1560 577 1779 645; x_wconf 83' lang='lat' dir='ltr'><strong>implere</strong></span> <span class='ocrx_word' id='word_1_37' title='bbox 1802 590 1922 641; x_wconf 61' lang='lat' dir='ltr'><strong>qua!</strong></span> 
     </span>
    </p>
   </div>
   <div class='ocr_carea' id='block_1_7' title="bbox 375 644 1922 715">
    <p class='ocr_par' dir='ltr' id='par_1_7' title="bbox 375 644 1922 715">
     <span class='ocr_line' id='line_1_7' title="bbox 375 644 1922 715; baseline -0.001 -16"><span class='ocrx_word' id='word_1_38' title='bbox 375 649 586 700; x_wconf 78' lang='lat' dir='ltr'><strong>fuerunt</strong></span> <span class='ocrx_word' id='word_1_39' title='bbox 622 647 796 714; x_wconf 63' lang='lat' dir='ltr'><strong>jussa;</strong></span> <span class='ocrx_word' id='word_1_40' title='bbox 830 646 891 697; x_wconf 78' lang='lat'><strong>5°</strong></span> <span class='ocrx_word' id='word_1_41' title='bbox 922 663 1022 699; x_wconf 88' lang='lat' dir='ltr'><strong>non</strong></span> <span class='ocrx_word' id='word_1_42' title='bbox 1050 644 1460 715; x_wconf 77' lang='lat' dir='ltr'><strong>contradicendo,</strong></span> <span class='ocrx_word' id='word_1_43' title='bbox 1511 646 1616 698; x_wconf 87' lang='lat' dir='ltr'><strong>alta</strong></span> <span class='ocrx_word' id='word_1_44' title='bbox 1640 644 1702 700; x_wconf 84' lang='lat' dir='ltr'><strong>et</strong></span> <span class='ocrx_word' id='word_1_45' title='bbox 1743 653 1922 715; x_wconf 90' lang='lat' dir='ltr'><strong>aperta</strong></span> 
     </span>
    </p>
   </div>
   <div class='ocr_carea' id='block_1_8' title="bbox 378 714 1453 770">
    <p class='ocr_par' dir='ltr' id='par_1_8' title="bbox 378 714 1453 770">
     <span class='ocr_line' id='line_1_8' title="bbox 378 714 1453 770; baseline 0.001 -4"><span class='ocrx_word' id='word_1_46' title='bbox 378 732 509 770; x_wconf 78' lang='lat' dir='ltr'><strong>vnce</strong></span> <span class='ocrx_word' id='word_1_47' title='bbox 538 717 815 770; x_wconf 79' lang='lat' dir='ltr'><strong>clamando</strong></span> <span class='ocrx_word' id='word_1_48' title='bbox 841 731 899 768; x_wconf 84' lang='lat' dir='ltr'><strong>ea</strong></span> <span class='ocrx_word' id='word_1_49' title='bbox 931 732 1034 770; x_wconf 91' lang='lat' dir='ltr'><strong>non</strong></span> <span class='ocrx_word' id='word_1_50' title='bbox 1057 730 1174 770; x_wconf 86' lang='lat' dir='ltr'><strong>esse</strong></span> <span class='ocrx_word' id='word_1_51' title='bbox 1191 714 1453 769; x_wconf 72' lang='lat' dir='ltr'><strong>l&#39;a‘rienda.</strong></span> 
     </span>
    </p>
   </div>
   <div class='ocr_carea' id='block_1_9' title="bbox 447 784 1929 855">
    <p class='ocr_par' dir='ltr' id='par_1_9' title="bbox 447 784 1929 855">
     <span class='ocr_line' id='line_1_9' title="bbox 447 784 1929 855; baseline -0.001 -17"><span class='ocrx_word' id='word_1_52' title='bbox 447 786 643 839; x_wconf 74' lang='lat' dir='ltr'><strong>Priori:</strong></span> <span class='ocrx_word' id='word_1_53' title='bbox 678 788 940 852; x_wconf 86' lang='lat' dir='ltr'><strong>imperium</strong></span> <span class='ocrx_word' id='word_1_54' title='bbox 983 784 1370 855; x_wconf 79' lang='lat' dir='ltr'><strong>perduraverit.]</strong></span> <span class='ocrx_word' id='word_1_55' title='bbox 1408 785 1510 839; x_wconf 85' lang='lat' dir='ltr'><strong>Per</strong></span> <span class='ocrx_word' id='word_1_56' title='bbox 1555 784 1782 850; x_wconf 89' lang='lat' dir='ltr'><strong>priorem</strong></span> <span class='ocrx_word' id='word_1_57' title='bbox 1827 784 1929 837; x_wconf 89' lang='lat' dir='ltr'><strong>hoc</strong></span> 
     </span>
    </p>
   </div>
   <div class='ocr_carea' id='block_1_10' title="bbox 378 855 1926 925">
    <p class='ocr_par' dir='ltr' id='par_1_10' title="bbox 378 855 1926 925">
     <span class='ocr_line' id='line_1_10' title="bbox 378 855 1926 925; baseline -0.001 -16"><span class='ocrx_word' id='word_1_58' title='bbox 378 858 496 909; x_wconf 87' lang='lat' dir='ltr'><strong>loco</strong></span> <span class='ocrx_word' id='word_1_59' title='bbox 527 856 805 910; x_wconf 76' lang='lat' dir='ltr'><strong>Menardus</strong></span> <span class='ocrx_word' id='word_1_60' title='bbox 835 857 1079 925; x_wconf 79' lang='lat' dir='ltr'><strong>intelligit</strong></span> <span class='ocrx_word' id='word_1_61' title='bbox 1115 855 1400 918; x_wconf 71' lang='lat' dir='ltr'><strong>seniorem,</strong></span> <span class='ocrx_word' id='word_1_62' title='bbox 1434 856 1803 922; x_wconf 88' lang='lat' dir='ltr'><strong>quemjnuiori</strong></span> <span class='ocrx_word' id='word_1_63' title='bbox 1829 870 1926 925; x_wconf 59' lang='grc' dir='ltr'><strong>βυτ</strong></span> 
     </span>
    </p>
   </div>
   <div class='ocr_carea' id='block_1_11' title="bbox 376 924 1927 994">
    <p class='ocr_par' dir='ltr' id='par_1_11' title="bbox 376 924 1927 994">
     <span class='ocr_line' id='line_1_11' title="bbox 376 924 1927 994; baseline 0.001 -19"><span class='ocrx_word' id='word_1_64' title='bbox 376 929 520 993; x_wconf 80' lang='lat' dir='ltr'><strong>punit</strong></span> <span class='ocrx_word' id='word_1_65' title='bbox 563 926 747 981; x_wconf 76' lang='lat' dir='ltr'><strong>dicens</strong></span> <span class='ocrx_word' id='word_1_66' title='bbox 785 944 797 978; x_wconf 92' lang='lat'><strong>:</strong></span> <span class='ocrx_word' id='word_1_67' title='bbox 848 926 991 981; x_wconf 86' lang='lat' dir='ltr'><strong>Sciat</strong></span> <span class='ocrx_word' id='word_1_68' title='bbox 1034 927 1211 994; x_wconf 89' lang='lat' dir='ltr'><strong>junior</strong></span> <span class='ocrx_word' id='word_1_69' title='bbox 1249 927 1316 977; x_wconf 89' lang='lat' dir='ltr'><strong>ila</strong></span> <span class='ocrx_word' id='word_1_70' title='bbox 1359 926 1458 977; x_wconf 61' lang='lat' dir='ltr'><strong>sibi</strong></span> <span class='ocrx_word' id='word_1_71' title='bbox 1511 925 1780 989; x_wconf 71' lang='lat' dir='ltr'><strong>expedire.</strong></span> <span class='ocrx_word' id='word_1_72' title='bbox 1822 924 1927 977; x_wconf 83' lang='lat' dir='ltr'><strong>Sed</strong></span> 
     </span>
    </p>
   </div>
   <div class='ocr_carea' id='block_1_12' title="bbox 378 994 1927 1063">
    <p class='ocr_par' dir='ltr' id='par_1_12' title="bbox 378 994 1927 1063">
     <span class='ocr_line' id='line_1_12' title="bbox 378 994 1927 1063; baseline -0.002 -15"><span class='ocrx_word' id='word_1_73' title='bbox 378 998 675 1063; x_wconf 68' lang='lat' dir='ltr'><strong>refragatur</strong></span> <span class='ocrx_word' id='word_1_74' title='bbox 692 998 1104 1057; x_wconf 83' lang='lat' dir='ltr'><strong>Bohertns,cum</strong></span> <span class='ocrx_word' id='word_1_75' title='bbox 1135 998 1380 1048; x_wconf 84' lang='lat' dir='ltr'><strong>omnibus</strong></span> <span class='ocrx_word' id='word_1_76' title='bbox 1409 1010 1539 1063; x_wconf 88' lang='lat' dir='ltr'><strong>quas</strong></span> <span class='ocrx_word' id='word_1_77' title='bbox 1569 994 1790 1047; x_wconf 77' lang='lat' dir='ltr'><strong>viderim</strong></span> <span class='ocrx_word' id='word_1_78' title='bbox 1823 1005 1927 1047; x_wconf 91' lang='lat' dir='ltr'><strong>lam</strong></span> 
     </span>
    </p>
   </div>
   <div class='ocr_carea' id='block_1_13' title="bbox 377 1064 1931 1134">
    <p class='ocr_par' dir='ltr' id='par_1_13' title="bbox 377 1064 1931 1134">
     <span class='ocr_line' id='line_1_13' title="bbox 377 1064 1931 1134; baseline -0.001 -17"><span class='ocrx_word' id='word_1_79' title='bbox 377 1068 605 1134; x_wconf 85' lang='lat' dir='ltr'><strong>antiquis</strong></span> <span class='ocrx_word' id='word_1_80' title='bbox 624 1082 778 1133; x_wconf 88' lang='lat' dir='ltr'><strong>quam</strong></span> <span class='ocrx_word' id='word_1_81' title='bbox 804 1067 1186 1121; x_wconf 72' lang='lat' dir='ltr'><strong>recentioribm</strong></span> <span class='ocrx_word' id='word_1_82' title='bbox 1202 1066 1417 1119; x_wconf 80' lang='lat' dir='ltr'><strong>Gallicis</strong></span> <span class='ocrx_word' id='word_1_83' title='bbox 1437 1064 1788 1131; x_wconf 87' lang='lat' dir='ltr'><strong>versionibus,</strong></span> <span class='ocrx_word' id='word_1_84' title='bbox 1814 1080 1931 1133; x_wconf 72' lang='lat' dir='ltr'><strong>qua:</strong></span> 
     </span>
    </p>
   </div>
   <div class='ocr_carea' id='block_1_14' title="bbox 377 1136 1932 1217">
    <p class='ocr_par' dir='ltr' id='par_1_14' title="bbox 377 1136 1932 1217">
     <span class='ocr_line' id='line_1_14' title="bbox 377 1136 1932 1217; baseline 0 -30"><span class='ocrx_word' id='word_1_85' title='bbox 377 1150 560 1217; x_wconf 78' lang='lat' dir='ltr'><strong>utnues</strong></span> <span class='ocrx_word' id='word_1_86' title='bbox 591 1138 818 1203; x_wconf 83' lang='lat' dir='ltr'><strong>priorem</strong></span> <span class='ocrx_word' id='word_1_87' title='bbox 845 1136 928 1191; x_wconf 89' lang='lat' dir='ltr'><strong>hic</strong></span> <span class='ocrx_word' id='word_1_88' title='bbox 971 1137 1387 1205; x_wconf 78' lang='lat' dir='ltr'><strong>interpretantur</strong></span> <span class='ocrx_word' id='word_1_89' title='bbox 1411 1137 1686 1204; x_wconf 71' lang='lat' dir='ltr'><strong>prtelatum</strong></span> <span class='ocrx_word' id='word_1_90' title='bbox 1708 1148 1803 1187; x_wconf 90' lang='lat' dir='ltr'><strong>seu</strong></span> <span class='ocrx_word' id='word_1_91' title='bbox 1840 1150 1932 1187; x_wconf 87' lang='lat' dir='ltr'><strong>su-</strong></span> 
     </span>
    </p>
   </div>
   <div class='ocr_carea' id='block_1_15' title="bbox 377 1221 660 1274">
    <p class='ocr_par' dir='ltr' id='par_1_15' title="bbox 377 1221 660 1274">
     <span class='ocr_line' id='line_1_15' title="bbox 377 1221 660 1274; baseline 0.011 -19"><span class='ocrx_word' id='word_1_92' title='bbox 377 1221 540 1274; x_wconf 69' lang='lat' dir='ltr'><strong>perior</strong></span> <span class='ocrx_word' id='word_1_93' title='bbox 553 1221 660 1259; x_wconf 88' lang='lat' dir='ltr'><strong>em.</strong></span> 
     </span>
    </p>
   </div>
   <div class='ocr_carea' id='block_1_16' title="bbox 450 1275 1934 1347">
    <p class='ocr_par' dir='ltr' id='par_1_16' title="bbox 450 1275 1934 1347">
     <span class='ocr_line' id='line_1_16' title="bbox 450 1275 1934 1347; baseline -0.002 -17"><span class='ocrx_word' id='word_1_94' title='bbox 450 1276 591 1330; x_wconf 81' lang='lat' dir='ltr'><strong>Sciat</strong></span> <span class='ocrx_word' id='word_1_95' title='bbox 626 1278 803 1345; x_wconf 82' lang='lat' dir='ltr'><strong>junior</strong></span> <span class='ocrx_word' id='word_1_96' title='bbox 844 1277 916 1330; x_wconf 91' lang='lat' dir='ltr'><strong>ita</strong></span> <span class='ocrx_word' id='word_1_97' title='bbox 959 1277 1054 1329; x_wconf 90' lang='lat' dir='ltr'><strong>sibi</strong></span> <span class='ocrx_word' id='word_1_98' title='bbox 1096 1276 1371 1347; x_wconf 61' lang='lat' dir='ltr'><strong>expedire]</strong></span> <span class='ocrx_word' id='word_1_99' title='bbox 1416 1294 1435 1327; x_wconf 76' lang='lat' dir='ltr'><strong>t</strong></span> <span class='ocrx_word' id='word_1_100' title='bbox 1471 1276 1630 1343; x_wconf 77' lang='lat' dir='ltr'><strong>Quasi</strong></span> <span class='ocrx_word' id='word_1_101' title='bbox 1688 1275 1934 1347; x_wconf 85' lang='lat' dir='ltr'><strong>diceret,</strong></span> 
     </span>
    </p>
   </div>
   <div class='ocr_carea' id='block_1_17' title="bbox 378 1345 1935 1413">
    <p class='ocr_par' dir='ltr' id='par_1_17' title="bbox 378 1345 1935 1413">
     <span class='ocr_line' id='line_1_17' title="bbox 378 1345 1935 1413; baseline -0.003 -14"><span class='ocrx_word' id='word_1_102' title='bbox 378 1346 546 1411; x_wconf 79' lang='lat' dir='ltr'><strong>inquit</strong></span> <span class='ocrx_word' id='word_1_103' title='bbox 571 1346 920 1407; x_wconf 79' lang='lat' dir='ltr'><strong>llildemarus,</strong></span> <span class='ocrx_word' id='word_1_104' title='bbox 944 1363 1046 1399; x_wconf 92' lang='lat' dir='ltr'><strong>non</strong></span> <span class='ocrx_word' id='word_1_105' title='bbox 1071 1363 1165 1413; x_wconf 91' lang='lat' dir='ltr'><strong>pro</strong></span> <span class='ocrx_word' id='word_1_106' title='bbox 1189 1351 1287 1399; x_wconf 85' lang='lat' dir='ltr'><strong>hnc</strong></span> <span class='ocrx_word' id='word_1_107' title='bbox 1307 1345 1935 1407; x_wconf 81' lang='lat' dir='ltr'><strong>dimittatobedientiam;</strong></span> 
     </span>
    </p>
   </div>
   <div class='ocr_carea' id='block_1_18' title="bbox 381 1416 1934 1482">
    <p class='ocr_par' dir='ltr' id='par_1_18' title="bbox 381 1416 1934 1482">
     <span class='ocr_line' id='line_1_18' title="bbox 381 1416 1934 1482; baseline 0.003 -19"><span class='ocrx_word' id='word_1_108' title='bbox 381 1416 504 1482; x_wconf 82' lang='lat' dir='ltr'><strong>quia</strong></span> <span class='ocrx_word' id='word_1_109' title='bbox 535 1416 580 1469; x_wconf 92' lang='lat' dir='ltr'><strong>si</strong></span> <span class='ocrx_word' id='word_1_110' title='bbox 612 1417 663 1470; x_wconf 90' lang='lat' dir='ltr'><strong>in</strong></span> <span class='ocrx_word' id='word_1_111' title='bbox 697 1417 799 1469; x_wconf 82' lang='lat' dir='ltr'><strong>illis</strong></span> <span class='ocrx_word' id='word_1_112' title='bbox 827 1417 1153 1471; x_wconf 80' lang='lat' dir='ltr'><strong>difﬁcillimis</strong></span> <span class='ocrx_word' id='word_1_113' title='bbox 1184 1418 1338 1471; x_wconf 84' lang='lat' dir='ltr'><strong>rebus</strong></span> <span class='ocrx_word' id='word_1_114' title='bbox 1360 1416 1651 1481; x_wconf 85' lang='lat' dir='ltr'><strong>obedterit,</strong></span> <span class='ocrx_word' id='word_1_115' title='bbox 1697 1417 1798 1469; x_wconf 86' lang='lat' dir='ltr'><strong>hoc</strong></span> <span class='ocrx_word' id='word_1_116' title='bbox 1824 1430 1934 1469; x_wconf 78' lang='lat' dir='ltr'><strong>sure</strong></span> 
     </span>
    </p>
   </div>
   <div class='ocr_carea' id='block_1_19' title="bbox 379 1486 885 1539">
    <p class='ocr_par' dir='ltr' id='par_1_19' title="bbox 379 1486 885 1539">
     <span class='ocr_line' id='line_1_19' title="bbox 379 1486 885 1539; baseline -0.002 -1"><span class='ocrx_word' id='word_1_117' title='bbox 379 1486 537 1538; x_wconf 86' lang='lat' dir='ltr'><strong>saluti</strong></span> <span class='ocrx_word' id='word_1_118' title='bbox 561 1489 821 1539; x_wconf 81' lang='lat' dir='ltr'><strong>caiivcnit.</strong></span> <span class='ocrx_word' id='word_1_119' title='bbox 868 1506 885 1537; x_wconf 78' lang='grc' dir='ltr'><strong>ι</strong></span> 
     </span>
    </p>
   </div>
   <div class='ocr_carea' id='block_1_20' title="bbox 454 1552 1938 1626">
    <p class='ocr_par' dir='ltr' id='par_1_20' title="bbox 454 1552 1938 1626">
     <span class='ocr_line' id='line_1_20' title="bbox 454 1552 1938 1626; baseline -0.001 -20"><span class='ocrx_word' id='word_1_120' title='bbox 454 1555 515 1607; x_wconf 70' lang='lat' dir='ltr'><strong>Et</strong></span> <span class='ocrx_word' id='word_1_121' title='bbox 540 1572 601 1610; x_wconf 78' lang='lat' dir='ltr'><strong>ex</strong></span> <span class='ocrx_word' id='word_1_122' title='bbox 622 1556 862 1610; x_wconf 84' lang='lat' dir='ltr'><strong>charitate</strong></span> <span class='ocrx_word' id='word_1_123' title='bbox 890 1557 1143 1625; x_wconf 82' lang='lat' dir='ltr'><strong>conﬁdens</strong></span> <span class='ocrx_word' id='word_1_124' title='bbox 1165 1559 1228 1610; x_wconf 89' lang='lat' dir='ltr'><strong>de</strong></span> <span class='ocrx_word' id='word_1_125' title='bbox 1249 1557 1510 1626; x_wconf 87' lang='lat' dir='ltr'><strong>adjutorio</strong></span> <span class='ocrx_word' id='word_1_126' title='bbox 1542 1554 1656 1619; x_wconf 86' lang='lat' dir='ltr'><strong>Dei,</strong></span> <span class='ocrx_word' id='word_1_127' title='bbox 1688 1552 1938 1624; x_wconf 85' lang='lat' dir='ltr'><strong>obediat.]</strong></span> 
     </span>
    </p>
   </div>
   <div class='ocr_carea' id='block_1_21' title="bbox 379 1626 1940 1696">
    <p class='ocr_par' dir='ltr' id='par_1_21' title="bbox 379 1626 1940 1696">
     <span class='ocr_line' id='line_1_21' title="bbox 379 1626 1940 1696; baseline 0 -17"><span class='ocrx_word' id='word_1_128' title='bbox 379 1626 488 1679; x_wconf 82' lang='lat' dir='ltr'><strong>Nisi</strong></span> <span class='ocrx_word' id='word_1_129' title='bbox 532 1628 666 1681; x_wconf 87' lang='lat' dir='ltr'><strong>forte</strong></span> <span class='ocrx_word' id='word_1_130' title='bbox 706 1627 901 1696; x_wconf 86' lang='lat' dir='ltr'><strong>aliquid</strong></span> <span class='ocrx_word' id='word_1_131' title='bbox 949 1628 1283 1695; x_wconf 63' lang='lat' dir='ltr'><strong>praecipiatur</strong></span> <span class='ocrx_word' id='word_1_132' title='bbox 1321 1629 1460 1695; x_wconf 80' lang='lat' dir='ltr'><strong>quod</strong></span> <span class='ocrx_word' id='word_1_133' title='bbox 1505 1628 1571 1677; x_wconf 85' lang='lat' dir='ltr'><strong>sit</strong></span> <span class='ocrx_word' id='word_1_134' title='bbox 1613 1626 1940 1696; x_wconf 56' lang='lat' dir='ltr'><strong>impossibile</strong></span> 
     </span>
    </p>
   </div>
   <div class='ocr_carea' id='block_1_22' title="bbox 380 1694 1937 1767">
    <p class='ocr_par' dir='ltr' id='par_1_22' title="bbox 380 1694 1937 1767">
     <span class='ocr_line' id='line_1_22' title="bbox 380 1694 1937 1767; baseline 0.003 -24"><span class='ocrx_word' id='word_1_135' title='bbox 380 1698 527 1767; x_wconf 68' lang='lat' dir='ltr'><strong>juris,</strong></span> <span class='ocrx_word' id='word_1_136' title='bbox 546 1698 686 1767; x_wconf 81' lang='lat' dir='ltr'><strong>sive,</strong></span> <span class='ocrx_word' id='word_1_137' title='bbox 712 1709 767 1750; x_wconf 89' lang='lat' dir='ltr'><strong>ut</strong></span> <span class='ocrx_word' id='word_1_138' title='bbox 792 1694 1021 1764; x_wconf 79' lang='lat' dir='ltr'><strong>loquitur</strong></span> <span class='ocrx_word' id='word_1_139' title='bbox 1048 1694 1446 1752; x_wconf 71' lang='lat' dir='ltr'><strong>S.Ambro$ins</strong></span> <span class='ocrx_word' id='word_1_140' title='bbox 1472 1696 1606 1765; x_wconf 85' lang='lat' dir='ltr'><strong>(Lib.</strong></span> <span class='ocrx_word' id='word_1_141' title='bbox 1632 1712 1680 1750; x_wconf 88' lang='lat' dir='ltr'><strong>tv</strong></span> <span class='ocrx_word' id='word_1_142' title='bbox 1703 1698 1764 1748; x_wconf 88' lang='lat' dir='ltr'><strong>de</strong></span> <span class='ocrx_word' id='word_1_143' title='bbox 1788 1694 1937 1758; x_wconf 86' lang='lat' dir='ltr'><strong>Fide,</strong></span> 
     </span>
    </p>
   </div>
   <div class='ocr_carea' id='block_1_23' title="bbox 380 1766 1939 1838">
    <p class='ocr_par' dir='ltr' id='par_1_23' title="bbox 380 1766 1939 1838">
     <span class='ocr_line' id='line_1_23' title="bbox 380 1766 1939 1838; baseline 0 -20"><span class='ocrx_word' id='word_1_144' title='bbox 380 1766 491 1836; x_wconf 85' lang='lat' dir='ltr'><strong>cap.</strong></span> <span class='ocrx_word' id='word_1_145' title='bbox 525 1766 601 1834; x_wconf 77' lang='lat'><strong>&#39;5),</strong></span> <span class='ocrx_word' id='word_1_146' title='bbox 632 1769 959 1833; x_wconf 75' lang='lat' dir='ltr'><strong>impossibile</strong></span> <span class='ocrx_word' id='word_1_147' title='bbox 981 1783 1069 1838; x_wconf 92' lang='lat' dir='ltr'><strong>per</strong></span> <span class='ocrx_word' id='word_1_148' title='bbox 1092 1768 1436 1835; x_wconf 78' lang='lat' dir='ltr'><strong>deﬁnitionem</strong></span> <span class='ocrx_word' id='word_1_149' title='bbox 1463 1767 1791 1820; x_wconf 82' lang='lat' dir='ltr'><strong>immutabilis</strong></span> <span class='ocrx_word' id='word_1_150' title='bbox 1824 1782 1939 1833; x_wconf 84' lang='lat' dir='ltr'><strong>pro-</strong></span> 
     </span>
    </p>
   </div>
   <div class='ocr_carea' id='block_1_24' title="bbox 393 1889 3617 1948">
    <p class='ocr_par' dir='ltr' id='par_1_24' title="bbox 397 1893 3617 1944">
     <span class='ocr_line' id='line_1_24' title="bbox 397 1893 3617 1944; baseline 0.001 -2"><span class='ocrx_word' id='word_1_151' title='bbox 1977 1909 2556 1930; x_wconf 60' lang='lat' dir='ltr'><em>m</em></span> 
     </span>
    </p>
   </div>
   <div class='ocr_carea' id='block_1_25' title="bbox 1774 1911 1974 1930">
    <p class='ocr_par' dir='ltr' id='par_1_25' title="bbox 1774 1911 1974 1930">
     <span class='ocr_line' id='line_1_25' title="bbox 1774 1911 1974 1930; baseline 0 0"><span class='ocrx_word' id='word_1_152' title='bbox 1774 1911 1974 1930; x_wconf 67' lang='lat' dir='ltr'><strong>m</strong></span> 
     </span>
    </p>
   </div>
   <div class='ocr_carea' id='block_1_26' title="bbox 1615 2002 2387 2085">
    <p class='ocr_par' dir='ltr' id='par_1_26' title="bbox 1615 2002 2387 2085">
     <span class='ocr_line' id='line_1_26' title="bbox 1615 2002 2387 2085; baseline -0.009 0"><span class='ocrx_word' id='word_1_153' title='bbox 1615 2002 1998 2085; x_wconf 87' lang='lat' dir='ltr'><strong>CAPUT</strong></span> <span class='ocrx_word' id='word_1_154' title='bbox 2054 2002 2387 2083; x_wconf 81' lang='lat' dir='ltr'><strong>LXIX.</strong></span> 
     </span>
    </p>
   </div>
   <div class='ocr_carea' id='block_1_27' title="bbox 2029 502 3589 573">
    <p class='ocr_par' dir='ltr' id='par_1_27' title="bbox 2029 502 3589 573">
     <span class='ocr_line' id='line_1_27' title="bbox 2029 502 3589 573; baseline 0.005 -18"><span class='ocrx_word' id='word_1_155' title='bbox 2029 506 2265 556; x_wconf 78' lang='lat' dir='ltr'><strong>amicitire</strong></span> <span class='ocrx_word' id='word_1_156' title='bbox 2293 504 2465 572; x_wconf 80' lang='lat' dir='ltr'><strong>ﬁdem.</strong></span> <span class='ocrx_word' id='word_1_157' title='bbox 2493 502 2603 556; x_wconf 83' lang='lat' dir='ltr'><strong>lloc</strong></span> <span class='ocrx_word' id='word_1_158' title='bbox 2628 506 2925 565; x_wconf 86' lang='lat' dir='ltr'><strong>euim,cutn</strong></span> <span class='ocrx_word' id='word_1_159' title='bbox 2958 505 3059 573; x_wconf 79' lang='lat' dir='ltr'><strong>legi</strong></span> <span class='ocrx_word' id='word_1_160' title='bbox 3092 506 3179 560; x_wconf 88' lang='lat' dir='ltr'><strong>Dei</strong></span> <span class='ocrx_word' id='word_1_161' title='bbox 3214 502 3589 573; x_wconf 70' lang='lat' dir='ltr'><strong>repugnel,&#39;ex</strong></span> 
     </span>
    </p>
   </div>
   <div class='ocr_carea' id='block_1_28' title="bbox 2030 575 3586 645">
    <p class='ocr_par' dir='ltr' id='par_1_28' title="bbox 2030 575 3586 645">
     <span class='ocr_line' id='line_1_28' title="bbox 2030 575 3586 645; baseline 0.003 -17"><span class='ocrx_word' id='word_1_162' title='bbox 2030 576 2286 645; x_wconf 84' lang='lat' dir='ltr'><strong>cliaritate</strong></span> <span class='ocrx_word' id='word_1_163' title='bbox 2327 576 2433 626; x_wconf 86' lang='lat' dir='ltr'><strong>fieri</strong></span> <span class='ocrx_word' id='word_1_164' title='bbox 2465 589 2567 626; x_wconf 88' lang='lat' dir='ltr'><strong>non</strong></span> <span class='ocrx_word' id='word_1_165' title='bbox 2599 584 2789 640; x_wconf 86' lang='lat' dir='ltr'><strong>potest.</strong></span> <span class='ocrx_word' id='word_1_166' title='bbox 2837 575 3121 645; x_wconf 71' lang='lat' dir='ltr'><strong>Caeterum,</strong></span> <span class='ocrx_word' id='word_1_167' title='bbox 3148 578 3401 645; x_wconf 71' lang='lat' dir='ltr'><strong>quidquid</strong></span> <span class='ocrx_word' id='word_1_168' title='bbox 3447 579 3586 632; x_wconf 82' lang='lat' dir='ltr'><strong>aliud</strong></span> 
     </span>
    </p>
   </div>
   <div class='ocr_carea' id='block_1_29' title="bbox 2032 644 3587 711">
    <p class='ocr_par' dir='ltr' id='par_1_29' title="bbox 2032 644 3587 711">
     <span class='ocr_line' id='line_1_29' title="bbox 2032 644 3587 711; baseline 0.004 -15"><span class='ocrx_word' id='word_1_169' title='bbox 2032 644 2388 711; x_wconf 58' lang='lat' dir='ltr'><strong>praecipiatur,</strong></span> <span class='ocrx_word' id='word_1_170' title='bbox 2420 658 2732 711; x_wconf 84' lang='lat' dir='ltr'><strong>quocunque</strong></span> <span class='ocrx_word' id='word_1_171' title='bbox 2761 644 2918 696; x_wconf 87' lang='lat' dir='ltr'><strong>modo</strong></span> <span class='ocrx_word' id='word_1_172' title='bbox 2954 647 3020 697; x_wconf 89' lang='lat' dir='ltr'><strong>sit</strong></span> <span class='ocrx_word' id='word_1_173' title='bbox 3065 644 3425 711; x_wconf 66' lang='lat' dir='ltr'><strong>impossibile,</strong></span> <span class='ocrx_word' id='word_1_174' title='bbox 3466 664 3587 702; x_wconf 89' lang='lat' dir='ltr'><strong>cum</strong></span> 
     </span>
    </p>
   </div>
   <div class='ocr_carea' id='block_1_30' title="bbox 2034 714 3590 781">
    <p class='ocr_par' dir='ltr' id='par_1_30' title="bbox 2034 714 3590 781">
     <span class='ocr_line' id='line_1_30' title="bbox 2034 714 3590 781; baseline 0.004 -15"><span class='ocrx_word' id='word_1_175' title='bbox 2034 716 2181 767; x_wconf 87' lang='lat' dir='ltr'><strong>firma</strong></span> <span class='ocrx_word' id='word_1_176' title='bbox 2213 729 2306 780; x_wconf 87' lang='lat' dir='ltr'><strong>spe</strong></span> <span class='ocrx_word' id='word_1_177' title='bbox 2329 714 2396 767; x_wconf 91' lang='lat' dir='ltr'><strong>de</strong></span> <span class='ocrx_word' id='word_1_178' title='bbox 2432 715 2522 766; x_wconf 87' lang='lat' dir='ltr'><strong>Dei</strong></span> <span class='ocrx_word' id='word_1_179' title='bbox 2552 714 2814 780; x_wconf 84' lang='lat' dir='ltr'><strong>adjutorio</strong></span> <span class='ocrx_word' id='word_1_180' title='bbox 2842 715 3251 781; x_wconf 66' lang='lat' dir='ltr'><strong>aggredicuilum</strong></span> <span class='ocrx_word' id='word_1_181' title='bbox 3304 728 3414 779; x_wconf 75' lang='lat' dir='ltr'><strong>est,</strong></span> <span class='ocrx_word' id='word_1_182' title='bbox 3466 729 3519 771; x_wconf 87' lang='lat' dir='ltr'><strong>ut</strong></span> <span class='ocrx_word' id='word_1_183' title='bbox 3544 720 3590 772; x_wconf 72' lang='lat' dir='ltr'><strong>si</strong></span> 
     </span>
    </p>
   </div>
   <div class='ocr_carea' id='block_1_31' title="bbox 2032 784 3593 856">
    <p class='ocr_par' dir='ltr' id='par_1_31' title="bbox 2032 784 3593 856">
     <span class='ocr_line' id='line_1_31' title="bbox 2032 784 3593 856; baseline 0.002 -19"><span class='ocrx_word' id='word_1_184' title='bbox 2032 784 2249 837; x_wconf 62' lang='lat' dir='ltr'><strong>elfectus</strong></span> <span class='ocrx_word' id='word_1_185' title='bbox 2281 784 2518 856; x_wconf 73' lang='lat' dir='ltr'><strong>exhiberi</strong></span> <span class='ocrx_word' id='word_1_186' title='bbox 2561 792 2821 852; x_wconf 91' lang='lat' dir='ltr'><strong>nequeat,</strong></span> <span class='ocrx_word' id='word_1_187' title='bbox 2852 788 3036 838; x_wconf 80' lang='lat' dir='ltr'><strong>saltem</strong></span> <span class='ocrx_word' id='word_1_188' title='bbox 3068 789 3232 856; x_wconf 75' lang='grc'><strong>882</strong></span> <span class='ocrx_word' id='word_1_189' title='bbox 3282 790 3593 840; x_wconf 79' lang='lat' dir='ltr'><strong>ostendatur</strong></span> 
     </span>
    </p>
   </div>
   <div class='ocr_carea' id='block_1_32' title="bbox 2034 853 3594 919">
    <p class='ocr_par' dir='ltr' id='par_1_32' title="bbox 2034 853 3594 919">
     <span class='ocr_line' id='line_1_32' title="bbox 2034 853 3594 919; baseline 0.002 -13"><span class='ocrx_word' id='word_1_190' title='bbox 2034 856 2273 906; x_wconf 72' lang='lat' dir='ltr'><strong>alTectus.</strong></span> <span class='ocrx_word' id='word_1_191' title='bbox 2294 853 2555 906; x_wconf 71' lang='lat' dir='ltr'><strong>Praeclare</strong></span> <span class='ocrx_word' id='word_1_192' title='bbox 2575 866 2747 906; x_wconf 81' lang='lat' dir='ltr'><strong>autem</strong></span> <span class='ocrx_word' id='word_1_193' title='bbox 2770 857 2905 907; x_wconf 91' lang='lat' dir='ltr'><strong>hunc</strong></span> <span class='ocrx_word' id='word_1_194' title='bbox 2926 856 2975 907; x_wconf 91' lang='lat' dir='ltr'><strong>iu</strong></span> <span class='ocrx_word' id='word_1_195' title='bbox 3002 853 3447 919; x_wconf 56' lang='lat' dir='ltr'><strong>lociiinei‘rlamat</strong></span> <span class='ocrx_word' id='word_1_196' title='bbox 3468 860 3594 911; x_wconf 85' lang='lat' dir='ltr'><strong>Ber-</strong></span> 
     </span>
    </p>
   </div>
   <div class='ocr_carea' id='block_1_33' title="bbox 2034 923 3595 991">
    <p class='ocr_par' dir='ltr' id='par_1_33' title="bbox 2034 923 3595 991">
     <span class='ocr_line' id='line_1_33' title="bbox 2034 923 3595 991; baseline -0.004 -16"><span class='ocrx_word' id='word_1_197' title='bbox 2034 924 2231 976; x_wconf 86' lang='lat' dir='ltr'><strong>nardns</strong></span> <span class='ocrx_word' id='word_1_198' title='bbox 2254 923 2582 976; x_wconf 53' lang='lat' dir='ltr'><strong>Cassint-nsis</strong></span> <span class='ocrx_word' id='word_1_199' title='bbox 2615 940 2626 974; x_wconf 92' lang='lat'>:</span> <span class='ocrx_word' id='word_1_200' title='bbox 2661 943 2677 973; x_wconf 76' lang='grc' dir='ltr'><strong>ι</strong></span> <span class='ocrx_word' id='word_1_201' title='bbox 2714 923 2965 977; x_wconf 69' lang='grc' dir='ltr'><strong>Μίτςιιιίιίς</strong></span> <span class='ocrx_word' id='word_1_202' title='bbox 2996 926 3309 978; x_wconf 62' lang='lat' dir='ltr'><strong>tilitedictitiic</strong></span> <span class='ocrx_word' id='word_1_203' title='bbox 3338 931 3595 991; x_wconf 54' lang='lat' dir='ltr'><strong>periei-lio</strong></span> 
     </span>
    </p>
   </div>
   <div class='ocr_carea' id='block_1_34' title="bbox 2035 992 3591 1062">
    <p class='ocr_par' dir='ltr' id='par_1_34' title="bbox 2035 992 3591 1062">
     <span class='ocr_line' id='line_1_34' title="bbox 2035 992 3591 1062; baseline 0.002 -14"><span class='ocrx_word' id='word_1_204' title='bbox 2035 994 2308 1055; x_wconf 70' lang='lat' dir='ltr'><strong>rctularis,</strong></span> <span class='ocrx_word' id='word_1_205' title='bbox 2344 1009 2411 1062; x_wconf 91' lang='lat' dir='ltr'><strong>qu</strong></span> <span class='ocrx_word' id='word_1_206' title='bbox 2432 1011 2461 1044; x_wconf 67' lang='grc' dir='ltr'>ιε</span> <span class='ocrx_word' id='word_1_207' title='bbox 2485 997 2643 1046; x_wconf 84' lang='lat' dir='ltr'><strong>etiam</strong></span> <span class='ocrx_word' id='word_1_208' title='bbox 2671 992 2735 1046; x_wconf 88' lang='lat' dir='ltr'><strong>ad</strong></span> <span class='ocrx_word' id='word_1_209' title='bbox 2763 996 3106 1054; x_wconf 57' lang='lat' dir='ltr'><strong>impossibilia</strong></span> <span class='ocrx_word' id='word_1_210' title='bbox 3138 1012 3196 1048; x_wconf 84' lang='lat' dir='ltr'><strong>se</strong></span> <span class='ocrx_word' id='word_1_211' title='bbox 3229 999 3500 1057; x_wconf 72' lang='lat' dir='ltr'><strong>exlettJ-t.</strong></span> <span class='ocrx_word' id='word_1_212' title='bbox 3535 1009 3591 1051; x_wconf 87' lang='lat' dir='ltr'><strong>et</strong></span> 
     </span>
    </p>
   </div>
   <div class='ocr_carea' id='block_1_35' title="bbox 2037 1064 3597 1134">
    <p class='ocr_par' dir='ltr' id='par_1_35' title="bbox 2037 1064 3597 1134">
     <span class='ocr_line' id='line_1_35' title="bbox 2037 1064 3597 1134; baseline 0.003 -17"><span class='ocrx_word' id='word_1_213' title='bbox 2037 1064 2137 1117; x_wconf 90' lang='lat' dir='ltr'><strong>soli</strong></span> <span class='ocrx_word' id='word_1_214' title='bbox 2190 1064 2297 1117; x_wconf 86' lang='lat' dir='ltr'><strong>Deo</strong></span> <span class='ocrx_word' id='word_1_215' title='bbox 2338 1064 2671 1134; x_wconf 81' lang='lat' dir='ltr'><strong>relinquitur,</strong></span> <span class='ocrx_word' id='word_1_216' title='bbox 2714 1066 2920 1130; x_wconf 77' lang='lat' dir='ltr'><strong>quando</strong></span> <span class='ocrx_word' id='word_1_217' title='bbox 2968 1067 3289 1133; x_wconf 76' lang='lat' dir='ltr'><strong>impossibile</strong></span> <span class='ocrx_word' id='word_1_218' title='bbox 3328 1079 3411 1121; x_wconf 86' lang='lat' dir='ltr'><strong>est</strong></span> <span class='ocrx_word' id='word_1_219' title='bbox 3452 1071 3597 1134; x_wconf 87' lang='lat' dir='ltr'><strong>quod</strong></span> 
     </span>
    </p>
   </div>
   <div class='ocr_carea' id='block_1_36' title="bbox 2034 1133 3599 1206">
    <p class='ocr_par' dir='ltr' id='par_1_36' title="bbox 2034 1133 3599 1206">
     <span class='ocr_line' id='line_1_36' title="bbox 2034 1133 3599 1206; baseline 0.002 -19"><span class='ocrx_word' id='word_1_220' title='bbox 2034 1134 2248 1203; x_wconf 85' lang='lat' dir='ltr'><strong>jubetur</strong></span> <span class='ocrx_word' id='word_1_221' title='bbox 2272 1153 2286 1187; x_wconf 87' lang='lat'><strong>:</strong></span> <span class='ocrx_word' id='word_1_222' title='bbox 2313 1144 2373 1206; x_wconf 83' lang='lat' dir='ltr'><strong>et</strong></span> <span class='ocrx_word' id='word_1_223' title='bbox 2399 1133 2653 1206; x_wconf 81' lang='lat' dir='ltr'><strong>mirabilis</strong></span> <span class='ocrx_word' id='word_1_224' title='bbox 2678 1134 3036 1206; x_wconf 15' lang='lat' dir='ltr'><strong>Pitll‘iisitIOSll‘i</strong></span> <span class='ocrx_word' id='word_1_225' title='bbox 3062 1138 3375 1199; x_wconf 84' lang='lat' dir='ltr'><strong>consolatio,</strong></span> <span class='ocrx_word' id='word_1_226' title='bbox 3399 1133 3515 1206; x_wconf 71' lang='lat' dir='ltr'><strong>quae</strong></span> <span class='ocrx_word' id='word_1_227' title='bbox 3542 1147 3599 1191; x_wconf 90' lang='lat' dir='ltr'><strong>ct</strong></span> 
     </span>
    </p>
   </div>
   <div class='ocr_carea' id='block_1_37' title="bbox 2039 1203 3600 1277">
    <p class='ocr_par' dir='ltr' id='par_1_37' title="bbox 2039 1203 3600 1277">
     <span class='ocr_line' id='line_1_37' title="bbox 2039 1203 3600 1277; baseline 0.002 -19"><span class='ocrx_word' id='word_1_228' title='bbox 2039 1209 2116 1259; x_wconf 86' lang='lat' dir='ltr'><strong>sic</strong></span> <span class='ocrx_word' id='word_1_229' title='bbox 2155 1204 2408 1277; x_wconf 81' lang='lat' dir='ltr'><strong>expedire</strong></span> <span class='ocrx_word' id='word_1_230' title='bbox 2438 1203 2593 1277; x_wconf 66' lang='lat' dir='ltr'><strong>dicit,</strong></span> <span class='ocrx_word' id='word_1_231' title='bbox 2614 1214 2667 1277; x_wconf 87' lang='lat' dir='ltr'><strong>et</strong></span> <span class='ocrx_word' id='word_1_232' title='bbox 2693 1205 3063 1277; x_wconf 80' lang='lat' dir='ltr'><strong>confidcn&#39;iain</strong></span> <span class='ocrx_word' id='word_1_233' title='bbox 3097 1207 3162 1259; x_wconf 90' lang='lat' dir='ltr'><strong>de</strong></span> <span class='ocrx_word' id='word_1_234' title='bbox 3196 1207 3283 1260; x_wconf 88' lang='lat' dir='ltr'><strong>Dei</strong></span> <span class='ocrx_word' id='word_1_235' title='bbox 3329 1203 3600 1277; x_wconf 82' lang='lat' dir='ltr'><strong>adjutorio</strong></span> 
     </span>
    </p>
   </div>
   <div class='ocr_carea' id='block_1_38' title="bbox 2041 1274 3600 1346">
    <p class='ocr_par' dir='ltr' id='par_1_38' title="bbox 2041 1274 3600 1346">
     <span class='ocr_line' id='line_1_38' title="bbox 2041 1274 3600 1346; baseline 0.002 -19"><span class='ocrx_word' id='word_1_236' title='bbox 2041 1276 2383 1341; x_wconf 79' lang='lat' dir='ltr'><strong>reprmnittit,</strong></span> <span class='ocrx_word' id='word_1_237' title='bbox 2406 1288 2523 1327; x_wconf 90' lang='lat' dir='ltr'><strong>cum</strong></span> <span class='ocrx_word' id='word_1_238' title='bbox 2546 1274 2691 1337; x_wconf 86' lang='lat' dir='ltr'><strong>dicit,</strong></span> <span class='ocrx_word' id='word_1_239' title='bbox 2719 1274 3051 1346; x_wconf 64' lang='lat' dir='ltr'><strong>Spia&#39;junior</strong></span> <span class='ocrx_word' id='word_1_240' title='bbox 3078 1278 3171 1329; x_wconf 89' lang='lat' dir='ltr'><strong>sibi</strong></span> <span class='ocrx_word' id='word_1_241' title='bbox 3197 1274 3456 1345; x_wconf 69' lang='lat' dir='ltr'><strong>expedire,</strong></span> <span class='ocrx_word' id='word_1_242' title='bbox 3492 1290 3600 1332; x_wconf 83' lang='lat' dir='ltr'><strong>etc.</strong></span> 
     </span>
    </p>
   </div>
   <div class='ocr_carea' id='block_1_39' title="bbox 2041 1344 3600 1408">
    <p class='ocr_par' dir='ltr' id='par_1_39' title="bbox 2041 1344 3600 1408">
     <span class='ocr_line' id='line_1_39' title="bbox 2041 1344 3600 1408; baseline 0.001 -10"><span class='ocrx_word' id='word_1_243' title='bbox 2041 1346 2172 1398; x_wconf 88' lang='lat' dir='ltr'><strong>Cum</strong></span> <span class='ocrx_word' id='word_1_244' title='bbox 2225 1346 2361 1397; x_wconf 89' lang='lat' dir='ltr'><strong>Dens</strong></span> <span class='ocrx_word' id='word_1_245' title='bbox 2391 1346 2695 1397; x_wconf 75' lang='lat' dir='ltr'><strong>“secundum</strong></span> <span class='ocrx_word' id='word_1_246' title='bbox 2747 1344 3003 1399; x_wconf 81' lang='lat' dir='ltr'><strong>Joannem</strong></span> <span class='ocrx_word' id='word_1_247' title='bbox 3046 1347 3278 1401; x_wconf 86' lang='lat' dir='ltr'><strong>charilas</strong></span> <span class='ocrx_word' id='word_1_248' title='bbox 3324 1348 3431 1408; x_wconf 87' lang='lat' dir='ltr'><strong>sit,</strong></span> <span class='ocrx_word' id='word_1_249' title='bbox 3477 1364 3600 1401; x_wconf 90' lang='lat' dir='ltr'><strong>cum</strong></span> 
     </span>
    </p>
   </div>
   <div class='ocr_carea' id='block_1_40' title="bbox 2043 1414 3605 1475">
    <p class='ocr_par' dir='ltr' id='par_1_40' title="bbox 2043 1414 3605 1475">
     <span class='ocr_line' id='line_1_40' title="bbox 2043 1414 3605 1475; baseline 0.002 -9"><span class='ocrx_word' id='word_1_250' title='bbox 2043 1416 2235 1466; x_wconf 87' lang='lat' dir='ltr'><strong>amanti</strong></span> <span class='ocrx_word' id='word_1_251' title='bbox 2265 1414 2396 1467; x_wconf 89' lang='lat' dir='ltr'><strong>nihil</strong></span> <span class='ocrx_word' id='word_1_252' title='bbox 2428 1414 2498 1467; x_wconf 85' lang='lat' dir='ltr'><strong>sit</strong></span> <span class='ocrx_word' id='word_1_253' title='bbox 2527 1414 2760 1475; x_wconf 83' lang='lat' dir='ltr'><strong>difficile.</strong></span> <span class='ocrx_word' id='word_1_254' title='bbox 2796 1415 2961 1468; x_wconf 92' lang='lat' dir='ltr'><strong>Deum</strong></span> <span class='ocrx_word' id='word_1_255' title='bbox 2991 1417 3043 1469; x_wconf 90' lang='lat' dir='ltr'><strong>in</strong></span> <span class='ocrx_word' id='word_1_256' title='bbox 3089 1418 3347 1470; x_wconf 85' lang='lat' dir='ltr'><strong>cliaritate</strong></span> <span class='ocrx_word' id='word_1_257' title='bbox 3388 1419 3605 1472; x_wconf 84' lang='lat' dir='ltr'><strong>habenti</strong></span> 
     </span>
    </p>
   </div>
   <div class='ocr_carea' id='block_1_41' title="bbox 2045 1485 3607 1556">
    <p class='ocr_par' dir='ltr' id='par_1_41' title="bbox 2045 1485 3607 1556">
     <span class='ocr_line' id='line_1_41' title="bbox 2045 1485 3607 1556; baseline 0.003 -21"><span class='ocrx_word' id='word_1_258' title='bbox 2045 1485 2174 1537; x_wconf 88' lang='lat' dir='ltr'><strong>nihil</strong></span> <span class='ocrx_word' id='word_1_259' title='bbox 2197 1485 2297 1538; x_wconf 91' lang='lat' dir='ltr'><strong>erit</strong></span> <span class='ocrx_word' id='word_1_260' title='bbox 2317 1485 2667 1551; x_wconf 76' lang='lat' dir='ltr'><strong>impossibile.</strong></span> <span class='ocrx_word' id='word_1_261' title='bbox 2695 1485 2837 1553; x_wconf 67' lang='lat' dir='ltr'><strong>qtiia,</strong></span> <span class='ocrx_word' id='word_1_262' title='bbox 2861 1486 3011 1552; x_wconf 81' lang='lat' dir='ltr'><strong>juxta</strong></span> <span class='ocrx_word' id='word_1_263' title='bbox 3032 1486 3461 1553; x_wconf 85' lang='lat' dir='ltr'><strong>Dominivocem,</strong></span> <span class='ocrx_word' id='word_1_264' title='bbox 3485 1504 3607 1556; x_wconf 71' lang='lat' dir='ltr'><strong>qua:</strong></span> 
     </span>
    </p>
   </div>
   <div class='ocr_carea' id='block_1_42' title="bbox 2044 1555 3611 1622">
    <p class='ocr_par' dir='ltr' id='par_1_42' title="bbox 2044 1555 3611 1622">
     <span class='ocr_line' id='line_1_42' title="bbox 2044 1555 3611 1622; baseline 0.003 -14"><span class='ocrx_word' id='word_1_265' title='bbox 2044 1555 2393 1621; x_wconf 82' lang='lat' dir='ltr'><strong>impossibilia</strong></span> <span class='ocrx_word' id='word_1_266' title='bbox 2442 1567 2566 1607; x_wconf 87' lang='lat' dir='ltr'><strong>sunt</strong></span> <span class='ocrx_word' id='word_1_267' title='bbox 2614 1557 2749 1622; x_wconf 87' lang='lat' dir='ltr'><strong>apud</strong></span> <span class='ocrx_word' id='word_1_268' title='bbox 2811 1555 3093 1619; x_wconf 69' lang='lat' dir='ltr'><strong>homines,</strong></span> <span class='ocrx_word' id='word_1_269' title='bbox 3153 1557 3425 1621; x_wconf 81' lang='lat' dir='ltr'><strong>possibilia</strong></span> <span class='ocrx_word' id='word_1_270' title='bbox 3484 1555 3611 1612; x_wconf 86' lang='lat' dir='ltr'><strong>sunt</strong></span> 
     </span>
    </p>
   </div>
   <div class='ocr_carea' id='block_1_43' title="bbox 2046 1622 3607 1692">
    <p class='ocr_par' dir='ltr' id='par_1_43' title="bbox 2046 1622 3607 1692">
     <span class='ocr_line' id='line_1_43' title="bbox 2046 1622 3607 1692; baseline 0.001 -15"><span class='ocrx_word' id='word_1_271' title='bbox 2046 1624 2181 1692; x_wconf 89' lang='lat' dir='ltr'><strong>apud</strong></span> <span class='ocrx_word' id='word_1_272' title='bbox 2220 1626 2402 1679; x_wconf 90' lang='lat' dir='ltr'><strong>Deum.</strong></span> <span class='ocrx_word' id='word_1_273' title='bbox 2426 1622 2690 1686; x_wconf 86' lang='lat' dir='ltr'><strong>Charitas,</strong></span> <span class='ocrx_word' id='word_1_274' title='bbox 2722 1636 2775 1678; x_wconf 90' lang='lat' dir='ltr'><strong>ut</strong></span> <span class='ocrx_word' id='word_1_275' title='bbox 2798 1624 2911 1678; x_wconf 66' lang='lat' dir='ltr'><strong>haec</strong></span> <span class='ocrx_word' id='word_1_276' title='bbox 2937 1627 3115 1680; x_wconf 85' lang='lat' dir='ltr'><strong>littera</strong></span> <span class='ocrx_word' id='word_1_277' title='bbox 3145 1628 3398 1691; x_wconf 79' lang='lat' dir='ltr'><strong>explicat.</strong></span> <span class='ocrx_word' id='word_1_278' title='bbox 3427 1630 3607 1683; x_wconf 82' lang='lat' dir='ltr'><strong>omnia</strong></span> 
     </span>
    </p>
   </div>
   <div class='ocr_carea' id='block_1_44' title="bbox 2047 1694 3612 1767">
    <p class='ocr_par' dir='ltr' id='par_1_44' title="bbox 2047 1694 3612 1767">
     <span class='ocr_line' id='line_1_44' title="bbox 2047 1694 3612 1767; baseline 0.001 -19"><span class='ocrx_word' id='word_1_279' title='bbox 2047 1694 2296 1764; x_wconf 81' lang='lat' dir='ltr'><strong>expedire</strong></span> <span class='ocrx_word' id='word_1_280' title='bbox 2324 1695 2475 1755; x_wconf 83' lang='lat' dir='ltr'><strong>facit;</strong></span> <span class='ocrx_word' id='word_1_281' title='bbox 2517 1696 2831 1767; x_wconf 81' lang='lat' dir='ltr'><strong>conﬁdentia</strong></span> <span class='ocrx_word' id='word_1_282' title='bbox 2865 1698 2913 1748; x_wconf 90' lang='lat' dir='ltr'><strong>in</strong></span> <span class='ocrx_word' id='word_1_283' title='bbox 2957 1697 3145 1750; x_wconf 85' lang='lat' dir='ltr'><strong>merito</strong></span> <span class='ocrx_word' id='word_1_284' title='bbox 3179 1698 3271 1751; x_wconf 91' lang='lat' dir='ltr'><strong>Dei</strong></span> <span class='ocrx_word' id='word_1_285' title='bbox 3304 1698 3612 1767; x_wconf 77' lang='lat' dir='ltr'><strong>paritadju-</strong></span> 
     </span>
    </p>
   </div>
   <div class='ocr_carea' id='block_1_45' title="bbox 2052 1765 3066 1833">
    <p class='ocr_par' dir='ltr' id='par_1_45' title="bbox 2052 1765 3066 1833">
     <span class='ocr_line' id='line_1_45' title="bbox 2052 1765 3066 1833; baseline -0.003 -14"><span class='ocrx_word' id='word_1_286' title='bbox 2052 1766 2275 1831; x_wconf 86' lang='lat' dir='ltr'><strong>torium,</strong></span> <span class='ocrx_word' id='word_1_287' title='bbox 2307 1766 2357 1818; x_wconf 93' lang='lat' dir='ltr'><strong>in</strong></span> <span class='ocrx_word' id='word_1_288' title='bbox 2389 1765 2699 1832; x_wconf 84' lang='lat' dir='ltr'><strong>operatione</strong></span> <span class='ocrx_word' id='word_1_289' title='bbox 2731 1767 3003 1833; x_wconf 85' lang='lat' dir='ltr'><strong>impendit.</strong></span> <span class='ocrx_word' id='word_1_290' title='bbox 3048 1785 3066 1817; x_wconf 79' lang='grc' dir='ltr'><strong>ι</strong></span> 
     </span>
    </p>
   </div>
   <div class='ocr_carea' id='block_1_46' title="bbox 1028 2143 2980 2225">
    <p class='ocr_par' dir='ltr' id='par_1_46' title="bbox 1028 2143 2980 2225">
     <span class='ocr_line' id='line_1_46' title="bbox 1028 2143 2980 2225; baseline 0 -20"><span class='ocrx_word' id='word_1_291' title='bbox 1028 2144 1101 2206; x_wconf 88' lang='lat' dir='ltr'><strong>Ut</strong></span> <span class='ocrx_word' id='word_1_292' title='bbox 1142 2145 1206 2204; x_wconf 86' lang='lat' dir='ltr'><strong>in</strong></span> <span class='ocrx_word' id='word_1_293' title='bbox 1241 2145 1610 2204; x_wconf 81' lang='lat' dir='ltr'><strong>monasterio</strong></span> <span class='ocrx_word' id='word_1_294' title='bbox 1640 2161 1767 2203; x_wconf 83' lang='lat' dir='ltr'><strong>non</strong></span> <span class='ocrx_word' id='word_1_295' title='bbox 1799 2152 2127 2221; x_wconf 62' lang='lat' dir='ltr'><strong>praesumat</strong></span> <span class='ocrx_word' id='word_1_296' title='bbox 2156 2143 2317 2203; x_wconf 87' lang='lat' dir='ltr'><strong>alter</strong></span> <span class='ocrx_word' id='word_1_297' title='bbox 2353 2145 2614 2205; x_wconf 83' lang='lat' dir='ltr'><strong>alterum</strong></span> <span class='ocrx_word' id='word_1_298' title='bbox 2642 2145 2980 2225; x_wconf 78' lang='lat' dir='ltr'><strong>defendere.</strong></span> 
     </span>
    </p>
   </div>
   <div class='ocr_carea' id='block_1_47' title="bbox 454 2263 3619 2343">
    <p class='ocr_par' dir='ltr' id='par_1_47' title="bbox 454 2263 3619 2343">
     <span class='ocr_line' id='line_1_47' title="bbox 454 2263 3619 2343; baseline 0.001 -27"><span class='ocrx_word' id='word_1_299' title='bbox 454 2263 860 2318; x_wconf 66' lang='lat' dir='ltr'><strong>Prmcavendum</strong></span> <span class='ocrx_word' id='word_1_300' title='bbox 882 2275 904 2302; x_wconf 74' lang='grc' dir='ltr'><strong>ι</strong></span> <span class='ocrx_word' id='word_1_301' title='bbox 933 2273 1017 2320; x_wconf 88' lang='lat' dir='ltr'><strong>est</strong></span> <span class='ocrx_word' id='word_1_302' title='bbox 1045 2280 1110 2321; x_wconf 89' lang='lat' dir='ltr'><strong>ne</strong></span> <span class='ocrx_word' id='word_1_303' title='bbox 1140 2268 1323 2336; x_wconf 85' lang='lat' dir='ltr'><strong>quavis</strong></span> <span class='ocrx_word' id='word_1_304' title='bbox 1352 2268 1634 2323; x_wconf 87' lang='lat' dir='ltr'><strong>occasione</strong></span> <span class='ocrx_word' id='word_1_305' title='bbox 1660 2279 1945 2337; x_wconf 63' lang='lat' dir='ltr'><strong>praisumal</strong></span> <span class='ocrx_word' id='word_1_306' title='bbox 1978 2270 2024 2329; x_wconf 93' lang='lat' dir='ltr'><strong>B</strong></span> <span class='ocrx_word' id='word_1_307' title='bbox 2052 2270 2324 2323; x_wconf 90' lang='lat' dir='ltr'><strong>monachis</strong></span> <span class='ocrx_word' id='word_1_308' title='bbox 2369 2280 2734 2338; x_wconf 81' lang='lat' dir='ltr'><strong>praesumalur,</strong></span> <span class='ocrx_word' id='word_1_309' title='bbox 2777 2272 2896 2343; x_wconf 89' lang='lat' dir='ltr'><strong>quia</strong></span> <span class='ocrx_word' id='word_1_310' title='bbox 2927 2271 3120 2326; x_wconf 81' lang='lat' dir='ltr'><strong>exinde</strong></span> <span class='ocrx_word' id='word_1_311' title='bbox 3178 2270 3489 2341; x_wconf 71' lang='lat' dir='ltr'><strong>gravissima</strong></span> <span class='ocrx_word' id='word_1_312' title='bbox 3520 2284 3619 2321; x_wconf 85' lang='lat' dir='ltr'><strong>oc-</strong></span> 
     </span>
    </p>
   </div>
   <div class='ocr_carea' id='block_1_48' title="bbox 386 2354 1943 2429">
    <p class='ocr_par' dir='ltr' id='par_1_48' title="bbox 386 2354 1943 2429">
     <span class='ocr_line' id='line_1_48' title="bbox 386 2354 1943 2429; baseline 0.003 -22"><span class='ocrx_word' id='word_1_313' title='bbox 386 2356 521 2411; x_wconf 83' lang='lat' dir='ltr'><strong>aller</strong></span> <span class='ocrx_word' id='word_1_314' title='bbox 558 2354 719 2409; x_wconf 88' lang='lat' dir='ltr'><strong>alium</strong></span> <span class='ocrx_word' id='word_1_315' title='bbox 761 2355 1049 2411; x_wconf 87' lang='lat' dir='ltr'><strong>defendere</strong></span> <span class='ocrx_word' id='word_1_316' title='bbox 1077 2357 1393 2413; x_wconf 87' lang='lat' dir='ltr'><strong>monachum</strong></span> <span class='ocrx_word' id='word_1_317' title='bbox 1435 2359 1490 2414; x_wconf 92' lang='lat' dir='ltr'><strong>iu</strong></span> <span class='ocrx_word' id='word_1_318' title='bbox 1529 2361 1851 2414; x_wconf 79' lang='lat' dir='ltr'><strong>monasterio</strong></span> <span class='ocrx_word' id='word_1_319' title='bbox 1892 2358 1943 2429; x_wconf 66' lang='grc' dir='ltr'>δ,</span> 
     </span>
    </p>
   </div>
   <div class='ocr_carea' id='block_1_49' title="bbox 386 2445 1946 2519">
    <p class='ocr_par' dir='ltr' id='par_1_49' title="bbox 386 2445 1946 2519">
     <span class='ocr_line' id='line_1_49' title="bbox 386 2445 1946 2519; baseline 0.003 -22"><span class='ocrx_word' id='word_1_320' title='bbox 386 2454 478 2498; x_wconf 87' lang='lat' dir='ltr'><strong>aut</strong></span> <span class='ocrx_word' id='word_1_321' title='bbox 502 2445 651 2515; x_wconf 86' lang='lat' dir='ltr'><strong>quasi</strong></span> <span class='ocrx_word' id='word_1_322' title='bbox 682 2456 704 2484; x_wconf 70' lang='grc' dir='ltr'><strong>θ</strong></span> <span class='ocrx_word' id='word_1_323' title='bbox 728 2449 863 2500; x_wconf 88' lang='lat' dir='ltr'><strong>tueri</strong></span> <span class='ocrx_word' id='word_1_324' title='bbox 889 2464 902 2498; x_wconf 93' lang='lat'>:</span> <span class='ocrx_word' id='word_1_325' title='bbox 929 2448 1135 2501; x_wconf 86' lang='lat' dir='ltr'><strong>etiamsi</strong></span> <span class='ocrx_word' id='word_1_326' title='bbox 1158 2448 1395 2519; x_wconf 86' lang='lat' dir='ltr'><strong>qualevis</strong></span> <span class='ocrx_word' id='word_1_327' title='bbox 1417 2448 1443 2484; x_wconf 75' lang='grc' dir='ltr'>ά</span> <span class='ocrx_word' id='word_1_328' title='bbox 1469 2449 1946 2519; x_wconf 77' lang='lat' dir='ltr'><strong>consanguinitatis</strong></span> 
     </span>
    </p>
   </div>
   <div class='ocr_carea' id='block_1_50' title="bbox 387 2537 1943 2612">
    <p class='ocr_par' dir='ltr' id='par_1_50' title="bbox 387 2537 1943 2612">
     <span class='ocr_line' id='line_1_50' title="bbox 387 2537 1943 2612; baseline 0.006 -26"><span class='ocrx_word' id='word_1_329' title='bbox 387 2537 776 2608; x_wconf 82' lang='lat' dir='ltr'><strong>propinquitate</strong></span> <span class='ocrx_word' id='word_1_330' title='bbox 798 2537 1086 2608; x_wconf 75' lang='lat' dir='ltr'><strong>iungantur</strong></span> <span class='ocrx_word' id='word_1_331' title='bbox 1115 2549 1162 2594; x_wconf 77' lang='grc' dir='ltr'><strong>θ.</strong></span> <span class='ocrx_word' id='word_1_332' title='bbox 1200 2541 1306 2597; x_wconf 84' lang='lat' dir='ltr'><strong>Nec</strong></span> <span class='ocrx_word' id='word_1_333' title='bbox 1344 2542 1583 2612; x_wconf 88' lang='lat' dir='ltr'><strong>quolibet</strong></span> <span class='ocrx_word' id='word_1_334' title='bbox 1613 2541 1769 2597; x_wconf 91' lang='lat' dir='ltr'><strong>modo</strong></span> <span class='ocrx_word' id='word_1_335' title='bbox 1816 2543 1867 2597; x_wconf 91' lang='lat' dir='ltr'><strong>id</strong></span> <span class='ocrx_word' id='word_1_336' title='bbox 1914 2558 1943 2595; x_wconf 87' lang='lat' dir='ltr'><strong>a</strong></span> 
     </span>
    </p>
   </div>
   <div class='ocr_carea' id='block_1_51' title="bbox 510 2716 1088 2781">
    <p class='ocr_par' dir='ltr' id='par_1_51' title="bbox 510 2716 1088 2781">
     <span class='ocr_line' id='line_1_51' title="bbox 510 2716 1088 2781; baseline -0.002 -13"><span class='ocrx_word' id='word_1_337' title='bbox 510 2718 712 2781; x_wconf 81' lang='lat' dir='ltr'><strong>Oxon.,</strong></span> <span class='ocrx_word' id='word_1_338' title='bbox 738 2716 1088 2769; x_wconf 84' lang='lat' dir='ltr'><strong>recavendum.</strong></span> 
     </span>
    </p>
   </div>
   <div class='ocr_carea' id='block_1_52' title="bbox 459 2785 1563 2842">
    <p class='ocr_par' dir='ltr' id='par_1_52' title="bbox 459 2785 1563 2842">
     <span class='ocr_line' id='line_1_52' title="bbox 459 2785 1563 2842; baseline 0.002 -4"><span class='ocrx_word' id='word_1_339' title='bbox 459 2785 485 2822; x_wconf 68' lang='grc' dir='ltr'>δ</span> <span class='ocrx_word' id='word_1_340' title='bbox 521 2787 676 2839; x_wconf 88' lang='lat' dir='ltr'><strong>Deest</strong></span> <span class='ocrx_word' id='word_1_341' title='bbox 702 2788 753 2839; x_wconf 91' lang='lat' dir='ltr'><strong>in</strong></span> <span class='ocrx_word' id='word_1_342' title='bbox 781 2786 986 2840; x_wconf 84' lang='lat' dir='ltr'><strong>duobus</strong></span> <span class='ocrx_word' id='word_1_343' title='bbox 1010 2802 1108 2840; x_wconf 87' lang='lat' dir='ltr'><strong>ms.</strong></span> <span class='ocrx_word' id='word_1_344' title='bbox 1141 2789 1194 2839; x_wconf 85' lang='lat' dir='ltr'><strong>in</strong></span> <span class='ocrx_word' id='word_1_345' title='bbox 1234 2788 1563 2842; x_wconf 86' lang='lat' dir='ltr'><strong>monasterio.</strong></span> 
     </span>
    </p>
   </div>
   <div class='ocr_carea' id='block_1_53' title="bbox 457 2856 972 2924">
    <p class='ocr_par' dir='ltr' id='par_1_53' title="bbox 457 2856 972 2924">
     <span class='ocr_line' id='line_1_53' title="bbox 457 2856 972 2924; baseline 0.004 -16"><span class='ocrx_word' id='word_1_346' title='bbox 457 2864 478 2893; x_wconf 75' lang='grc' dir='ltr'>ε</span> <span class='ocrx_word' id='word_1_347' title='bbox 520 2859 605 2908; x_wconf 82' lang='lat' dir='ltr'><strong>Al.</strong></span> <span class='ocrx_word' id='word_1_348' title='bbox 637 2856 785 2909; x_wconf 89' lang='lat' dir='ltr'><strong>deest</strong></span> <span class='ocrx_word' id='word_1_349' title='bbox 811 2859 972 2924; x_wconf 83' lang='lat' dir='ltr'><strong>quasi.</strong></span> 
     </span>
    </p>
   </div>
   <div class='ocr_carea' id='block_1_54' title="bbox 2048 2360 3620 2433">
    <p class='ocr_par' dir='ltr' id='par_1_54' title="bbox 2048 2360 3620 2433">
     <span class='ocr_line' id='line_1_54' title="bbox 2048 2360 3620 2433; baseline 0.001 -20"><span class='ocrx_word' id='word_1_350' title='bbox 2048 2361 2198 2414; x_wconf 87' lang='lat' dir='ltr'><strong>casio</strong></span> <span class='ocrx_word' id='word_1_351' title='bbox 2236 2363 2605 2417; x_wconf 88' lang='lat' dir='ltr'><strong>scandalorum</strong></span> <span class='ocrx_word' id='word_1_352' title='bbox 2661 2363 2791 2417; x_wconf 91' lang='lat' dir='ltr'><strong>oriri</strong></span> <span class='ocrx_word' id='word_1_353' title='bbox 2837 2372 3031 2433; x_wconf 88' lang='lat' dir='ltr'><strong>potest.</strong></span> <span class='ocrx_word' id='word_1_354' title='bbox 3060 2363 3213 2430; x_wconf 85' lang='lat' dir='ltr'><strong>Quod</strong></span> <span class='ocrx_word' id='word_1_355' title='bbox 3254 2363 3300 2418; x_wconf 84' lang='lat' dir='ltr'><strong>si</strong></span> <span class='ocrx_word' id='word_1_356' title='bbox 3338 2362 3457 2431; x_wconf 78' lang='lat' dir='ltr'><strong>quis</strong></span> <span class='ocrx_word' id='word_1_357' title='bbox 3502 2360 3620 2415; x_wconf 64' lang='lat' dir='ltr'><strong>haec</strong></span> 
     </span>
    </p>
   </div>
   <div class='ocr_carea' id='block_1_55' title="bbox 2050 2455 3153 2523">
    <p class='ocr_par' dir='ltr' id='par_1_55' title="bbox 2050 2455 3153 2523">
     <span class='ocr_line' id='line_1_55' title="bbox 2050 2455 3153 2523; baseline 0.002 -18"><span class='ocrx_word' id='word_1_358' title='bbox 2050 2460 2413 2523; x_wconf 80' lang='lat' dir='ltr'><strong>transgressus</strong></span> <span class='ocrx_word' id='word_1_359' title='bbox 2436 2455 2613 2519; x_wconf 88' lang='lat' dir='ltr'><strong>fuerit,</strong></span> <span class='ocrx_word' id='word_1_360' title='bbox 2639 2459 2814 2509; x_wconf 83' lang='lat' dir='ltr'><strong>acrius</strong></span> <span class='ocrx_word' id='word_1_361' title='bbox 2834 2463 3153 2511; x_wconf 73' lang='lat' dir='ltr'><strong>coercentur.</strong></span> 
     </span>
    </p>
   </div>
   <div class='ocr_carea' id='block_1_56' title="bbox 2128 2713 2821 2783">
    <p class='ocr_par' dir='ltr' id='par_1_56' title="bbox 2128 2713 2821 2783">
     <span class='ocr_line' id='line_1_56' title="bbox 2128 2713 2821 2783; baseline 0.001 -14"><span class='ocrx_word' id='word_1_362' title='bbox 2128 2715 2155 2755; x_wconf 72' lang='grc' dir='ltr'><strong>ιι</strong></span> <span class='ocrx_word' id='word_1_363' title='bbox 2180 2715 2378 2781; x_wconf 77' lang='lat' dir='ltr'><strong>Uxon.,</strong></span> <span class='ocrx_word' id='word_1_364' title='bbox 2409 2713 2597 2778; x_wconf 88' lang='lat' dir='ltr'><strong>Cone.,</strong></span> <span class='ocrx_word' id='word_1_365' title='bbox 2627 2716 2821 2783; x_wconf 84' lang='lat' dir='ltr'><strong>quavis.</strong></span> 
     </span>
    </p>
   </div>
   <div class='ocr_carea' id='block_1_57' title="bbox 2133 2786 3327 2856">
    <p class='ocr_par' dir='ltr' id='par_1_57' title="bbox 2133 2786 3327 2856">
     <span class='ocr_line' id='line_1_57' title="bbox 2133 2786 3327 2856; baseline -0.002 -16"><span class='ocrx_word' id='word_1_366' title='bbox 2133 2794 2156 2820; x_wconf 70' lang='lat'><strong><em>°</em></strong></span> <span class='ocrx_word' id='word_1_367' title='bbox 2184 2790 2380 2852; x_wconf 78' lang='lat' dir='ltr'><strong>Uxon.,</strong></span> <span class='ocrx_word' id='word_1_368' title='bbox 2406 2789 2675 2856; x_wconf 81' lang='lat' dir='ltr'><strong>jungatur.</strong></span> <span class='ocrx_word' id='word_1_369' title='bbox 2720 2786 2937 2847; x_wconf 85' lang='lat' dir='ltr'><strong>Bober.,</strong></span> <span class='ocrx_word' id='word_1_370' title='bbox 2970 2796 3327 2856; x_wconf 59' lang='lat' dir='ltr'><strong>coniungatur.</strong></span> 
     </span>
    </p>
   </div>
   <div class='ocr_carea' id='block_1_58' title="bbox 410 2989 3623 3012">
    <p class='ocr_par' dir='ltr' id='par_1_58' title="bbox 410 2989 3623 3012">
     <span class='ocr_line' id='line_1_58' title="bbox 410 2989 3623 3012; baseline 0.001 -7"><span class='ocrx_word' id='word_1_371' title='bbox 410 2989 3623 3012; x_wconf 49' lang='lat' dir='ltr'><strong>mm</strong></span> 
     </span>
    </p>
   </div>
   <div class='ocr_carea' id='block_1_59' title="bbox 1687 3060 2327 3123">
    <p class='ocr_par' dir='ltr' id='par_1_59' title="bbox 1687 3060 2327 3123">
     <span class='ocr_line' id='line_1_59' title="bbox 1687 3060 2327 3123; baseline -0.003 -1"><span class='ocrx_word' id='word_1_372' title='bbox 1687 3060 2327 3123; x_wconf 79' lang='lat' dir='ltr'><strong>COMMENTARIUS.</strong></span> 
     </span>
    </p>
   </div>
   <div class='ocr_carea' id='block_1_60' title="bbox 463 3182 1943 3251">
    <p class='ocr_par' dir='ltr' id='par_1_60' title="bbox 463 3182 1943 3251">
     <span class='ocr_line' id='line_1_60' title="bbox 463 3182 1943 3251; baseline 0.001 -16"><span class='ocrx_word' id='word_1_373' title='bbox 463 3182 855 3236; x_wconf 77' lang='lat' dir='ltr'><strong>Prwcavendum</strong></span> <span class='ocrx_word' id='word_1_374' title='bbox 904 3191 976 3235; x_wconf 87' lang='lat' dir='ltr'><strong>est</strong></span> <span class='ocrx_word' id='word_1_375' title='bbox 1022 3197 1087 3235; x_wconf 83' lang='lat' dir='ltr'><strong>ne</strong></span> <span class='ocrx_word' id='word_1_376' title='bbox 1132 3182 1305 3251; x_wconf 82' lang='lat' dir='ltr'><strong>quavis</strong></span> <span class='ocrx_word' id='word_1_377' title='bbox 1357 3182 1618 3236; x_wconf 74' lang='lat' dir='ltr'><strong>occasione</strong></span> <span class='ocrx_word' id='word_1_378' title='bbox 1666 3193 1943 3251; x_wconf 68' lang='lat' dir='ltr'><strong>prorsumat</strong></span> 
     </span>
    </p>
   </div>
   <div class='ocr_carea' id='block_1_61' title="bbox 388 3253 1943 3321">
    <p class='ocr_par' dir='ltr' id='par_1_61' title="bbox 388 3253 1943 3321">
     <span class='ocr_line' id='line_1_61' title="bbox 388 3253 1943 3321; baseline -0.001 -15"><span class='ocrx_word' id='word_1_379' title='bbox 388 3256 512 3306; x_wconf 81' lang='lat' dir='ltr'><strong>alter</strong></span> <span class='ocrx_word' id='word_1_380' title='bbox 535 3255 751 3305; x_wconf 82' lang='lat' dir='ltr'><strong>alterum</strong></span> <span class='ocrx_word' id='word_1_381' title='bbox 780 3253 1047 3321; x_wconf 78' lang='lat' dir='ltr'><strong>defendere</strong></span> <span class='ocrx_word' id='word_1_382' title='bbox 1075 3253 1374 3305; x_wconf 82' lang='lat' dir='ltr'><strong>monachum</strong></span> <span class='ocrx_word' id='word_1_383' title='bbox 1411 3254 1463 3305; x_wconf 90' lang='lat' dir='ltr'><strong>in</strong></span> <span class='ocrx_word' id='word_1_384' title='bbox 1493 3254 1815 3315; x_wconf 83' lang='lat' dir='ltr'><strong>monasterio,</strong></span> <span class='ocrx_word' id='word_1_385' title='bbox 1855 3264 1943 3307; x_wconf 87' lang='lat' dir='ltr'><strong>aut</strong></span> 
     </span>
    </p>
   </div>
   <div class='ocr_carea' id='block_1_62' title="bbox 388 3322 1945 3393">
    <p class='ocr_par' dir='ltr' id='par_1_62' title="bbox 388 3322 1945 3393">
     <span class='ocr_line' id='line_1_62' title="bbox 388 3322 1945 3393; baseline 0.003 -20"><span class='ocrx_word' id='word_1_386' title='bbox 388 3325 528 3393; x_wconf 83' lang='lat' dir='ltr'><strong>quasi</strong></span> <span class='ocrx_word' id='word_1_387' title='bbox 573 3322 748 3392; x_wconf 86' lang='lat' dir='ltr'><strong>tueri.]</strong></span> <span class='ocrx_word' id='word_1_388' title='bbox 782 3324 917 3375; x_wconf 90' lang='lat' dir='ltr'><strong>lnter</strong></span> <span class='ocrx_word' id='word_1_389' title='bbox 943 3323 1211 3393; x_wconf 70' lang='lat' dir='ltr'><strong>defendere</strong></span> <span class='ocrx_word' id='word_1_390' title='bbox 1236 3332 1283 3376; x_wconf 88' lang='lat' dir='ltr'><strong>et</strong></span> <span class='ocrx_word' id='word_1_391' title='bbox 1326 3323 1455 3376; x_wconf 86' lang='lat' dir='ltr'><strong>tueri</strong></span> <span class='ocrx_word' id='word_1_392' title='bbox 1493 3325 1570 3376; x_wconf 89' lang='lat' dir='ltr'><strong>sic</strong></span> <span class='ocrx_word' id='word_1_393' title='bbox 1616 3324 1945 3392; x_wconf 80' lang='lat' dir='ltr'><strong>distinguunt</strong></span> 
     </span>
    </p>
   </div>
   <div class='ocr_carea' id='block_1_63' title="bbox 390 3392 1940 3459">
    <p class='ocr_par' dir='ltr' id='par_1_63' title="bbox 390 3392 1940 3459">
     <span class='ocr_line' id='line_1_63' title="bbox 390 3392 1940 3459; baseline 0.003 -17"><span class='ocrx_word' id='word_1_394' title='bbox 390 3392 854 3456; x_wconf 79' lang='lat' dir='ltr'><strong>i-ommentatores,</strong></span> <span class='ocrx_word' id='word_1_395' title='bbox 887 3403 941 3444; x_wconf 93' lang='lat' dir='ltr'><strong>ut</strong></span> <span class='ocrx_word' id='word_1_396' title='bbox 965 3392 1232 3459; x_wconf 77' lang='lat' dir='ltr'><strong>defendere</strong></span> <span class='ocrx_word' id='word_1_397' title='bbox 1258 3396 1324 3447; x_wconf 87' lang='lat' dir='ltr'><strong>de</strong></span> <span class='ocrx_word' id='word_1_398' title='bbox 1363 3403 1542 3458; x_wconf 86' lang='lat' dir='ltr'><strong>aperta</strong></span> <span class='ocrx_word' id='word_1_399' title='bbox 1574 3404 1626 3446; x_wconf 89' lang='lat' dir='ltr'><strong>et</strong></span> <span class='ocrx_word' id='word_1_400' title='bbox 1668 3394 1940 3447; x_wconf 83' lang='lat' dir='ltr'><strong>manifesta</strong></span> 
     </span>
    </p>
   </div>
   <div class='ocr_carea' id='block_1_64' title="bbox 390 3462 1945 3531">
    <p class='ocr_par' dir='ltr' id='par_1_64' title="bbox 390 3462 1945 3531">
     <span class='ocr_line' id='line_1_64' title="bbox 390 3462 1945 3531; baseline 0.002 -17"><span class='ocrx_word' id='word_1_401' title='bbox 390 3463 693 3518; x_wconf 79' lang='lat' dir='ltr'><strong>defensione</strong></span> <span class='ocrx_word' id='word_1_402' title='bbox 738 3462 1143 3531; x_wconf 22' lang='lat' dir='ltr'><strong>intelligendum.</strong></span> <span class='ocrx_word' id='word_1_403' title='bbox 1182 3467 1277 3529; x_wconf 86' lang='lat' dir='ltr'><strong>sit;</strong></span> <span class='ocrx_word' id='word_1_404' title='bbox 1312 3464 1440 3515; x_wconf 84' lang='lat' dir='ltr'><strong>tueri</strong></span> <span class='ocrx_word' id='word_1_405' title='bbox 1468 3478 1592 3515; x_wconf 85' lang='lat' dir='ltr'><strong>vero</strong></span> <span class='ocrx_word' id='word_1_406' title='bbox 1635 3462 1703 3516; x_wconf 87' lang='lat' dir='ltr'><strong>de</strong></span> <span class='ocrx_word' id='word_1_407' title='bbox 1741 3465 1945 3517; x_wconf 90' lang='lat' dir='ltr'><strong>occulta</strong></span> 
     </span>
    </p>
   </div>
   <div class='ocr_carea' id='block_1_65' title="bbox 388 3532 1938 3601">
    <p class='ocr_par' dir='ltr' id='par_1_65' title="bbox 388 3532 1938 3601">
     <span class='ocr_line' id='line_1_65' title="bbox 388 3532 1938 3601; baseline 0 -14"><span class='ocrx_word' id='word_1_408' title='bbox 388 3546 439 3587; x_wconf 84' lang='lat' dir='ltr'><strong>et</strong></span> <span class='ocrx_word' id='word_1_409' title='bbox 492 3532 712 3595; x_wconf 89' lang='lat' dir='ltr'><strong>cal&#39;ida;</strong></span> <span class='ocrx_word' id='word_1_410' title='bbox 769 3549 872 3586; x_wconf 88' lang='lat' dir='ltr'><strong>non</strong></span> <span class='ocrx_word' id='word_1_411' title='bbox 926 3534 1240 3598; x_wconf 74' lang='lat' dir='ltr'><strong>manifesta,</strong></span> <span class='ocrx_word' id='word_1_412' title='bbox 1292 3533 1383 3586; x_wconf 76' lang='lat' dir='ltr'><strong>sed</strong></span> <span class='ocrx_word' id='word_1_413' title='bbox 1429 3534 1603 3587; x_wconf 80' lang='lat' dir='ltr'><strong>verbis</strong></span> <span class='ocrx_word' id='word_1_414' title='bbox 1631 3544 1881 3601; x_wconf 88' lang='lat' dir='ltr'><strong>cooperta</strong></span> <span class='ocrx_word' id='word_1_415' title='bbox 1925 3552 1938 3587; x_wconf 91' lang='lat'><strong>:</strong></span> 
     </span>
    </p>
   </div>
   <div class='ocr_carea' id='block_1_66' title="bbox 2047 3182 3621 3249">
    <p class='ocr_par' dir='ltr' id='par_1_66' title="bbox 2047 3182 3621 3249">
     <span class='ocr_line' id='line_1_66' title="bbox 2047 3182 3621 3249; baseline -0.001 -13"><span class='ocrx_word' id='word_1_416' title='bbox 2047 3183 2141 3237; x_wconf 87' lang='lat' dir='ltr'><strong>sed</strong></span> <span class='ocrx_word' id='word_1_417' title='bbox 2194 3182 2559 3237; x_wconf 80' lang='lat' dir='ltr'><strong>defensionem</strong></span> <span class='ocrx_word' id='word_1_418' title='bbox 2594 3182 2658 3236; x_wconf 89' lang='lat' dir='ltr'><strong>ad</strong></span> <span class='ocrx_word' id='word_1_419' title='bbox 2687 3182 3107 3236; x_wconf 83' lang='lat' dir='ltr'><strong>conﬁrmandum</strong></span> <span class='ocrx_word' id='word_1_420' title='bbox 3136 3192 3410 3249; x_wconf 87' lang='lat' dir='ltr'><strong>peccatum</strong></span> <span class='ocrx_word' id='word_1_421' title='bbox 3448 3182 3621 3237; x_wconf 84' lang='lat' dir='ltr'><strong>susci-</strong></span> 
     </span>
    </p>
   </div>
   <div class='ocr_carea' id='block_1_67' title="bbox 2046 3252 3617 3322">
    <p class='ocr_par' dir='ltr' id='par_1_67' title="bbox 2046 3252 3617 3322">
     <span class='ocr_line' id='line_1_67' title="bbox 2046 3252 3617 3322; baseline 0.001 -17"><span class='ocrx_word' id='word_1_422' title='bbox 2046 3255 2145 3321; x_wconf 85' lang='lat' dir='ltr'><strong>pit,</strong></span> <span class='ocrx_word' id='word_1_423' title='bbox 2174 3254 2262 3321; x_wconf 92' lang='lat' dir='ltr'><strong>qui</strong></span> <span class='ocrx_word' id='word_1_424' title='bbox 2306 3254 2579 3322; x_wconf 87' lang='lat' dir='ltr'><strong>delinquit.</strong></span> <span class='ocrx_word' id='word_1_425' title='bbox 2630 3252 2734 3307; x_wconf 89' lang='lat' dir='ltr'><strong>Sed</strong></span> <span class='ocrx_word' id='word_1_426' title='bbox 2782 3265 2835 3307; x_wconf 88' lang='lat' dir='ltr'><strong>et</strong></span> <span class='ocrx_word' id='word_1_427' title='bbox 2864 3253 2997 3306; x_wconf 89' lang='lat' dir='ltr'><strong>alios</strong></span> <span class='ocrx_word' id='word_1_428' title='bbox 3028 3253 3090 3306; x_wconf 80' lang='lat' dir='ltr'><strong>ad</strong></span> <span class='ocrx_word' id='word_1_429' title='bbox 3126 3253 3302 3307; x_wconf 89' lang='lat' dir='ltr'><strong>simile</strong></span> <span class='ocrx_word' id='word_1_430' title='bbox 3355 3265 3617 3320; x_wconf 79' lang='lat' dir='ltr'><strong>provocat</strong></span> 
     </span>
    </p>
   </div>
   <div class='ocr_carea' id='block_1_68' title="bbox 2048 3321 3612 3391">
    <p class='ocr_par' dir='ltr' id='par_1_68' title="bbox 2048 3321 3612 3391">
     <span class='ocr_line' id='line_1_68' title="bbox 2048 3321 3612 3391; baseline -0.001 -15"><span class='ocrx_word' id='word_1_431' title='bbox 2048 3325 2244 3377; x_wconf 88' lang='lat' dir='ltr'><strong>malum</strong></span> <span class='ocrx_word' id='word_1_432' title='bbox 2287 3342 2302 3377; x_wconf 92' lang='lat'><strong>:</strong></span> <span class='ocrx_word' id='word_1_433' title='bbox 2335 3325 2403 3377; x_wconf 91' lang='lat' dir='ltr'><strong>ita</strong></span> <span class='ocrx_word' id='word_1_434' title='bbox 2432 3321 2485 3378; x_wconf 86' lang='lat' dir='ltr'><strong>ut</strong></span> <span class='ocrx_word' id='word_1_435' title='bbox 2514 3324 2793 3378; x_wconf 87' lang='lat' dir='ltr'><strong>conveniat</strong></span> <span class='ocrx_word' id='word_1_436' title='bbox 2814 3324 2882 3388; x_wconf 93' lang='lat' dir='ltr'><strong>ei,</strong></span> <span class='ocrx_word' id='word_1_437' title='bbox 2914 3324 3001 3390; x_wconf 91' lang='lat' dir='ltr'><strong>qui</strong></span> <span class='ocrx_word' id='word_1_438' title='bbox 3034 3334 3314 3391; x_wconf 88' lang='lat' dir='ltr'><strong>peccantes</strong></span> <span class='ocrx_word' id='word_1_439' title='bbox 3344 3321 3612 3387; x_wconf 82' lang='lat' dir='ltr'><strong>defendit,</strong></span> 
     </span>
    </p>
   </div>
   <div class='ocr_carea' id='block_1_69' title="bbox 2045 3393 3615 3463">
    <p class='ocr_par' dir='ltr' id='par_1_69' title="bbox 2045 3393 3615 3463">
     <span class='ocr_line' id='line_1_69' title="bbox 2045 3393 3615 3463; baseline 0 -16"><span class='ocrx_word' id='word_1_440' title='bbox 2045 3393 2174 3447; x_wconf 87' lang='lat' dir='ltr'><strong>illttd</strong></span> <span class='ocrx_word' id='word_1_441' title='bbox 2197 3395 2335 3462; x_wconf 88' lang='lat' dir='ltr'><strong>quod</strong></span> <span class='ocrx_word' id='word_1_442' title='bbox 2358 3394 2555 3446; x_wconf 88' lang='lat' dir='ltr'><strong>dictum</strong></span> <span class='ocrx_word' id='word_1_443' title='bbox 2573 3404 2686 3448; x_wconf 82' lang='lat' dir='ltr'><strong>est:</strong></span> <span class='ocrx_word' id='word_1_444' title='bbox 2714 3394 2847 3458; x_wconf 83' lang='lat' dir='ltr'><strong>Quia</strong></span> <span class='ocrx_word' id='word_1_445' title='bbox 2871 3395 2914 3446; x_wconf 88' lang='lat' dir='ltr'><strong>si</strong></span> <span class='ocrx_word' id='word_1_446' title='bbox 2943 3410 3042 3447; x_wconf 85' lang='lat' dir='ltr'><strong>non</strong></span> <span class='ocrx_word' id='word_1_447' title='bbox 3072 3394 3385 3447; x_wconf 83' lang='lat' dir='ltr'><strong>ostenderitis</strong></span> <span class='ocrx_word' id='word_1_448' title='bbox 3414 3395 3615 3463; x_wconf 78' lang='lat' dir='ltr'><strong>[ructus</strong></span> 
     </span>
    </p>
   </div>
   <div class='ocr_carea' id='block_1_70' title="bbox 2046 3464 3600 3532">
    <p class='ocr_par' dir='ltr' id='par_1_70' title="bbox 2046 3464 3600 3532">
     <span class='ocr_line' id='line_1_70' title="bbox 2046 3464 3600 3532; baseline 0 -18"><span class='ocrx_word' id='word_1_449' title='bbox 2046 3464 2224 3532; x_wconf 87' lang='lat' dir='ltr'><strong>dignos</strong></span> <span class='ocrx_word' id='word_1_450' title='bbox 2253 3465 2571 3531; x_wconf 68' lang='lat' dir='ltr'><strong>paenitentiae,</strong></span> <span class='ocrx_word' id='word_1_451' title='bbox 2591 3464 2905 3527; x_wconf 73' lang='lat' dir='ltr'><strong>excidemini,</strong></span> <span class='ocrx_word' id='word_1_452' title='bbox 2939 3474 2985 3516; x_wconf 92' lang='lat' dir='ltr'><strong>et</strong></span> <span class='ocrx_word' id='word_1_453' title='bbox 3008 3466 3058 3515; x_wconf 92' lang='lat' dir='ltr'><strong>in</strong></span> <span class='ocrx_word' id='word_1_454' title='bbox 3083 3466 3249 3531; x_wconf 83' lang='lat' dir='ltr'><strong>ignem</strong></span> <span class='ocrx_word' id='word_1_455' title='bbox 3277 3464 3600 3516; x_wconf 58' lang='lat' dir='ltr'><strong>milteminia</strong></span> 
     </span>
    </p>
   </div>
   <div class='ocr_carea' id='block_1_71' title="bbox 2052 3533 3612 3604">
    <p class='ocr_par' dir='ltr' id='par_1_71' title="bbox 2052 3533 3612 3604">
     <span class='ocr_line' id='line_1_71' title="bbox 2052 3533 3612 3604; baseline 0 -19"><span class='ocrx_word' id='word_1_456' title='bbox 2052 3533 2117 3585; x_wconf 83' lang='lat' dir='ltr'><strong>Et</strong></span> <span class='ocrx_word' id='word_1_457' title='bbox 2142 3534 2406 3588; x_wconf 87' lang='lat' dir='ltr'><strong>Orsiesius</strong></span> <span class='ocrx_word' id='word_1_458' title='bbox 2433 3534 2635 3604; x_wconf 85' lang='lat' dir='ltr'><strong>(Doctr.</strong></span> <span class='ocrx_word' id='word_1_459' title='bbox 2678 3551 2722 3587; x_wconf 90' lang='lat' dir='ltr'><strong>c.</strong></span> <span class='ocrx_word' id='word_1_460' title='bbox 2766 3533 2855 3602; x_wconf 68' lang='grc'><strong>24)</strong></span> <span class='ocrx_word' id='word_1_461' title='bbox 2888 3551 2901 3587; x_wconf 92' lang='lat'><strong>:</strong></span> <span class='ocrx_word' id='word_1_462' title='bbox 2935 3552 2964 3604; x_wconf 15' lang='grc' dir='ltr'><strong>«ν</strong></span> <span class='ocrx_word' id='word_1_463' title='bbox 2989 3535 3042 3588; x_wconf 92' lang='lat' dir='ltr'><strong>Si</strong></span> <span class='ocrx_word' id='word_1_464' title='bbox 3076 3538 3395 3604; x_wconf 62' lang='lat' dir='ltr'><strong>praepositus</strong></span> <span class='ocrx_word' id='word_1_465' title='bbox 3419 3535 3612 3587; x_wconf 70' lang='lat' dir='ltr'><strong>domus</strong></span> 
     </span>
    </p>
   </div>
   <div class='ocr_carea' id='block_1_72' title="bbox 390 3593 3610 3673">
    <p class='ocr_par' dir='ltr' id='par_1_72' title="bbox 390 3593 3610 3673">
     <span class='ocr_line' id='line_1_72' title="bbox 390 3593 3610 3673; baseline 0.001 -20"><span class='ocrx_word' id='word_1_466' title='bbox 390 3622 409 3653; x_wconf 74' lang='grc' dir='ltr'><strong>ι</strong></span> <span class='ocrx_word' id='word_1_467' title='bbox 448 3605 582 3658; x_wconf 82' lang='grc' dir='ltr'>8ιιιιι</span> <span class='ocrx_word' id='word_1_468' title='bbox 613 3593 776 3668; x_wconf 66' lang='lat' dir='ltr'><strong>enim,</strong></span> <span class='ocrx_word' id='word_1_469' title='bbox 811 3605 977 3673; x_wconf 86' lang='lat' dir='ltr'><strong>inquit</strong></span> <span class='ocrx_word' id='word_1_470' title='bbox 1017 3593 1382 3665; x_wconf 81' lang='lat' dir='ltr'><strong>Hildemarus,</strong></span> <span class='ocrx_word' id='word_1_471' title='bbox 1424 3604 1512 3671; x_wconf 89' lang='lat' dir='ltr'><strong>qui</strong></span> <span class='ocrx_word' id='word_1_472' title='bbox 1546 3606 1711 3668; x_wconf 83' lang='lat' dir='ltr'><strong>palam</strong></span> <span class='ocrx_word' id='word_1_473' title='bbox 1737 3593 1796 3658; x_wconf 43' lang='lat' dir='ltr'><strong>&quot;et</strong></span> <span class='ocrx_word' id='word_1_474' title='bbox 1832 3618 1942 3657; x_wconf 83' lang='lat' dir='ltr'><strong>ma-</strong></span> <span class='ocrx_word' id='word_1_475' title='bbox 1972 3593 2016 3655; x_wconf 89' lang='lat' dir='ltr'><strong>C</strong></span> <span class='ocrx_word' id='word_1_476' title='bbox 2049 3603 2283 3672; x_wconf 85' lang='lat' dir='ltr'><strong>aliquem</strong></span> <span class='ocrx_word' id='word_1_477' title='bbox 2332 3593 2646 3671; x_wconf 73' lang='lat' dir='ltr'><strong>corripuerit</strong></span> <span class='ocrx_word' id='word_1_478' title='bbox 2688 3621 2751 3658; x_wconf 83' lang='lat' dir='ltr'><strong>ex</strong></span> <span class='ocrx_word' id='word_1_479' title='bbox 2804 3593 3055 3658; x_wconf 78' lang='lat' dir='ltr'><strong>fratribus</strong></span> <span class='ocrx_word' id='word_1_480' title='bbox 3076 3593 3330 3672; x_wconf 57' lang='lat' dir='ltr'><strong>&#39;qui&#39;sibi</strong></span> <span class='ocrx_word' id='word_1_481' title='bbox 3381 3604 3610 3673; x_wconf 82' lang='lat' dir='ltr'><strong>subjecti</strong></span> 
     </span>
    </p>
   </div>
   <div class='ocr_carea' id='block_1_73' title="bbox 389 3674 1938 3741">
    <p class='ocr_par' dir='ltr' id='par_1_73' title="bbox 389 3674 1938 3741">
     <span class='ocr_line' id='line_1_73' title="bbox 389 3674 1938 3741; baseline 0.001 -15"><span class='ocrx_word' id='word_1_482' title='bbox 389 3675 577 3729; x_wconf 84' lang='lat' dir='ltr'><strong>nil&#39;esle</strong></span> <span class='ocrx_word' id='word_1_483' title='bbox 601 3674 888 3727; x_wconf 86' lang='lat' dir='ltr'><strong>defendunt</strong></span> <span class='ocrx_word' id='word_1_484' title='bbox 916 3674 1078 3732; x_wconf 87' lang='lat' dir='ltr'><strong>alios;</strong></span> <span class='ocrx_word' id='word_1_485' title='bbox 1112 3682 1167 3727; x_wconf 90' lang='lat' dir='ltr'><strong>ut</strong></span> <span class='ocrx_word' id='word_1_486' title='bbox 1198 3675 1296 3727; x_wconf 90' lang='lat' dir='ltr'><strong>hoc</strong></span> <span class='ocrx_word' id='word_1_487' title='bbox 1318 3688 1419 3726; x_wconf 91' lang='lat' dir='ltr'><strong>non</strong></span> <span class='ocrx_word' id='word_1_488' title='bbox 1452 3675 1559 3739; x_wconf 86' lang='lat' dir='ltr'><strong>fiat,</strong></span> <span class='ocrx_word' id='word_1_489' title='bbox 1591 3674 1724 3727; x_wconf 85' lang='lat' dir='ltr'><strong>dixit</strong></span> <span class='ocrx_word' id='word_1_490' title='bbox 1763 3674 1938 3741; x_wconf 79' lang='lat' dir='ltr'><strong>defen-</strong></span> 
     </span>
    </p>
   </div>
   <div class='ocr_carea' id='block_1_74' title="bbox 389 3744 1941 3813">
    <p class='ocr_par' dir='ltr' id='par_1_74' title="bbox 389 3744 1941 3813">
     <span class='ocr_line' id='line_1_74' title="bbox 389 3744 1941 3813; baseline 0.003 -19"><span class='ocrx_word' id='word_1_491' title='bbox 389 3748 524 3798; x_wconf 82' lang='lat' dir='ltr'><strong>dere.</strong></span> <span class='ocrx_word' id='word_1_492' title='bbox 547 3747 609 3796; x_wconf 77' lang='lat' dir='ltr'><strong>Et</strong></span> <span class='ocrx_word' id='word_1_493' title='bbox 629 3754 752 3798; x_wconf 87' lang='lat' dir='ltr'><strong>sunt</strong></span> <span class='ocrx_word' id='word_1_494' title='bbox 771 3746 861 3797; x_wconf 86' lang='lat' dir='ltr'><strong>alii</strong></span> <span class='ocrx_word' id='word_1_495' title='bbox 886 3745 975 3813; x_wconf 91' lang='lat' dir='ltr'><strong>qui</strong></span> <span class='ocrx_word' id='word_1_496' title='bbox 1000 3750 1104 3796; x_wconf 83' lang='lat' dir='ltr'><strong>non</strong></span> <span class='ocrx_word' id='word_1_497' title='bbox 1127 3744 1321 3797; x_wconf 90' lang='lat' dir='ltr'><strong>audent</strong></span> <span class='ocrx_word' id='word_1_498' title='bbox 1343 3744 1620 3798; x_wconf 76' lang='lat' dir='ltr'><strong>inaniteste</strong></span> <span class='ocrx_word' id='word_1_499' title='bbox 1640 3745 1941 3811; x_wconf 82' lang='lat' dir='ltr'><strong>defendere,</strong></span> 
     </span>
    </p>
   </div>
   <div class='ocr_carea' id='block_1_75' title="bbox 389 3814 1944 3881">
    <p class='ocr_par' dir='ltr' id='par_1_75' title="bbox 389 3814 1944 3881">
     <span class='ocr_line' id='line_1_75' title="bbox 389 3814 1944 3881; baseline 0.001 -16"><span class='ocrx_word' id='word_1_500' title='bbox 389 3815 677 3869; x_wconf 82' lang='lat' dir='ltr'><strong>defendunt</strong></span> <span class='ocrx_word' id='word_1_501' title='bbox 714 3815 986 3881; x_wconf 72' lang='lat' dir='ltr'><strong>ingeniose</strong></span> <span class='ocrx_word' id='word_1_502' title='bbox 1012 3829 1132 3866; x_wconf 89' lang='lat' dir='ltr'><strong>eum</strong></span> <span class='ocrx_word' id='word_1_503' title='bbox 1163 3814 1404 3868; x_wconf 90' lang='lat' dir='ltr'><strong>dulcibus</strong></span> <span class='ocrx_word' id='word_1_504' title='bbox 1428 3816 1604 3866; x_wconf 86' lang='lat' dir='ltr'><strong>verbis</strong></span> <span class='ocrx_word' id='word_1_505' title='bbox 1634 3825 1687 3867; x_wconf 88' lang='lat' dir='ltr'><strong>et</strong></span> <span class='ocrx_word' id='word_1_506' title='bbox 1715 3816 1834 3868; x_wconf 88' lang='lat' dir='ltr'><strong>aliis</strong></span> <span class='ocrx_word' id='word_1_507' title='bbox 1865 3817 1944 3867; x_wconf 88' lang='lat' dir='ltr'><strong>la-</strong></span> 
     </span>
    </p>
   </div>
   <div class='ocr_carea' id='block_1_76' title="bbox 390 3885 1944 3953">
    <p class='ocr_par' dir='ltr' id='par_1_76' title="bbox 390 3885 1944 3953">
     <span class='ocr_line' id='line_1_76' title="bbox 390 3885 1944 3953; baseline 0.002 -17"><span class='ocrx_word' id='word_1_508' title='bbox 390 3896 579 3944; x_wconf 73' lang='lat' dir='ltr'><strong>tenter,</strong></span> <span class='ocrx_word' id='word_1_509' title='bbox 625 3885 916 3953; x_wconf 80' lang='lat' dir='ltr'><strong>cogitantes</strong></span> <span class='ocrx_word' id='word_1_510' title='bbox 950 3885 1193 3938; x_wconf 78' lang='lat' dir='ltr'><strong>abbatem</strong></span> <span class='ocrx_word' id='word_1_511' title='bbox 1232 3901 1334 3937; x_wconf 91' lang='lat' dir='ltr'><strong>non</strong></span> <span class='ocrx_word' id='word_1_512' title='bbox 1365 3885 1659 3953; x_wconf 77' lang='lat' dir='ltr'><strong>intelligere</strong></span> <span class='ocrx_word' id='word_1_513' title='bbox 1704 3900 1761 3938; x_wconf 75' lang='lat' dir='ltr'><strong>se</strong></span> <span class='ocrx_word' id='word_1_514' title='bbox 1786 3900 1944 3939; x_wconf 79' lang='lat' dir='ltr'><strong>causa</strong></span> 
     </span>
    </p>
   </div>
   <div class='ocr_carea' id='block_1_77' title="bbox 390 3955 1939 4024">
    <p class='ocr_par' dir='ltr' id='par_1_77' title="bbox 390 3955 1939 4024">
     <span class='ocr_line' id='line_1_77' title="bbox 390 3955 1939 4024; baseline 0.002 -20"><span class='ocrx_word' id='word_1_515' title='bbox 390 3955 715 4008; x_wconf 79' lang='lat' dir='ltr'><strong>delensionis</strong></span> <span class='ocrx_word' id='word_1_516' title='bbox 747 3957 847 4008; x_wconf 90' lang='lat' dir='ltr'><strong>hoc</strong></span> <span class='ocrx_word' id='word_1_517' title='bbox 867 3969 1042 4024; x_wconf 77' lang='lat' dir='ltr'><strong>agere,</strong></span> <span class='ocrx_word' id='word_1_518' title='bbox 1071 3958 1138 4008; x_wconf 90' lang='lat' dir='ltr'><strong>de</strong></span> <span class='ocrx_word' id='word_1_519' title='bbox 1168 3955 1358 4023; x_wconf 87' lang='lat' dir='ltr'><strong>quibus</strong></span> <span class='ocrx_word' id='word_1_520' title='bbox 1398 3955 1536 4007; x_wconf 77' lang='lat' dir='ltr'><strong>dixit</strong></span> <span class='ocrx_word' id='word_1_521' title='bbox 1565 3955 1708 4023; x_wconf 82' lang='lat' dir='ltr'><strong>quasi</strong></span> <span class='ocrx_word' id='word_1_522' title='bbox 1733 3957 1883 4009; x_wconf 88' lang='lat' dir='ltr'><strong>tueri.</strong></span> <span class='ocrx_word' id='word_1_523' title='bbox 1920 3976 1939 4007; x_wconf 78' lang='grc' dir='ltr'><strong>ι</strong></span> 
     </span>
    </p>
   </div>
   <div class='ocr_carea' id='block_1_78' title="bbox 392 4025 1944 4088">
    <p class='ocr_par' dir='ltr' id='par_1_78' title="bbox 392 4025 1944 4088">
     <span class='ocr_line' id='line_1_78' title="bbox 392 4025 1944 4088; baseline -0.001 -9"><span class='ocrx_word' id='word_1_524' title='bbox 392 4029 462 4079; x_wconf 83' lang='lat' dir='ltr'><strong>lta</strong></span> <span class='ocrx_word' id='word_1_525' title='bbox 499 4041 618 4078; x_wconf 85' lang='lat' dir='ltr'><strong>cum</strong></span> <span class='ocrx_word' id='word_1_526' title='bbox 647 4025 950 4079; x_wconf 80' lang='lat' dir='ltr'><strong>Hililemaro</strong></span> <span class='ocrx_word' id='word_1_527' title='bbox 982 4025 1277 4079; x_wconf 78' lang='lat' dir='ltr'><strong>Bernartius</strong></span> <span class='ocrx_word' id='word_1_528' title='bbox 1307 4025 1670 4088; x_wconf 81' lang='lat' dir='ltr'><strong>Cassinensis,</strong></span> <span class='ocrx_word' id='word_1_529' title='bbox 1704 4025 1944 4078; x_wconf 73' lang='lat' dir='ltr'><strong>Nicolaus</strong></span> 
     </span>
    </p>
   </div>
   <div class='ocr_carea' id='block_1_79' title="bbox 390 4094 1946 4164">
    <p class='ocr_par' dir='ltr' id='par_1_79' title="bbox 390 4094 1946 4164">
     <span class='ocr_line' id='line_1_79' title="bbox 390 4094 1946 4164; baseline 0.002 -18"><span class='ocrx_word' id='word_1_530' title='bbox 390 4099 455 4149; x_wconf 82' lang='lat' dir='ltr'><strong>ile</strong></span> <span class='ocrx_word' id='word_1_531' title='bbox 472 4094 741 4160; x_wconf 79' lang='lat' dir='ltr'><strong>Fractura,</strong></span> <span class='ocrx_word' id='word_1_532' title='bbox 757 4109 807 4148; x_wconf 90' lang='lat' dir='ltr'><strong>et</strong></span> <span class='ocrx_word' id='word_1_533' title='bbox 821 4096 1075 4149; x_wconf 83' lang='lat' dir='ltr'><strong>Boherins</strong></span> <span class='ocrx_word' id='word_1_534' title='bbox 1092 4098 1140 4147; x_wconf 92' lang='lat' dir='ltr'><strong>in</strong></span> <span class='ocrx_word' id='word_1_535' title='bbox 1156 4108 1375 4164; x_wconf 85' lang='lat' dir='ltr'><strong>utroque</strong></span> <span class='ocrx_word' id='word_1_536' title='bbox 1390 4095 1946 4149; x_wconf 78' lang='lat' dir='ltr'><strong>cortinieiitario.1&#39;ueri</strong></span> 
     </span>
    </p>
   </div>
   <div class='ocr_carea' id='block_1_80' title="bbox 392 4165 1942 4235">
    <p class='ocr_par' dir='ltr' id='par_1_80' title="bbox 392 4165 1942 4235">
     <span class='ocr_line' id='line_1_80' title="bbox 392 4165 1942 4235; baseline 0.001 -18"><span class='ocrx_word' id='word_1_537' title='bbox 392 4178 566 4217; x_wconf 86' lang='lat' dir='ltr'><strong>latnen</strong></span> <span class='ocrx_word' id='word_1_538' title='bbox 598 4165 890 4232; x_wconf 71' lang='lat' dir='ltr'><strong>Smaragdo</strong></span> <span class='ocrx_word' id='word_1_539' title='bbox 913 4165 1108 4219; x_wconf 85' lang='lat' dir='ltr'><strong>dicitur</strong></span> <span class='ocrx_word' id='word_1_540' title='bbox 1125 4165 1287 4234; x_wconf 76' lang='lat'><strong>883</strong></span> <span class='ocrx_word' id='word_1_541' title='bbox 1309 4165 1572 4226; x_wconf 85' lang='lat' dir='ltr'><strong>sustinere,</strong></span> <span class='ocrx_word' id='word_1_542' title='bbox 1601 4182 1744 4231; x_wconf 85' lang='lat' dir='ltr'><strong>opem</strong></span> <span class='ocrx_word' id='word_1_543' title='bbox 1786 4170 1942 4235; x_wconf 78' lang='lat' dir='ltr'><strong>ferre,</strong></span> 
     </span>
    </p>
   </div>
   <div class='ocr_carea' id='block_1_81' title="bbox 391 4236 1945 4303">
    <p class='ocr_par' dir='ltr' id='par_1_81' title="bbox 391 4236 1945 4303">
     <span class='ocr_line' id='line_1_81' title="bbox 391 4236 1945 4303; baseline 0.003 -17"><span class='ocrx_word' id='word_1_544' title='bbox 391 4237 466 4287; x_wconf 74' lang='lat' dir='ltr'><strong>vel</strong></span> <span class='ocrx_word' id='word_1_545' title='bbox 490 4236 779 4299; x_wconf 71' lang='lat' dir='ltr'><strong>prwsidium</strong></span> <span class='ocrx_word' id='word_1_546' title='bbox 799 4252 816 4298; x_wconf 81' lang='lat'><strong>,&#39;</strong></span> <span class='ocrx_word' id='word_1_547' title='bbox 838 4245 893 4290; x_wconf 91' lang='lat' dir='ltr'><strong>et</strong></span> <span class='ocrx_word' id='word_1_548' title='bbox 916 4236 1164 4289; x_wconf 66' lang='lat' dir='ltr'><strong>Metiarao</strong></span> <span class='ocrx_word' id='word_1_549' title='bbox 1195 4237 1308 4301; x_wconf 86' lang='lat' dir='ltr'><strong>plus</strong></span> <span class='ocrx_word' id='word_1_550' title='bbox 1336 4245 1408 4289; x_wconf 79' lang='lat' dir='ltr'><strong>est</strong></span> <span class='ocrx_word' id='word_1_551' title='bbox 1434 4237 1561 4287; x_wconf 80' lang='lat' dir='ltr'><strong>tueri</strong></span> <span class='ocrx_word' id='word_1_552' title='bbox 1589 4252 1739 4301; x_wconf 83' lang='lat' dir='ltr'><strong>quant</strong></span> <span class='ocrx_word' id='word_1_553' title='bbox 1771 4236 1945 4303; x_wconf 75' lang='lat' dir='ltr'><strong>defen-</strong></span> 
     </span>
    </p>
   </div>
   <div class='ocr_carea' id='block_1_82' title="bbox 390 4305 1941 4373">
    <p class='ocr_par' dir='ltr' id='par_1_82' title="bbox 390 4305 1941 4373">
     <span class='ocr_line' id='line_1_82' title="bbox 390 4305 1941 4373; baseline 0.003 -18"><span class='ocrx_word' id='word_1_554' title='bbox 390 4308 525 4358; x_wconf 77' lang='lat' dir='ltr'><strong>dere.</strong></span> <span class='ocrx_word' id='word_1_555' title='bbox 553 4306 711 4373; x_wconf 66' lang='lat' dir='ltr'><strong>Magis</strong></span> <span class='ocrx_word' id='word_1_556' title='bbox 741 4316 915 4359; x_wconf 81' lang='lat' dir='ltr'><strong>tamen</strong></span> <span class='ocrx_word' id='word_1_557' title='bbox 947 4308 1212 4359; x_wconf 84' lang='lat' dir='ltr'><strong>nonnullis</strong></span> <span class='ocrx_word' id='word_1_558' title='bbox 1239 4305 1492 4358; x_wconf 85' lang='lat' dir='ltr'><strong>arridebit</strong></span> <span class='ocrx_word' id='word_1_559' title='bbox 1515 4305 1712 4371; x_wconf 71' lang='lat' dir='ltr'><strong>primus</strong></span> <span class='ocrx_word' id='word_1_560' title='bbox 1734 4320 1941 4373; x_wconf 86' lang='lat' dir='ltr'><strong>sensus,</strong></span> 
     </span>
    </p>
   </div>
   <div class='ocr_carea' id='block_1_83' title="bbox 391 4375 1945 4440">
    <p class='ocr_par' dir='ltr' id='par_1_83' title="bbox 391 4375 1945 4440">
     <span class='ocr_line' id='line_1_83' title="bbox 391 4375 1945 4440; baseline 0.005 -17"><span class='ocrx_word' id='word_1_561' title='bbox 391 4391 511 4440; x_wconf 80' lang='lat' dir='ltr'><strong>qn-a</strong></span> <span class='ocrx_word' id='word_1_562' title='bbox 554 4380 610 4429; x_wconf 86' lang='lat' dir='ltr'><strong>S.</strong></span> <span class='ocrx_word' id='word_1_563' title='bbox 666 4376 980 4429; x_wconf 80' lang='lat' dir='ltr'><strong>Benedictus</strong></span> <span class='ocrx_word' id='word_1_564' title='bbox 1010 4391 1114 4428; x_wconf 86' lang='lat' dir='ltr'><strong>non</strong></span> <span class='ocrx_word' id='word_1_565' title='bbox 1157 4375 1285 4429; x_wconf 89' lang='lat' dir='ltr'><strong>dicit</strong></span> <span class='ocrx_word' id='word_1_566' title='bbox 1327 4375 1637 4440; x_wconf 87' lang='lat' dir='ltr'><strong>simpliciter</strong></span> <span class='ocrx_word' id='word_1_567' title='bbox 1666 4377 1815 4437; x_wconf 85' lang='lat' dir='ltr'><strong>tueri,</strong></span> <span class='ocrx_word' id='word_1_568' title='bbox 1848 4381 1945 4430; x_wconf 85' lang='lat' dir='ltr'><strong>sed</strong></span> 
     </span>
    </p>
   </div>
   <div class='ocr_carea' id='block_1_84' title="bbox 390 4445 1947 4515">
    <p class='ocr_par' dir='ltr' id='par_1_84' title="bbox 390 4445 1947 4515">
     <span class='ocr_line' id='line_1_84' title="bbox 390 4445 1947 4515; baseline 0.003 -20"><span class='ocrx_word' id='word_1_569' title='bbox 390 4448 536 4509; x_wconf 66' lang='lat' dir='ltr'><strong>quasi</strong></span> <span class='ocrx_word' id='word_1_570' title='bbox 566 4448 712 4509; x_wconf 59' lang='lat' dir='ltr'><strong>turri,</strong></span> <span class='ocrx_word' id='word_1_571' title='bbox 742 4447 883 4511; x_wconf 82' lang='lat' dir='ltr'><strong>quod</strong></span> <span class='ocrx_word' id='word_1_572' title='bbox 908 4446 1150 4501; x_wconf 81' lang='lat' dir='ltr'><strong>callidam</strong></span> <span class='ocrx_word' id='word_1_573' title='bbox 1181 4445 1543 4499; x_wconf 86' lang='lat' dir='ltr'><strong>defensionem</strong></span> <span class='ocrx_word' id='word_1_574' title='bbox 1572 4448 1745 4515; x_wconf 88' lang='lat' dir='ltr'><strong>potius</strong></span> <span class='ocrx_word' id='word_1_575' title='bbox 1783 4448 1947 4515; x_wconf 81' lang='lat' dir='ltr'><strong>signi-</strong></span> 
     </span>
    </p>
   </div>
   <div class='ocr_carea' id='block_1_85' title="bbox 391 4519 801 4570">
    <p class='ocr_par' dir='ltr' id='par_1_85' title="bbox 391 4519 801 4570">
     <span class='ocr_line' id='line_1_85' title="bbox 391 4519 801 4570; baseline -0.002 -3"><span class='ocrx_word' id='word_1_576' title='bbox 391 4522 548 4570; x_wconf 78' lang='lat' dir='ltr'><strong>lieare</strong></span> <span class='ocrx_word' id='word_1_577' title='bbox 581 4519 801 4569; x_wconf 81' lang='lat' dir='ltr'><strong>videtur.</strong></span> 
     </span>
    </p>
   </div>
   <div class='ocr_carea' id='block_1_86' title="bbox 465 4586 1946 4657">
    <p class='ocr_par' dir='ltr' id='par_1_86' title="bbox 465 4586 1946 4657">
     <span class='ocr_line' id='line_1_86' title="bbox 465 4586 1946 4657; baseline 0.002 -20"><span class='ocrx_word' id='word_1_578' title='bbox 465 4586 676 4657; x_wconf 75' lang='lat' dir='ltr'><strong>Etiamsi</strong></span> <span class='ocrx_word' id='word_1_579' title='bbox 704 4588 929 4656; x_wconf 84' lang='lat' dir='ltr'><strong>qualevis</strong></span> <span class='ocrx_word' id='word_1_580' title='bbox 948 4587 1399 4657; x_wconf 77' lang='lat' dir='ltr'><strong>consanguinitatis</strong></span> <span class='ocrx_word' id='word_1_581' title='bbox 1429 4587 1799 4654; x_wconf 77' lang='lat' dir='ltr'><strong>prapinquitate</strong></span> <span class='ocrx_word' id='word_1_582' title='bbox 1821 4590 1946 4657; x_wconf 84' lang='lat' dir='ltr'><strong>jun-</strong></span> 
     </span>
    </p>
   </div>
   <div class='ocr_carea' id='block_1_87' title="bbox 390 4656 1944 4728">
    <p class='ocr_par' dir='ltr' id='par_1_87' title="bbox 390 4656 1944 4728">
     <span class='ocr_line' id='line_1_87' title="bbox 390 4656 1944 4728; baseline 0.003 -22"><span class='ocrx_word' id='word_1_583' title='bbox 390 4656 617 4728; x_wconf 53' lang='grc' dir='ltr'><strong>[Μυκη]</strong></span> <span class='ocrx_word' id='word_1_584' title='bbox 650 4660 711 4709; x_wconf 66' lang='lat' dir='ltr'><strong>lit</strong></span> <span class='ocrx_word' id='word_1_585' title='bbox 751 4670 914 4719; x_wconf 77' lang='lat' dir='ltr'><strong>certe,</strong></span> <span class='ocrx_word' id='word_1_586' title='bbox 941 4669 997 4709; x_wconf 92' lang='lat' dir='ltr'><strong>ut</strong></span> <span class='ocrx_word' id='word_1_587' title='bbox 1041 4661 1243 4722; x_wconf 89' lang='lat' dir='ltr'><strong>optime</strong></span> <span class='ocrx_word' id='word_1_588' title='bbox 1279 4656 1362 4709; x_wconf 89' lang='lat' dir='ltr'><strong>hic</strong></span> <span class='ocrx_word' id='word_1_589' title='bbox 1387 4659 1726 4709; x_wconf 83' lang='lat' dir='ltr'><strong>ratiocinator</strong></span> <span class='ocrx_word' id='word_1_590' title='bbox 1757 4656 1944 4728; x_wconf 80' lang='lat' dir='ltr'><strong>Hilde-</strong></span> 
     </span>
    </p>
   </div>
   <div class='ocr_carea' id='block_1_88' title="bbox 391 4727 1944 4793">
    <p class='ocr_par' dir='ltr' id='par_1_88' title="bbox 391 4727 1944 4793">
     <span class='ocr_line' id='line_1_88' title="bbox 391 4727 1944 4793; baseline 0.003 -15"><span class='ocrx_word' id='word_1_591' title='bbox 391 4727 610 4791; x_wconf 73' lang='lat' dir='ltr'><strong>triariis,</strong></span> <span class='ocrx_word' id='word_1_592' title='bbox 640 4744 759 4780; x_wconf 83' lang='lat' dir='ltr'><strong>Cltlll</strong></span> <span class='ocrx_word' id='word_1_593' title='bbox 792 4741 887 4780; x_wconf 84' lang='lat' dir='ltr'><strong>nec</strong></span> <span class='ocrx_word' id='word_1_594' title='bbox 916 4731 1154 4793; x_wconf 86' lang='lat' dir='ltr'><strong>proprias</strong></span> <span class='ocrx_word' id='word_1_595' title='bbox 1180 4728 1474 4781; x_wconf 64' lang='lat' dir='ltr'><strong>voluntates</strong></span> <span class='ocrx_word' id='word_1_596' title='bbox 1504 4730 1552 4779; x_wconf 91' lang='lat' dir='ltr'><strong>in</strong></span> <span class='ocrx_word' id='word_1_597' title='bbox 1594 4727 1802 4793; x_wconf 87' lang='lat' dir='ltr'><strong>propria</strong></span> <span class='ocrx_word' id='word_1_598' title='bbox 1848 4744 1944 4792; x_wconf 85' lang='lat' dir='ltr'><strong>po-</strong></span> 
     </span>
    </p>
   </div>
   <div class='ocr_carea' id='block_1_89' title="bbox 393 4798 1941 4864">
    <p class='ocr_par' dir='ltr' id='par_1_89' title="bbox 393 4798 1941 4864">
     <span class='ocr_line' id='line_1_89' title="bbox 393 4798 1941 4864; baseline 0.001 -15"><span class='ocrx_word' id='word_1_599' title='bbox 393 4808 581 4851; x_wconf 74' lang='lat' dir='ltr'><strong>testate</strong></span> <span class='ocrx_word' id='word_1_600' title='bbox 637 4799 746 4851; x_wconf 87' lang='lat' dir='ltr'><strong>suis</strong></span> <span class='ocrx_word' id='word_1_601' title='bbox 801 4799 1076 4864; x_wconf 68' lang='lat' dir='ltr'><strong>discipulis</strong></span> <span class='ocrx_word' id='word_1_602' title='bbox 1138 4800 1196 4851; x_wconf 88' lang='lat' dir='ltr'><strong>S.</strong></span> <span class='ocrx_word' id='word_1_603' title='bbox 1261 4798 1575 4850; x_wconf 75' lang='lat' dir='ltr'><strong>Benedictus</strong></span> <span class='ocrx_word' id='word_1_604' title='bbox 1626 4802 1941 4863; x_wconf 84' lang='lat' dir='ltr'><strong>reliquerit,</strong></span> 
     </span>
    </p>
   </div>
   <div class='ocr_carea' id='block_1_90' title="bbox 387 4867 1946 4935">
    <p class='ocr_par' dir='ltr' id='par_1_90' title="bbox 387 4867 1946 4935">
     <span class='ocr_line' id='line_1_90' title="bbox 387 4867 1946 4935; baseline 0.003 -18"><span class='ocrx_word' id='word_1_605' title='bbox 387 4883 587 4934; x_wconf 67' lang='lat' dir='ltr'><strong>eosque</strong></span> <span class='ocrx_word' id='word_1_606' title='bbox 613 4870 769 4921; x_wconf 85' lang='lat' dir='ltr'><strong>etiam</strong></span> <span class='ocrx_word' id='word_1_607' title='bbox 803 4869 1147 4935; x_wconf 76' lang='lat' dir='ltr'><strong>iinpossrbilia</strong></span> <span class='ocrx_word' id='word_1_608' title='bbox 1193 4867 1472 4935; x_wconf 87' lang='lat' dir='ltr'><strong>imperanti</strong></span> <span class='ocrx_word' id='word_1_609' title='bbox 1507 4883 1598 4935; x_wconf 90' lang='lat' dir='ltr'><strong>per</strong></span> <span class='ocrx_word' id='word_1_610' title='bbox 1619 4871 1795 4921; x_wconf 85' lang='lat' dir='ltr'><strong>omnia</strong></span> <span class='ocrx_word' id='word_1_611' title='bbox 1816 4872 1946 4923; x_wconf 90' lang='lat' dir='ltr'><strong>obe-</strong></span> 
     </span>
    </p>
   </div>
   <div class='ocr_carea' id='block_1_91' title="bbox 390 4936 1942 5004">
    <p class='ocr_par' dir='ltr' id='par_1_91' title="bbox 390 4936 1942 5004">
     <span class='ocr_line' id='line_1_91' title="bbox 390 4936 1942 5004; baseline 0.001 -15"><span class='ocrx_word' id='word_1_612' title='bbox 390 4937 507 4991; x_wconf 78' lang='lat' dir='ltr'><strong>dire</strong></span> <span class='ocrx_word' id='word_1_613' title='bbox 543 4939 709 4992; x_wconf 87' lang='lat' dir='ltr'><strong>velit:</strong></span> <span class='ocrx_word' id='word_1_614' title='bbox 740 4956 759 4990; x_wconf 76' lang='grc'><strong>(</strong></span> <span class='ocrx_word' id='word_1_615' title='bbox 790 4936 844 4992; x_wconf 90' lang='lat' dir='ltr'><strong>Si</strong></span> <span class='ocrx_word' id='word_1_616' title='bbox 872 4938 941 4992; x_wconf 89' lang='lat' dir='ltr'><strong>ita</strong></span> <span class='ocrx_word' id='word_1_617' title='bbox 970 4951 1053 4992; x_wconf 80' lang='lat' dir='ltr'><strong>est</strong></span> <span class='ocrx_word' id='word_1_618' title='bbox 1082 4951 1137 4992; x_wconf 91' lang='lat' dir='ltr'><strong>ut</strong></span> <span class='ocrx_word' id='word_1_619' title='bbox 1176 4940 1467 4991; x_wconf 86' lang='lat' dir='ltr'><strong>monachus</strong></span> <span class='ocrx_word' id='word_1_620' title='bbox 1498 4953 1591 5004; x_wconf 88' lang='lat' dir='ltr'><strong>pro</strong></span> <span class='ocrx_word' id='word_1_621' title='bbox 1615 4953 1673 4990; x_wconf 88' lang='lat' dir='ltr'><strong>se</strong></span> <span class='ocrx_word' id='word_1_622' title='bbox 1707 4953 1810 4991; x_wconf 91' lang='lat' dir='ltr'><strong>non</strong></span> <span class='ocrx_word' id='word_1_623' title='bbox 1851 4955 1942 4991; x_wconf 90' lang='lat' dir='ltr'><strong>au-</strong></span> 
     </span>
    </p>
   </div>
   <div class='ocr_carea' id='block_1_92' title="bbox 390 5008 1939 5076">
    <p class='ocr_par' dir='ltr' id='par_1_92' title="bbox 390 5008 1939 5076">
     <span class='ocr_line' id='line_1_92' title="bbox 390 5008 1939 5076; baseline 0.003 -18"><span class='ocrx_word' id='word_1_624' title='bbox 390 5009 514 5059; x_wconf 78' lang='lat' dir='ltr'><strong>tleat</strong></span> <span class='ocrx_word' id='word_1_625' title='bbox 556 5010 839 5075; x_wconf 82' lang='lat' dir='ltr'><strong>quidquam</strong></span> <span class='ocrx_word' id='word_1_626' title='bbox 888 5010 1063 5075; x_wconf 89' lang='lat' dir='ltr'><strong>loqui,</strong></span> <span class='ocrx_word' id='word_1_627' title='bbox 1094 5013 1260 5063; x_wconf 88' lang='lat' dir='ltr'><strong>multo</strong></span> <span class='ocrx_word' id='word_1_628' title='bbox 1290 5012 1465 5060; x_wconf 90' lang='lat' dir='ltr'><strong>minus</strong></span> <span class='ocrx_word' id='word_1_629' title='bbox 1491 5023 1587 5076; x_wconf 87' lang='lat' dir='ltr'><strong>pro</strong></span> <span class='ocrx_word' id='word_1_630' title='bbox 1618 5008 1754 5059; x_wconf 87' lang='lat' dir='ltr'><strong>aliis.</strong></span> <span class='ocrx_word' id='word_1_631' title='bbox 1790 5028 1809 5060; x_wconf 80' lang='grc' dir='ltr'><strong>ι</strong></span> <span class='ocrx_word' id='word_1_632' title='bbox 1840 5008 1939 5063; x_wconf 90' lang='lat' dir='ltr'><strong>Cui</strong></span> 
     </span>
    </p>
   </div>
   <div class='ocr_carea' id='block_1_93' title="bbox 391 5077 1944 5134">
    <p class='ocr_par' dir='ltr' id='par_1_93' title="bbox 391 5077 1944 5134">
     <span class='ocr_line' id='line_1_93' title="bbox 391 5077 1944 5134; baseline 0.003 -6"><span class='ocrx_word' id='word_1_633' title='bbox 391 5078 625 5131; x_wconf 88' lang='lat' dir='ltr'><strong>concinit</strong></span> <span class='ocrx_word' id='word_1_634' title='bbox 647 5080 707 5133; x_wconf 88' lang='lat' dir='ltr'><strong>S.</strong></span> <span class='ocrx_word' id='word_1_635' title='bbox 734 5078 1092 5134; x_wconf 85' lang='lat' dir='ltr'><strong>Columbanus</strong></span> <span class='ocrx_word' id='word_1_636' title='bbox 1111 5080 1195 5134; x_wconf 88' lang='lat' dir='ltr'><strong>hic</strong></span> <span class='ocrx_word' id='word_1_637' title='bbox 1219 5094 1246 5130; x_wconf 88' lang='lat' dir='ltr'><strong>a</strong></span> <span class='ocrx_word' id='word_1_638' title='bbox 1264 5078 1322 5133; x_wconf 91' lang='lat' dir='ltr'><strong>S.</strong></span> <span class='ocrx_word' id='word_1_639' title='bbox 1356 5080 1640 5134; x_wconf 82' lang='lat' dir='ltr'><strong>Benedicto</strong></span> <span class='ocrx_word' id='word_1_640' title='bbox 1656 5077 1944 5133; x_wconf 82' lang='lat' dir='ltr'><strong>Attianensi</strong></span> 
     </span>
    </p>
   </div>
   <div class='ocr_carea' id='block_1_94' title="bbox 391 5147 996 5203">
    <p class='ocr_par' dir='ltr' id='par_1_94' title="bbox 391 5147 996 5203">
     <span class='ocr_line' id='line_1_94' title="bbox 391 5147 996 5203; baseline 0.003 -2"><span class='ocrx_word' id='word_1_641' title='bbox 391 5147 447 5201; x_wconf 85' lang='lat' dir='ltr'><strong>in</strong></span> <span class='ocrx_word' id='word_1_642' title='bbox 466 5148 760 5202; x_wconf 82' lang='lat' dir='ltr'><strong>Concordia</strong></span> <span class='ocrx_word' id='word_1_643' title='bbox 783 5151 996 5203; x_wconf 70' lang='lat' dir='ltr'><strong>citatus.</strong></span> 
     </span>
    </p>
   </div>
   <div class='ocr_carea' id='block_1_95' title="bbox 469 5218 1942 5288">
    <p class='ocr_par' dir='ltr' id='par_1_95' title="bbox 469 5218 1942 5288">
     <span class='ocr_line' id='line_1_95' title="bbox 469 5218 1942 5288; baseline 0.002 -18"><span class='ocrx_word' id='word_1_644' title='bbox 469 5218 574 5271; x_wconf 83' lang='lat' dir='ltr'><strong>Nec</strong></span> <span class='ocrx_word' id='word_1_645' title='bbox 606 5219 828 5288; x_wconf 84' lang='lat' dir='ltr'><strong>quolibet</strong></span> <span class='ocrx_word' id='word_1_646' title='bbox 876 5227 1023 5272; x_wconf 86' lang='lat' dir='ltr'><strong>modo</strong></span> <span class='ocrx_word' id='word_1_647' title='bbox 1074 5220 1130 5271; x_wconf 89' lang='lat' dir='ltr'><strong>id</strong></span> <span class='ocrx_word' id='word_1_648' title='bbox 1182 5238 1214 5273; x_wconf 90' lang='lat' dir='ltr'><strong>a</strong></span> <span class='ocrx_word' id='word_1_649' title='bbox 1264 5219 1524 5273; x_wconf 78' lang='lat' dir='ltr'><strong>monachis</strong></span> <span class='ocrx_word' id='word_1_650' title='bbox 1564 5218 1942 5288; x_wconf 57' lang='lat' dir='ltr'><strong>monimntum]</strong></span> 
     </span>
    </p>
   </div>
   <div class='ocr_carea' id='block_1_96' title="bbox 398 5289 1943 5353">
    <p class='ocr_par' dir='ltr' id='par_1_96' title="bbox 398 5289 1943 5353">
     <span class='ocr_line' id='line_1_96' title="bbox 398 5289 1943 5353; baseline 0.001 -14"><span class='ocrx_word' id='word_1_651' title='bbox 398 5307 417 5339; x_wconf 75' lang='lat' dir='ltr'><strong>c</strong></span> <span class='ocrx_word' id='word_1_652' title='bbox 454 5289 628 5342; x_wconf 78' lang='lat' dir='ltr'><strong>Multis</strong></span> <span class='ocrx_word' id='word_1_653' title='bbox 656 5292 796 5343; x_wconf 90' lang='lat' dir='ltr'><strong>enim</strong></span> <span class='ocrx_word' id='word_1_654' title='bbox 826 5290 1029 5353; x_wconf 90' lang='lat' dir='ltr'><strong>modis,</strong></span> <span class='ocrx_word' id='word_1_655' title='bbox 1075 5292 1151 5344; x_wconf 88' lang='lat' dir='ltr'><strong>uti</strong></span> <span class='ocrx_word' id='word_1_656' title='bbox 1202 5290 1446 5343; x_wconf 84' lang='lat' dir='ltr'><strong>observat</strong></span> <span class='ocrx_word' id='word_1_657' title='bbox 1490 5289 1852 5350; x_wconf 87' lang='lat' dir='ltr'><strong>llildemarus,</strong></span> <span class='ocrx_word' id='word_1_658' title='bbox 1889 5296 1943 5340; x_wconf 89' lang='lat' dir='ltr'><strong>lit</strong></span> 
     </span>
    </p>
   </div>
   <div class='ocr_carea' id='block_1_97' title="bbox 391 5359 1941 5429">
    <p class='ocr_par' dir='ltr' id='par_1_97' title="bbox 391 5359 1941 5429">
     <span class='ocr_line' id='line_1_97' title="bbox 391 5359 1941 5429; baseline 0 -19"><span class='ocrx_word' id='word_1_659' title='bbox 391 5362 632 5413; x_wconf 69' lang='lat' dir='ltr'><strong>defensio</strong></span> <span class='ocrx_word' id='word_1_660' title='bbox 665 5378 676 5411; x_wconf 92' lang='lat'><strong>:</strong></span> <span class='ocrx_word' id='word_1_661' title='bbox 709 5359 992 5426; x_wconf 82' lang='lat' dir='ltr'><strong>aliquando</strong></span> <span class='ocrx_word' id='word_1_662' title='bbox 1023 5378 1116 5426; x_wconf 82' lang='lat' dir='ltr'><strong>pro</strong></span> <span class='ocrx_word' id='word_1_663' title='bbox 1143 5362 1630 5429; x_wconf 80' lang='lat' dir='ltr'><strong>consanguinitate;</strong></span> <span class='ocrx_word' id='word_1_664' title='bbox 1658 5360 1941 5426; x_wconf 83' lang='lat' dir='ltr'><strong>aliquando</strong></span> 
     </span>
    </p>
   </div>
   <div class='ocr_carea' id='block_1_98' title="bbox 394 5429 1941 5499">
    <p class='ocr_par' dir='ltr' id='par_1_98' title="bbox 394 5429 1941 5499">
     <span class='ocr_line' id='line_1_98' title="bbox 394 5429 1941 5499; baseline 0 -17"><span class='ocrx_word' id='word_1_665' title='bbox 394 5446 488 5496; x_wconf 86' lang='lat' dir='ltr'><strong>pro</strong></span> <span class='ocrx_word' id='word_1_666' title='bbox 519 5434 684 5499; x_wconf 88' lang='lat' dir='ltr'><strong>patria</strong></span> <span class='ocrx_word' id='word_1_667' title='bbox 710 5474 724 5495; x_wconf 90' lang='lat'><strong>,</strong></span> <span class='ocrx_word' id='word_1_668' title='bbox 754 5432 872 5499; x_wconf 87' lang='lat' dir='ltr'><strong>quia</strong></span> <span class='ocrx_word' id='word_1_669' title='bbox 901 5429 969 5483; x_wconf 89' lang='lat' dir='ltr'><strong>de</strong></span> <span class='ocrx_word' id='word_1_670' title='bbox 1012 5448 1112 5484; x_wconf 84' lang='lat' dir='ltr'><strong>una</strong></span> <span class='ocrx_word' id='word_1_671' title='bbox 1171 5433 1333 5498; x_wconf 89' lang='lat' dir='ltr'><strong>patria</strong></span> <span class='ocrx_word' id='word_1_672' title='bbox 1365 5442 1478 5487; x_wconf 82' lang='lat' dir='ltr'><strong>eSt:</strong></span> <span class='ocrx_word' id='word_1_673' title='bbox 1524 5430 1804 5493; x_wconf 81' lang='lat' dir='ltr'><strong>aliquando</strong></span> <span class='ocrx_word' id='word_1_674' title='bbox 1848 5447 1941 5491; x_wconf 76' lang='lat' dir='ltr'><strong>pro</strong></span> 
     </span>
    </p>
   </div>
   <div class='ocr_carea' id='block_1_99' title="bbox 392 5499 1942 5570">
    <p class='ocr_par' dir='ltr' id='par_1_99' title="bbox 392 5499 1942 5570">
     <span class='ocr_line' id='line_1_99' title="bbox 392 5499 1942 5570; baseline -0.001 -20"><span class='ocrx_word' id='word_1_675' title='bbox 392 5504 424 5551; x_wconf 82' lang='lat' dir='ltr'><strong>il</strong></span> <span class='ocrx_word' id='word_1_676' title='bbox 450 5503 739 5569; x_wconf 84' lang='lat' dir='ltr'><strong>scipulatu,</strong></span> <span class='ocrx_word' id='word_1_677' title='bbox 787 5502 1070 5570; x_wconf 87' lang='lat' dir='ltr'><strong>aliquando</strong></span> <span class='ocrx_word' id='word_1_678' title='bbox 1118 5517 1212 5569; x_wconf 87' lang='lat' dir='ltr'><strong>pro</strong></span> <span class='ocrx_word' id='word_1_679' title='bbox 1241 5503 1502 5567; x_wconf 83' lang='lat' dir='ltr'><strong>amicitia,</strong></span> <span class='ocrx_word' id='word_1_680' title='bbox 1533 5499 1815 5566; x_wconf 57' lang='lat' dir='ltr'><strong>aliquando</strong></span> <span class='ocrx_word' id='word_1_681' title='bbox 1849 5516 1942 5566; x_wconf 86' lang='lat' dir='ltr'><strong>pro</strong></span> 
     </span>
    </p>
   </div>
   <div class='ocr_carea' id='block_1_100' title="bbox 392 5573 1936 5636">
    <p class='ocr_par' dir='ltr' id='par_1_100' title="bbox 392 5573 1936 5636">
     <span class='ocr_line' id='line_1_100' title="bbox 392 5573 1936 5636; baseline 0.003 -18"><span class='ocrx_word' id='word_1_682' title='bbox 392 5573 533 5636; x_wconf 65' lang='lat' dir='ltr'><strong>gula.</strong></span> <span class='ocrx_word' id='word_1_683' title='bbox 573 5591 591 5622; x_wconf 75' lang='grc' dir='ltr'><strong>ι</strong></span> <span class='ocrx_word' id='word_1_684' title='bbox 623 5574 726 5625; x_wconf 86' lang='lat' dir='ltr'><strong>Sed</strong></span> <span class='ocrx_word' id='word_1_685' title='bbox 761 5573 905 5625; x_wconf 89' lang='lat' dir='ltr'><strong>nullo</strong></span> <span class='ocrx_word' id='word_1_686' title='bbox 947 5575 1104 5626; x_wconf 86' lang='lat' dir='ltr'><strong>modo</strong></span> <span class='ocrx_word' id='word_1_687' title='bbox 1134 5574 1183 5624; x_wconf 87' lang='lat' dir='ltr'><strong>td</strong></span> <span class='ocrx_word' id='word_1_688' title='bbox 1213 5586 1243 5623; x_wconf 89' lang='lat' dir='ltr'><strong>a</strong></span> <span class='ocrx_word' id='word_1_689' title='bbox 1270 5574 1539 5624; x_wconf 77' lang='lat' dir='ltr'><strong>monactiis</strong></span> <span class='ocrx_word' id='word_1_690' title='bbox 1572 5582 1936 5633; x_wconf 69' lang='lat' dir='ltr'><strong>praesutuatur.</strong></span> 
     </span>
    </p>
   </div>
   <div class='ocr_carea' id='block_1_101' title="bbox 468 5640 1941 5711">
    <p class='ocr_par' dir='ltr' id='par_1_101' title="bbox 468 5640 1941 5711">
     <span class='ocr_line' id='line_1_101' title="bbox 468 5640 1941 5711; baseline 0.002 -21"><span class='ocrx_word' id='word_1_691' title='bbox 468 5642 599 5699; x_wconf 75' lang='lat' dir='ltr'><strong>Quia</strong></span> <span class='ocrx_word' id='word_1_692' title='bbox 639 5644 819 5697; x_wconf 77' lang='lat' dir='ltr'><strong>exinde</strong></span> <span class='ocrx_word' id='word_1_693' title='bbox 853 5642 1151 5711; x_wconf 77' lang='lat' dir='ltr'><strong>gravissima</strong></span> <span class='ocrx_word' id='word_1_694' title='bbox 1180 5644 1376 5695; x_wconf 78' lang='lat' dir='ltr'><strong>occasio</strong></span> <span class='ocrx_word' id='word_1_695' title='bbox 1416 5640 1772 5711; x_wconf 57' lang='lat' dir='ltr'><strong>mandatorum</strong></span> <span class='ocrx_word' id='word_1_696' title='bbox 1819 5643 1941 5693; x_wconf 87' lang='lat' dir='ltr'><strong>oriri</strong></span> 
     </span>
    </p>
   </div>
   <div class='ocr_carea' id='block_1_102' title="bbox 394 5708 1937 5781">
    <p class='ocr_par' dir='ltr' id='par_1_102' title="bbox 394 5708 1937 5781">
     <span class='ocr_line' id='line_1_102' title="bbox 394 5708 1937 5781; baseline 0.005 -26"><span class='ocrx_word' id='word_1_697' title='bbox 394 5712 601 5781; x_wconf 50' lang='lat' dir='ltr'><strong>pater“</strong></span> <span class='ocrx_word' id='word_1_698' title='bbox 626 5713 778 5774; x_wconf 75' lang='lat' dir='ltr'><strong>Quia,</strong></span> <span class='ocrx_word' id='word_1_699' title='bbox 810 5708 870 5765; x_wconf 72' lang='lat' dir='ltr'><strong>ut</strong></span> <span class='ocrx_word' id='word_1_700' title='bbox 888 5712 962 5764; x_wconf 86' lang='lat' dir='ltr'><strong>ait</strong></span> <span class='ocrx_word' id='word_1_701' title='bbox 981 5712 1038 5765; x_wconf 90' lang='lat' dir='ltr'><strong>S.</strong></span> <span class='ocrx_word' id='word_1_702' title='bbox 1069 5714 1292 5764; x_wconf 79' lang='lat' dir='ltr'><strong>Basilius</strong></span> <span class='ocrx_word' id='word_1_703' title='bbox 1321 5712 1471 5781; x_wconf 81' lang='lat' dir='ltr'><strong>(Reg.</strong></span> <span class='ocrx_word' id='word_1_704' title='bbox 1504 5726 1535 5761; x_wconf 84' lang='grc' dir='ltr'><strong>ιι</strong></span> <span class='ocrx_word' id='word_1_705' title='bbox 1563 5708 1705 5773; x_wconf 64' lang='lat' dir='ltr'><strong>Ruﬁ.</strong></span> <span class='ocrx_word' id='word_1_706' title='bbox 1735 5712 1937 5772; x_wconf 86' lang='lat' dir='ltr'><strong>transl.,</strong></span> 
     </span>
    </p>
   </div>
   <div class='ocr_carea' id='block_1_103' title="bbox 396 5774 1923 5851">
    <p class='ocr_par' dir='ltr' id='par_1_103' title="bbox 396 5774 1923 5851">
     <span class='ocr_line' id='line_1_103' title="bbox 396 5774 1923 5851; baseline 0.005 -24"><span class='ocrx_word' id='word_1_707' title='bbox 396 5792 444 5828; x_wconf 74' lang='grc' dir='ltr'><strong>ε.</strong></span> <span class='ocrx_word' id='word_1_708' title='bbox 471 5774 606 5842; x_wconf 62' lang='lat'><strong>20)?</strong></span> <span class='ocrx_word' id='word_1_709' title='bbox 642 5799 656 5828; x_wconf 84' lang='lat' dir='ltr'><strong>i</strong></span> <span class='ocrx_word' id='word_1_710' title='bbox 697 5781 808 5833; x_wconf 61' lang='lat' dir='ltr'><strong>Non</strong></span> <span class='ocrx_word' id='word_1_711' title='bbox 834 5784 942 5848; x_wconf 84' lang='lat' dir='ltr'><strong>jam</strong></span> <span class='ocrx_word' id='word_1_712' title='bbox 970 5774 1354 5851; x_wconf 78' lang='lat' dir='ltr'><strong>correptioneiii</strong></span> <span class='ocrx_word' id='word_1_713' title='bbox 1387 5774 1448 5836; x_wconf 71' lang='lat' dir='ltr'><strong>ad</strong></span> <span class='ocrx_word' id='word_1_714' title='bbox 1481 5782 1923 5847; x_wconf 79' lang='lat' dir='ltr'><strong>emendationem,</strong></span> 
     </span>
    </p>
   </div>
   <div class='ocr_carea' id='block_1_104' title="bbox 2048 3674 3609 3742">
    <p class='ocr_par' dir='ltr' id='par_1_104' title="bbox 2048 3674 3609 3742">
     <span class='ocr_line' id='line_1_104' title="bbox 2048 3674 3609 3742; baseline 0 -16"><span class='ocrx_word' id='word_1_715' title='bbox 2048 3685 2202 3736; x_wconf 86' lang='lat' dir='ltr'><strong>sunt,</strong></span> <span class='ocrx_word' id='word_1_716' title='bbox 2232 3674 2480 3729; x_wconf 90' lang='lat' dir='ltr'><strong>erudiens</strong></span> <span class='ocrx_word' id='word_1_717' title='bbox 2521 3690 2641 3728; x_wconf 89' lang='lat' dir='ltr'><strong>eum</strong></span> <span class='ocrx_word' id='word_1_718' title='bbox 2689 3674 2743 3728; x_wconf 93' lang='lat' dir='ltr'><strong>in</strong></span> <span class='ocrx_word' id='word_1_719' title='bbox 2776 3674 2966 3728; x_wconf 86' lang='lat' dir='ltr'><strong>timore</strong></span> <span class='ocrx_word' id='word_1_720' title='bbox 3012 3675 3137 3736; x_wconf 90' lang='lat' dir='ltr'><strong>Dei,</strong></span> <span class='ocrx_word' id='word_1_721' title='bbox 3166 3683 3219 3726; x_wconf 87' lang='lat' dir='ltr'><strong>et</strong></span> <span class='ocrx_word' id='word_1_722' title='bbox 3259 3676 3484 3742; x_wconf 85' lang='lat' dir='ltr'><strong>cupiens</strong></span> <span class='ocrx_word' id='word_1_723' title='bbox 3535 3675 3609 3727; x_wconf 87' lang='lat' dir='ltr'><strong>ab</strong></span> 
     </span>
    </p>
   </div>
   <div class='ocr_carea' id='block_1_105' title="bbox 2046 3745 3611 3812">
    <p class='ocr_par' dir='ltr' id='par_1_105' title="bbox 2046 3745 3611 3812">
     <span class='ocr_line' id='line_1_105' title="bbox 2046 3745 3611 3812; baseline 0.001 -16"><span class='ocrx_word' id='word_1_724' title='bbox 2046 3757 2228 3798; x_wconf 90' lang='lat' dir='ltr'><strong>errore</strong></span> <span class='ocrx_word' id='word_1_725' title='bbox 2249 3750 2552 3812; x_wconf 82' lang='lat' dir='ltr'><strong>corrigere;</strong></span> <span class='ocrx_word' id='word_1_726' title='bbox 2585 3753 2638 3798; x_wconf 90' lang='lat' dir='ltr'><strong>et</strong></span> <span class='ocrx_word' id='word_1_727' title='bbox 2681 3746 2813 3797; x_wconf 85' lang='lat' dir='ltr'><strong>alius</strong></span> <span class='ocrx_word' id='word_1_728' title='bbox 2845 3746 3070 3797; x_wconf 85' lang='lat' dir='ltr'><strong>voluerit</strong></span> <span class='ocrx_word' id='word_1_729' title='bbox 3102 3757 3194 3811; x_wconf 89' lang='lat' dir='ltr'><strong>pro</strong></span> <span class='ocrx_word' id='word_1_730' title='bbox 3240 3759 3305 3797; x_wconf 88' lang='lat' dir='ltr'><strong>eo</strong></span> <span class='ocrx_word' id='word_1_731' title='bbox 3345 3745 3508 3811; x_wconf 77' lang='lat' dir='ltr'><strong>loqui,</strong></span> <span class='ocrx_word' id='word_1_732' title='bbox 3551 3752 3611 3797; x_wconf 88' lang='lat' dir='ltr'><strong>et</strong></span> 
     </span>
    </p>
   </div>
   <div class='ocr_carea' id='block_1_106' title="bbox 2048 3813 3614 3881">
    <p class='ocr_par' dir='ltr' id='par_1_106' title="bbox 2048 3813 3614 3881">
     <span class='ocr_line' id='line_1_106' title="bbox 2048 3813 3614 3881; baseline 0.001 -14"><span class='ocrx_word' id='word_1_733' title='bbox 2048 3829 2170 3868; x_wconf 91' lang='lat' dir='ltr'><strong>eum</strong></span> <span class='ocrx_word' id='word_1_734' title='bbox 2215 3815 2523 3881; x_wconf 86' lang='lat' dir='ltr'><strong>defendere,</strong></span> <span class='ocrx_word' id='word_1_735' title='bbox 2552 3818 2865 3869; x_wconf 87' lang='lat' dir='ltr'><strong>subvertens</strong></span> <span class='ocrx_word' id='word_1_736' title='bbox 2905 3828 3000 3868; x_wconf 87' lang='lat' dir='ltr'><strong>cor</strong></span> <span class='ocrx_word' id='word_1_737' title='bbox 3027 3814 3197 3875; x_wconf 45' lang='lat' dir='ltr'><strong>illvus;</strong></span> <span class='ocrx_word' id='word_1_738' title='bbox 3227 3813 3317 3881; x_wconf 90' lang='lat' dir='ltr'><strong>qui</strong></span> <span class='ocrx_word' id='word_1_739' title='bbox 3343 3814 3444 3867; x_wconf 87' lang='lat' dir='ltr'><strong>hoc</strong></span> <span class='ocrx_word' id='word_1_740' title='bbox 3485 3815 3614 3869; x_wconf 82' lang='lat' dir='ltr'><strong>facit</strong></span> 
     </span>
    </p>
   </div>
   <div class='ocr_carea' id='block_1_107' title="bbox 2047 3885 3608 3954">
    <p class='ocr_par' dir='ltr' id='par_1_107' title="bbox 2047 3885 3608 3954">
     <span class='ocr_line' id='line_1_107' title="bbox 2047 3885 3608 3954; baseline 0.001 -18"><span class='ocrx_word' id='word_1_741' title='bbox 2047 3893 2228 3952; x_wconf 83' lang='lat' dir='ltr'><strong>peccat</strong></span> <span class='ocrx_word' id='word_1_742' title='bbox 2254 3887 2303 3939; x_wconf 93' lang='lat' dir='ltr'><strong>in</strong></span> <span class='ocrx_word' id='word_1_743' title='bbox 2331 3900 2477 3938; x_wconf 88' lang='lat' dir='ltr'><strong>suam</strong></span> <span class='ocrx_word' id='word_1_744' title='bbox 2506 3887 2757 3946; x_wconf 88' lang='lat' dir='ltr'><strong>animam,</strong></span> <span class='ocrx_word' id='word_1_745' title='bbox 2782 3885 2901 3954; x_wconf 84' lang='lat' dir='ltr'><strong>quia</strong></span> <span class='ocrx_word' id='word_1_746' title='bbox 2929 3885 3192 3938; x_wconf 81' lang='lat' dir='ltr'><strong>subvertit</strong></span> <span class='ocrx_word' id='word_1_747' title='bbox 3216 3898 3335 3938; x_wconf 88' lang='lat' dir='ltr'><strong>eum</strong></span> <span class='ocrx_word' id='word_1_748' title='bbox 3364 3886 3451 3952; x_wconf 85' lang='lat' dir='ltr'><strong>qui</strong></span> <span class='ocrx_word' id='word_1_749' title='bbox 3482 3900 3608 3938; x_wconf 89' lang='lat' dir='ltr'><strong>cor-</strong></span> 
     </span>
    </p>
   </div>
   <div class='ocr_carea' id='block_1_108' title="bbox 2050 3953 3608 4022">
    <p class='ocr_par' dir='ltr' id='par_1_108' title="bbox 2050 3953 3608 4022">
     <span class='ocr_line' id='line_1_108' title="bbox 2050 3953 3608 4022; baseline 0.002 -16"><span class='ocrx_word' id='word_1_750' title='bbox 2050 3955 2144 4021; x_wconf 79' lang='lat' dir='ltr'><strong>rigi</strong></span> <span class='ocrx_word' id='word_1_751' title='bbox 2178 3964 2404 4022; x_wconf 88' lang='lat' dir='ltr'><strong>poterat,</strong></span> <span class='ocrx_word' id='word_1_752' title='bbox 2436 3966 2489 4010; x_wconf 90' lang='lat' dir='ltr'><strong>et</strong></span> <span class='ocrx_word' id='word_1_753' title='bbox 2519 3953 2929 4021; x_wconf 76' lang='lat' dir='ltr'><strong>eoosurgentem</strong></span> <span class='ocrx_word' id='word_1_754' title='bbox 2970 3953 3154 4021; x_wconf 86' lang='lat' dir='ltr'><strong>dejicit</strong></span> <span class='ocrx_word' id='word_1_755' title='bbox 3197 3955 3247 4007; x_wconf 90' lang='lat' dir='ltr'><strong>in</strong></span> <span class='ocrx_word' id='word_1_756' title='bbox 3277 3964 3500 4020; x_wconf 87' lang='lat' dir='ltr'><strong>terram,</strong></span> <span class='ocrx_word' id='word_1_757' title='bbox 3524 3965 3608 4009; x_wconf 80' lang='lat' dir='ltr'><strong>at-</strong></span> 
     </span>
    </p>
   </div>
   <div class='ocr_carea' id='block_1_109' title="bbox 2046 4025 3607 4092">
    <p class='ocr_par' dir='ltr' id='par_1_109' title="bbox 2046 4025 3607 4092">
     <span class='ocr_line' id='line_1_109' title="bbox 2046 4025 3607 4092; baseline 0 -16"><span class='ocrx_word' id='word_1_758' title='bbox 2046 4040 2149 4092; x_wconf 92' lang='lat' dir='ltr'><strong>que</strong></span> <span class='ocrx_word' id='word_1_759' title='bbox 2178 4026 2241 4078; x_wconf 88' lang='lat' dir='ltr'><strong>ad</strong></span> <span class='ocrx_word' id='word_1_760' title='bbox 2274 4026 2492 4080; x_wconf 89' lang='lat' dir='ltr'><strong>meliora</strong></span> <span class='ocrx_word' id='word_1_761' title='bbox 2526 4028 2828 4080; x_wconf 85' lang='lat' dir='ltr'><strong>tendentem</strong></span> <span class='ocrx_word' id='word_1_762' title='bbox 2860 4026 2993 4077; x_wconf 88' lang='lat' dir='ltr'><strong>mala</strong></span> <span class='ocrx_word' id='word_1_763' title='bbox 3023 4025 3369 4091; x_wconf 79' lang='lat' dir='ltr'><strong>persuasione</strong></span> <span class='ocrx_word' id='word_1_764' title='bbox 3388 4025 3607 4091; x_wconf 84' lang='lat' dir='ltr'><strong>decipit,</strong></span> 
     </span>
    </p>
   </div>
   <div class='ocr_carea' id='block_1_110' title="bbox 2051 4095 3612 4164">
    <p class='ocr_par' dir='ltr' id='par_1_110' title="bbox 2051 4095 3612 4164">
     <span class='ocr_line' id='line_1_110' title="bbox 2051 4095 3612 4164; baseline 0.001 -18"><span class='ocrx_word' id='word_1_765' title='bbox 2051 4110 2236 4149; x_wconf 87' lang='lat' dir='ltr'><strong>errans</strong></span> <span class='ocrx_word' id='word_1_766' title='bbox 2262 4096 2396 4164; x_wconf 84' lang='lat' dir='ltr'><strong>ipse,</strong></span> <span class='ocrx_word' id='word_1_767' title='bbox 2427 4107 2480 4149; x_wconf 89' lang='lat' dir='ltr'><strong>et</strong></span> <span class='ocrx_word' id='word_1_768' title='bbox 2518 4097 2653 4149; x_wconf 87' lang='lat' dir='ltr'><strong>alios</strong></span> <span class='ocrx_word' id='word_1_769' title='bbox 2676 4110 2854 4148; x_wconf 77' lang='lat' dir='ltr'><strong>errare</strong></span> <span class='ocrx_word' id='word_1_770' title='bbox 2885 4095 3098 4148; x_wconf 86' lang='lat' dir='ltr'><strong>faciens.</strong></span> <span class='ocrx_word' id='word_1_771' title='bbox 3126 4096 3260 4148; x_wconf 89' lang='lat' dir='ltr'><strong>lluic</strong></span> <span class='ocrx_word' id='word_1_772' title='bbox 3299 4096 3426 4147; x_wconf 85' lang='lat' dir='ltr'><strong>illud</strong></span> <span class='ocrx_word' id='word_1_773' title='bbox 3457 4106 3612 4163; x_wconf 83' lang='lat' dir='ltr'><strong>apta-</strong></span> 
     </span>
    </p>
   </div>
   <div class='ocr_carea' id='block_1_111' title="bbox 2048 4164 3610 4235">
    <p class='ocr_par' dir='ltr' id='par_1_111' title="bbox 2048 4164 3610 4235">
     <span class='ocr_line' id='line_1_111' title="bbox 2048 4164 3610 4235; baseline 0.001 -19"><span class='ocrx_word' id='word_1_774' title='bbox 2048 4164 2187 4218; x_wconf 89' lang='lat' dir='ltr'><strong>hitur</strong></span> <span class='ocrx_word' id='word_1_775' title='bbox 2215 4179 2571 4233; x_wconf 80' lang='lat' dir='ltr'><strong>congruenter</strong></span> <span class='ocrx_word' id='word_1_776' title='bbox 2603 4184 2615 4219; x_wconf 91' lang='lat'>:</span> <span class='ocrx_word' id='word_1_777' title='bbox 2656 4164 2747 4219; x_wconf 80' lang='lat' dir='ltr'><em>Vw</em></span> <span class='ocrx_word' id='word_1_778' title='bbox 2783 4168 2868 4234; x_wconf 87' lang='lat' dir='ltr'><strong>qui</strong></span> <span class='ocrx_word' id='word_1_779' title='bbox 2897 4174 3068 4235; x_wconf 88' lang='lat' dir='ltr'><strong>potum</strong></span> <span class='ocrx_word' id='word_1_780' title='bbox 3113 4167 3203 4217; x_wconf 82' lang='lat' dir='ltr'><strong>dat</strong></span> <span class='ocrx_word' id='word_1_781' title='bbox 3252 4167 3481 4231; x_wconf 87' lang='lat' dir='ltr'><strong>prorimo</strong></span> <span class='ocrx_word' id='word_1_782' title='bbox 3515 4182 3610 4218; x_wconf 84' lang='lat' dir='ltr'><strong>suo</strong></span> 
     </span>
    </p>
   </div>
   <div class='ocr_carea' id='block_1_112' title="bbox 2044 4235 3609 4305">
    <p class='ocr_par' dir='ltr' id='par_1_112' title="bbox 2044 4235 3609 4305">
     <span class='ocr_line' id='line_1_112' title="bbox 2044 4235 3609 4305; baseline 0.001 -18"><span class='ocrx_word' id='word_1_783' title='bbox 2044 4236 2411 4289; x_wconf 74' lang='lat' dir='ltr'><strong>subversionent</strong></span> <span class='ocrx_word' id='word_1_784' title='bbox 2440 4236 2716 4300; x_wconf 84' lang='lat' dir='ltr'><strong>turbidam,</strong></span> <span class='ocrx_word' id='word_1_785' title='bbox 2750 4246 2797 4288; x_wconf 88' lang='lat' dir='ltr'><strong>et</strong></span> <span class='ocrx_word' id='word_1_786' title='bbox 2836 4235 3089 4288; x_wconf 86' lang='lat' dir='ltr'><strong>inebrians</strong></span> <span class='ocrx_word' id='word_1_787' title='bbox 3112 4236 3268 4288; x_wconf 80' lang='lat' dir='ltr'><strong>eum!</strong></span> <span class='ocrx_word' id='word_1_788' title='bbox 3296 4235 3386 4289; x_wconf 74' lang='lat' dir='ltr'><strong>Vw</strong></span> <span class='ocrx_word' id='word_1_789' title='bbox 3413 4237 3502 4305; x_wconf 85' lang='lat' dir='ltr'><strong>qui</strong></span> <span class='ocrx_word' id='word_1_790' title='bbox 3527 4252 3609 4288; x_wconf 86' lang='lat' dir='ltr'><strong>er-</strong></span> 
     </span>
    </p>
   </div>
   <div class='ocr_carea' id='block_1_113' title="bbox 2045 4304 3609 4376">
    <p class='ocr_par' dir='ltr' id='par_1_113' title="bbox 2045 4304 3609 4376">
     <span class='ocr_line' id='line_1_113' title="bbox 2045 4304 3609 4376; baseline 0 -19"><span class='ocrx_word' id='word_1_791' title='bbox 2045 4319 2159 4376; x_wconf 75' lang='lat' dir='ltr'><strong>rare</strong></span> <span class='ocrx_word' id='word_1_792' title='bbox 2187 4307 2309 4376; x_wconf 86' lang='lat' dir='ltr'><strong>facit</strong></span> <span class='ocrx_word' id='word_1_793' title='bbox 2335 4322 2521 4376; x_wconf 80' lang='lat' dir='ltr'><strong>ctecunt</strong></span> <span class='ocrx_word' id='word_1_794' title='bbox 2550 4307 2601 4358; x_wconf 85' lang='lat' dir='ltr'><strong>in</strong></span> <span class='ocrx_word' id='word_1_795' title='bbox 2625 4308 2724 4376; x_wconf 77' lang='lat' dir='ltr'><strong>via,</strong></span> <span class='ocrx_word' id='word_1_796' title='bbox 2762 4308 2845 4373; x_wconf 86' lang='lat' dir='ltr'><strong>qui</strong></span> <span class='ocrx_word' id='word_1_797' title='bbox 2883 4304 3199 4358; x_wconf 81' lang='lat' dir='ltr'><strong>scandalizat</strong></span> <span class='ocrx_word' id='word_1_798' title='bbox 3219 4309 3505 4375; x_wconf 77' lang='lat' dir='ltr'><strong>quempiam</strong></span> <span class='ocrx_word' id='word_1_799' title='bbox 3547 4309 3609 4357; x_wconf 78' lang='lat' dir='ltr'><strong>de</strong></span> 
     </span>
    </p>
   </div>
   <div class='ocr_carea' id='block_1_114' title="bbox 2046 4375 3609 4445">
    <p class='ocr_par' dir='ltr' id='par_1_114' title="bbox 2046 4375 3609 4445">
     <span class='ocr_line' id='line_1_114' title="bbox 2046 4375 3609 4445; baseline 0.002 -20"><span class='ocrx_word' id='word_1_800' title='bbox 2046 4375 2123 4428; x_wconf 85' lang='lat' dir='ltr'><strong>his</strong></span> <span class='ocrx_word' id='word_1_801' title='bbox 2151 4375 2237 4445; x_wconf 81' lang='lat' dir='ltr'><strong>qui</strong></span> <span class='ocrx_word' id='word_1_802' title='bbox 2261 4377 2472 4429; x_wconf 89' lang='lat' dir='ltr'><strong>credunt</strong></span> <span class='ocrx_word' id='word_1_803' title='bbox 2494 4375 2636 4429; x_wconf 86' lang='lat' dir='ltr'><strong>Deo!</strong></span> <span class='ocrx_word' id='word_1_804' title='bbox 2667 4375 2883 4440; x_wconf 70' lang='lat' dir='ltr'><strong>Expedit</strong></span> <span class='ocrx_word' id='word_1_805' title='bbox 2913 4380 2957 4427; x_wconf 88' lang='lat' dir='ltr'><strong>ei</strong></span> <span class='ocrx_word' id='word_1_806' title='bbox 2979 4384 3033 4427; x_wconf 87' lang='lat' dir='ltr'><strong>ut</strong></span> <span class='ocrx_word' id='word_1_807' title='bbox 3060 4378 3376 4442; x_wconf 86' lang='lat' dir='ltr'><strong>appendalur</strong></span> <span class='ocrx_word' id='word_1_808' title='bbox 3396 4378 3443 4427; x_wconf 83' lang='lat' dir='ltr'><strong>ei</strong></span> <span class='ocrx_word' id='word_1_809' title='bbox 3472 4378 3609 4428; x_wconf 66' lang='lat' dir='ltr'><strong>mola</strong></span> 
     </span>
    </p>
   </div>
   <div class='ocr_carea' id='block_1_115' title="bbox 2046 4446 3607 4516">
    <p class='ocr_par' dir='ltr' id='par_1_115' title="bbox 2046 4446 3607 4516">
     <span class='ocr_line' id='line_1_115' title="bbox 2046 4446 3607 4516; baseline 0.001 -19"><span class='ocrx_word' id='word_1_810' title='bbox 2046 4447 2270 4498; x_wconf 85' lang='lat' dir='ltr'><strong>asinaria</strong></span> <span class='ocrx_word' id='word_1_811' title='bbox 2310 4463 2459 4515; x_wconf 87' lang='lat' dir='ltr'><strong>super</strong></span> <span class='ocrx_word' id='word_1_812' title='bbox 2492 4446 2679 4499; x_wconf 86' lang='lat' dir='ltr'><strong>collum</strong></span> <span class='ocrx_word' id='word_1_813' title='bbox 2718 4450 2849 4511; x_wconf 68' lang='lat' dir='ltr'><strong>eius,</strong></span> <span class='ocrx_word' id='word_1_814' title='bbox 2886 4454 2932 4498; x_wconf 87' lang='lat' dir='ltr'><strong>et</strong></span> <span class='ocrx_word' id='word_1_815' title='bbox 2976 4448 3318 4516; x_wconf 62' lang='lat' dir='ltr'><strong>praecipitetur</strong></span> <span class='ocrx_word' id='word_1_816' title='bbox 3340 4447 3391 4498; x_wconf 88' lang='lat' dir='ltr'><strong>in</strong></span> <span class='ocrx_word' id='word_1_817' title='bbox 3428 4461 3607 4508; x_wconf 82' lang='lat' dir='ltr'><strong>mare;</strong></span> 
     </span>
    </p>
   </div>
   <div class='ocr_carea' id='block_1_116' title="bbox 2047 4516 3607 4581">
    <p class='ocr_par' dir='ltr' id='par_1_116' title="bbox 2047 4516 3607 4581">
     <span class='ocr_line' id='line_1_116' title="bbox 2047 4516 3607 4581; baseline 0.001 -13"><span class='ocrx_word' id='word_1_818' title='bbox 2047 4518 2165 4581; x_wconf 82' lang='lat' dir='ltr'><strong>quia</strong></span> <span class='ocrx_word' id='word_1_819' title='bbox 2192 4517 2469 4578; x_wconf 82' lang='lat' dir='ltr'><strong>subvertit,</strong></span> <span class='ocrx_word' id='word_1_820' title='bbox 2501 4517 2806 4570; x_wconf 77' lang='lat' dir='ltr'><strong>utdiximus</strong></span> <span class='ocrx_word' id='word_1_821' title='bbox 2833 4556 2847 4578; x_wconf 93' lang='lat'><strong>,</strong></span> <span class='ocrx_word' id='word_1_822' title='bbox 2892 4516 3254 4571; x_wconf 78' lang='lat' dir='ltr'><strong>sublevantem</strong></span> <span class='ocrx_word' id='word_1_823' title='bbox 3285 4531 3361 4579; x_wconf 89' lang='lat' dir='ltr'><strong>se,</strong></span> <span class='ocrx_word' id='word_1_824' title='bbox 3393 4526 3447 4569; x_wconf 89' lang='lat' dir='ltr'><strong>et</strong></span> <span class='ocrx_word' id='word_1_825' title='bbox 3474 4518 3607 4569; x_wconf 82' lang='lat' dir='ltr'><strong>ohe-</strong></span> 
     </span>
    </p>
   </div>
   <div class='ocr_carea' id='block_1_117' title="bbox 2047 4586 3609 4654">
    <p class='ocr_par' dir='ltr' id='par_1_117' title="bbox 2047 4586 3609 4654">
     <span class='ocr_line' id='line_1_117' title="bbox 2047 4586 3609 4654; baseline 0 -17"><span class='ocrx_word' id='word_1_826' title='bbox 2047 4587 2277 4641; x_wconf 81' lang='lat' dir='ltr'><strong>dieutem</strong></span> <span class='ocrx_word' id='word_1_827' title='bbox 2322 4587 2585 4640; x_wconf 89' lang='lat' dir='ltr'><strong>transtulit</strong></span> <span class='ocrx_word' id='word_1_828' title='bbox 2617 4588 2681 4640; x_wconf 91' lang='lat' dir='ltr'><strong>ad</strong></span> <span class='ocrx_word' id='word_1_829' title='bbox 2712 4587 3035 4654; x_wconf 85' lang='lat' dir='ltr'><strong>superbiam,</strong></span> <span class='ocrx_word' id='word_1_830' title='bbox 3066 4595 3119 4640; x_wconf 90' lang='lat' dir='ltr'><strong>et</strong></span> <span class='ocrx_word' id='word_1_831' title='bbox 3146 4601 3270 4639; x_wconf 91' lang='lat' dir='ltr'><strong>eum</strong></span> <span class='ocrx_word' id='word_1_832' title='bbox 3297 4589 3383 4654; x_wconf 89' lang='lat' dir='ltr'><strong>qui</strong></span> <span class='ocrx_word' id='word_1_833' title='bbox 3415 4588 3466 4639; x_wconf 92' lang='lat' dir='ltr'><strong>in</strong></span> <span class='ocrx_word' id='word_1_834' title='bbox 3488 4586 3609 4639; x_wconf 84' lang='lat' dir='ltr'><strong>dul-</strong></span> 
     </span>
    </p>
   </div>
   <div class='ocr_carea' id='block_1_118' title="bbox 2046 4656 3605 4725">
    <p class='ocr_par' dir='ltr' id='par_1_118' title="bbox 2046 4656 3605 4725">
     <span class='ocr_line' id='line_1_118' title="bbox 2046 4656 3605 4725; baseline 0 -16"><span class='ocrx_word' id='word_1_835' title='bbox 2046 4656 2233 4709; x_wconf 66' lang='lat' dir='ltr'><strong>ctedine</strong></span> <span class='ocrx_word' id='word_1_836' title='bbox 2260 4658 2533 4711; x_wconf 84' lang='lat' dir='ltr'><strong>eliarttatis</strong></span> <span class='ocrx_word' id='word_1_837' title='bbox 2561 4657 3072 4725; x_wconf 61' lang='lat' dir='ltr'><strong>poteratambulare,</strong></span> <span class='ocrx_word' id='word_1_838' title='bbox 3092 4662 3352 4710; x_wconf 80' lang='lat' dir='ltr'><strong>convertit</strong></span> <span class='ocrx_word' id='word_1_839' title='bbox 3385 4658 3437 4709; x_wconf 90' lang='lat' dir='ltr'><strong>in</strong></span> <span class='ocrx_word' id='word_1_840' title='bbox 3461 4672 3605 4709; x_wconf 86' lang='lat' dir='ltr'><strong>ama-</strong></span> 
     </span>
    </p>
   </div>
   <div class='ocr_carea' id='block_1_119' title="bbox 2045 4726 3606 4794">
    <p class='ocr_par' dir='ltr' id='par_1_119' title="bbox 2045 4726 3606 4794">
     <span class='ocr_line' id='line_1_119' title="bbox 2045 4726 3606 4794; baseline 0.001 -15"><span class='ocrx_word' id='word_1_841' title='bbox 2045 4726 2364 4789; x_wconf 87' lang='lat' dir='ltr'><strong>ritudinem,</strong></span> <span class='ocrx_word' id='word_1_842' title='bbox 2420 4737 2472 4781; x_wconf 91' lang='lat' dir='ltr'><strong>et</strong></span> <span class='ocrx_word' id='word_1_843' title='bbox 2512 4727 2805 4794; x_wconf 79' lang='lat' dir='ltr'><strong>subjectum</strong></span> <span class='ocrx_word' id='word_1_844' title='bbox 2838 4728 3039 4793; x_wconf 82' lang='lat' dir='ltr'><strong>legibus</strong></span> <span class='ocrx_word' id='word_1_845' title='bbox 3099 4727 3409 4780; x_wconf 87' lang='lat' dir='ltr'><strong>monasterii</strong></span> <span class='ocrx_word' id='word_1_846' title='bbox 3456 4730 3606 4780; x_wconf 82' lang='lat' dir='ltr'><strong>malis</strong></span> 
     </span>
    </p>
   </div>
   <div class='ocr_carea' id='block_1_120' title="bbox 2049 4797 3607 4866">
    <p class='ocr_par' dir='ltr' id='par_1_120' title="bbox 2049 4797 3607 4866">
     <span class='ocr_line' id='line_1_120' title="bbox 2049 4797 3607 4866; baseline 0.001 -18"><span class='ocrx_word' id='word_1_847' title='bbox 2049 4798 2284 4850; x_wconf 72' lang='lat' dir='ltr'><strong>consiliis</strong></span> <span class='ocrx_word' id='word_1_848' title='bbox 2312 4798 2638 4863; x_wconf 85' lang='lat' dir='ltr'><strong>depravavit,</strong></span> <span class='ocrx_word' id='word_1_849' title='bbox 2674 4800 2899 4866; x_wconf 70' lang='lat' dir='ltr'><strong>feeitquc</strong></span> <span class='ocrx_word' id='word_1_850' title='bbox 2943 4797 3119 4851; x_wconf 76' lang='lat' dir='ltr'><strong>odisse</strong></span> <span class='ocrx_word' id='word_1_851' title='bbox 3147 4812 3291 4862; x_wconf 88' lang='lat' dir='ltr'><strong>eum,</strong></span> <span class='ocrx_word' id='word_1_852' title='bbox 3325 4808 3378 4850; x_wconf 89' lang='lat' dir='ltr'><strong>et</strong></span> <span class='ocrx_word' id='word_1_853' title='bbox 3402 4798 3607 4850; x_wconf 83' lang='lat' dir='ltr'><strong>enutri-</strong></span> 
     </span>
    </p>
   </div>
   <div class='ocr_carea' id='block_1_121' title="bbox 2050 4867 3604 4937">
    <p class='ocr_par' dir='ltr' id='par_1_121' title="bbox 2050 4867 3604 4937">
     <span class='ocr_line' id='line_1_121' title="bbox 2050 4867 3604 4937; baseline 0.001 -19"><span class='ocrx_word' id='word_1_854' title='bbox 2050 4869 2177 4921; x_wconf 82' lang='lat' dir='ltr'><strong>stari</strong></span> <span class='ocrx_word' id='word_1_855' title='bbox 2213 4880 2397 4921; x_wconf 86' lang='lat' dir='ltr'><strong>contra</strong></span> <span class='ocrx_word' id='word_1_856' title='bbox 2425 4868 2595 4927; x_wconf 90' lang='lat' dir='ltr'><strong>illum,</strong></span> <span class='ocrx_word' id='word_1_857' title='bbox 2621 4870 2705 4936; x_wconf 90' lang='lat' dir='ltr'><strong>qui</strong></span> <span class='ocrx_word' id='word_1_858' title='bbox 2731 4883 2850 4920; x_wconf 88' lang='lat' dir='ltr'><strong>eum</strong></span> <span class='ocrx_word' id='word_1_859' title='bbox 2874 4867 3101 4921; x_wconf 81' lang='lat' dir='ltr'><strong>docebat</strong></span> <span class='ocrx_word' id='word_1_860' title='bbox 3128 4867 3337 4921; x_wconf 90' lang='lat' dir='ltr'><strong>Domini</strong></span> <span class='ocrx_word' id='word_1_861' title='bbox 3369 4868 3604 4937; x_wconf 84' lang='lat' dir='ltr'><strong>discipli-</strong></span> 
     </span>
    </p>
   </div>
   <div class='ocr_carea' id='block_1_122' title="bbox 2049 4937 3402 5000">
    <p class='ocr_par' dir='ltr' id='par_1_122' title="bbox 2049 4937 3402 5000">
     <span class='ocr_line' id='line_1_122' title="bbox 2049 4937 3402 5000; baseline 0 -11"><span class='ocrx_word' id='word_1_862' title='bbox 2049 4952 2194 5000; x_wconf 89' lang='lat' dir='ltr'><strong>nam,</strong></span> <span class='ocrx_word' id='word_1_863' title='bbox 2233 4941 2351 4991; x_wconf 87' lang='lat' dir='ltr'><strong>lites</strong></span> <span class='ocrx_word' id='word_1_864' title='bbox 2375 4953 2559 4991; x_wconf 88' lang='lat' dir='ltr'><strong>serens</strong></span> <span class='ocrx_word' id='word_1_865' title='bbox 2583 4941 2719 4992; x_wconf 90' lang='lat' dir='ltr'><strong>inter</strong></span> <span class='ocrx_word' id='word_1_866' title='bbox 2748 4943 2935 4990; x_wconf 86' lang='lat' dir='ltr'><strong>lralies</strong></span> <span class='ocrx_word' id='word_1_867' title='bbox 2964 4949 3016 4989; x_wconf 86' lang='lat' dir='ltr'><strong>et</strong></span> <span class='ocrx_word' id='word_1_868' title='bbox 3040 4937 3352 4991; x_wconf 85' lang='lat' dir='ltr'><strong>discordias.</strong></span> <span class='ocrx_word' id='word_1_869' title='bbox 3384 4955 3402 4988; x_wconf 83' lang='grc' dir='ltr'><strong>ι</strong></span> 
     </span>
    </p>
   </div>
   <div class='ocr_carea' id='block_1_123' title="bbox 1973 4979 3613 5077">
    <p class='ocr_par' dir='ltr' id='par_1_123' title="bbox 1973 4979 3613 5077">
     <span class='ocr_line' id='line_1_123' title="bbox 1973 4979 3613 5077; baseline 0.001 -19"><span class='ocrx_word' id='word_1_870' title='bbox 1973 4979 2023 5038; x_wconf 76' lang='lat' dir='ltr'><strong>D</strong></span> <span class='ocrx_word' id='word_1_871' title='bbox 2119 4979 2271 5073; x_wconf 66' lang='lat' dir='ltr'><strong>Qriod</strong></span> <span class='ocrx_word' id='word_1_872' title='bbox 2296 5010 2338 5060; x_wconf 90' lang='lat' dir='ltr'><strong>si</strong></span> <span class='ocrx_word' id='word_1_873' title='bbox 2367 5010 2478 5076; x_wconf 86' lang='lat' dir='ltr'><strong>quis</strong></span> <span class='ocrx_word' id='word_1_874' title='bbox 2501 5009 2606 5062; x_wconf 67' lang='lat' dir='ltr'><strong>hac</strong></span> <span class='ocrx_word' id='word_1_875' title='bbox 2627 5021 2967 5075; x_wconf 76' lang='lat' dir='ltr'><strong>transgressus</strong></span> <span class='ocrx_word' id='word_1_876' title='bbox 2988 5010 3163 5077; x_wconf 72' lang='lat' dir='ltr'><strong>fuerit,</strong></span> <span class='ocrx_word' id='word_1_877' title='bbox 3188 5011 3357 5061; x_wconf 88' lang='lat' dir='ltr'><strong>acrius</strong></span> <span class='ocrx_word' id='word_1_878' title='bbox 3386 5024 3613 5061; x_wconf 79' lang='lat' dir='ltr'><strong>coercea-</strong></span> 
     </span>
    </p>
   </div>
   <div class='ocr_carea' id='block_1_124' title="bbox 2047 5078 3604 5150">
    <p class='ocr_par' dir='ltr' id='par_1_124' title="bbox 2047 5078 3604 5150">
     <span class='ocr_line' id='line_1_124' title="bbox 2047 5078 3604 5150; baseline -0.001 -20"><span class='ocrx_word' id='word_1_879' title='bbox 2047 5086 2151 5132; x_wconf 87' lang='lat' dir='ltr'><strong>tur.</strong></span> <span class='ocrx_word' id='word_1_880' title='bbox 2176 5078 2198 5150; x_wconf 9' lang='lat' dir='ltr'><strong>]r</strong></span> <span class='ocrx_word' id='word_1_881' title='bbox 2222 5078 2345 5150; x_wconf 70' lang='lat' dir='ltr'><strong>[hoc</strong></span> <span class='ocrx_word' id='word_1_882' title='bbox 2366 5082 2522 5132; x_wconf 86' lang='lat' dir='ltr'><strong>verba</strong></span> <span class='ocrx_word' id='word_1_883' title='bbox 2553 5079 2758 5133; x_wconf 89' lang='lat' dir='ltr'><strong>duobus</strong></span> <span class='ocrx_word' id='word_1_884' title='bbox 2781 5078 2949 5131; x_wconf 87' lang='lat' dir='ltr'><strong>modis</strong></span> <span class='ocrx_word' id='word_1_885' title='bbox 2973 5079 3220 5150; x_wconf 71' lang='lat' dir='ltr'><strong>intelligit</strong></span> <span class='ocrx_word' id='word_1_886' title='bbox 3243 5080 3604 5150; x_wconf 82' lang='lat' dir='ltr'><strong>llildcmarus:</strong></span> 
     </span>
    </p>
   </div>
   <div class='ocr_carea' id='block_1_125' title="bbox 2052 5148 3607 5217">
    <p class='ocr_par' dir='ltr' id='par_1_125' title="bbox 2052 5148 3607 5217">
     <span class='ocr_line' id='line_1_125' title="bbox 2052 5148 3607 5217; baseline 0.001 -20"><span class='ocrx_word' id='word_1_887' title='bbox 2052 5167 2069 5197; x_wconf 74' lang='grc' dir='ltr'><strong>ι</strong></span> <span class='ocrx_word' id='word_1_888' title='bbox 2109 5148 2214 5201; x_wconf 82' lang='lat' dir='ltr'><strong>Aut</strong></span> <span class='ocrx_word' id='word_1_889' title='bbox 2238 5149 2377 5202; x_wconf 91' lang='lat' dir='ltr'><strong>enim</strong></span> <span class='ocrx_word' id='word_1_890' title='bbox 2411 5149 2460 5202; x_wconf 90' lang='lat' dir='ltr'><strong>in</strong></span> <span class='ocrx_word' id='word_1_891' title='bbox 2485 5150 2600 5216; x_wconf 88' lang='lat' dir='ltr'><strong>ipso</strong></span> <span class='ocrx_word' id='word_1_892' title='bbox 2628 5150 2793 5217; x_wconf 75' lang='lat' dir='ltr'><strong>gradu</strong></span> <span class='ocrx_word' id='word_1_893' title='bbox 2824 5163 2927 5217; x_wconf 92' lang='lat' dir='ltr'><strong>quo</strong></span> <span class='ocrx_word' id='word_1_894' title='bbox 2954 5160 3059 5201; x_wconf 89' lang='lat' dir='ltr'><strong>stat</strong></span> <span class='ocrx_word' id='word_1_895' title='bbox 3113 5148 3299 5200; x_wconf 88' lang='lat' dir='ltr'><strong>durius</strong></span> <span class='ocrx_word' id='word_1_896' title='bbox 3326 5149 3485 5202; x_wconf 75' lang='lat' dir='ltr'><strong>debet</strong></span> <span class='ocrx_word' id='word_1_897' title='bbox 3517 5165 3607 5199; x_wconf 60' lang='lat' dir='ltr'><strong>ar.</strong></span> 
     </span>
    </p>
   </div>
   <div class='ocr_carea' id='block_1_126' title="bbox 2045 5219 3601 5289">
    <p class='ocr_par' dir='ltr' id='par_1_126' title="bbox 2045 5219 3601 5289">
     <span class='ocr_line' id='line_1_126' title="bbox 2045 5219 3601 5289; baseline 0 -18"><span class='ocrx_word' id='word_1_898' title='bbox 2045 5221 2152 5285; x_wconf 78' lang='lat' dir='ltr'><strong>gui,</strong></span> <span class='ocrx_word' id='word_1_899' title='bbox 2180 5229 2271 5289; x_wconf 82' lang='lat' dir='ltr'><strong>aut</strong></span> <span class='ocrx_word' id='word_1_900' title='bbox 2296 5228 2441 5273; x_wconf 90' lang='lat' dir='ltr'><strong>certe</strong></span> <span class='ocrx_word' id='word_1_901' title='bbox 2464 5235 2625 5273; x_wconf 92' lang='lat' dir='ltr'><strong>unum</strong></span> <span class='ocrx_word' id='word_1_902' title='bbox 2649 5220 2869 5289; x_wconf 85' lang='lat' dir='ltr'><strong>gradum</strong></span> <span class='ocrx_word' id='word_1_903' title='bbox 2898 5219 3294 5273; x_wconf 85' lang='lat' dir='ltr'><strong>transcendere.</strong></span> <span class='ocrx_word' id='word_1_904' title='bbox 3337 5238 3354 5269; x_wconf 83' lang='grc' dir='ltr'><strong>ι</strong></span> <span class='ocrx_word' id='word_1_905' title='bbox 3386 5220 3601 5271; x_wconf 77' lang='lat' dir='ltr'><strong>Bernar-</strong></span> 
     </span>
    </p>
   </div>
   <div class='ocr_carea' id='block_1_127' title="bbox 2047 5288 3609 5356">
    <p class='ocr_par' dir='ltr' id='par_1_127' title="bbox 2047 5288 3609 5356">
     <span class='ocr_line' id='line_1_127' title="bbox 2047 5288 3609 5356; baseline 0 -14"><span class='ocrx_word' id='word_1_906' title='bbox 2047 5291 2144 5342; x_wconf 89' lang='lat' dir='ltr'><strong>dns</strong></span> <span class='ocrx_word' id='word_1_907' title='bbox 2172 5288 2506 5344; x_wconf 86' lang='lat' dir='ltr'><strong>Cassinensis</strong></span> <span class='ocrx_word' id='word_1_908' title='bbox 2539 5288 2667 5343; x_wconf 86' lang='lat' dir='ltr'><strong>vero</strong></span> <span class='ocrx_word' id='word_1_909' title='bbox 2714 5308 2728 5343; x_wconf 89' lang='lat'><strong>:</strong></span> <span class='ocrx_word' id='word_1_910' title='bbox 2777 5306 2794 5338; x_wconf 75' lang='grc' dir='ltr'><strong>ι</strong></span> <span class='ocrx_word' id='word_1_911' title='bbox 2834 5288 2943 5356; x_wconf 82' lang='lat' dir='ltr'><strong>Ego</strong></span> <span class='ocrx_word' id='word_1_912' title='bbox 2998 5300 3175 5342; x_wconf 89' lang='lat' dir='ltr'><strong>autem</strong></span> <span class='ocrx_word' id='word_1_913' title='bbox 3202 5329 3217 5353; x_wconf 89' lang='lat'><strong>,</strong></span> <span class='ocrx_word' id='word_1_914' title='bbox 3259 5291 3447 5356; x_wconf 81' lang='lat' dir='ltr'><strong>inquit.</strong></span> <span class='ocrx_word' id='word_1_915' title='bbox 3484 5300 3609 5355; x_wconf 83' lang='lat' dir='ltr'><strong>puto</strong></span> 
     </span>
    </p>
   </div>
   <div class='ocr_carea' id='block_1_128' title="bbox 2048 5358 3607 5426">
    <p class='ocr_par' dir='ltr' id='par_1_128' title="bbox 2048 5358 3607 5426">
     <span class='ocr_line' id='line_1_128' title="bbox 2048 5358 3607 5426; baseline 0.001 -17"><span class='ocrx_word' id='word_1_916' title='bbox 2048 5358 2188 5426; x_wconf 90' lang='lat' dir='ltr'><strong>quod</strong></span> <span class='ocrx_word' id='word_1_917' title='bbox 2213 5359 2270 5411; x_wconf 91' lang='lat' dir='ltr'><strong>B.</strong></span> <span class='ocrx_word' id='word_1_918' title='bbox 2299 5359 2615 5413; x_wconf 84' lang='lat' dir='ltr'><strong>Benedictus</strong></span> <span class='ocrx_word' id='word_1_919' title='bbox 2639 5359 2767 5412; x_wconf 87' lang='lat' dir='ltr'><strong>vidit</strong></span> <span class='ocrx_word' id='word_1_920' title='bbox 2790 5373 2852 5410; x_wconf 79' lang='lat' dir='ltr'><strong>ex</strong></span> <span class='ocrx_word' id='word_1_921' title='bbox 2872 5366 3167 5426; x_wconf 80' lang='lat' dir='ltr'><strong>quantitate</strong></span> <span class='ocrx_word' id='word_1_922' title='bbox 3188 5360 3369 5412; x_wconf 82' lang='lat' dir='ltr'><strong>delicti</strong></span> <span class='ocrx_word' id='word_1_923' title='bbox 3400 5374 3607 5423; x_wconf 64' lang='lat' dir='ltr'><strong>poenam</strong></span> 
     </span>
    </p>
   </div>
   <div class='ocr_carea' id='block_1_129' title="bbox 2050 5430 3610 5497">
    <p class='ocr_par' dir='ltr' id='par_1_129' title="bbox 2050 5430 3610 5497">
     <span class='ocr_line' id='line_1_129' title="bbox 2050 5430 3610 5497; baseline 0.001 -17"><span class='ocrx_word' id='word_1_924' title='bbox 2050 5431 2529 5491; x_wconf 69' lang='lat' dir='ltr'><strong>transgressoribus</strong></span> <span class='ocrx_word' id='word_1_925' title='bbox 2578 5430 2971 5497; x_wconf 85' lang='lat' dir='ltr'><strong>imponendaiu,</strong></span> <span class='ocrx_word' id='word_1_926' title='bbox 3004 5431 3224 5483; x_wconf 84' lang='lat' dir='ltr'><strong>arbitrio</strong></span> <span class='ocrx_word' id='word_1_927' title='bbox 3250 5431 3475 5497; x_wconf 89' lang='lat' dir='ltr'><strong>relinqui</strong></span> <span class='ocrx_word' id='word_1_928' title='bbox 3520 5433 3610 5481; x_wconf 85' lang='lat' dir='ltr'><strong>ab-</strong></span> 
     </span>
    </p>
   </div>
   <div class='ocr_carea' id='block_1_130' title="bbox 2051 5500 3612 5567">
    <p class='ocr_par' dir='ltr' id='par_1_130' title="bbox 2051 5500 3612 5567">
     <span class='ocr_line' id='line_1_130' title="bbox 2051 5500 3612 5567; baseline 0.001 -16"><span class='ocrx_word' id='word_1_929' title='bbox 2051 5501 2185 5551; x_wconf 82' lang='lat' dir='ltr'><strong>batis</strong></span> <span class='ocrx_word' id='word_1_930' title='bbox 2214 5500 2370 5565; x_wconf 83' lang='lat' dir='ltr'><strong>hujus</strong></span> <span class='ocrx_word' id='word_1_931' title='bbox 2394 5501 2783 5567; x_wconf 85' lang='lat' dir='ltr'><strong>impositionetn</strong></span> <span class='ocrx_word' id='word_1_932' title='bbox 2816 5513 3007 5565; x_wconf 67' lang='lat' dir='ltr'><strong>preme,</strong></span> <span class='ocrx_word' id='word_1_933' title='bbox 3054 5511 3110 5553; x_wconf 91' lang='lat' dir='ltr'><strong>ut</strong></span> <span class='ocrx_word' id='word_1_934' title='bbox 3136 5502 3424 5553; x_wconf 86' lang='lat' dir='ltr'><strong>secundum</strong></span> <span class='ocrx_word' id='word_1_935' title='bbox 3455 5500 3612 5567; x_wconf 55' lang='lat' dir='ltr'><strong>nigri-</strong></span> 
     </span>
    </p>
   </div>
   <div class='ocr_carea' id='block_1_131' title="bbox 2049 5570 3610 5635">
    <p class='ocr_par' dir='ltr' id='par_1_131' title="bbox 2049 5570 3610 5635">
     <span class='ocr_line' id='line_1_131' title="bbox 2049 5570 3610 5635; baseline 0 -14"><span class='ocrx_word' id='word_1_936' title='bbox 2049 5572 2283 5623; x_wconf 79' lang='lat' dir='ltr'><strong>tudinem</strong></span> <span class='ocrx_word' id='word_1_937' title='bbox 2315 5572 2573 5624; x_wconf 87' lang='lat' dir='ltr'><strong>medicina</strong></span> <span class='ocrx_word' id='word_1_938' title='bbox 2603 5579 2899 5635; x_wconf 68' lang='lat' dir='ltr'><strong>praestetur.</strong></span> <span class='ocrx_word' id='word_1_939' title='bbox 2935 5587 2952 5619; x_wconf 78' lang='grc' dir='ltr'><strong>ι</strong></span> <span class='ocrx_word' id='word_1_940' title='bbox 2984 5570 3086 5622; x_wconf 82' lang='lat' dir='ltr'><strong>Sed</strong></span> <span class='ocrx_word' id='word_1_941' title='bbox 3140 5570 3419 5631; x_wconf 86' lang='lat' dir='ltr'><strong>Bohcrius,</strong></span> <span class='ocrx_word' id='word_1_942' title='bbox 3443 5572 3610 5623; x_wconf 84' lang='lat' dir='ltr'><strong>relata</strong></span> 
     </span>
    </p>
   </div>
   <div class='ocr_carea' id='block_1_132' title="bbox 2043 5640 3607 5709">
    <p class='ocr_par' dir='ltr' id='par_1_132' title="bbox 2043 5640 3607 5709">
     <span class='ocr_line' id='line_1_132' title="bbox 2043 5640 3607 5709; baseline -0.001 -17"><span class='ocrx_word' id='word_1_943' title='bbox 2043 5640 2209 5709; x_wconf 61' lang='grc'><strong>884</strong></span> <span class='ocrx_word' id='word_1_944' title='bbox 2255 5640 2526 5709; x_wconf 89' lang='lat' dir='ltr'><strong>utriusque</strong></span> <span class='ocrx_word' id='word_1_945' title='bbox 2561 5642 2892 5708; x_wconf 83' lang='lat' dir='ltr'><strong>expositione</strong></span> <span class='ocrx_word' id='word_1_946' title='bbox 2923 5680 2936 5701; x_wconf 93' lang='lat'><strong>,</strong></span> <span class='ocrx_word' id='word_1_947' title='bbox 2989 5653 3138 5693; x_wconf 85' lang='lat' dir='ltr'><strong>suam</strong></span> <span class='ocrx_word' id='word_1_948' title='bbox 3194 5640 3264 5693; x_wconf 84' lang='lat' dir='ltr'><strong>ita</strong></span> <span class='ocrx_word' id='word_1_949' title='bbox 3313 5641 3607 5707; x_wconf 78' lang='lat' dir='ltr'><strong>exprimit:</strong></span> 
     </span>
    </p>
   </div>
   <div class='ocr_carea' id='block_1_133' title="bbox 2054 5710 3613 5776">
    <p class='ocr_par' dir='ltr' id='par_1_133' title="bbox 2054 5710 3613 5776">
     <span class='ocr_line' id='line_1_133' title="bbox 2054 5710 3613 5776; baseline 0.003 -18"><span class='ocrx_word' id='word_1_950' title='bbox 2054 5728 2073 5758; x_wconf 88' lang='grc'><em>‹</em></span> <span class='ocrx_word' id='word_1_951' title='bbox 2115 5712 2220 5775; x_wconf 71' lang='lat' dir='ltr'><strong>Ego</strong></span> <span class='ocrx_word' id='word_1_952' title='bbox 2251 5721 2424 5765; x_wconf 87' lang='lat' dir='ltr'><strong>autem</strong></span> <span class='ocrx_word' id='word_1_953' title='bbox 2475 5711 2596 5765; x_wconf 90' lang='lat' dir='ltr'><strong>dico</strong></span> <span class='ocrx_word' id='word_1_954' title='bbox 2626 5728 2636 5761; x_wconf 91' lang='lat'>:</span> <span class='ocrx_word' id='word_1_955' title='bbox 2670 5725 2845 5764; x_wconf 78' lang='lat' dir='ltr'><strong>acrius</strong></span> <span class='ocrx_word' id='word_1_956' title='bbox 2876 5711 3144 5776; x_wconf 82' lang='lat' dir='ltr'><strong>ptuiiatur,</strong></span> <span class='ocrx_word' id='word_1_957' title='bbox 3190 5710 3395 5764; x_wconf 74' lang='lat' dir='ltr'><strong>scilicet</strong></span> <span class='ocrx_word' id='word_1_958' title='bbox 3426 5711 3613 5765; x_wconf 78' lang='lat' dir='ltr'><strong>defen-</strong></span> 
     </span>
    </p>
   </div>
   <div class='ocr_carea' id='block_1_134' title="bbox 2037 5780 3608 5851">
    <p class='ocr_par' dir='ltr' id='par_1_134' title="bbox 2037 5780 3608 5851">
     <span class='ocr_line' id='line_1_134' title="bbox 2037 5780 3608 5851; baseline 0.001 -17"><span class='ocrx_word' id='word_1_959' title='bbox 2037 5782 2167 5834; x_wconf 72' lang='lat' dir='ltr'><strong>de‘ls</strong></span> <span class='ocrx_word' id='word_1_960' title='bbox 2191 5781 2275 5833; x_wconf 81' lang='lat' dir='ltr'><strong>illo</strong></span> <span class='ocrx_word' id='word_1_961' title='bbox 2298 5780 2385 5849; x_wconf 86' lang='lat' dir='ltr'><strong>qui</strong></span> <span class='ocrx_word' id='word_1_962' title='bbox 2415 5781 2686 5851; x_wconf 61' lang='lat' dir='ltr'><strong>deliquit.)</strong></span> <span class='ocrx_word' id='word_1_963' title='bbox 2714 5782 2773 5834; x_wconf 73' lang='lat' dir='ltr'><strong>Et</strong></span> <span class='ocrx_word' id='word_1_964' title='bbox 2803 5790 2946 5834; x_wconf 79' lang='lat' dir='ltr'><strong>certe</strong></span> <span class='ocrx_word' id='word_1_965' title='bbox 2974 5783 3013 5835; x_wconf 89' lang='lat' dir='ltr'><strong>si</strong></span> <span class='ocrx_word' id='word_1_966' title='bbox 3048 5781 3092 5837; x_wconf 87' lang='lat' dir='ltr'><strong>is</strong></span> <span class='ocrx_word' id='word_1_967' title='bbox 3127 5800 3144 5834; x_wconf 76' lang='lat' dir='ltr'><strong>t</strong></span> <span class='ocrx_word' id='word_1_968' title='bbox 3166 5782 3253 5850; x_wconf 89' lang='lat' dir='ltr'><strong>qui</strong></span> <span class='ocrx_word' id='word_1_969' title='bbox 3275 5782 3501 5837; x_wconf 84' lang='lat' dir='ltr'><strong>altorum</strong></span> <span class='ocrx_word' id='word_1_970' title='bbox 3527 5795 3608 5836; x_wconf 86' lang='lat' dir='ltr'><strong>er-</strong></span> 
     </span>
    </p>
   </div>
  </div>
