  <div class='ocr_page' id='page_1' title='image "/cluster/home/n/w/nwhite01/storage/ocr_20150623/66/hvd.32044054758701/466.png"; bbox 0 0 4034 6166; ppageno 0'>
   <div class='ocr_carea' id='block_1_1' title="bbox 298 338 1887 404">
    <p class='ocr_par' dir='ltr' id='par_1_1' title="bbox 298 341 1887 402">
     <span class='ocr_line' id='line_1_1' title="bbox 298 341 1887 402; baseline -0.004 -1"><span class='ocrx_word' id='word_1_1' title='bbox 298 345 395 402; x_wconf 62' lang='lat'><strong>99!</strong></span> <span class='ocrx_word' id='word_1_2' title='bbox 1312 342 1581 399; x_wconf 69' lang='lat' dir='ltr'><strong>REGULA</strong></span> <span class='ocrx_word' id='word_1_3' title='bbox 1621 341 1887 398; x_wconf 66' lang='grc' dir='ltr'><strong>(10ἶὶΜὶΞῦ</strong></span> 
     </span>
    </p>
   </div>
   <div class='ocr_carea' id='block_1_2' title="bbox 1996 338 3540 404">
    <p class='ocr_par' dir='ltr' id='par_1_2' title="bbox 1996 338 3540 404">
     <span class='ocr_line' id='line_1_2' title="bbox 1996 338 3540 404; baseline 0.007 -11"><span class='ocrx_word' id='word_1_4' title='bbox 1996 339 2104 393; x_wconf 82' lang='lat' dir='ltr'><strong>TA.</strong></span> <span class='ocrx_word' id='word_1_5' title='bbox 2145 338 2297 394; x_wconf 62' lang='lat' dir='ltr'><strong>CAP.</strong></span> <span class='ocrx_word' id='word_1_6' title='bbox 2340 339 2506 395; x_wconf 75' lang='lat' dir='ltr'><strong>LXX.</strong></span> <span class='ocrx_word' id='word_1_7' title='bbox 3435 346 3540 404; x_wconf 65' lang='lat'><strong>9‘2!</strong></span> 
     </span>
    </p>
   </div>
   <div class='ocr_carea' id='block_1_3' title="bbox 297 456 3531 531">
    <p class='ocr_par' dir='ltr' id='par_1_3' title="bbox 297 456 3531 531">
     <span class='ocr_line' id='line_1_3' title="bbox 297 456 3531 531; baseline 0.001 -19"><span class='ocrx_word' id='word_1_8' title='bbox 297 472 471 512; x_wconf 76' lang='lat' dir='ltr'><strong>rorem</strong></span> <span class='ocrx_word' id='word_1_9' title='bbox 496 456 744 531; x_wconf 79' lang='lat' dir='ltr'><strong>defendit,</strong></span> <span class='ocrx_word' id='word_1_10' title='bbox 776 459 939 531; x_wconf 84' lang='lat' dir='ltr'><strong>multo</strong></span> <span class='ocrx_word' id='word_1_11' title='bbox 960 466 1040 512; x_wconf 84' lang='lat' dir='ltr'><strong>est</strong></span> <span class='ocrx_word' id='word_1_12' title='bbox 1058 458 1408 531; x_wconf 85' lang='lat' dir='ltr'><strong>damnabilior</strong></span> <span class='ocrx_word' id='word_1_13' title='bbox 1426 457 1527 512; x_wconf 69' lang='lat' dir='ltr'><strong>illis</strong></span> <span class='ocrx_word' id='word_1_14' title='bbox 1550 459 1636 531; x_wconf 79' lang='lat' dir='ltr'><strong>qui</strong></span> <span class='ocrx_word' id='word_1_15' title='bbox 1657 466 1856 531; x_wconf 82' lang='lat' dir='ltr'><strong>errant,</strong></span> <span class='ocrx_word' id='word_1_16' title='bbox 1888 460 1936 517; x_wconf 76' lang='grc' dir='ltr'>Α</span> <span class='ocrx_word' id='word_1_17' title='bbox 1968 456 2405 531; x_wconf 71' lang='lat' dir='ltr'><strong>consenserit,et</strong></span> <span class='ocrx_word' id='word_1_18' title='bbox 2433 456 3001 531; x_wconf 79' lang='lat' dir='ltr'><strong>secundnmduritiam</strong></span> <span class='ocrx_word' id='word_1_19' title='bbox 3031 460 3172 514; x_wconf 89' lang='lat' dir='ltr'><strong>illius</strong></span> <span class='ocrx_word' id='word_1_20' title='bbox 3208 463 3373 531; x_wconf 77' lang='lat' dir='ltr'><strong>magis</strong></span> <span class='ocrx_word' id='word_1_21' title='bbox 3399 477 3531 517; x_wconf 85' lang='lat' dir='ltr'><strong>con-</strong></span> 
     </span>
    </p>
   </div>
   <div class='ocr_carea' id='block_1_4' title="bbox 298 527 3527 595">
    <p class='ocr_par' dir='ltr' id='par_1_4' title="bbox 298 527 3527 595">
     <span class='ocr_line' id='line_1_4' title="bbox 298 527 3527 595; baseline 0.002 -15"><span class='ocrx_word' id='word_1_22' title='bbox 298 531 419 595; x_wconf 90' lang='lat' dir='ltr'><strong>quia</strong></span> <span class='ocrx_word' id='word_1_23' title='bbox 451 544 553 579; x_wconf 90' lang='lat' dir='ltr'><strong>non</strong></span> <span class='ocrx_word' id='word_1_24' title='bbox 584 530 753 581; x_wconf 88' lang='lat' dir='ltr'><strong>solum</strong></span> <span class='ocrx_word' id='word_1_25' title='bbox 785 530 872 584; x_wconf 71' lang='lat' dir='ltr'><strong>ille</strong></span> <span class='ocrx_word' id='word_1_26' title='bbox 901 541 1063 587; x_wconf 87' lang='lat' dir='ltr'><strong>errat.</strong></span> <span class='ocrx_word' id='word_1_27' title='bbox 1095 530 1187 583; x_wconf 87' lang='lat' dir='ltr'><strong>sed</strong></span> <span class='ocrx_word' id='word_1_28' title='bbox 1215 529 1374 582; x_wconf 84' lang='lat' dir='ltr'><strong>etiam</strong></span> <span class='ocrx_word' id='word_1_29' title='bbox 1390 531 1508 582; x_wconf 89' lang='lat' dir='ltr'><strong>aliis</strong></span> <span class='ocrx_word' id='word_1_30' title='bbox 1533 528 1846 581; x_wconf 68' lang='lat' dir='ltr'><strong>offendicula</strong></span> <span class='ocrx_word' id='word_1_31' title='bbox 1956 529 2131 585; x_wconf 84' lang='lat' dir='ltr'><strong>silium</strong></span> <span class='ocrx_word' id='word_1_32' title='bbox 2158 527 2381 581; x_wconf 82' lang='lat' dir='ltr'><strong>dederit.</strong></span> <span class='ocrx_word' id='word_1_33' title='bbox 2439 537 2495 580; x_wconf 91' lang='lat' dir='ltr'><strong>ut</strong></span> <span class='ocrx_word' id='word_1_34' title='bbox 2526 542 2584 580; x_wconf 83' lang='lat' dir='ltr'><strong>se</strong></span> <span class='ocrx_word' id='word_1_35' title='bbox 2615 528 2815 581; x_wconf 91' lang='lat' dir='ltr'><strong>tardius</strong></span> <span class='ocrx_word' id='word_1_36' title='bbox 2848 530 3117 591; x_wconf 87' lang='lat' dir='ltr'><strong>ltumiliet,</strong></span> <span class='ocrx_word' id='word_1_37' title='bbox 3144 532 3276 584; x_wconf 85' lang='lat' dir='ltr'><strong>sciat</strong></span> <span class='ocrx_word' id='word_1_38' title='bbox 3300 527 3379 585; x_wconf 66' lang='grc' dir='ltr'><strong>ἐυ</strong></span> <span class='ocrx_word' id='word_1_39' title='bbox 3405 550 3527 586; x_wconf 84' lang='lat' dir='ltr'><strong>cum</strong></span> 
     </span>
    </p>
   </div>
   <div class='ocr_carea' id='block_1_5' title="bbox 298 595 3528 667">
    <p class='ocr_par' dir='ltr' id='par_1_5' title="bbox 298 595 3528 667">
     <span class='ocr_line' id='line_1_5' title="bbox 298 595 3528 667; baseline 0.002 -18"><span class='ocrx_word' id='word_1_40' title='bbox 298 599 495 650; x_wconf 72' lang='lat' dir='ltr'><strong>t-rroris</strong></span> <span class='ocrx_word' id='word_1_41' title='bbox 528 609 787 667; x_wconf 63' lang='lat' dir='ltr'><strong>praeparat</strong></span> <span class='ocrx_word' id='word_1_42' title='bbox 815 613 868 654; x_wconf 89' lang='lat' dir='ltr'><strong>et</strong></span> <span class='ocrx_word' id='word_1_43' title='bbox 910 602 1223 663; x_wconf 81' lang='lat' dir='ltr'><strong>conﬁrmat;</strong></span> <span class='ocrx_word' id='word_1_44' title='bbox 1261 619 1279 651; x_wconf 74' lang='grc' dir='ltr'>ι</span> <span class='ocrx_word' id='word_1_45' title='bbox 1320 600 1512 653; x_wconf 86' lang='lat' dir='ltr'><strong>merito</strong></span> <span class='ocrx_word' id='word_1_46' title='bbox 1542 602 1709 651; x_wconf 75' lang='lat' dir='ltr'><strong>acrius</strong></span> <span class='ocrx_word' id='word_1_47' title='bbox 1756 614 1849 658; x_wconf 73' lang='lat' dir='ltr'><strong>!tll-</strong></span> <span class='ocrx_word' id='word_1_48' title='bbox 1958 603 2010 655; x_wconf 92' lang='lat' dir='ltr'><strong>in</strong></span> <span class='ocrx_word' id='word_1_49' title='bbox 2041 597 2139 650; x_wconf 79' lang='lat' dir='ltr'><strong>hoc</strong></span> <span class='ocrx_word' id='word_1_50' title='bbox 2169 612 2351 651; x_wconf 86' lang='lat' dir='ltr'><strong>errore</strong></span> <span class='ocrx_word' id='word_1_51' title='bbox 2375 595 2534 650; x_wconf 82' lang='lat' dir='ltr'><strong>fuerit</strong></span> <span class='ocrx_word' id='word_1_52' title='bbox 2564 600 2944 662; x_wconf 74' lang='lat' dir='ltr'><strong>deprehensus.</strong></span> <span class='ocrx_word' id='word_1_53' title='bbox 2974 601 3132 654; x_wconf 70' lang='lat' dir='ltr'><strong>simili</strong></span> <span class='ocrx_word' id='word_1_54' title='bbox 3162 603 3319 655; x_wconf 83' lang='lat' dir='ltr'><strong>modo</strong></span> <span class='ocrx_word' id='word_1_55' title='bbox 3342 605 3528 665; x_wconf 82' lang='lat' dir='ltr'><strong>culpa-</strong></span> 
     </span>
    </p>
   </div>
   <div class='ocr_carea' id='block_1_6' title="bbox 301 667 3526 739">
    <p class='ocr_par' dir='ltr' id='par_1_6' title="bbox 301 667 3526 739">
     <span class='ocr_line' id='line_1_6' title="bbox 301 667 3526 739; baseline 0.001 -18"><span class='ocrx_word' id='word_1_56' title='bbox 301 668 523 721; x_wconf 70' lang='lat' dir='ltr'><strong>ttlendus</strong></span> <span class='ocrx_word' id='word_1_57' title='bbox 549 682 628 722; x_wconf 87' lang='lat' dir='ltr'><strong>est</strong></span> <span class='ocrx_word' id='word_1_58' title='bbox 653 670 741 737; x_wconf 89' lang='lat' dir='ltr'><strong>qui</strong></span> <span class='ocrx_word' id='word_1_59' title='bbox 762 671 894 724; x_wconf 76' lang='lat' dir='ltr'><strong>alios</strong></span> <span class='ocrx_word' id='word_1_60' title='bbox 918 680 1110 725; x_wconf 89' lang='lat' dir='ltr'><strong>tuetur.</strong></span> <span class='ocrx_word' id='word_1_61' title='bbox 1138 675 1389 739; x_wconf 82' lang='lat' dir='ltr'><strong>Appttsite</strong></span> <span class='ocrx_word' id='word_1_62' title='bbox 1418 684 1545 736; x_wconf 70' lang='lat' dir='ltr'><strong>ergo</strong></span> <span class='ocrx_word' id='word_1_63' title='bbox 1572 670 1628 723; x_wconf 83' lang='lat' dir='ltr'><strong>S.</strong></span> <span class='ocrx_word' id='word_1_64' title='bbox 1657 669 1852 722; x_wconf 73' lang='lat' dir='ltr'><strong>Paclto-</strong></span> <span class='ocrx_word' id='word_1_65' title='bbox 1962 672 2117 725; x_wconf 86' lang='lat' dir='ltr'><strong>bilem</strong></span> <span class='ocrx_word' id='word_1_66' title='bbox 2141 667 2511 739; x_wconf 62' lang='lat' dir='ltr'><strong>jltdlcantitllll.</strong></span> <span class='ocrx_word' id='word_1_67' title='bbox 2543 685 2559 716; x_wconf 86' lang='lat' dir='ltr'><strong>t</strong></span> <span class='ocrx_word' id='word_1_68' title='bbox 2590 668 2840 739; x_wconf 69' lang='lat' dir='ltr'><strong>Denique</strong></span> <span class='ocrx_word' id='word_1_69' title='bbox 2898 669 3095 739; x_wconf 80' lang='lat' dir='ltr'><strong>Regula</strong></span> <span class='ocrx_word' id='word_1_70' title='bbox 3148 674 3377 725; x_wconf 84' lang='lat' dir='ltr'><strong>secunda</strong></span> <span class='ocrx_word' id='word_1_71' title='bbox 3431 674 3526 726; x_wconf 78' lang='lat' dir='ltr'><strong>SS.</strong></span> 
     </span>
    </p>
   </div>
   <div class='ocr_carea' id='block_1_7' title="bbox 304 736 3535 807">
    <p class='ocr_par' dir='ltr' id='par_1_7' title="bbox 304 736 3535 807">
     <span class='ocr_line' id='line_1_7' title="bbox 304 736 3535 807; baseline 0.002 -19"><span class='ocrx_word' id='word_1_72' title='bbox 304 739 440 791; x_wconf 87' lang='lat' dir='ltr'><strong>iuius</strong></span> <span class='ocrx_word' id='word_1_73' title='bbox 467 740 598 806; x_wconf 71' lang='lat' dir='ltr'><strong>(Art.</strong></span> <span class='ocrx_word' id='word_1_74' title='bbox 629 736 719 807; x_wconf 83' lang='lat'><strong>99)</strong></span> <span class='ocrx_word' id='word_1_75' title='bbox 753 757 766 793; x_wconf 89' lang='lat'>:</span> <span class='ocrx_word' id='word_1_76' title='bbox 803 760 820 792; x_wconf 73' lang='grc' dir='ltr'>ι</span> <span class='ocrx_word' id='word_1_77' title='bbox 861 743 958 807; x_wconf 86' lang='lat' dir='ltr'><strong>Qui</strong></span> <span class='ocrx_word' id='word_1_78' title='bbox 990 736 1257 795; x_wconf 72' lang='lat' dir='ltr'><strong>consentit</strong></span> <span class='ocrx_word' id='word_1_79' title='bbox 1285 741 1646 806; x_wconf 69' lang='lat' dir='ltr'><strong>pttcc:tntibns,</strong></span> <span class='ocrx_word' id='word_1_80' title='bbox 1673 748 1726 790; x_wconf 76' lang='lat' dir='ltr'><strong>et</strong></span> <span class='ocrx_word' id='word_1_81' title='bbox 1755 739 1854 792; x_wconf 84' lang='lat' dir='ltr'><strong>de-</strong></span> <span class='ocrx_word' id='word_1_82' title='bbox 1966 736 2175 796; x_wconf 81' lang='lat' dir='ltr'><strong>Patrum</strong></span> <span class='ocrx_word' id='word_1_83' title='bbox 2201 736 2349 807; x_wconf 83' lang='lat' dir='ltr'><strong>(Cap.</strong></span> <span class='ocrx_word' id='word_1_84' title='bbox 2381 737 2435 804; x_wconf 82' lang='grc'><strong>5)</strong></span> <span class='ocrx_word' id='word_1_85' title='bbox 2476 754 2487 789; x_wconf 92' lang='lat'><strong>:</strong></span> <span class='ocrx_word' id='word_1_86' title='bbox 2524 756 2542 788; x_wconf 85' lang='grc'><strong>‹</strong></span> <span class='ocrx_word' id='word_1_87' title='bbox 2578 738 2630 791; x_wconf 85' lang='lat' dir='ltr'><strong>Si</strong></span> <span class='ocrx_word' id='word_1_88' title='bbox 2687 755 2805 799; x_wconf 85' lang='lat' dir='ltr'><strong>quis</strong></span> <span class='ocrx_word' id='word_1_89' title='bbox 2835 736 3063 792; x_wconf 53' lang='lat' dir='ltr'><strong>vern&#39;de</strong></span> <span class='ocrx_word' id='word_1_90' title='bbox 3111 744 3362 795; x_wconf 73' lang='lat' dir='ltr'><strong>fratribus</strong></span> <span class='ocrx_word' id='word_1_91' title='bbox 3384 785 3399 805; x_wconf 93' lang='lat'><strong>,</strong></span> <span class='ocrx_word' id='word_1_92' title='bbox 3450 745 3535 797; x_wconf 82' lang='lat' dir='ltr'><strong>vel</strong></span> 
     </span>
    </p>
   </div>
   <div class='ocr_carea' id='block_1_8' title="bbox 303 808 3534 881">
    <p class='ocr_par' dir='ltr' id='par_1_8' title="bbox 303 808 3534 881">
     <span class='ocr_line' id='line_1_8' title="bbox 303 808 3534 881; baseline 0.001 -22"><span class='ocrx_word' id='word_1_93' title='bbox 303 808 463 861; x_wconf 62' lang='lat' dir='ltr'><strong>li-ndu</strong></span> <span class='ocrx_word' id='word_1_94' title='bbox 481 810 637 861; x_wconf 87' lang='lat' dir='ltr'><strong>alium</strong></span> <span class='ocrx_word' id='word_1_95' title='bbox 660 810 1072 879; x_wconf 85' lang='lat' dir='ltr'><strong>delinquentem,</strong></span> <span class='ocrx_word' id='word_1_96' title='bbox 1099 812 1515 864; x_wconf 74' lang='lat' dir='ltr'><strong>maledictnsetit</strong></span> <span class='ocrx_word' id='word_1_97' title='bbox 1542 813 1677 877; x_wconf 90' lang='lat' dir='ltr'><strong>apud</strong></span> <span class='ocrx_word' id='word_1_98' title='bbox 1692 810 1856 863; x_wconf 88' lang='lat' dir='ltr'><strong>Deum</strong></span> <span class='ocrx_word' id='word_1_99' title='bbox 1966 813 2053 881; x_wconf 84' lang='lat' dir='ltr'><strong>qui</strong></span> <span class='ocrx_word' id='word_1_100' title='bbox 2084 812 2132 862; x_wconf 91' lang='lat' dir='ltr'><strong>itt</strong></span> <span class='ocrx_word' id='word_1_101' title='bbox 2154 811 2305 881; x_wconf 73' lang='lat' dir='ltr'><strong>cetlis</strong></span> <span class='ocrx_word' id='word_1_102' title='bbox 2328 808 2645 871; x_wconf 75' lang='lat' dir='ltr'><strong>cousismnt.</strong></span> <span class='ocrx_word' id='word_1_103' title='bbox 2670 808 2787 877; x_wconf 87' lang='lat' dir='ltr'><strong>ejus</strong></span> <span class='ocrx_word' id='word_1_104' title='bbox 2813 811 2982 863; x_wconf 85' lang='lat' dir='ltr'><strong>errori</strong></span> <span class='ocrx_word' id='word_1_105' title='bbox 3028 816 3391 876; x_wconf 78' lang='lat' dir='ltr'><strong>consenserit,</strong></span> <span class='ocrx_word' id='word_1_106' title='bbox 3422 819 3534 865; x_wconf 84' lang='lat' dir='ltr'><strong>cnl-</strong></span> 
     </span>
    </p>
   </div>
   <div class='ocr_carea' id='block_1_9' title="bbox 302 879 3530 951">
    <p class='ocr_par' dir='ltr' id='par_1_9' title="bbox 302 879 3530 951">
     <span class='ocr_line' id='line_1_9' title="bbox 302 879 3530 951; baseline 0.002 -23"><span class='ocrx_word' id='word_1_107' title='bbox 302 892 351 951; x_wconf 67' lang='lat' dir='ltr'><strong>et</strong></span> <span class='ocrx_word' id='word_1_108' title='bbox 384 881 713 951; x_wconf 70' lang='lat' dir='ltr'><strong>ltotttincs,et</strong></span> <span class='ocrx_word' id='word_1_109' title='bbox 728 886 1041 947; x_wconf 75' lang='lat' dir='ltr'><strong>corripielttr</strong></span> <span class='ocrx_word' id='word_1_110' title='bbox 1064 882 1423 949; x_wconf 82' lang='lat' dir='ltr'><strong>increpatione</strong></span> <span class='ocrx_word' id='word_1_111' title='bbox 1445 881 1803 934; x_wconf 78' lang='lat' dir='ltr'><strong>severissima.</strong></span> <span class='ocrx_word' id='word_1_112' title='bbox 1835 899 1852 930; x_wconf 71' lang='grc' dir='ltr'>ι</span> <span class='ocrx_word' id='word_1_113' title='bbox 1972 879 2164 951; x_wconf 74' lang='lat' dir='ltr'><strong>pabiiis</strong></span> <span class='ocrx_word' id='word_1_114' title='bbox 2196 879 2318 942; x_wconf 78' lang='lat' dir='ltr'><strong>erit,</strong></span> <span class='ocrx_word' id='word_1_115' title='bbox 2350 890 2508 946; x_wconf 87' lang='lat' dir='ltr'><strong>atque</strong></span> <span class='ocrx_word' id='word_1_116' title='bbox 2536 883 3086 935; x_wconf 71' lang='lat' dir='ltr'><strong>exettttttttutticalionc</strong></span> <span class='ocrx_word' id='word_1_117' title='bbox 3111 885 3477 951; x_wconf 73' lang='lat' dir='ltr'><strong>dignissimus.</strong></span> <span class='ocrx_word' id='word_1_118' title='bbox 3515 903 3530 933; x_wconf 74' lang='grc' dir='ltr'>ι</span> 
     </span>
    </p>
   </div>
   <div class='ocr_carea' id='block_1_10' title="bbox 304 949 1862 1021">
    <p class='ocr_par' dir='ltr' id='par_1_10' title="bbox 304 949 1862 1021">
     <span class='ocr_line' id='line_1_10' title="bbox 304 949 1862 1021; baseline 0.002 -20"><span class='ocrx_word' id='word_1_119' title='bbox 304 950 368 1001; x_wconf 76' lang='lat' dir='ltr'><strong>Et</strong></span> <span class='ocrx_word' id='word_1_120' title='bbox 396 949 591 1018; x_wconf 59' lang='lat' dir='ltr'><strong>[ivgulo</strong></span> <span class='ocrx_word' id='word_1_121' title='bbox 622 952 904 1005; x_wconf 75' lang='lat' dir='ltr'><strong>Orientalis</strong></span> <span class='ocrx_word' id='word_1_122' title='bbox 932 950 1082 1021; x_wconf 89' lang='lat' dir='ltr'><strong>(Cap.</strong></span> <span class='ocrx_word' id='word_1_123' title='bbox 1102 954 1193 1016; x_wconf 76' lang='lat'><strong>55)</strong></span> <span class='ocrx_word' id='word_1_124' title='bbox 1220 970 1230 1003; x_wconf 88' lang='lat'>:</span> <span class='ocrx_word' id='word_1_125' title='bbox 1268 969 1285 1001; x_wconf 79' lang='lat' dir='ltr'><strong>t</strong></span> <span class='ocrx_word' id='word_1_126' title='bbox 1320 951 1374 1004; x_wconf 87' lang='lat' dir='ltr'><strong>Si</strong></span> <span class='ocrx_word' id='word_1_127' title='bbox 1407 954 1526 1019; x_wconf 83' lang='lat' dir='ltr'><strong>quis</strong></span> <span class='ocrx_word' id='word_1_128' title='bbox 1553 953 1720 1004; x_wconf 88' lang='lat' dir='ltr'><strong>errori</strong></span> <span class='ocrx_word' id='word_1_129' title='bbox 1749 953 1862 1018; x_wconf 85' lang='lat' dir='ltr'><strong>ejus</strong></span> 
     </span>
    </p>
   </div>
   <div class='ocr_carea' id='block_1_11' title="bbox 300 1080 3547 1128">
    <p class='ocr_par' dir='ltr' id='par_1_11' title="bbox 300 1080 3547 1128">
     <span class='ocr_line' id='line_1_11' title="bbox 300 1080 3547 1128; baseline 0.01 -37"><span class='ocrx_word' id='word_1_130' title='bbox 300 1080 3547 1128; x_wconf 37' lang='grc' dir='ltr'><strong>ψὴν-Μ</strong></span> 
     </span>
    </p>
   </div>
   <div class='ocr_carea' id='block_1_12' title="bbox 1557 1190 2276 1273">
    <p class='ocr_par' dir='ltr' id='par_1_12' title="bbox 1557 1190 2276 1273">
     <span class='ocr_line' id='line_1_12' title="bbox 1557 1190 2276 1273; baseline -0.004 -1"><span class='ocrx_word' id='word_1_131' title='bbox 1557 1190 1941 1273; x_wconf 86' lang='lat' dir='ltr'><strong>CAPUT</strong></span> <span class='ocrx_word' id='word_1_132' title='bbox 1996 1195 2276 1273; x_wconf 83' lang='lat' dir='ltr'><strong>LXX.</strong></span> 
     </span>
    </p>
   </div>
   <div class='ocr_carea' id='block_1_13' title="bbox 1159 1323 2663 1405">
    <p class='ocr_par' dir='ltr' id='par_1_13' title="bbox 1159 1323 2663 1405">
     <span class='ocr_line' id='line_1_13' title="bbox 1159 1323 2663 1405; baseline 0.004 -22"><span class='ocrx_word' id='word_1_133' title='bbox 1159 1323 1231 1383; x_wconf 88' lang='lat' dir='ltr'><strong>Ut</strong></span> <span class='ocrx_word' id='word_1_134' title='bbox 1262 1340 1389 1381; x_wconf 85' lang='lat' dir='ltr'><strong>non</strong></span> <span class='ocrx_word' id='word_1_135' title='bbox 1421 1332 1751 1401; x_wconf 72' lang='lat' dir='ltr'><strong>prazsumat</strong></span> <span class='ocrx_word' id='word_1_136' title='bbox 1780 1325 2011 1401; x_wconf 80' lang='lat' dir='ltr'><strong>passim</strong></span> <span class='ocrx_word' id='word_1_137' title='bbox 2040 1327 2363 1405; x_wconf 77' lang='lat' dir='ltr'><strong>quisquam</strong></span> <span class='ocrx_word' id='word_1_138' title='bbox 2393 1328 2616 1389; x_wconf 70' lang='lat' dir='ltr'><strong>ccedere</strong></span> <span class='ocrx_word' id='word_1_139' title='bbox 2637 1343 2663 1371; x_wconf 79' lang='grc' dir='ltr'>ι</span> 
     </span>
    </p>
   </div>
   <div class='ocr_carea' id='block_1_14' title="bbox 370 1111 3548 1142">
    <p class='ocr_par' dir='ltr' id='par_1_14' title="bbox 370 1111 3548 1142">
     <span class='ocr_line' id='line_1_14' title="bbox 370 1111 3548 1142; baseline 0.002 -16"><span class='ocrx_word' id='word_1_140' title='bbox 370 1111 3548 1142; x_wconf 75' lang='lat'><strong>.—_____——_____—__________—________</strong></span> 
     </span>
    </p>
   </div>
   <div class='ocr_carea' id='block_1_15' title="bbox 380 1440 1868 1515">
    <p class='ocr_par' dir='ltr' id='par_1_15' title="bbox 380 1440 1868 1515">
     <span class='ocr_line' id='line_1_15' title="bbox 380 1440 1868 1515; baseline 0.002 -18"><span class='ocrx_word' id='word_1_141' title='bbox 380 1440 595 1498; x_wconf 83' lang='lat' dir='ltr'><strong>Vetetur</strong></span> <span class='ocrx_word' id='word_1_142' title='bbox 624 1448 648 1482; x_wconf 74' lang='grc' dir='ltr'>δ</span> <span class='ocrx_word' id='word_1_143' title='bbox 682 1446 731 1498; x_wconf 85' lang='grc' dir='ltr'><strong>ἰη</strong></span> <span class='ocrx_word' id='word_1_144' title='bbox 765 1447 1086 1500; x_wconf 89' lang='lat' dir='ltr'><strong>monasterio</strong></span> <span class='ocrx_word' id='word_1_145' title='bbox 1116 1446 1289 1499; x_wconf 86' lang='lat' dir='ltr'><strong>omnis</strong></span> <span class='ocrx_word' id='word_1_146' title='bbox 1313 1446 1741 1515; x_wconf 64' lang='lat' dir='ltr'><strong>praesumptionis</strong></span> <span class='ocrx_word' id='word_1_147' title='bbox 1774 1462 1868 1500; x_wconf 76' lang='lat' dir='ltr'><strong>oc—</strong></span> 
     </span>
    </p>
   </div>
   <div class='ocr_carea' id='block_1_16' title="bbox 305 1534 1867 1608">
    <p class='ocr_par' dir='ltr' id='par_1_16' title="bbox 305 1534 1867 1608">
     <span class='ocr_line' id='line_1_16' title="bbox 305 1534 1867 1608; baseline 0.004 -23"><span class='ocrx_word' id='word_1_148' title='bbox 305 1534 469 1589; x_wconf 77' lang='lat' dir='ltr'><strong>casio.</strong></span> <span class='ocrx_word' id='word_1_149' title='bbox 500 1536 881 1591; x_wconf 86' lang='lat' dir='ltr'><strong>Constituimus</strong></span> <span class='ocrx_word' id='word_1_150' title='bbox 910 1546 967 1590; x_wconf 92' lang='lat' dir='ltr'><strong>ut</strong></span> <span class='ocrx_word' id='word_1_151' title='bbox 997 1538 1125 1591; x_wconf 91' lang='lat' dir='ltr'><strong>nulli</strong></span> <span class='ocrx_word' id='word_1_152' title='bbox 1180 1537 1336 1592; x_wconf 90' lang='lat' dir='ltr'><strong>liceat</strong></span> <span class='ocrx_word' id='word_1_153' title='bbox 1386 1554 1704 1608; x_wconf 84' lang='lat' dir='ltr'><strong>quemquam</strong></span> <span class='ocrx_word' id='word_1_154' title='bbox 1758 1541 1867 1594; x_wconf 77' lang='lat' dir='ltr'><strong>ira-</strong></span> 
     </span>
    </p>
   </div>
   <div class='ocr_carea' id='block_1_17' title="bbox 306 1634 1872 1697">
    <p class='ocr_par' dir='ltr' id='par_1_17' title="bbox 306 1634 1872 1697">
     <span class='ocr_line' id='line_1_17' title="bbox 306 1634 1872 1697; baseline 0.006 -18"><span class='ocrx_word' id='word_1_155' title='bbox 306 1634 443 1681; x_wconf 87' lang='lat' dir='ltr'><strong>trum</strong></span> <span class='ocrx_word' id='word_1_156' title='bbox 496 1643 710 1683; x_wconf 88' lang='lat' dir='ltr'><strong>suorum</strong></span> <span class='ocrx_word' id='word_1_157' title='bbox 743 1637 1206 1687; x_wconf 80' lang='lat' dir='ltr'><strong>excommunicare</strong></span> <span class='ocrx_word' id='word_1_158' title='bbox 1238 1643 1328 1687; x_wconf 91' lang='lat' dir='ltr'><strong>aut</strong></span> <span class='ocrx_word' id='word_1_159' title='bbox 1371 1635 1598 1697; x_wconf 71' lang='lat' dir='ltr'><strong>caedere,</strong></span> <span class='ocrx_word' id='word_1_160' title='bbox 1632 1634 1731 1688; x_wconf 88' lang='lat' dir='ltr'><strong>nisi</strong></span> <span class='ocrx_word' id='word_1_161' title='bbox 1787 1635 1872 1689; x_wconf 89' lang='lat' dir='ltr'><strong>cui</strong></span> 
     </span>
    </p>
   </div>
   <div class='ocr_carea' id='block_1_18' title="bbox 308 1720 1871 1785">
    <p class='ocr_par' dir='ltr' id='par_1_18' title="bbox 308 1720 1871 1785">
     <span class='ocr_line' id='line_1_18' title="bbox 308 1720 1871 1785; baseline 0.006 -17"><span class='ocrx_word' id='word_1_162' title='bbox 308 1726 541 1785; x_wconf 87' lang='lat' dir='ltr'><strong>potestas</strong></span> <span class='ocrx_word' id='word_1_163' title='bbox 569 1723 635 1774; x_wconf 85' lang='lat' dir='ltr'><strong>ab</strong></span> <span class='ocrx_word' id='word_1_164' title='bbox 661 1720 851 1774; x_wconf 80' lang='lat' dir='ltr'><strong>abbate</strong></span> <span class='ocrx_word' id='word_1_165' title='bbox 883 1720 1003 1776; x_wconf 86' lang='lat' dir='ltr'><strong>data</strong></span> <span class='ocrx_word' id='word_1_166' title='bbox 1034 1722 1213 1777; x_wconf 87' lang='lat' dir='ltr'><strong>luerit.</strong></span> <span class='ocrx_word' id='word_1_167' title='bbox 1251 1724 1539 1778; x_wconf 81' lang='lat' dir='ltr'><strong>Peccantes</strong></span> <span class='ocrx_word' id='word_1_168' title='bbox 1574 1736 1751 1779; x_wconf 86' lang='lat' dir='ltr'><strong>autem</strong></span> <span class='ocrx_word' id='word_1_169' title='bbox 1781 1739 1871 1778; x_wconf 88' lang='lat' dir='ltr'><strong>co-</strong></span> 
     </span>
    </p>
   </div>
   <div class='ocr_carea' id='block_1_19' title="bbox 310 1810 1871 1880">
    <p class='ocr_par' dir='ltr' id='par_1_19' title="bbox 310 1810 1871 1880">
     <span class='ocr_line' id='line_1_19' title="bbox 310 1810 1871 1880; baseline 0.008 -20"><span class='ocrx_word' id='word_1_170' title='bbox 310 1824 421 1861; x_wconf 88' lang='lat' dir='ltr'><strong>ram</strong></span> <span class='ocrx_word' id='word_1_171' title='bbox 447 1810 697 1864; x_wconf 85' lang='lat' dir='ltr'><strong>omnibus</strong></span> <span class='ocrx_word' id='word_1_172' title='bbox 729 1824 1023 1880; x_wconf 78' lang='lat' dir='ltr'><strong>arguantur</strong></span> <span class='ocrx_word' id='word_1_173' title='bbox 1054 1832 1069 1868; x_wconf 91' lang='lat'><strong>:</strong></span> <span class='ocrx_word' id='word_1_174' title='bbox 1103 1825 1159 1869; x_wconf 94' lang='lat' dir='ltr'><strong>ut</strong></span> <span class='ocrx_word' id='word_1_175' title='bbox 1182 1816 1362 1871; x_wconf 74' lang='lat' dir='ltr'><strong>caeteri</strong></span> <span class='ocrx_word' id='word_1_176' title='bbox 1397 1826 1593 1871; x_wconf 91' lang='lat' dir='ltr'><strong>metum</strong></span> <span class='ocrx_word' id='word_1_177' title='bbox 1625 1817 1871 1872; x_wconf 81' lang='lat' dir='ltr'><strong>habeant.</strong></span> 
     </span>
    </p>
   </div>
   <div class='ocr_carea' id='block_1_20' title="bbox 310 1900 1872 1979">
    <p class='ocr_par' dir='ltr' id='par_1_20' title="bbox 310 1900 1872 1979">
     <span class='ocr_line' id='line_1_20' title="bbox 310 1900 1872 1979; baseline 0.006 -26"><span class='ocrx_word' id='word_1_178' title='bbox 310 1900 569 1956; x_wconf 80' lang='lat' dir='ltr'><strong>Infantum</strong></span> <span class='ocrx_word' id='word_1_179' title='bbox 591 1913 613 1940; x_wconf 77' lang='grc' dir='ltr'><strong>ο</strong></span> <span class='ocrx_word' id='word_1_180' title='bbox 638 1918 764 1957; x_wconf 90' lang='lat' dir='ltr'><strong>vero</strong></span> <span class='ocrx_word' id='word_1_181' title='bbox 784 1919 947 1974; x_wconf 90' lang='lat' dir='ltr'><strong>usque</strong></span> <span class='ocrx_word' id='word_1_182' title='bbox 970 1905 1033 1960; x_wconf 90' lang='lat' dir='ltr'><strong>ad</strong></span> <span class='ocrx_word' id='word_1_183' title='bbox 1059 1907 1364 1979; x_wconf 87' lang='lat' dir='ltr'><strong>quindecim</strong></span> <span class='ocrx_word' id='word_1_184' title='bbox 1386 1922 1647 1964; x_wconf 83' lang='lat' dir='ltr'><strong>annorum</strong></span> <span class='ocrx_word' id='word_1_185' title='bbox 1664 1919 1762 1963; x_wconf 69' lang='lat' dir='ltr'><strong>ret-.1</strong></span> <span class='ocrx_word' id='word_1_186' title='bbox 1773 1920 1872 1974; x_wconf 86' lang='lat' dir='ltr'><strong>tes,</strong></span> 
     </span>
    </p>
   </div>
   <div class='ocr_carea' id='block_1_21' title="bbox 388 2056 1509 2123">
    <p class='ocr_par' dir='ltr' id='par_1_21' title="bbox 388 2056 1509 2123">
     <span class='ocr_line' id='line_1_21' title="bbox 388 2056 1509 2123; baseline 0.006 -15"><span class='ocrx_word' id='word_1_187' title='bbox 388 2067 414 2095; x_wconf 77' lang='grc' dir='ltr'>ι</span> <span class='ocrx_word' id='word_1_188' title='bbox 432 2056 658 2123; x_wconf 82' lang='lat' dir='ltr'><strong>Quidam</strong></span> <span class='ocrx_word' id='word_1_189' title='bbox 690 2057 908 2121; x_wconf 91' lang='lat' dir='ltr'><strong>addunt,</strong></span> <span class='ocrx_word' id='word_1_190' title='bbox 936 2067 1025 2111; x_wconf 86' lang='lat' dir='ltr'><strong>aut</strong></span> <span class='ocrx_word' id='word_1_191' title='bbox 1051 2059 1509 2115; x_wconf 74' lang='lat' dir='ltr'><strong>excontmunicare.</strong></span> 
     </span>
    </p>
   </div>
   <div class='ocr_carea' id='block_1_22' title="bbox 380 2126 1266 2194">
    <p class='ocr_par' dir='ltr' id='par_1_22' title="bbox 380 2126 1266 2194">
     <span class='ocr_line' id='line_1_22' title="bbox 380 2126 1266 2194; baseline 0.001 -13"><span class='ocrx_word' id='word_1_192' title='bbox 380 2126 408 2167; x_wconf 68' lang='grc' dir='ltr'>δ</span> <span class='ocrx_word' id='word_1_193' title='bbox 439 2130 550 2193; x_wconf 79' lang='lat' dir='ltr'><strong>AL,</strong></span> <span class='ocrx_word' id='word_1_194' title='bbox 582 2129 780 2191; x_wconf 84' lang='lat' dir='ltr'><strong>uitetur,</strong></span> <span class='ocrx_word' id='word_1_195' title='bbox 808 2130 958 2194; x_wconf 87' lang='lat' dir='ltr'><strong>editi,</strong></span> <span class='ocrx_word' id='word_1_196' title='bbox 982 2139 1037 2181; x_wconf 81' lang='lat' dir='ltr'><strong>ut</strong></span> <span class='ocrx_word' id='word_1_197' title='bbox 1063 2131 1266 2183; x_wconf 79' lang='lat' dir='ltr'><strong>vitetur.</strong></span> 
     </span>
    </p>
   </div>
   <div class='ocr_carea' id='block_1_23' title="bbox 1976 1446 3609 1519">
    <p class='ocr_par' dir='ltr' id='par_1_23' title="bbox 1976 1446 3609 1519">
     <span class='ocr_line' id='line_1_23' title="bbox 1976 1446 3609 1519; baseline 0.009 -18"><span class='ocrx_word' id='word_1_198' title='bbox 1976 1446 2271 1518; x_wconf 65' lang='lat' dir='ltr'><strong>disciplinas</strong></span> <span class='ocrx_word' id='word_1_199' title='bbox 2297 1450 2568 1518; x_wconf 76' lang='lat' dir='ltr'><strong>diligentia</strong></span> <span class='ocrx_word' id='word_1_200' title='bbox 2589 1451 2657 1505; x_wconf 90' lang='lat' dir='ltr'><strong>ab</strong></span> <span class='ocrx_word' id='word_1_201' title='bbox 2681 1452 2954 1519; x_wconf 82' lang='lat' dir='ltr'><strong>omnibus,</strong></span> <span class='ocrx_word' id='word_1_202' title='bbox 2985 1464 3039 1508; x_wconf 91' lang='lat' dir='ltr'><strong>et</strong></span> <span class='ocrx_word' id='word_1_203' title='bbox 3060 1455 3295 1510; x_wconf 87' lang='lat' dir='ltr'><strong>custodia</strong></span> <span class='ocrx_word' id='word_1_204' title='bbox 3327 1457 3413 1512; x_wconf 89' lang='lat' dir='ltr'><strong>sit.</strong></span> <span class='ocrx_word' id='word_1_205' title='bbox 3442 1457 3546 1514; x_wconf 83' lang='lat' dir='ltr'><strong>Sed</strong></span> <span class='ocrx_word' id='word_1_206' title='bbox 3606 1454 3609 1457; x_wconf 74' lang='grc'><em>’</em></span> 
     </span>
    </p>
   </div>
   <div class='ocr_carea' id='block_1_24' title="bbox 1974 1541 3549 1603">
    <p class='ocr_par' dir='ltr' id='par_1_24' title="bbox 1974 1541 3549 1603">
     <span class='ocr_line' id='line_1_24' title="bbox 1974 1541 3549 1603; baseline 0.005 -8"><span class='ocrx_word' id='word_1_207' title='bbox 1974 1541 2151 1595; x_wconf 84' lang='lat' dir='ltr'><strong>ethoc</strong></span> <span class='ocrx_word' id='word_1_208' title='bbox 2172 1558 2290 1595; x_wconf 92' lang='lat' dir='ltr'><strong>cum</strong></span> <span class='ocrx_word' id='word_1_209' title='bbox 2315 1543 2457 1595; x_wconf 90' lang='lat' dir='ltr'><strong>omni</strong></span> <span class='ocrx_word' id='word_1_210' title='bbox 2487 1558 2735 1597; x_wconf 87' lang='lat' dir='ltr'><strong>mensura</strong></span> <span class='ocrx_word' id='word_1_211' title='bbox 2770 1552 2824 1597; x_wconf 83' lang='lat' dir='ltr'><strong>et</strong></span> <span class='ocrx_word' id='word_1_212' title='bbox 2851 1545 3076 1599; x_wconf 89' lang='lat' dir='ltr'><strong>ratione.</strong></span> <span class='ocrx_word' id='word_1_213' title='bbox 3099 1547 3230 1601; x_wconf 81' lang='lat' dir='ltr'><strong>Nam</strong></span> <span class='ocrx_word' id='word_1_214' title='bbox 3265 1548 3318 1600; x_wconf 88' lang='lat' dir='ltr'><strong>in</strong></span> <span class='ocrx_word' id='word_1_215' title='bbox 3343 1547 3549 1603; x_wconf 77' lang='lat' dir='ltr'><strong>fortiori</strong></span> 
     </span>
    </p>
   </div>
   <div class='ocr_carea' id='block_1_25' title="bbox 1977 1632 3553 1708">
    <p class='ocr_par' dir='ltr' id='par_1_25' title="bbox 1977 1632 3553 1708">
     <span class='ocr_line' id='line_1_25' title="bbox 1977 1632 3553 1708; baseline 0.006 -23"><span class='ocrx_word' id='word_1_216' title='bbox 1977 1641 2133 1686; x_wconf 70' lang='lat' dir='ltr'><strong>aetate</strong></span> <span class='ocrx_word' id='word_1_217' title='bbox 2167 1634 2257 1703; x_wconf 91' lang='lat' dir='ltr'><strong>qui</strong></span> <span class='ocrx_word' id='word_1_218' title='bbox 2293 1632 2731 1702; x_wconf 66' lang='lat' dir='ltr'><strong>praasumpserit‘1</strong></span> <span class='ocrx_word' id='word_1_219' title='bbox 2753 1637 3112 1704; x_wconf 89' lang='lat' dir='ltr'><strong>aliquatenus,</strong></span> <span class='ocrx_word' id='word_1_220' title='bbox 3140 1639 3255 1693; x_wconf 84' lang='lat' dir='ltr'><strong>sine</strong></span> <span class='ocrx_word' id='word_1_221' title='bbox 3283 1649 3553 1708; x_wconf 73' lang='lat' dir='ltr'><strong>praecepto</strong></span> 
     </span>
    </p>
   </div>
   <div class='ocr_carea' id='block_1_26' title="bbox 1979 1724 3549 1793">
    <p class='ocr_par' dir='ltr' id='par_1_26' title="bbox 1979 1724 3549 1793">
     <span class='ocr_line' id='line_1_26' title="bbox 1979 1724 3549 1793; baseline 0.006 -18"><span class='ocrx_word' id='word_1_222' title='bbox 1979 1724 2207 1789; x_wconf 86' lang='lat' dir='ltr'><strong>abbatis,</strong></span> <span class='ocrx_word' id='word_1_223' title='bbox 2232 1725 2316 1779; x_wconf 86' lang='lat' dir='ltr'><strong>vel</strong></span> <span class='ocrx_word' id='word_1_224' title='bbox 2356 1725 2407 1778; x_wconf 91' lang='lat' dir='ltr'><strong>in</strong></span> <span class='ocrx_word' id='word_1_225' title='bbox 2439 1725 2570 1793; x_wconf 86' lang='lat' dir='ltr'><strong>ipsis</strong></span> <span class='ocrx_word' id='word_1_226' title='bbox 2592 1726 3010 1781; x_wconf 70' lang='lat' dir='ltr'><strong>infantibussine</strong></span> <span class='ocrx_word' id='word_1_227' title='bbox 3043 1729 3367 1783; x_wconf 84' lang='lat' dir='ltr'><strong>diseretione</strong></span> <span class='ocrx_word' id='word_1_228' title='bbox 3393 1747 3549 1784; x_wconf 77' lang='lat' dir='ltr'><strong>exar-</strong></span> 
     </span>
    </p>
   </div>
   <div class='ocr_carea' id='block_1_27' title="bbox 1980 1813 3552 1890">
    <p class='ocr_par' dir='ltr' id='par_1_27' title="bbox 1980 1813 3552 1890">
     <span class='ocr_line' id='line_1_27' title="bbox 1980 1813 3552 1890; baseline 0.006 -24"><span class='ocrx_word' id='word_1_229' title='bbox 1980 1813 2134 1877; x_wconf 85' lang='lat' dir='ltr'><strong>serit,</strong></span> <span class='ocrx_word' id='word_1_230' title='bbox 2167 1814 2465 1883; x_wconf 79' lang='lat' dir='ltr'><strong>disciplinze</strong></span> <span class='ocrx_word' id='word_1_231' title='bbox 2514 1815 2744 1884; x_wconf 82' lang='lat' dir='ltr'><strong>regulari</strong></span> <span class='ocrx_word' id='word_1_232' title='bbox 2786 1817 3081 1883; x_wconf 80' lang='lat' dir='ltr'><strong>subjaceal,</strong></span> <span class='ocrx_word' id='word_1_233' title='bbox 3140 1821 3263 1887; x_wconf 84' lang='lat' dir='ltr'><strong>quia</strong></span> <span class='ocrx_word' id='word_1_234' title='bbox 3292 1822 3552 1890; x_wconf 81' lang='lat' dir='ltr'><strong>scriptum</strong></span> 
     </span>
    </p>
   </div>
   <div class='ocr_carea' id='block_1_28' title="bbox 1982 1905 3517 1981">
    <p class='ocr_par' dir='ltr' id='par_1_28' title="bbox 1982 1905 3517 1981">
     <span class='ocr_line' id='line_1_28' title="bbox 1982 1905 3517 1981; baseline 0.002 -21"><span class='ocrx_word' id='word_1_235' title='bbox 1982 1915 2065 1960; x_wconf 80' lang='lat' dir='ltr'><strong>est</strong></span> <span class='ocrx_word' id='word_1_236' title='bbox 2093 1927 2107 1961; x_wconf 90' lang='lat'>:</span> <span class='ocrx_word' id='word_1_237' title='bbox 2138 1905 2289 1973; x_wconf 84' lang='lat' dir='ltr'><strong>Quod</strong></span> <span class='ocrx_word' id='word_1_238' title='bbox 2318 1907 2405 1960; x_wconf 84' lang='lat' dir='ltr'><strong>tibi</strong></span> <span class='ocrx_word' id='word_1_239' title='bbox 2427 1923 2527 1961; x_wconf 87' lang='lat' dir='ltr'><strong>non</strong></span> <span class='ocrx_word' id='word_1_240' title='bbox 2550 1908 2625 1962; x_wconf 73' lang='lat' dir='ltr'><strong>vis</strong></span> <span class='ocrx_word' id='word_1_241' title='bbox 2652 1908 2783 1976; x_wconf 82' lang='lat' dir='ltr'><strong>ﬁeri,</strong></span> <span class='ocrx_word' id='word_1_242' title='bbox 2814 1909 2901 1963; x_wconf 87' lang='lat' dir='ltr'><strong>alii</strong></span> <span class='ocrx_word' id='word_1_243' title='bbox 2938 1926 3000 1963; x_wconf 89' lang='lat' dir='ltr'><strong>ne</strong></span> <span class='ocrx_word' id='word_1_244' title='bbox 3029 1912 3204 1980; x_wconf 75' lang='lat' dir='ltr'><strong>feceris</strong></span> <span class='ocrx_word' id='word_1_245' title='bbox 3236 1909 3389 1979; x_wconf 82' lang='lat' dir='ltr'><strong>(Tob.</strong></span> <span class='ocrx_word' id='word_1_246' title='bbox 3421 1912 3517 1981; x_wconf 83' lang='lat' dir='ltr'><strong>tv).</strong></span> 
     </span>
    </p>
   </div>
   <div class='ocr_carea' id='block_1_29' title="bbox 2050 2055 2566 2127">
    <p class='ocr_par' dir='ltr' id='par_1_29' title="bbox 2050 2055 2566 2127">
     <span class='ocr_line' id='line_1_29' title="bbox 2050 2055 2566 2127; baseline 0.002 -17"><span class='ocrx_word' id='word_1_247' title='bbox 2050 2067 2071 2127; x_wconf 57' lang='grc' dir='ltr'><strong>ς</strong></span> <span class='ocrx_word' id='word_1_248' title='bbox 2106 2057 2214 2121; x_wconf 76' lang='lat' dir='ltr'><strong>AL,</strong></span> <span class='ocrx_word' id='word_1_249' title='bbox 2248 2055 2566 2127; x_wconf 77' lang='lat' dir='ltr'><strong>Infantibus.</strong></span> 
     </span>
    </p>
   </div>
   <div class='ocr_carea' id='block_1_30' title="bbox 2050 2124 2847 2197">
    <p class='ocr_par' dir='ltr' id='par_1_30' title="bbox 2050 2124 2847 2197">
     <span class='ocr_line' id='line_1_30' title="bbox 2050 2124 2847 2197; baseline 0.001 -16"><span class='ocrx_word' id='word_1_250' title='bbox 2050 2124 2074 2163; x_wconf 69' lang='grc' dir='ltr'><strong>τί</strong></span> <span class='ocrx_word' id='word_1_251' title='bbox 2108 2124 2339 2192; x_wconf 76' lang='lat' dir='ltr'><strong>Cassin.,</strong></span> <span class='ocrx_word' id='word_1_252' title='bbox 2376 2127 2543 2190; x_wconf 85' lang='lat' dir='ltr'><strong>Flor.,</strong></span> <span class='ocrx_word' id='word_1_253' title='bbox 2574 2129 2847 2197; x_wconf 77' lang='lat' dir='ltr'><strong>prmumit.</strong></span> 
     </span>
    </p>
   </div>
   <div class='ocr_carea' id='block_1_31' title="bbox 1609 2308 2256 2369">
    <p class='ocr_par' dir='ltr' id='par_1_31' title="bbox 1609 2308 2256 2369">
     <span class='ocr_line' id='line_1_31' title="bbox 1609 2308 2256 2369; baseline -0.005 0"><span class='ocrx_word' id='word_1_254' title='bbox 1609 2308 2256 2369; x_wconf 83' lang='lat' dir='ltr'><strong>COMMENTARIUS.</strong></span> 
     </span>
    </p>
   </div>
   <div class='ocr_carea' id='block_1_32' title="bbox 386 2427 1885 2500">
    <p class='ocr_par' dir='ltr' id='par_1_32' title="bbox 386 2427 1885 2500">
     <span class='ocr_line' id='line_1_32' title="bbox 386 2427 1885 2500; baseline -0.001 -14"><span class='ocrx_word' id='word_1_255' title='bbox 386 2427 627 2498; x_wconf 68' lang='lat' dir='ltr'><strong>Aiqnalis</strong></span> <span class='ocrx_word' id='word_1_256' title='bbox 657 2431 907 2499; x_wconf 89' lang='lat' dir='ltr'><strong>utrinque</strong></span> <span class='ocrx_word' id='word_1_257' title='bbox 945 2430 1165 2500; x_wconf 86' lang='lat' dir='ltr'><strong>periculi</strong></span> <span class='ocrx_word' id='word_1_258' title='bbox 1200 2439 1306 2493; x_wconf 86' lang='lat' dir='ltr'><strong>est,</strong></span> <span class='ocrx_word' id='word_1_259' title='bbox 1333 2439 1388 2486; x_wconf 91' lang='lat' dir='ltr'><strong>et</strong></span> <span class='ocrx_word' id='word_1_260' title='bbox 1418 2432 1551 2485; x_wconf 89' lang='lat' dir='ltr'><strong>tueri</strong></span> <span class='ocrx_word' id='word_1_261' title='bbox 1583 2442 1885 2498; x_wconf 83' lang='lat' dir='ltr'><strong>nocentem,</strong></span> 
     </span>
    </p>
   </div>
   <div class='ocr_carea' id='block_1_33' title="bbox 316 2501 1888 2569">
    <p class='ocr_par' dir='ltr' id='par_1_33' title="bbox 316 2501 1888 2569">
     <span class='ocr_line' id='line_1_33' title="bbox 316 2501 1888 2569; baseline 0.003 -17"><span class='ocrx_word' id='word_1_262' title='bbox 316 2508 372 2552; x_wconf 88' lang='lat' dir='ltr'><strong>et</strong></span> <span class='ocrx_word' id='word_1_263' title='bbox 397 2501 639 2569; x_wconf 79' lang='lat' dir='ltr'><strong>persequi</strong></span> <span class='ocrx_word' id='word_1_264' title='bbox 672 2501 946 2555; x_wconf 77' lang='lat' dir='ltr'><strong>innoxium</strong></span> <span class='ocrx_word' id='word_1_265' title='bbox 980 2519 994 2555; x_wconf 90' lang='lat'><strong>:</strong></span> <span class='ocrx_word' id='word_1_266' title='bbox 1025 2503 1167 2556; x_wconf 88' lang='lat' dir='ltr'><strong>unde</strong></span> <span class='ocrx_word' id='word_1_267' title='bbox 1199 2517 1317 2556; x_wconf 90' lang='lat' dir='ltr'><strong>cum</strong></span> <span class='ocrx_word' id='word_1_268' title='bbox 1349 2503 1475 2555; x_wconf 86' lang='lat' dir='ltr'><strong>illud</strong></span> <span class='ocrx_word' id='word_1_269' title='bbox 1506 2503 1769 2568; x_wconf 82' lang='lat' dir='ltr'><strong>superiori</strong></span> <span class='ocrx_word' id='word_1_270' title='bbox 1799 2517 1888 2556; x_wconf 89' lang='lat' dir='ltr'><strong>ca-</strong></span> 
     </span>
    </p>
   </div>
   <div class='ocr_carea' id='block_1_34' title="bbox 319 2570 1888 2640">
    <p class='ocr_par' dir='ltr' id='par_1_34' title="bbox 319 2570 1888 2640">
     <span class='ocr_line' id='line_1_34' title="bbox 319 2570 1888 2640; baseline 0.004 -20"><span class='ocrx_word' id='word_1_271' title='bbox 319 2572 427 2639; x_wconf 87' lang='lat' dir='ltr'><strong>pite</strong></span> <span class='ocrx_word' id='word_1_272' title='bbox 456 2570 813 2637; x_wconf 88' lang='lat' dir='ltr'><strong>prohibuisset</strong></span> <span class='ocrx_word' id='word_1_273' title='bbox 843 2572 899 2626; x_wconf 90' lang='lat' dir='ltr'><strong>S.</strong></span> <span class='ocrx_word' id='word_1_274' title='bbox 944 2572 1261 2627; x_wconf 88' lang='lat' dir='ltr'><strong>Benedictus</strong></span> <span class='ocrx_word' id='word_1_275' title='bbox 1285 2612 1300 2636; x_wconf 88' lang='lat'><strong>,</strong></span> <span class='ocrx_word' id='word_1_276' title='bbox 1335 2572 1475 2626; x_wconf 88' lang='lat' dir='ltr'><strong>istud</strong></span> <span class='ocrx_word' id='word_1_277' title='bbox 1508 2573 1756 2640; x_wconf 70' lang='lat' dir='ltr'><strong>praesenti</strong></span> <span class='ocrx_word' id='word_1_278' title='bbox 1796 2588 1888 2626; x_wconf 90' lang='lat' dir='ltr'><strong>ca-</strong></span> 
     </span>
    </p>
   </div>
   <div class='ocr_carea' id='block_1_35' title="bbox 323 2641 1884 2712">
    <p class='ocr_par' dir='ltr' id='par_1_35' title="bbox 323 2641 1884 2712">
     <span class='ocr_line' id='line_1_35' title="bbox 323 2641 1884 2712; baseline 0.004 -22"><span class='ocrx_word' id='word_1_279' title='bbox 323 2643 488 2709; x_wconf 79' lang='lat' dir='ltr'><strong>pitulo</strong></span> <span class='ocrx_word' id='word_1_280' title='bbox 508 2645 764 2712; x_wconf 85' lang='lat' dir='ltr'><strong>damnat:</strong></span> <span class='ocrx_word' id='word_1_281' title='bbox 799 2641 887 2697; x_wconf 90' lang='lat' dir='ltr'><strong>ubi</strong></span> <span class='ocrx_word' id='word_1_282' title='bbox 915 2643 1058 2712; x_wconf 86' lang='lat' dir='ltr'><strong>quod</strong></span> <span class='ocrx_word' id='word_1_283' title='bbox 1087 2643 1155 2697; x_wconf 92' lang='lat' dir='ltr'><strong>ait</strong></span> <span class='ocrx_word' id='word_1_284' title='bbox 1190 2643 1240 2696; x_wconf 93' lang='lat' dir='ltr'><strong>in</strong></span> <span class='ocrx_word' id='word_1_285' title='bbox 1273 2642 1425 2696; x_wconf 86' lang='lat' dir='ltr'><strong>titulo</strong></span> <span class='ocrx_word' id='word_1_286' title='bbox 1455 2644 1664 2710; x_wconf 70' lang='lat' dir='ltr'><strong>passim.</strong></span> <span class='ocrx_word' id='word_1_287' title='bbox 1703 2644 1884 2697; x_wconf 85' lang='lat' dir='ltr'><strong>Ililde-</strong></span> 
     </span>
    </p>
   </div>
   <div class='ocr_carea' id='block_1_36' title="bbox 319 2711 1887 2782">
    <p class='ocr_par' dir='ltr' id='par_1_36' title="bbox 319 2711 1887 2782">
     <span class='ocr_line' id='line_1_36' title="bbox 319 2711 1887 2782; baseline 0.002 -18"><span class='ocrx_word' id='word_1_288' title='bbox 319 2726 497 2782; x_wconf 69' lang='lat' dir='ltr'><strong>murus</strong></span> <span class='ocrx_word' id='word_1_289' title='bbox 540 2711 944 2782; x_wconf 71' lang='lat' dir='ltr'><strong>interpretatur</strong></span> <span class='ocrx_word' id='word_1_290' title='bbox 979 2732 997 2764; x_wconf 75' lang='grc' dir='ltr'>ι</span> <span class='ocrx_word' id='word_1_291' title='bbox 1027 2714 1234 2777; x_wconf 82' lang='lat' dir='ltr'><strong>leviter,</strong></span> <span class='ocrx_word' id='word_1_292' title='bbox 1282 2713 1657 2782; x_wconf 66' lang='lat' dir='ltr'><strong>praesumptive</strong></span> <span class='ocrx_word' id='word_1_293' title='bbox 1684 2753 1699 2776; x_wconf 92' lang='lat'><strong>,</strong></span> <span class='ocrx_word' id='word_1_294' title='bbox 1733 2723 1887 2781; x_wconf 82' lang='lat' dir='ltr'><strong>prout</strong></span> 
     </span>
    </p>
   </div>
   <div class='ocr_carea' id='block_1_37' title="bbox 318 2781 1883 2855">
    <p class='ocr_par' dir='ltr' id='par_1_37' title="bbox 318 2781 1883 2855">
     <span class='ocr_line' id='line_1_37' title="bbox 318 2781 1883 2855; baseline 0.001 -21"><span class='ocrx_word' id='word_1_295' title='bbox 318 2781 439 2848; x_wconf 82' lang='lat' dir='ltr'><strong>quis</strong></span> <span class='ocrx_word' id='word_1_296' title='bbox 465 2781 599 2855; x_wconf 81' lang='lat' dir='ltr'><strong>vult.</strong></span> <span class='ocrx_word' id='word_1_297' title='bbox 630 2786 790 2851; x_wconf 81' lang='lat' dir='ltr'><strong>vulgo</strong></span> <span class='ocrx_word' id='word_1_298' title='bbox 818 2784 981 2855; x_wconf 81' lang='lat'><strong>885</strong></span> <span class='ocrx_word' id='word_1_299' title='bbox 1013 2782 1236 2853; x_wconf 91' lang='lat' dir='ltr'><strong>ubique;</strong></span> <span class='ocrx_word' id='word_1_300' title='bbox 1272 2801 1290 2855; x_wconf 58' lang='grc' dir='ltr'><strong>ξ</strong></span> <span class='ocrx_word' id='word_1_301' title='bbox 1331 2783 1655 2855; x_wconf 80' lang='lat' dir='ltr'><strong>Sntaragdus</strong></span> <span class='ocrx_word' id='word_1_302' title='bbox 1689 2800 1718 2855; x_wconf 20' lang='grc' dir='ltr'><strong>«Α</strong></span> <span class='ocrx_word' id='word_1_303' title='bbox 1740 2786 1883 2836; x_wconf 82' lang='lat' dir='ltr'><strong>inar-</strong></span> 
     </span>
    </p>
   </div>
   <div class='ocr_carea' id='block_1_38' title="bbox 320 2853 1887 2922">
    <p class='ocr_par' dir='ltr' id='par_1_38' title="bbox 320 2853 1887 2922">
     <span class='ocr_line' id='line_1_38' title="bbox 320 2853 1887 2922; baseline 0.001 -18"><span class='ocrx_word' id='word_1_304' title='bbox 320 2855 524 2911; x_wconf 84' lang='lat' dir='ltr'><strong>dinate.</strong></span> <span class='ocrx_word' id='word_1_305' title='bbox 556 2853 863 2922; x_wconf 69' lang='lat' dir='ltr'><strong>incongrue.</strong></span> <span class='ocrx_word' id='word_1_306' title='bbox 887 2853 1075 2910; x_wconf 60' lang='lat' dir='ltr'><strong>et&#39;sine</strong></span> <span class='ocrx_word' id='word_1_307' title='bbox 1103 2854 1325 2909; x_wconf 84' lang='lat' dir='ltr'><strong>rationis</strong></span> <span class='ocrx_word' id='word_1_308' title='bbox 1352 2856 1543 2918; x_wconf 88' lang='lat' dir='ltr'><strong>modo;</strong></span> <span class='ocrx_word' id='word_1_309' title='bbox 1577 2873 1595 2905; x_wconf 72' lang='grc' dir='ltr'><strong><em>ι</em></strong></span> <span class='ocrx_word' id='word_1_310' title='bbox 1630 2853 1887 2907; x_wconf 81' lang='lat' dir='ltr'><strong>Boherius</strong></span> 
     </span>
    </p>
   </div>
   <div class='ocr_carea' id='block_1_39' title="bbox 326 2922 1886 2994">
    <p class='ocr_par' dir='ltr' id='par_1_39' title="bbox 326 2922 1886 2994">
     <span class='ocr_line' id='line_1_39' title="bbox 326 2922 1886 2994; baseline 0.004 -22"><span class='ocrx_word' id='word_1_311' title='bbox 326 2940 345 2972; x_wconf 74' lang='grc' dir='ltr'>ι</span> <span class='ocrx_word' id='word_1_312' title='bbox 384 2922 693 2994; x_wconf 77' lang='lat' dir='ltr'><strong>indiscrete,</strong></span> <span class='ocrx_word' id='word_1_313' title='bbox 740 2924 1111 2994; x_wconf 78' lang='lat' dir='ltr'><strong>indill&#39;erenter</strong></span> <span class='ocrx_word' id='word_1_314' title='bbox 1138 2963 1153 2988; x_wconf 90' lang='lat'><strong>,</strong></span> <span class='ocrx_word' id='word_1_315' title='bbox 1182 2923 1628 2994; x_wconf 87' lang='lat' dir='ltr'><strong>quandocunque.</strong></span> <span class='ocrx_word' id='word_1_316' title='bbox 1670 2943 1687 2974; x_wconf 74' lang='grc' dir='ltr'><strong><em>ι</em></strong></span> <span class='ocrx_word' id='word_1_317' title='bbox 1726 2924 1886 2992; x_wconf 85' lang='lat' dir='ltr'><strong>quue</strong></span> 
     </span>
    </p>
   </div>
   <div class='ocr_carea' id='block_1_40' title="bbox 323 2992 1880 3062">
    <p class='ocr_par' dir='ltr' id='par_1_40' title="bbox 323 2992 1880 3062">
     <span class='ocr_line' id='line_1_40' title="bbox 323 2992 1880 3062; baseline 0.001 -17"><span class='ocrx_word' id='word_1_318' title='bbox 323 2992 624 3047; x_wconf 82' lang='lat' dir='ltr'><strong>secundum</strong></span> <span class='ocrx_word' id='word_1_319' title='bbox 658 2993 1016 3049; x_wconf 83' lang='lat' dir='ltr'><strong>Hildeniarum</strong></span> <span class='ocrx_word' id='word_1_320' title='bbox 1048 3005 1151 3048; x_wconf 90' lang='lat' dir='ltr'><strong>tam</strong></span> <span class='ocrx_word' id='word_1_321' title='bbox 1183 2992 1427 3049; x_wconf 80' lang='lat' dir='ltr'><strong>abbatem</strong></span> <span class='ocrx_word' id='word_1_322' title='bbox 1459 2992 1677 3062; x_wconf 85' lang='lat' dir='ltr'><strong>respicit</strong></span> <span class='ocrx_word' id='word_1_323' title='bbox 1724 3010 1880 3060; x_wconf 89' lang='lat' dir='ltr'><strong>quam</strong></span> 
     </span>
    </p>
   </div>
   <div class='ocr_carea' id='block_1_41' title="bbox 1994 2432 3555 2502">
    <p class='ocr_par' dir='ltr' id='par_1_41' title="bbox 1994 2432 3555 2502">
     <span class='ocr_line' id='line_1_41' title="bbox 1994 2432 3555 2502; baseline 0.004 -17"><span class='ocrx_word' id='word_1_324' title='bbox 1994 2446 2114 2485; x_wconf 92' lang='lat' dir='ltr'><strong>cum</strong></span> <span class='ocrx_word' id='word_1_325' title='bbox 2148 2432 2236 2485; x_wconf 90' lang='lat' dir='ltr'><strong>illa</strong></span> <span class='ocrx_word' id='word_1_326' title='bbox 2268 2433 2493 2486; x_wconf 66' lang='lat' dir='ltr'><strong>Matthaai</strong></span> <span class='ocrx_word' id='word_1_327' title='bbox 2527 2434 2786 2487; x_wconf 84' lang='lat' dir='ltr'><strong>sententia</strong></span> <span class='ocrx_word' id='word_1_328' title='bbox 2816 2450 2827 2485; x_wconf 91' lang='lat'>:</span> <span class='ocrx_word' id='word_1_329' title='bbox 2861 2433 2921 2489; x_wconf 87' lang='lat' dir='ltr'><strong>Si</strong></span> <span class='ocrx_word' id='word_1_330' title='bbox 2950 2437 3222 2502; x_wconf 73' lang='lat' dir='ltr'><strong>peccaverit</strong></span> <span class='ocrx_word' id='word_1_331' title='bbox 3248 2438 3300 2489; x_wconf 85' lang='lat' dir='ltr'><strong>in</strong></span> <span class='ocrx_word' id='word_1_332' title='bbox 3328 2446 3376 2491; x_wconf 87' lang='lat' dir='ltr'><strong>te</strong></span> <span class='ocrx_word' id='word_1_333' title='bbox 3398 2438 3555 2502; x_wconf 78' lang='lat' dir='ltr'><strong>frater</strong></span> 
     </span>
    </p>
   </div>
   <div class='ocr_carea' id='block_1_42' title="bbox 1996 2503 3554 2578">
    <p class='ocr_par' dir='ltr' id='par_1_42' title="bbox 1996 2503 3554 2578">
     <span class='ocr_line' id='line_1_42' title="bbox 1996 2503 3554 2578; baseline 0.006 -25"><span class='ocrx_word' id='word_1_334' title='bbox 1996 2511 2143 2578; x_wconf 47' lang='lat' dir='ltr'><strong>tuus,</strong></span> <span class='ocrx_word' id='word_1_335' title='bbox 2171 2503 2365 2578; x_wconf 62' lang='lat' dir='ltr'><strong>corripe</strong></span> <span class='ocrx_word' id='word_1_336' title='bbox 2393 2520 2508 2578; x_wconf 67' lang='lat' dir='ltr'><strong>eum</strong></span> <span class='ocrx_word' id='word_1_337' title='bbox 2532 2505 2661 2578; x_wconf 72' lang='lat' dir='ltr'><strong>inter</strong></span> <span class='ocrx_word' id='word_1_338' title='bbox 2688 2514 2735 2578; x_wconf 75' lang='lat' dir='ltr'><strong>te</strong></span> <span class='ocrx_word' id='word_1_339' title='bbox 2762 2517 2809 2556; x_wconf 83' lang='lat' dir='ltr'><strong>et</strong></span> <span class='ocrx_word' id='word_1_340' title='bbox 2838 2505 3198 2578; x_wconf 63' lang='lat' dir='ltr'><strong>ipsumsolum</strong></span> <span class='ocrx_word' id='word_1_341' title='bbox 3228 2506 3430 2578; x_wconf 88' lang='lat' dir='ltr'><strong>(Serm.</strong></span> <span class='ocrx_word' id='word_1_342' title='bbox 3457 2508 3554 2572; x_wconf 72' lang='lat'><strong>82.</strong></span> 
     </span>
    </p>
   </div>
   <div class='ocr_carea' id='block_1_43' title="bbox 1991 2571 3552 2643">
    <p class='ocr_par' dir='ltr' id='par_1_43' title="bbox 1991 2571 3552 2643">
     <span class='ocr_line' id='line_1_43' title="bbox 1991 2571 3552 2643; baseline 0.006 -20"><span class='ocrx_word' id='word_1_343' title='bbox 1991 2577 2053 2626; x_wconf 86' lang='lat' dir='ltr'><strong>de</strong></span> <span class='ocrx_word' id='word_1_344' title='bbox 2081 2572 2273 2642; x_wconf 81' lang='lat' dir='ltr'><strong>Script.</strong></span> <span class='ocrx_word' id='word_1_345' title='bbox 2294 2571 2335 2643; x_wconf 92' lang='lat'><strong>).</strong></span> <span class='ocrx_word' id='word_1_346' title='bbox 2365 2592 2384 2624; x_wconf 71' lang='grc' dir='ltr'><em>ς</em></span> <span class='ocrx_word' id='word_1_347' title='bbox 2411 2575 2558 2642; x_wconf 86' lang='lat' dir='ltr'><strong>Ipsa,</strong></span> <span class='ocrx_word' id='word_1_348' title='bbox 2591 2574 2787 2639; x_wconf 85' lang='lat' dir='ltr'><strong>inquit,</strong></span> <span class='ocrx_word' id='word_1_349' title='bbox 2834 2576 3168 2642; x_wconf 80' lang='lat' dir='ltr'><strong>corripienda</strong></span> <span class='ocrx_word' id='word_1_350' title='bbox 3210 2571 3335 2631; x_wconf 80' lang='lat' dir='ltr'><strong>sunt</strong></span> <span class='ocrx_word' id='word_1_351' title='bbox 3370 2571 3552 2633; x_wconf 85' lang='lat' dir='ltr'><strong>coram</strong></span> 
     </span>
    </p>
   </div>
   <div class='ocr_carea' id='block_1_44' title="bbox 1989 2643 3559 2715">
    <p class='ocr_par' dir='ltr' id='par_1_44' title="bbox 1989 2643 3559 2715">
     <span class='ocr_line' id='line_1_44' title="bbox 1989 2643 3559 2715; baseline 0.004 -20"><span class='ocrx_word' id='word_1_352' title='bbox 1989 2643 2241 2715; x_wconf 75' lang='lat' dir='ltr'><strong>omnibus</strong></span> <span class='ocrx_word' id='word_1_353' title='bbox 2260 2684 2274 2707; x_wconf 92' lang='lat'><strong>,</strong></span> <span class='ocrx_word' id='word_1_354' title='bbox 2304 2660 2423 2710; x_wconf 65' lang='lat' dir='ltr'><strong>quae</strong></span> <span class='ocrx_word' id='word_1_355' title='bbox 2452 2655 2740 2714; x_wconf 87' lang='lat' dir='ltr'><strong>peccantur</strong></span> <span class='ocrx_word' id='word_1_356' title='bbox 2769 2659 2948 2698; x_wconf 90' lang='lat' dir='ltr'><strong>coram</strong></span> <span class='ocrx_word' id='word_1_357' title='bbox 2987 2646 3255 2700; x_wconf 87' lang='lat' dir='ltr'><strong>omnibus.</strong></span> <span class='ocrx_word' id='word_1_358' title='bbox 3294 2647 3410 2715; x_wconf 87' lang='lat' dir='ltr'><strong>Ipsa</strong></span> <span class='ocrx_word' id='word_1_359' title='bbox 3439 2665 3559 2703; x_wconf 87' lang='lat' dir='ltr'><strong>cor—</strong></span> 
     </span>
    </p>
   </div>
   <div class='ocr_carea' id='block_1_45' title="bbox 1993 2712 3555 2783">
    <p class='ocr_par' dir='ltr' id='par_1_45' title="bbox 1993 2712 3555 2783">
     <span class='ocr_line' id='line_1_45' title="bbox 1993 2712 3555 2783; baseline 0.004 -16"><span class='ocrx_word' id='word_1_360' title='bbox 1993 2712 2228 2780; x_wconf 86' lang='lat' dir='ltr'><strong>ripienda</strong></span> <span class='ocrx_word' id='word_1_361' title='bbox 2257 2725 2379 2767; x_wconf 90' lang='lat' dir='ltr'><strong>sunt</strong></span> <span class='ocrx_word' id='word_1_362' title='bbox 2409 2712 2644 2776; x_wconf 73' lang='lat' dir='ltr'><strong>secrete.</strong></span> <span class='ocrx_word' id='word_1_363' title='bbox 2675 2729 2794 2783; x_wconf 65' lang='lat' dir='ltr'><strong>quae</strong></span> <span class='ocrx_word' id='word_1_364' title='bbox 2822 2725 3107 2783; x_wconf 81' lang='lat' dir='ltr'><strong>peccantur</strong></span> <span class='ocrx_word' id='word_1_365' title='bbox 3130 2712 3409 2773; x_wconf 81' lang='lat' dir='ltr'><strong>secretius.</strong></span> <span class='ocrx_word' id='word_1_366' title='bbox 3443 2719 3555 2774; x_wconf 83' lang='lat' dir='ltr'><strong>Dis-</strong></span> 
     </span>
    </p>
   </div>
   <div class='ocr_carea' id='block_1_46' title="bbox 1993 2782 3561 2855">
    <p class='ocr_par' dir='ltr' id='par_1_46' title="bbox 1993 2782 3561 2855">
     <span class='ocr_line' id='line_1_46' title="bbox 1993 2782 3561 2855; baseline 0.006 -20"><span class='ocrx_word' id='word_1_367' title='bbox 1993 2782 2209 2855; x_wconf 76' lang='lat' dir='ltr'><strong>tribuite</strong></span> <span class='ocrx_word' id='word_1_368' title='bbox 2261 2794 2536 2850; x_wconf 85' lang='lat' dir='ltr'><strong>tempora,</strong></span> <span class='ocrx_word' id='word_1_369' title='bbox 2588 2795 2640 2839; x_wconf 88' lang='lat' dir='ltr'><strong>et</strong></span> <span class='ocrx_word' id='word_1_370' title='bbox 2688 2782 2981 2838; x_wconf 80' lang='lat' dir='ltr'><strong>Concurdat</strong></span> <span class='ocrx_word' id='word_1_371' title='bbox 3026 2786 3323 2855; x_wconf 87' lang='lat' dir='ltr'><strong>Scriptura.</strong></span> <span class='ocrx_word' id='word_1_372' title='bbox 3355 2806 3374 2841; x_wconf 74' lang='grc' dir='ltr'>ι</span> <span class='ocrx_word' id='word_1_373' title='bbox 3410 2789 3561 2844; x_wconf 81' lang='lat' dir='ltr'><strong>Hunc</strong></span> 
     </span>
    </p>
   </div>
   <div class='ocr_carea' id='block_1_47' title="bbox 1990 2854 3558 2925">
    <p class='ocr_par' dir='ltr' id='par_1_47' title="bbox 1990 2854 3558 2925">
     <span class='ocr_line' id='line_1_47' title="bbox 1990 2854 3558 2925; baseline 0.004 -18"><span class='ocrx_word' id='word_1_374' title='bbox 1990 2854 2149 2907; x_wconf 91' lang='lat' dir='ltr'><strong>etiam</strong></span> <span class='ocrx_word' id='word_1_375' title='bbox 2194 2854 2407 2925; x_wconf 65' lang='lat' dir='ltr'><strong>Regula:</strong></span> <span class='ocrx_word' id='word_1_376' title='bbox 2449 2856 2620 2909; x_wconf 91' lang='lat' dir='ltr'><strong>locum</strong></span> <span class='ocrx_word' id='word_1_377' title='bbox 2663 2855 2730 2909; x_wconf 91' lang='lat' dir='ltr'><strong>de</strong></span> <span class='ocrx_word' id='word_1_378' title='bbox 2770 2856 3002 2921; x_wconf 81' lang='lat' dir='ltr'><strong>peccatis</strong></span> <span class='ocrx_word' id='word_1_379' title='bbox 3041 2854 3263 2923; x_wconf 88' lang='lat' dir='ltr'><strong>publicis</strong></span> <span class='ocrx_word' id='word_1_380' title='bbox 3296 2858 3558 2925; x_wconf 80' lang='lat' dir='ltr'><strong>interpre-</strong></span> 
     </span>
    </p>
   </div>
   <div class='ocr_carea' id='block_1_48' title="bbox 1996 2924 3559 2998">
    <p class='ocr_par' dir='ltr' id='par_1_48' title="bbox 1996 2924 3559 2998">
     <span class='ocr_line' id='line_1_48' title="bbox 1996 2924 3559 2998; baseline 0.005 -23"><span class='ocrx_word' id='word_1_381' title='bbox 1996 2924 2559 2998; x_wconf 73' lang='lat' dir='ltr'><strong>tantur_Stu:tragdus.</strong></span> <span class='ocrx_word' id='word_1_382' title='bbox 2593 2925 2888 2998; x_wconf 75' lang='lat' dir='ltr'><strong>Richardus</strong></span> <span class='ocrx_word' id='word_1_383' title='bbox 2911 2926 2991 2998; x_wconf 86' lang='lat' dir='ltr'><strong>_de</strong></span> <span class='ocrx_word' id='word_1_384' title='bbox 3028 2926 3084 2984; x_wconf 89' lang='lat' dir='ltr'><strong>S.</strong></span> <span class='ocrx_word' id='word_1_385' title='bbox 3118 2929 3355 2998; x_wconf 72' lang='lat' dir='ltr'><strong>Angela,</strong></span> <span class='ocrx_word' id='word_1_386' title='bbox 3390 2924 3559 2984; x_wconf 77' lang='lat' dir='ltr'><strong>Balte-</strong></span> 
     </span>
    </p>
   </div>
   <div class='ocr_carea' id='block_1_49' title="bbox 1991 2993 3553 3070">
    <p class='ocr_par' dir='ltr' id='par_1_49' title="bbox 1991 2993 3553 3070">
     <span class='ocr_line' id='line_1_49' title="bbox 1991 2993 3553 3070; baseline 0.005 -24"><span class='ocrx_word' id='word_1_387' title='bbox 1991 2994 2136 3070; x_wconf 68' lang='lat' dir='ltr'><strong>rius,</strong></span> <span class='ocrx_word' id='word_1_388' title='bbox 2171 2993 2880 3070; x_wconf 57' lang='lat' dir='ltr'><strong>Turrgcremata,Matthias</strong></span> <span class='ocrx_word' id='word_1_389' title='bbox 2910 2993 3249 3070; x_wconf 71' lang='lat' dir='ltr'><strong>Lambertus.</strong></span> <span class='ocrx_word' id='word_1_390' title='bbox 3282 3001 3455 3070; x_wconf 82' lang='lat' dir='ltr'><strong>Atque</strong></span> <span class='ocrx_word' id='word_1_391' title='bbox 3487 3001 3553 3054; x_wconf 78' lang='lat' dir='ltr'><strong>ita</strong></span> 
     </span>
    </p>
   </div>
   <div class='ocr_carea' id='block_1_50' title="bbox 322 3053 3552 3139">
    <p class='ocr_par' dir='ltr' id='par_1_50' title="bbox 322 3053 3552 3139">
     <span class='ocr_line' id='line_1_50' title="bbox 322 3053 3552 3139; baseline 0.002 -24"><span class='ocrx_word' id='word_1_392' title='bbox 322 3076 421 3139; x_wconf 60' lang='lat' dir='ltr'><strong>eos</strong></span> <span class='ocrx_word' id='word_1_393' title='bbox 468 3062 659 3139; x_wconf 73' lang='lat' dir='ltr'><strong>quibus</strong></span> <span class='ocrx_word' id='word_1_394' title='bbox 690 3064 1269 3139; x_wconf 78' lang='lat' dir='ltr'><strong>excommunicandiet</strong></span> <span class='ocrx_word' id='word_1_395' title='bbox 1296 3053 1884 3139; x_wconf 51' lang='lat' dir='ltr'><strong>cadendi&#39;potest&#39;atem</strong></span> <span class='ocrx_word' id='word_1_396' title='bbox 1914 3053 1962 3117; x_wconf 82' lang='lat' dir='ltr'><strong>C</strong></span> <span class='ocrx_word' id='word_1_397' title='bbox 1993 3065 2043 3117; x_wconf 90' lang='lat' dir='ltr'><strong>in</strong></span> <span class='ocrx_word' id='word_1_398' title='bbox 2078 3053 2279 3139; x_wconf 73' lang='lat' dir='ltr'><strong>Regula</strong></span> <span class='ocrx_word' id='word_1_399' title='bbox 2307 3053 2619 3139; x_wconf 69' lang='lat' dir='ltr'><strong>Tarnatensi</strong></span> <span class='ocrx_word' id='word_1_400' title='bbox 2651 3067 2956 3139; x_wconf 60' lang='lat' dir='ltr'><strong>decernitur</strong></span> <span class='ocrx_word' id='word_1_401' title='bbox 2988 3066 3135 3138; x_wconf 85' lang='lat' dir='ltr'><strong>(Cap.</strong></span> <span class='ocrx_word' id='word_1_402' title='bbox 3163 3070 3251 3137; x_wconf 83' lang='lat'><strong>8).</strong></span> <span class='ocrx_word' id='word_1_403' title='bbox 3281 3053 3385 3123; x_wconf 75' lang='lat' dir='ltr'><strong>uti</strong></span> <span class='ocrx_word' id='word_1_404' title='bbox 3416 3086 3552 3139; x_wconf 69' lang='lat' dir='ltr'><strong>quat-</strong></span> 
     </span>
    </p>
   </div>
   <div class='ocr_carea' id='block_1_51' title="bbox 323 3131 1891 3205">
    <p class='ocr_par' dir='ltr' id='par_1_51' title="bbox 323 3131 1891 3205">
     <span class='ocr_line' id='line_1_51' title="bbox 323 3131 1891 3205; baseline 0.003 -21"><span class='ocrx_word' id='word_1_405' title='bbox 323 3131 470 3205; x_wconf 79' lang='lat' dir='ltr'><strong>fecit,</strong></span> <span class='ocrx_word' id='word_1_406' title='bbox 498 3134 1096 3205; x_wconf 5' lang='lat' dir='ltr'><strong>aliusvepquoscunque,</strong></span> <span class='ocrx_word' id='word_1_407' title='bbox 1121 3137 1211 3205; x_wconf 89' lang='lat' dir='ltr'><strong>qui</strong></span> <span class='ocrx_word' id='word_1_408' title='bbox 1246 3150 1341 3203; x_wconf 86' lang='lat' dir='ltr'><strong>pro</strong></span> <span class='ocrx_word' id='word_1_409' title='bbox 1371 3136 1545 3201; x_wconf 89' lang='lat' dir='ltr'><strong>libitu,</strong></span> <span class='ocrx_word' id='word_1_410' title='bbox 1573 3131 1784 3195; x_wconf 84' lang='lat' dir='ltr'><strong>leviter.</strong></span> <span class='ocrx_word' id='word_1_411' title='bbox 1813 3136 1891 3189; x_wconf 85' lang='lat' dir='ltr'><strong>in-</strong></span> 
     </span>
    </p>
   </div>
   <div class='ocr_carea' id='block_1_52' title="bbox 323 3202 1893 3275">
    <p class='ocr_par' dir='ltr' id='par_1_52' title="bbox 323 3202 1893 3275">
     <span class='ocr_line' id='line_1_52' title="bbox 323 3202 1893 3275; baseline 0.004 -23"><span class='ocrx_word' id='word_1_412' title='bbox 323 3204 565 3275; x_wconf 81' lang='lat' dir='ltr'><strong>ordinate</strong></span> <span class='ocrx_word' id='word_1_413' title='bbox 592 3202 1061 3275; x_wconf 56' lang='lat' dir='ltr'><strong>indiderenterq&#39;ne</strong></span> <span class='ocrx_word' id='word_1_414' title='bbox 1087 3202 1295 3259; x_wconf 72' lang='lat' dir='ltr'><strong>czedere</strong></span> <span class='ocrx_word' id='word_1_415' title='bbox 1316 3214 1409 3259; x_wconf 88' lang='lat' dir='ltr'><strong>aut</strong></span> <span class='ocrx_word' id='word_1_416' title='bbox 1431 3205 1893 3260; x_wconf 86' lang='lat' dir='ltr'><strong>exconnnunicare</strong></span> 
     </span>
    </p>
   </div>
   <div class='ocr_carea' id='block_1_53' title="bbox 325 3274 1891 3345">
    <p class='ocr_par' dir='ltr' id='par_1_53' title="bbox 325 3274 1891 3345">
     <span class='ocr_line' id='line_1_53' title="bbox 325 3274 1891 3345; baseline 0.004 -22"><span class='ocrx_word' id='word_1_417' title='bbox 325 3274 520 3345; x_wconf 86' lang='lat' dir='ltr'><strong>debent</strong></span> <span class='ocrx_word' id='word_1_418' title='bbox 550 3276 950 3339; x_wconf 88' lang='lat' dir='ltr'><strong>netninem,sed</strong></span> <span class='ocrx_word' id='word_1_419' title='bbox 977 3275 1152 3329; x_wconf 86' lang='lat' dir='ltr'><strong>omnia</strong></span> <span class='ocrx_word' id='word_1_420' title='bbox 1168 3290 1287 3330; x_wconf 92' lang='lat' dir='ltr'><strong>cum</strong></span> <span class='ocrx_word' id='word_1_421' title='bbox 1312 3276 1543 3345; x_wconf 76' lang='lat' dir='ltr'><strong>pondere</strong></span> <span class='ocrx_word' id='word_1_422' title='bbox 1564 3288 1614 3329; x_wconf 89' lang='lat' dir='ltr'><strong>et</strong></span> <span class='ocrx_word' id='word_1_423' title='bbox 1642 3289 1891 3332; x_wconf 69' lang='lat' dir='ltr'><strong>mensura</strong></span> 
     </span>
    </p>
   </div>
   <div class='ocr_carea' id='block_1_54' title="bbox 326 3344 521 3396">
    <p class='ocr_par' dir='ltr' id='par_1_54' title="bbox 326 3344 521 3396">
     <span class='ocr_line' id='line_1_54' title="bbox 326 3344 521 3396; baseline 0.01 -2"><span class='ocrx_word' id='word_1_424' title='bbox 326 3344 521 3396; x_wconf 79' lang='lat' dir='ltr'><strong>facere.</strong></span> 
     </span>
    </p>
   </div>
   <div class='ocr_carea' id='block_1_55' title="bbox 409 3412 1894 3488">
    <p class='ocr_par' dir='ltr' id='par_1_55' title="bbox 409 3412 1894 3488">
     <span class='ocr_line' id='line_1_55' title="bbox 409 3412 1894 3488; baseline 0.003 -24"><span class='ocrx_word' id='word_1_425' title='bbox 409 3412 608 3467; x_wconf 80' lang='lat' dir='ltr'><strong>Veietur</strong></span> <span class='ocrx_word' id='word_1_426' title='bbox 624 3414 679 3488; x_wconf 78' lang='lat' dir='ltr'><strong>in</strong></span> <span class='ocrx_word' id='word_1_427' title='bbox 707 3416 1009 3469; x_wconf 72' lang='lat' dir='ltr'><strong>monasterio</strong></span> <span class='ocrx_word' id='word_1_428' title='bbox 1033 3416 1201 3488; x_wconf 69' lang='lat' dir='ltr'><strong>omnis</strong></span> <span class='ocrx_word' id='word_1_429' title='bbox 1223 3416 1629 3488; x_wconf 75' lang='lat' dir='ltr'><strong>prwsamptionis</strong></span> <span class='ocrx_word' id='word_1_430' title='bbox 1651 3414 1894 3488; x_wconf 61' lang='grc' dir='ltr'><strong>σωρεία]</strong></span> 
     </span>
    </p>
   </div>
   <div class='ocr_carea' id='block_1_56' title="bbox 331 3484 1893 3554">
    <p class='ocr_par' dir='ltr' id='par_1_56' title="bbox 331 3484 1893 3554">
     <span class='ocr_line' id='line_1_56' title="bbox 331 3484 1893 3554; baseline 0.003 -18"><span class='ocrx_word' id='word_1_431' title='bbox 331 3485 442 3536; x_wconf 83' lang='lat' dir='ltr'><strong>Hoc</strong></span> <span class='ocrx_word' id='word_1_432' title='bbox 482 3484 772 3537; x_wconf 79' lang='lat' dir='ltr'><strong>tttctttbrttm</strong></span> <span class='ocrx_word' id='word_1_433' title='bbox 795 3526 810 3549; x_wconf 92' lang='lat'><strong>,</strong></span> <span class='ocrx_word' id='word_1_434' title='bbox 847 3499 901 3538; x_wconf 93' lang='lat' dir='ltr'><strong>ut</strong></span> <span class='ocrx_word' id='word_1_435' title='bbox 939 3486 1127 3539; x_wconf 77' lang='lat' dir='ltr'><strong>scribit</strong></span> <span class='ocrx_word' id='word_1_436' title='bbox 1159 3484 1473 3549; x_wconf 72' lang='lat' dir='ltr'><strong>Menarilus,</strong></span> <span class='ocrx_word' id='word_1_437' title='bbox 1507 3496 1591 3539; x_wconf 89' lang='lat' dir='ltr'><strong>est</strong></span> <span class='ocrx_word' id='word_1_438' title='bbox 1628 3484 1893 3554; x_wconf 70' lang='lat' dir='ltr'><strong>quoddam</strong></span> 
     </span>
    </p>
   </div>
   <div class='ocr_carea' id='block_1_57' title="bbox 326 3556 1611 3624">
    <p class='ocr_par' dir='ltr' id='par_1_57' title="bbox 326 3556 1611 3624">
     <span class='ocr_line' id='line_1_57' title="bbox 326 3556 1611 3624; baseline 0.002 -16"><span class='ocrx_word' id='word_1_439' title='bbox 326 3556 571 3624; x_wconf 77' lang='lat' dir='ltr'><strong>generale</strong></span> <span class='ocrx_word' id='word_1_440' title='bbox 601 3558 830 3608; x_wconf 87' lang='lat' dir='ltr'><strong>edictum</strong></span> <span class='ocrx_word' id='word_1_441' title='bbox 861 3557 924 3608; x_wconf 85' lang='lat' dir='ltr'><strong>ad</strong></span> <span class='ocrx_word' id='word_1_442' title='bbox 960 3556 1231 3623; x_wconf 84' lang='lat' dir='ltr'><strong>sequentia</strong></span> <span class='ocrx_word' id='word_1_443' title='bbox 1272 3556 1611 3610; x_wconf 82' lang='lat' dir='ltr'><strong>stabilienda.</strong></span> 
     </span>
    </p>
   </div>
   <div class='ocr_carea' id='block_1_58' title="bbox 400 3626 1897 3696">
    <p class='ocr_par' dir='ltr' id='par_1_58' title="bbox 400 3626 1897 3696">
     <span class='ocr_line' id='line_1_58' title="bbox 400 3626 1897 3696; baseline 0.003 -20"><span class='ocrx_word' id='word_1_444' title='bbox 400 3627 778 3691; x_wconf 74' lang='lat' dir='ltr'><strong>Constituinms,</strong></span> <span class='ocrx_word' id='word_1_445' title='bbox 810 3636 861 3677; x_wconf 86' lang='lat' dir='ltr'><strong>ut</strong></span> <span class='ocrx_word' id='word_1_446' title='bbox 884 3626 1013 3696; x_wconf 75' lang='lat' dir='ltr'><strong>nulli</strong></span> <span class='ocrx_word' id='word_1_447' title='bbox 1031 3628 1177 3679; x_wconf 81' lang='lat' dir='ltr'><strong>liceat</strong></span> <span class='ocrx_word' id='word_1_448' title='bbox 1202 3642 1503 3695; x_wconf 77' lang='lat' dir='ltr'><strong>quamquam</strong></span> <span class='ocrx_word' id='word_1_449' title='bbox 1533 3628 1751 3696; x_wconf 76' lang='lat' dir='ltr'><strong>fratrum</strong></span> <span class='ocrx_word' id='word_1_450' title='bbox 1780 3644 1897 3680; x_wconf 77' lang='lat' dir='ltr'><strong>suo-</strong></span> 
     </span>
    </p>
   </div>
   <div class='ocr_carea' id='block_1_59' title="bbox 328 3695 1893 3768">
    <p class='ocr_par' dir='ltr' id='par_1_59' title="bbox 328 3695 1893 3768">
     <span class='ocr_line' id='line_1_59' title="bbox 328 3695 1893 3768; baseline 0.004 -21"><span class='ocrx_word' id='word_1_451' title='bbox 328 3711 439 3748; x_wconf 84' lang='lat' dir='ltr'><strong>rum</strong></span> <span class='ocrx_word' id='word_1_452' title='bbox 491 3695 967 3768; x_wconf 65' lang='lat' dir='ltr'><strong>excopiiinunicare.]</strong></span> <span class='ocrx_word' id='word_1_453' title='bbox 1011 3696 1134 3752; x_wconf 87' lang='lat' dir='ltr'><strong>Sive</strong></span> <span class='ocrx_word' id='word_1_454' title='bbox 1180 3710 1394 3766; x_wconf 87' lang='lat' dir='ltr'><strong>propter</strong></span> <span class='ocrx_word' id='word_1_455' title='bbox 1458 3695 1723 3765; x_wconf 86' lang='lat' dir='ltr'><strong>majores,</strong></span> <span class='ocrx_word' id='word_1_456' title='bbox 1780 3700 1893 3753; x_wconf 85' lang='lat' dir='ltr'><strong>sive</strong></span> 
     </span>
    </p>
   </div>
   <div class='ocr_carea' id='block_1_60' title="bbox 333 3765 1044 3835">
    <p class='ocr_par' dir='ltr' id='par_1_60' title="bbox 333 3765 1044 3835">
     <span class='ocr_line' id='line_1_60' title="bbox 333 3765 1044 3835; baseline 0.006 -20"><span class='ocrx_word' id='word_1_457' title='bbox 333 3774 551 3834; x_wconf 78' lang='lat' dir='ltr'><strong>propter</strong></span> <span class='ocrx_word' id='word_1_458' title='bbox 580 3765 814 3835; x_wconf 78' lang='lat' dir='ltr'><strong>minores</strong></span> <span class='ocrx_word' id='word_1_459' title='bbox 842 3765 1044 3835; x_wconf 80' lang='lat' dir='ltr'><strong>culpas.</strong></span> 
     </span>
    </p>
   </div>
   <div class='ocr_carea' id='block_1_61' title="bbox 402 3833 1895 3908">
    <p class='ocr_par' dir='ltr' id='par_1_61' title="bbox 402 3833 1895 3908">
     <span class='ocr_line' id='line_1_61' title="bbox 402 3833 1895 3908; baseline 0.003 -20"><span class='ocrx_word' id='word_1_460' title='bbox 402 3838 502 3888; x_wconf 80' lang='lat' dir='ltr'><strong>Aut</strong></span> <span class='ocrx_word' id='word_1_461' title='bbox 528 3833 767 3908; x_wconf 65' lang='lat' dir='ltr'><strong>eadem]</strong></span> <span class='ocrx_word' id='word_1_462' title='bbox 797 3837 920 3892; x_wconf 87' lang='lat' dir='ltr'><strong>Sive</strong></span> <span class='ocrx_word' id='word_1_463' title='bbox 935 3833 1036 3906; x_wconf 85' lang='lat' dir='ltr'><strong>per</strong></span> <span class='ocrx_word' id='word_1_464' title='bbox 1061 3836 1280 3908; x_wconf 12' lang='lat' dir='ltr'><strong>se,rsi_ve</strong></span> <span class='ocrx_word' id='word_1_465' title='bbox 1307 3850 1402 3905; x_wconf 90' lang='lat' dir='ltr'><strong>per</strong></span> <span class='ocrx_word' id='word_1_466' title='bbox 1425 3835 1588 3908; x_wconf 80' lang='lat' dir='ltr'><strong>alium</strong></span> <span class='ocrx_word' id='word_1_467' title='bbox 1613 3853 1627 3902; x_wconf 92' lang='lat'><strong>;</strong></span> <span class='ocrx_word' id='word_1_468' title='bbox 1654 3846 1746 3891; x_wconf 90' lang='lat' dir='ltr'><strong>aut</strong></span> <span class='ocrx_word' id='word_1_469' title='bbox 1775 3853 1895 3908; x_wconf 86' lang='lat' dir='ltr'><strong>per-</strong></span> 
     </span>
    </p>
   </div>
   <div class='ocr_carea' id='block_1_62' title="bbox 330 3906 1495 3976">
    <p class='ocr_par' dir='ltr' id='par_1_62' title="bbox 330 3906 1495 3976">
     <span class='ocr_line' id='line_1_62' title="bbox 330 3906 1495 3976; baseline 0.002 -17"><span class='ocrx_word' id='word_1_470' title='bbox 330 3907 601 3976; x_wconf 80' lang='lat' dir='ltr'><strong>cutiendo,</strong></span> <span class='ocrx_word' id='word_1_471' title='bbox 633 3915 724 3959; x_wconf 86' lang='lat' dir='ltr'><strong>aut</strong></span> <span class='ocrx_word' id='word_1_472' title='bbox 752 3906 1121 3973; x_wconf 65' lang='lat' dir='ltr'><strong>paenitentiam</strong></span> <span class='ocrx_word' id='word_1_473' title='bbox 1152 3906 1495 3976; x_wconf 80' lang='lat' dir='ltr'><strong>injungendo.</strong></span> 
     </span>
    </p>
   </div>
   <div class='ocr_carea' id='block_1_63' title="bbox 404 3966 1896 4047">
    <p class='ocr_par' dir='ltr' id='par_1_63' title="bbox 404 3966 1896 4047">
     <span class='ocr_line' id='line_1_63' title="bbox 404 3966 1896 4047; baseline 0.003 -18"><span class='ocrx_word' id='word_1_474' title='bbox 404 3966 522 4029; x_wconf 77' lang='lat' dir='ltr'><strong>Nisi</strong></span> <span class='ocrx_word' id='word_1_475' title='bbox 546 3966 631 4029; x_wconf 70' lang='lat' dir='ltr'><strong>cui</strong></span> <span class='ocrx_word' id='word_1_476' title='bbox 660 3966 879 4043; x_wconf 69' lang='lat' dir='ltr'><strong>potestas</strong></span> <span class='ocrx_word' id='word_1_477' title='bbox 909 3979 971 4030; x_wconf 86' lang='lat' dir='ltr'><strong>ab</strong></span> <span class='ocrx_word' id='word_1_478' title='bbox 999 3978 1175 4047; x_wconf 78' lang='lat' dir='ltr'><strong>abbate</strong></span> <span class='ocrx_word' id='word_1_479' title='bbox 1204 3966 1331 4029; x_wconf 61' lang='grc' dir='ltr'><strong>ξιοίᾶ</strong></span> <span class='ocrx_word' id='word_1_480' title='bbox 1367 3975 1575 4047; x_wconf 78' lang='lat' dir='ltr'><strong>[uerit.]</strong></span> <span class='ocrx_word' id='word_1_481' title='bbox 1618 3978 1741 4033; x_wconf 88' lang='lat' dir='ltr'><strong>Sive</strong></span> <span class='ocrx_word' id='word_1_482' title='bbox 1775 3979 1896 4034; x_wconf 90' lang='lat' dir='ltr'><strong>data</strong></span> 
     </span>
    </p>
   </div>
   <div class='ocr_carea' id='block_1_64' title="bbox 331 4046 1896 4116">
    <p class='ocr_par' dir='ltr' id='par_1_64' title="bbox 331 4046 1896 4116">
     <span class='ocr_line' id='line_1_64' title="bbox 331 4046 1896 4116; baseline 0.001 -15"><span class='ocrx_word' id='word_1_483' title='bbox 331 4049 402 4101; x_wconf 87' lang='lat' dir='ltr'><strong>sit</strong></span> <span class='ocrx_word' id='word_1_484' title='bbox 448 4048 497 4100; x_wconf 88' lang='lat' dir='ltr'><strong>in</strong></span> <span class='ocrx_word' id='word_1_485' title='bbox 545 4047 925 4102; x_wconf 87' lang='lat' dir='ltr'><strong>commissione</strong></span> <span class='ocrx_word' id='word_1_486' title='bbox 963 4046 1188 4116; x_wconf 85' lang='lat' dir='ltr'><strong>alicujus</strong></span> <span class='ocrx_word' id='word_1_487' title='bbox 1223 4047 1417 4112; x_wconf 73' lang='lat' dir='ltr'><strong>ofﬁcit,</strong></span> <span class='ocrx_word' id='word_1_488' title='bbox 1461 4046 1896 4103; x_wconf 37' lang='lat' dir='ltr'><strong>cui’annectatnr</strong></span> 
     </span>
    </p>
   </div>
   <div class='ocr_carea' id='block_1_65' title="bbox 335 4116 1895 4188">
    <p class='ocr_par' dir='ltr' id='par_1_65' title="bbox 335 4116 1895 4188">
     <span class='ocr_line' id='line_1_65' title="bbox 335 4116 1895 4188; baseline 0.001 -17"><span class='ocrx_word' id='word_1_489' title='bbox 335 4117 597 4171; x_wconf 77' lang='lat' dir='ltr'><strong>correctio</strong></span> <span class='ocrx_word' id='word_1_490' title='bbox 627 4116 844 4171; x_wconf 74' lang='lat' dir='ltr'><strong>fratrum</strong></span> <span class='ocrx_word' id='word_1_491' title='bbox 870 4134 885 4182; x_wconf 86' lang='lat'><strong>;</strong></span> <span class='ocrx_word' id='word_1_492' title='bbox 916 4119 1027 4171; x_wconf 88' lang='lat' dir='ltr'><strong>sive</strong></span> <span class='ocrx_word' id='word_1_493' title='bbox 1055 4135 1147 4186; x_wconf 88' lang='lat' dir='ltr'><strong>per</strong></span> <span class='ocrx_word' id='word_1_494' title='bbox 1176 4118 1460 4188; x_wconf 74' lang='lat' dir='ltr'><strong>specialem</strong></span> <span class='ocrx_word' id='word_1_495' title='bbox 1509 4118 1895 4188; x_wconf 76' lang='lat' dir='ltr'><strong>delegatiouem</strong></span> 
     </span>
    </p>
   </div>
   <div class='ocr_carea' id='block_1_66' title="bbox 332 4187 1896 4257">
    <p class='ocr_par' dir='ltr' id='par_1_66' title="bbox 332 4187 1896 4257">
     <span class='ocr_line' id='line_1_66' title="bbox 332 4187 1896 4257; baseline 0.003 -17"><span class='ocrx_word' id='word_1_496' title='bbox 332 4190 399 4240; x_wconf 79' lang='lat' dir='ltr'><strong>ad</strong></span> <span class='ocrx_word' id='word_1_497' title='bbox 428 4187 657 4253; x_wconf 81' lang='lat' dir='ltr'><strong>aliquem</strong></span> <span class='ocrx_word' id='word_1_498' title='bbox 703 4188 1073 4252; x_wconf 81' lang='lat' dir='ltr'><strong>particularem</strong></span> <span class='ocrx_word' id='word_1_499' title='bbox 1114 4187 1414 4255; x_wconf 70' lang='lat' dir='ltr'><strong>huiusmodi</strong></span> <span class='ocrx_word' id='word_1_500' title='bbox 1445 4187 1660 4251; x_wconf 77' lang='lat' dir='ltr'><strong>actum,</strong></span> <span class='ocrx_word' id='word_1_501' title='bbox 1694 4198 1749 4243; x_wconf 89' lang='lat' dir='ltr'><strong>ut</strong></span> <span class='ocrx_word' id='word_1_502' title='bbox 1780 4202 1896 4257; x_wconf 87' lang='lat' dir='ltr'><strong>post</strong></span> 
     </span>
    </p>
   </div>
   <div class='ocr_carea' id='block_1_67' title="bbox 334 4258 1893 4326">
    <p class='ocr_par' dir='ltr' id='par_1_67' title="bbox 334 4258 1893 4326">
     <span class='ocr_line' id='line_1_67' title="bbox 334 4258 1893 4326; baseline 0.001 -16"><span class='ocrx_word' id='word_1_503' title='bbox 334 4259 657 4312; x_wconf 64' lang='lat' dir='ltr'><strong>liernardnm</strong></span> <span class='ocrx_word' id='word_1_504' title='bbox 687 4259 1061 4313; x_wconf 81' lang='lat' dir='ltr'><strong>Cassinensem</strong></span> <span class='ocrx_word' id='word_1_505' title='bbox 1094 4271 1147 4313; x_wconf 91' lang='lat' dir='ltr'><strong>et</strong></span> <span class='ocrx_word' id='word_1_506' title='bbox 1174 4258 1458 4313; x_wconf 80' lang='lat' dir='ltr'><strong>Boherium</strong></span> <span class='ocrx_word' id='word_1_507' title='bbox 1488 4262 1719 4326; x_wconf 84' lang='lat' dir='ltr'><strong>loquitur</strong></span> <span class='ocrx_word' id='word_1_508' title='bbox 1759 4260 1893 4313; x_wconf 87' lang='lat' dir='ltr'><strong>&#39;I‘ur-</strong></span> 
     </span>
    </p>
   </div>
   <div class='ocr_carea' id='block_1_68' title="bbox 333 4328 1894 4397">
    <p class='ocr_par' dir='ltr' id='par_1_68' title="bbox 333 4328 1894 4397">
     <span class='ocr_line' id='line_1_68' title="bbox 333 4328 1894 4397; baseline 0.004 -19"><span class='ocrx_word' id='word_1_509' title='bbox 333 4338 646 4382; x_wconf 74' lang='lat' dir='ltr'><strong>ti-creniata.</strong></span> <span class='ocrx_word' id='word_1_510' title='bbox 680 4328 804 4382; x_wconf 69' lang='lat' dir='ltr'><strong>Haec</strong></span> <span class='ocrx_word' id='word_1_511' title='bbox 845 4338 1081 4397; x_wconf 88' lang='lat' dir='ltr'><strong>potestas</strong></span> <span class='ocrx_word' id='word_1_512' title='bbox 1123 4330 1276 4397; x_wconf 73' lang='lat' dir='ltr'><strong>vulgo</strong></span> <span class='ocrx_word' id='word_1_513' title='bbox 1309 4329 1556 4383; x_wconf 83' lang='lat' dir='ltr'><strong>tribuitur</strong></span> <span class='ocrx_word' id='word_1_514' title='bbox 1588 4330 1751 4396; x_wconf 88' lang='lat' dir='ltr'><strong>priori</strong></span> <span class='ocrx_word' id='word_1_515' title='bbox 1782 4348 1894 4384; x_wconf 87' lang='lat' dir='ltr'><strong>nta-</strong></span> 
     </span>
    </p>
   </div>
   <div class='ocr_carea' id='block_1_69' title="bbox 1996 3136 3563 3204">
    <p class='ocr_par' dir='ltr' id='par_1_69' title="bbox 1996 3136 3563 3204">
     <span class='ocr_line' id='line_1_69' title="bbox 1996 3136 3563 3204; baseline 0.004 -18"><span class='ocrx_word' id='word_1_516' title='bbox 1996 3148 2206 3200; x_wconf 83' lang='lat' dir='ltr'><strong>cunque</strong></span> <span class='ocrx_word' id='word_1_517' title='bbox 2234 3136 2432 3204; x_wconf 86' lang='lat' dir='ltr'><strong>absque</strong></span> <span class='ocrx_word' id='word_1_518' title='bbox 2472 3136 2694 3192; x_wconf 87' lang='lat' dir='ltr'><strong>testibus</strong></span> <span class='ocrx_word' id='word_1_519' title='bbox 2731 3136 3119 3201; x_wconf 73' lang='lat' dir='ltr'><strong>admittuntur,</strong></span> <span class='ocrx_word' id='word_1_520' title='bbox 3167 3140 3210 3192; x_wconf 86' lang='lat' dir='ltr'><strong>si</strong></span> <span class='ocrx_word' id='word_1_521' title='bbox 3250 3140 3316 3193; x_wconf 88' lang='lat' dir='ltr'><strong>ad</strong></span> <span class='ocrx_word' id='word_1_522' title='bbox 3355 3136 3563 3194; x_wconf 79' lang='lat' dir='ltr'><strong>abbatis</strong></span> 
     </span>
    </p>
   </div>
   <div class='ocr_carea' id='block_1_70' title="bbox 1999 3207 3554 3274">
    <p class='ocr_par' dir='ltr' id='par_1_70' title="bbox 1999 3207 3554 3274">
     <span class='ocr_line' id='line_1_70' title="bbox 1999 3207 3554 3274; baseline 0.005 -17"><span class='ocrx_word' id='word_1_523' title='bbox 1999 3207 2238 3258; x_wconf 87' lang='lat' dir='ltr'><strong>notitiam</strong></span> <span class='ocrx_word' id='word_1_524' title='bbox 2266 3207 2599 3274; x_wconf 70' lang='lat' dir='ltr'><strong>pervenerit,</strong></span> <span class='ocrx_word' id='word_1_525' title='bbox 2631 3208 2888 3263; x_wconf 67' lang='lat' dir='ltr'><strong>secretius</strong></span> <span class='ocrx_word' id='word_1_526' title='bbox 2915 3210 3265 3273; x_wconf 81' lang='lat' dir='ltr'><strong>emendetur;</strong></span> <span class='ocrx_word' id='word_1_527' title='bbox 3314 3211 3357 3263; x_wconf 93' lang='lat' dir='ltr'><strong>si</strong></span> <span class='ocrx_word' id='word_1_528' title='bbox 3389 3211 3554 3265; x_wconf 85' lang='lat' dir='ltr'><strong>omni-</strong></span> 
     </span>
    </p>
   </div>
   <div class='ocr_carea' id='block_1_71' title="bbox 1996 3274 3562 3340">
    <p class='ocr_par' dir='ltr' id='par_1_71' title="bbox 1996 3274 3562 3340">
     <span class='ocr_line' id='line_1_71' title="bbox 1996 3274 3562 3340; baseline 0.004 -12"><span class='ocrx_word' id='word_1_529' title='bbox 1996 3274 2095 3329; x_wconf 89' lang='lat' dir='ltr'><strong>bus</strong></span> <span class='ocrx_word' id='word_1_530' title='bbox 2124 3279 2415 3331; x_wconf 74' lang='lat' dir='ltr'><strong>iunotuerit</strong></span> <span class='ocrx_word' id='word_1_531' title='bbox 2437 3320 2450 3340; x_wconf 92' lang='lat'><strong>,</strong></span> <span class='ocrx_word' id='word_1_532' title='bbox 2478 3293 2655 3331; x_wconf 89' lang='lat' dir='ltr'><strong>coram</strong></span> <span class='ocrx_word' id='word_1_533' title='bbox 2684 3282 2931 3333; x_wconf 90' lang='lat' dir='ltr'><strong>omnibus</strong></span> <span class='ocrx_word' id='word_1_534' title='bbox 2958 3289 3040 3332; x_wconf 90' lang='lat' dir='ltr'><strong>est</strong></span> <span class='ocrx_word' id='word_1_535' title='bbox 3067 3294 3191 3333; x_wconf 85' lang='lat' dir='ltr'><strong>reus</strong></span> <span class='ocrx_word' id='word_1_536' title='bbox 3215 3280 3429 3333; x_wconf 87' lang='lat' dir='ltr'><strong>admissi</strong></span> <span class='ocrx_word' id='word_1_537' title='bbox 3456 3282 3562 3336; x_wconf 81' lang='lat' dir='ltr'><strong>cri-</strong></span> 
     </span>
    </p>
   </div>
   <div class='ocr_carea' id='block_1_72' title="bbox 1998 3347 2548 3415">
    <p class='ocr_par' dir='ltr' id='par_1_72' title="bbox 1998 3347 2548 3415">
     <span class='ocr_line' id='line_1_72' title="bbox 1998 3347 2548 3415; baseline -0.002 -15"><span class='ocrx_word' id='word_1_538' title='bbox 1998 3347 2153 3400; x_wconf 87' lang='lat' dir='ltr'><strong>minis</strong></span> <span class='ocrx_word' id='word_1_539' title='bbox 2182 3349 2505 3415; x_wconf 78' lang='lat' dir='ltr'><strong>argttettdus.</strong></span> <span class='ocrx_word' id='word_1_540' title='bbox 2530 3367 2548 3399; x_wconf 75' lang='grc' dir='ltr'><strong><em>ι</em></strong></span> 
     </span>
    </p>
   </div>
   <div class='ocr_carea' id='block_1_73' title="bbox 2062 3417 3557 3489">
    <p class='ocr_par' dir='ltr' id='par_1_73' title="bbox 2062 3417 3557 3489">
     <span class='ocr_line' id='line_1_73' title="bbox 2062 3417 3557 3489; baseline 0.003 -20"><span class='ocrx_word' id='word_1_541' title='bbox 2062 3417 2227 3487; x_wconf 78' lang='grc'><strong>886</strong></span> <span class='ocrx_word' id='word_1_542' title='bbox 2260 3418 2385 3486; x_wconf 77' lang='lat' dir='ltr'><strong>Ejus</strong></span> <span class='ocrx_word' id='word_1_543' title='bbox 2414 3419 2490 3471; x_wconf 88' lang='lat' dir='ltr'><strong>rei</strong></span> <span class='ocrx_word' id='word_1_544' title='bbox 2521 3420 2726 3489; x_wconf 64' lang='lat' dir='ltr'><strong>prasini</strong></span> <span class='ocrx_word' id='word_1_545' title='bbox 2759 3419 2940 3489; x_wconf 82' lang='lat' dir='ltr'><strong>videre</strong></span> <span class='ocrx_word' id='word_1_546' title='bbox 2970 3425 3053 3471; x_wconf 85' lang='lat' dir='ltr'><strong>est</strong></span> <span class='ocrx_word' id='word_1_547' title='bbox 3087 3419 3136 3470; x_wconf 86' lang='lat' dir='ltr'><strong>in</strong></span> <span class='ocrx_word' id='word_1_548' title='bbox 3171 3418 3401 3489; x_wconf 87' lang='lat' dir='ltr'><strong>antiquis</strong></span> <span class='ocrx_word' id='word_1_549' title='bbox 3429 3419 3524 3473; x_wconf 84' lang='lat' dir='ltr'><strong>Clit</strong></span> <span class='ocrx_word' id='word_1_550' title='bbox 3553 3455 3557 3459; x_wconf 91' lang='lat'><strong><em>-</em></strong></span> 
     </span>
    </p>
   </div>
   <div class='ocr_carea' id='block_1_74' title="bbox 1998 3485 3540 3553">
    <p class='ocr_par' dir='ltr' id='par_1_74' title="bbox 1998 3485 3540 3553">
     <span class='ocr_line' id='line_1_74' title="bbox 1998 3485 3540 3553; baseline 0.003 -14"><span class='ocrx_word' id='word_1_551' title='bbox 1998 3485 2261 3541; x_wconf 67' lang='lat' dir='ltr'><strong>niaceitsis</strong></span> <span class='ocrx_word' id='word_1_552' title='bbox 2288 3485 2594 3542; x_wconf 63' lang='lat' dir='ltr'><strong>monasttrii</strong></span> <span class='ocrx_word' id='word_1_553' title='bbox 2622 3488 3127 3553; x_wconf 83' lang='lat' dir='ltr'><strong>Consuetudinihus,</strong></span> <span class='ocrx_word' id='word_1_554' title='bbox 3161 3485 3378 3543; x_wconf 63' lang='lat' dir='ltr'><strong>auctclre</strong></span> <span class='ocrx_word' id='word_1_555' title='bbox 3410 3491 3540 3544; x_wconf 57' lang='lat' dir='ltr'><strong>lJclal</strong></span> 
     </span>
    </p>
   </div>
   <div class='ocr_carea' id='block_1_75' title="bbox 1998 3557 3557 3626">
    <p class='ocr_par' dir='ltr' id='par_1_75' title="bbox 1998 3557 3557 3626">
     <span class='ocr_line' id='line_1_75' title="bbox 1998 3557 3557 3626; baseline 0 -16"><span class='ocrx_word' id='word_1_556' title='bbox 1998 3558 2146 3619; x_wconf 82' lang='lat' dir='ltr'><strong>rico,</strong></span> <span class='ocrx_word' id='word_1_557' title='bbox 2179 3558 2265 3611; x_wconf 89' lang='lat' dir='ltr'><strong>ubi</strong></span> <span class='ocrx_word' id='word_1_558' title='bbox 2295 3557 2408 3612; x_wconf 66' lang='lat' dir='ltr'><strong>hare</strong></span> <span class='ocrx_word' id='word_1_559' title='bbox 2435 3560 2681 3625; x_wconf 83' lang='lat' dir='ltr'><strong>leguntur</strong></span> <span class='ocrx_word' id='word_1_560' title='bbox 2706 3577 2718 3611; x_wconf 87' lang='lat'><strong>:</strong></span> <span class='ocrx_word' id='word_1_561' title='bbox 2753 3577 2770 3607; x_wconf 73' lang='grc' dir='ltr'>ι</span> <span class='ocrx_word' id='word_1_562' title='bbox 2801 3561 2936 3612; x_wconf 77' lang='lat' dir='ltr'><strong>Sunt</strong></span> <span class='ocrx_word' id='word_1_563' title='bbox 2964 3560 3138 3611; x_wconf 86' lang='lat' dir='ltr'><strong>adhuc</strong></span> <span class='ocrx_word' id='word_1_564' title='bbox 3166 3560 3303 3626; x_wconf 86' lang='lat' dir='ltr'><strong>apud</strong></span> <span class='ocrx_word' id='word_1_565' title='bbox 3336 3576 3431 3613; x_wconf 88' lang='lat' dir='ltr'><strong>nos</strong></span> <span class='ocrx_word' id='word_1_566' title='bbox 3458 3562 3557 3618; x_wconf 80' lang='lat' dir='ltr'><strong>alia</strong></span> 
     </span>
    </p>
   </div>
   <div class='ocr_carea' id='block_1_76' title="bbox 1998 3627 3557 3697">
    <p class='ocr_par' dir='ltr' id='par_1_76' title="bbox 1998 3627 3557 3697">
     <span class='ocr_line' id='line_1_76' title="bbox 1998 3627 3557 3697; baseline 0.001 -20"><span class='ocrx_word' id='word_1_567' title='bbox 1998 3641 2193 3697; x_wconf 75' lang='lat' dir='ltr'><strong>genera</strong></span> <span class='ocrx_word' id='word_1_568' title='bbox 2233 3627 2614 3688; x_wconf 85' lang='lat' dir='ltr'><strong>correctionis,</strong></span> <span class='ocrx_word' id='word_1_569' title='bbox 2648 3644 2763 3695; x_wconf 49' lang='lat' dir='ltr'><strong>quat</strong></span> <span class='ocrx_word' id='word_1_570' title='bbox 2794 3644 2895 3687; x_wconf 74' lang='lat' dir='ltr'><strong>non</strong></span> <span class='ocrx_word' id='word_1_571' title='bbox 2929 3629 3103 3682; x_wconf 90' lang='lat' dir='ltr'><strong>solum</strong></span> <span class='ocrx_word' id='word_1_572' title='bbox 3135 3631 3363 3681; x_wconf 83' lang='lat' dir='ltr'><strong>domnus</strong></span> <span class='ocrx_word' id='word_1_573' title='bbox 3395 3631 3557 3684; x_wconf 74' lang='lat' dir='ltr'><strong>aldtus</strong></span> 
     </span>
    </p>
   </div>
   <div class='ocr_carea' id='block_1_77' title="bbox 2000 3698 3559 3763">
    <p class='ocr_par' dir='ltr' id='par_1_77' title="bbox 2000 3698 3559 3763">
     <span class='ocr_line' id='line_1_77' title="bbox 2000 3698 3559 3763; baseline 0.003 -14"><span class='ocrx_word' id='word_1_574' title='bbox 2000 3699 2152 3757; x_wconf 75' lang='lat' dir='ltr'><strong>facit.</strong></span> <span class='ocrx_word' id='word_1_575' title='bbox 2187 3699 2278 3752; x_wconf 89' lang='lat' dir='ltr'><strong>sed</strong></span> <span class='ocrx_word' id='word_1_576' title='bbox 2311 3698 2503 3761; x_wconf 86' lang='lat' dir='ltr'><strong>etiam,</strong></span> <span class='ocrx_word' id='word_1_577' title='bbox 2532 3700 2574 3751; x_wconf 89' lang='lat' dir='ltr'><strong>si</strong></span> <span class='ocrx_word' id='word_1_578' title='bbox 2607 3713 2740 3763; x_wconf 78' lang='lat' dir='ltr'><strong>Opus</strong></span> <span class='ocrx_word' id='word_1_579' title='bbox 2774 3698 2926 3751; x_wconf 77' lang='lat' dir='ltr'><strong>fuerit</strong></span> <span class='ocrx_word' id='word_1_580' title='bbox 2948 3742 2961 3761; x_wconf 86' lang='lat'><strong>,</strong></span> <span class='ocrx_word' id='word_1_581' title='bbox 2999 3700 3160 3763; x_wconf 83' lang='lat' dir='ltr'><strong>prior.</strong></span> <span class='ocrx_word' id='word_1_582' title='bbox 3194 3700 3320 3751; x_wconf 82' lang='lat' dir='ltr'><strong>Nam</strong></span> <span class='ocrx_word' id='word_1_583' title='bbox 3354 3709 3407 3751; x_wconf 89' lang='lat' dir='ltr'><strong>et</strong></span> <span class='ocrx_word' id='word_1_584' title='bbox 3441 3702 3559 3753; x_wconf 84' lang='lat' dir='ltr'><strong>indu</strong></span> 
     </span>
    </p>
   </div>
   <div class='ocr_carea' id='block_1_78' title="bbox 1999 3768 3557 3840">
    <p class='ocr_par' dir='ltr' id='par_1_78' title="bbox 1999 3768 3557 3840">
     <span class='ocr_line' id='line_1_78' title="bbox 1999 3768 3557 3840; baseline 0.003 -21"><span class='ocrx_word' id='word_1_585' title='bbox 1999 3768 2175 3821; x_wconf 80' lang='lat' dir='ltr'><strong>audivi</strong></span> <span class='ocrx_word' id='word_1_586' title='bbox 2205 3783 2361 3840; x_wconf 74' lang='lat' dir='ltr'><strong>quam</strong></span> <span class='ocrx_word' id='word_1_587' title='bbox 2405 3768 2682 3840; x_wconf 75' lang='lat' dir='ltr'><strong>verissime</strong></span> <span class='ocrx_word' id='word_1_588' title='bbox 2710 3770 2937 3840; x_wconf 69' lang='lat' dir='ltr'><strong>domum</strong></span> <span class='ocrx_word' id='word_1_589' title='bbox 2975 3769 3141 3840; x_wconf 79' lang='lat' dir='ltr'><strong>abbas</strong></span> <span class='ocrx_word' id='word_1_590' title='bbox 3181 3769 3557 3840; x_wconf 55' lang='lat' dir='ltr'><strong>dixerit.(L:&#39;b.</strong></span> 
     </span>
    </p>
   </div>
   <div class='ocr_carea' id='block_1_79' title="bbox 2001 3837 3559 3907">
    <p class='ocr_par' dir='ltr' id='par_1_79' title="bbox 2001 3837 3559 3907">
     <span class='ocr_line' id='line_1_79' title="bbox 2001 3837 3559 3907; baseline 0.001 -18"><span class='ocrx_word' id='word_1_591' title='bbox 2001 3853 2085 3899; x_wconf 82' lang='lat' dir='ltr'><strong>tu.</strong></span> <span class='ocrx_word' id='word_1_592' title='bbox 2130 3854 2246 3907; x_wconf 83' lang='lat' dir='ltr'><strong>cap.</strong></span> <span class='ocrx_word' id='word_1_593' title='bbox 2273 3837 2329 3906; x_wconf 82' lang='grc'><strong>5)</strong></span> <span class='ocrx_word' id='word_1_594' title='bbox 2360 3838 2559 3892; x_wconf 88' lang='lat' dir='ltr'><strong>nullam</strong></span> <span class='ocrx_word' id='word_1_595' title='bbox 2592 3838 2974 3891; x_wconf 82' lang='lat' dir='ltr'><strong>monachorum</strong></span> <span class='ocrx_word' id='word_1_596' title='bbox 3006 3839 3284 3892; x_wconf 85' lang='lat' dir='ltr'><strong>ecclesiam</strong></span> <span class='ocrx_word' id='word_1_597' title='bbox 3326 3837 3559 3893; x_wconf 75' lang='lat' dir='ltr'><strong>detinue-</strong></span> 
     </span>
    </p>
   </div>
   <div class='ocr_carea' id='block_1_80' title="bbox 1999 3909 3536 3978">
    <p class='ocr_par' dir='ltr' id='par_1_80' title="bbox 1999 3909 3536 3978">
     <span class='ocr_line' id='line_1_80' title="bbox 1999 3909 3536 3978; baseline 0.002 -17"><span class='ocrx_word' id='word_1_598' title='bbox 1999 3909 2127 3962; x_wconf 89' lang='lat' dir='ltr'><strong>stari</strong></span> <span class='ocrx_word' id='word_1_599' title='bbox 2149 3920 2360 3978; x_wconf 88' lang='lat' dir='ltr'><strong>propter</strong></span> <span class='ocrx_word' id='word_1_600' title='bbox 2374 3910 2512 3978; x_wconf 83' lang='lat' dir='ltr'><strong>quod</strong></span> <span class='ocrx_word' id='word_1_601' title='bbox 2542 3909 2650 3962; x_wconf 91' lang='lat' dir='ltr'><strong>tale</strong></span> <span class='ocrx_word' id='word_1_602' title='bbox 2678 3910 2801 3977; x_wconf 88' lang='lat' dir='ltr'><strong>quid</strong></span> <span class='ocrx_word' id='word_1_603' title='bbox 2830 3911 3137 3962; x_wconf 85' lang='lat' dir='ltr'><strong>committur</strong></span> <span class='ocrx_word' id='word_1_604' title='bbox 3160 3913 3226 3962; x_wconf 86' lang='lat' dir='ltr'><strong>ab</strong></span> <span class='ocrx_word' id='word_1_605' title='bbox 3248 3909 3426 3978; x_wconf 87' lang='lat' dir='ltr'><strong>aliquo</strong></span> <span class='ocrx_word' id='word_1_606' title='bbox 3459 3912 3536 3964; x_wconf 75' lang='lat' dir='ltr'><strong>ira</strong></span> 
     </span>
    </p>
   </div>
   <div class='ocr_carea' id='block_1_81' title="bbox 2001 3979 3559 4050">
    <p class='ocr_par' dir='ltr' id='par_1_81' title="bbox 2001 3979 3559 4050">
     <span class='ocr_line' id='line_1_81' title="bbox 2001 3979 3559 4050; baseline 0.004 -21"><span class='ocrx_word' id='word_1_607' title='bbox 2001 3988 2079 4032; x_wconf 92' lang='lat' dir='ltr'><strong>tre</strong></span> <span class='ocrx_word' id='word_1_608' title='bbox 2106 3995 2119 4040; x_wconf 90' lang='lat'><strong>;</strong></span> <span class='ocrx_word' id='word_1_609' title='bbox 2154 3980 2245 4032; x_wconf 81' lang='lat' dir='ltr'><strong>sed</strong></span> <span class='ocrx_word' id='word_1_610' title='bbox 2277 3980 2377 4032; x_wconf 89' lang='lat' dir='ltr'><strong>hoc</strong></span> <span class='ocrx_word' id='word_1_611' title='bbox 2404 3993 2522 4033; x_wconf 86' lang='lat' dir='ltr'><strong>esse</strong></span> <span class='ocrx_word' id='word_1_612' title='bbox 2551 3980 2690 4045; x_wconf 88' lang='lat' dir='ltr'><strong>quod</strong></span> <span class='ocrx_word' id='word_1_613' title='bbox 2724 3980 2880 4047; x_wconf 90' lang='lat' dir='ltr'><strong>plane</strong></span> <span class='ocrx_word' id='word_1_614' title='bbox 2912 3980 3067 4032; x_wconf 80' lang='lat' dir='ltr'><strong>lactat</strong></span> <span class='ocrx_word' id='word_1_615' title='bbox 3107 3979 3173 4034; x_wconf 86' lang='lat' dir='ltr'><strong>ad</strong></span> <span class='ocrx_word' id='word_1_616' title='bbox 3218 3982 3559 4050; x_wconf 79' lang='lat' dir='ltr'><strong>ignominiam</strong></span> 
     </span>
    </p>
   </div>
   <div class='ocr_carea' id='block_1_82' title="bbox 2001 4050 3545 4118">
    <p class='ocr_par' dir='ltr' id='par_1_82' title="bbox 2001 4050 3545 4118">
     <span class='ocr_line' id='line_1_82' title="bbox 2001 4050 3545 4118; baseline 0.003 -18"><span class='ocrx_word' id='word_1_617' title='bbox 2001 4060 2266 4109; x_wconf 83' lang='lat' dir='ltr'><strong>nostram.</strong></span> <span class='ocrx_word' id='word_1_618' title='bbox 2297 4051 2340 4103; x_wconf 87' lang='lat' dir='ltr'><strong>si</strong></span> <span class='ocrx_word' id='word_1_619' title='bbox 2369 4051 2494 4117; x_wconf 80' lang='lat' dir='ltr'><strong>quid</strong></span> <span class='ocrx_word' id='word_1_620' title='bbox 2524 4050 2769 4118; x_wconf 62' lang='lat' dir='ltr'><strong>nequiter</strong></span> <span class='ocrx_word' id='word_1_621' title='bbox 2795 4050 3162 4112; x_wconf 87' lang='lat' dir='ltr'><strong>committitur,</strong></span> <span class='ocrx_word' id='word_1_622' title='bbox 3190 4061 3243 4104; x_wconf 91' lang='lat' dir='ltr'><strong>et</strong></span> <span class='ocrx_word' id='word_1_623' title='bbox 3268 4052 3468 4114; x_wconf 81' lang='lat' dir='ltr'><strong>absque</strong></span> <span class='ocrx_word' id='word_1_624' title='bbox 3490 4054 3545 4105; x_wconf 87' lang='lat' dir='ltr'><strong>di</strong></span> 
     </span>
    </p>
   </div>
   <div class='ocr_carea' id='block_1_83' title="bbox 1997 4119 3562 4189">
    <p class='ocr_par' dir='ltr' id='par_1_83' title="bbox 1997 4119 3562 4189">
     <span class='ocr_line' id='line_1_83' title="bbox 1997 4119 3562 4189; baseline 0.003 -19"><span class='ocrx_word' id='word_1_625' title='bbox 1997 4135 2095 4189; x_wconf 63' lang='lat' dir='ltr'><strong>una</strong></span> <span class='ocrx_word' id='word_1_626' title='bbox 2122 4121 2494 4175; x_wconf 89' lang='lat' dir='ltr'><strong>emendatione</strong></span> <span class='ocrx_word' id='word_1_627' title='bbox 2517 4119 2820 4175; x_wconf 88' lang='lat' dir='ltr'><strong>dimittitur.</strong></span> <span class='ocrx_word' id='word_1_628' title='bbox 2854 4119 3052 4174; x_wconf 91' lang='lat' dir='ltr'><strong>Idcirco</strong></span> <span class='ocrx_word' id='word_1_629' title='bbox 3075 4121 3118 4174; x_wconf 90' lang='lat' dir='ltr'><strong>si</strong></span> <span class='ocrx_word' id='word_1_630' title='bbox 3146 4122 3264 4188; x_wconf 87' lang='lat' dir='ltr'><strong>quis</strong></span> <span class='ocrx_word' id='word_1_631' title='bbox 3290 4122 3358 4174; x_wconf 89' lang='lat' dir='ltr'><strong>de</strong></span> <span class='ocrx_word' id='word_1_632' title='bbox 3384 4123 3562 4189; x_wconf 73' lang='lat' dir='ltr'><strong>aliqua</strong></span> 
     </span>
    </p>
   </div>
   <div class='ocr_carea' id='block_1_84' title="bbox 1998 4185 3562 4260">
    <p class='ocr_par' dir='ltr' id='par_1_84' title="bbox 1998 4185 3562 4260">
     <span class='ocr_line' id='line_1_84' title="bbox 1998 4185 3562 4260; baseline 0.003 -18"><span class='ocrx_word' id='word_1_633' title='bbox 1998 4185 2197 4247; x_wconf 59' lang='lat' dir='ltr'><strong>ﬂagitio</strong></span> <span class='ocrx_word' id='word_1_634' title='bbox 2226 4192 2525 4259; x_wconf 79' lang='lat' dir='ltr'><strong>divttlgatur</strong></span> <span class='ocrx_word' id='word_1_635' title='bbox 2568 4190 2617 4244; x_wconf 92' lang='lat' dir='ltr'><strong>itt</strong></span> <span class='ocrx_word' id='word_1_636' title='bbox 2662 4194 2887 4258; x_wconf 87' lang='lat' dir='ltr'><strong>populo,</strong></span> <span class='ocrx_word' id='word_1_637' title='bbox 2936 4190 2989 4244; x_wconf 89' lang='lat' dir='ltr'><strong>in</strong></span> <span class='ocrx_word' id='word_1_638' title='bbox 3034 4185 3312 4257; x_wconf 67' lang='lat' dir='ltr'><strong>praesentia</strong></span> <span class='ocrx_word' id='word_1_639' title='bbox 3351 4185 3562 4260; x_wconf 83' lang='lat' dir='ltr'><strong>quoque</strong></span> 
     </span>
    </p>
   </div>
   <div class='ocr_carea' id='block_1_85' title="bbox 2000 4261 3564 4331">
    <p class='ocr_par' dir='ltr' id='par_1_85' title="bbox 2000 4261 3564 4331">
     <span class='ocr_line' id='line_1_85' title="bbox 2000 4261 3564 4331; baseline 0.004 -21"><span class='ocrx_word' id='word_1_640' title='bbox 2000 4261 2178 4327; x_wconf 86' lang='lat' dir='ltr'><strong>populi</strong></span> <span class='ocrx_word' id='word_1_641' title='bbox 2209 4262 2346 4314; x_wconf 77' lang='lat' dir='ltr'><strong>Solet</strong></span> <span class='ocrx_word' id='word_1_642' title='bbox 2375 4262 2644 4314; x_wconf 77' lang='lat' dir='ltr'><strong>emendari</strong></span> <span class='ocrx_word' id='word_1_643' title='bbox 2670 4277 2684 4324; x_wconf 88' lang='lat'><strong>;</strong></span> <span class='ocrx_word' id='word_1_644' title='bbox 2718 4274 2774 4314; x_wconf 90' lang='lat' dir='ltr'><strong>ut</strong></span> <span class='ocrx_word' id='word_1_645' title='bbox 2803 4264 2891 4329; x_wconf 91' lang='lat' dir='ltr'><strong>qui</strong></span> <span class='ocrx_word' id='word_1_646' title='bbox 2923 4261 3038 4330; x_wconf 79' lang='lat' dir='ltr'><strong>ejus</strong></span> <span class='ocrx_word' id='word_1_647' title='bbox 3067 4276 3345 4315; x_wconf 80' lang='lat' dir='ltr'><strong>excessum</strong></span> <span class='ocrx_word' id='word_1_648' title='bbox 3373 4279 3564 4331; x_wconf 81' lang='lat' dir='ltr'><strong>cogno-</strong></span> 
     </span>
    </p>
   </div>
   <div class='ocr_carea' id='block_1_86' title="bbox 1997 4332 3558 4400">
    <p class='ocr_par' dir='ltr' id='par_1_86' title="bbox 1997 4332 3558 4400">
     <span class='ocr_line' id='line_1_86' title="bbox 1997 4332 3558 4400; baseline 0.003 -18"><span class='ocrx_word' id='word_1_649' title='bbox 1997 4333 2201 4397; x_wconf 87' lang='lat' dir='ltr'><strong>verittt,</strong></span> <span class='ocrx_word' id='word_1_650' title='bbox 2230 4342 2551 4400; x_wconf 77' lang='lat' dir='ltr'><strong>cognoscant</strong></span> <span class='ocrx_word' id='word_1_651' title='bbox 2589 4341 2642 4384; x_wconf 81' lang='lat' dir='ltr'><strong>et</strong></span> <span class='ocrx_word' id='word_1_652' title='bbox 2669 4332 3118 4385; x_wconf 80' lang='lat' dir='ltr'><strong>emendationem.</strong></span> <span class='ocrx_word' id='word_1_653' title='bbox 3168 4332 3386 4385; x_wconf 85' lang='lat' dir='ltr'><strong>Cunctis</strong></span> <span class='ocrx_word' id='word_1_654' title='bbox 3418 4338 3558 4387; x_wconf 85' lang='lat' dir='ltr'><strong>enim</strong></span> 
     </span>
    </p>
   </div>
   <div class='ocr_carea' id='block_1_87' title="bbox 332 4398 3558 4487">
    <p class='ocr_par' dir='ltr' id='par_1_87' title="bbox 332 4398 3558 4487">
     <span class='ocr_line' id='line_1_87' title="bbox 332 4398 3558 4487; baseline 0.003 -43"><span class='ocrx_word' id='word_1_655' title='bbox 332 4398 435 4467; x_wconf 78' lang='lat' dir='ltr'><strong>jori</strong></span> <span class='ocrx_word' id='word_1_656' title='bbox 478 4410 532 4477; x_wconf 81' lang='lat' dir='ltr'><strong>et</strong></span> <span class='ocrx_word' id='word_1_657' title='bbox 557 4398 858 4487; x_wconf 66' lang='lat' dir='ltr'><strong>subpriori,</strong></span> <span class='ocrx_word' id='word_1_658' title='bbox 888 4400 1112 4487; x_wconf 44' lang='lat' dir='ltr'><strong>SLi-Ve,.ltl</strong></span> <span class='ocrx_word' id='word_1_659' title='bbox 1143 4402 1374 4487; x_wconf 63' lang='lat' dir='ltr'><strong>inatjpres</strong></span> <span class='ocrx_word' id='word_1_660' title='bbox 1404 4399 1569 4452; x_wconf 91' lang='lat' dir='ltr'><strong>nostri</strong></span> <span class='ocrx_word' id='word_1_661' title='bbox 1599 4400 1890 4487; x_wconf 58' lang='lat' dir='ltr'><strong>vocabant,</strong></span> <span class='ocrx_word' id='word_1_662' title='bbox 1928 4428 1974 4487; x_wconf 72' lang='grc' dir='ltr'><strong>ι)</strong></span> <span class='ocrx_word' id='word_1_663' title='bbox 1998 4402 2087 4487; x_wconf 71' lang='lat' dir='ltr'><strong>qui</strong></span> <span class='ocrx_word' id='word_1_664' title='bbox 2120 4398 2588 4487; x_wconf 35' lang='lat' dir='ltr'><strong>videt-{voluerint</strong></span> <span class='ocrx_word' id='word_1_665' title='bbox 2613 4402 2911 4455; x_wconf 80' lang='lat' dir='ltr'><strong>videntibus</strong></span> <span class='ocrx_word' id='word_1_666' title='bbox 2931 4414 3023 4487; x_wconf 47' lang='lat' dir='ltr'><strong>,.et</strong></span> <span class='ocrx_word' id='word_1_667' title='bbox 3050 4403 3558 4487; x_wconf 56' lang='lat' dir='ltr'><strong>matiuieiumedia</strong></span> 
     </span>
    </p>
   </div>
   <div class='ocr_carea' id='block_1_88' title="bbox 335 4466 1894 4536">
    <p class='ocr_par' dir='ltr' id='par_1_88' title="bbox 335 4466 1894 4536">
     <span class='ocr_line' id='line_1_88' title="bbox 335 4466 1894 4536; baseline 0.006 -20"><span class='ocrx_word' id='word_1_668' title='bbox 335 4466 494 4534; x_wconf 82' lang='lat' dir='ltr'><strong>priori</strong></span> <span class='ocrx_word' id='word_1_669' title='bbox 523 4466 823 4531; x_wconf 78' lang='lat' dir='ltr'><strong>ctuostrali;</strong></span> <span class='ocrx_word' id='word_1_670' title='bbox 854 4486 871 4518; x_wconf 87' lang='lat' dir='ltr'><strong>t</strong></span> <span class='ocrx_word' id='word_1_671' title='bbox 893 4469 943 4522; x_wconf 90' lang='lat' dir='ltr'><strong>bi</strong></span> <span class='ocrx_word' id='word_1_672' title='bbox 966 4471 1104 4523; x_wconf 88' lang='lat' dir='ltr'><strong>enim</strong></span> <span class='ocrx_word' id='word_1_673' title='bbox 1130 4469 1265 4536; x_wconf 90' lang='lat' dir='ltr'><strong>apud</strong></span> <span class='ocrx_word' id='word_1_674' title='bbox 1294 4483 1391 4523; x_wconf 90' lang='lat' dir='ltr'><strong>nos</strong></span> <span class='ocrx_word' id='word_1_675' title='bbox 1417 4482 1670 4524; x_wconf 75' lang='lat' dir='ltr'><strong>exercent</strong></span> <span class='ocrx_word' id='word_1_676' title='bbox 1690 4471 1791 4525; x_wconf 85' lang='lat' dir='ltr'><strong>hoc</strong></span> <span class='ocrx_word' id='word_1_677' title='bbox 1814 4472 1894 4525; x_wconf 78' lang='lat' dir='ltr'><strong>of-</strong></span> 
     </span>
    </p>
   </div>
   <div class='ocr_carea' id='block_1_89' title="bbox 333 4538 1886 4610">
    <p class='ocr_par' dir='ltr' id='par_1_89' title="bbox 333 4538 1886 4610">
     <span class='ocr_line' id='line_1_89' title="bbox 333 4538 1886 4610; baseline 0.003 -21"><span class='ocrx_word' id='word_1_678' title='bbox 333 4542 507 4590; x_wconf 82' lang='lat' dir='ltr'><strong>licium</strong></span> <span class='ocrx_word' id='word_1_679' title='bbox 544 4539 763 4610; x_wconf 84' lang='lat' dir='ltr'><strong>absente</strong></span> <span class='ocrx_word' id='word_1_680' title='bbox 790 4539 982 4593; x_wconf 85' lang='lat' dir='ltr'><strong>abbate</strong></span> <span class='ocrx_word' id='word_1_681' title='bbox 1017 4539 1288 4606; x_wconf 84' lang='lat' dir='ltr'><strong>potissime</strong></span> <span class='ocrx_word' id='word_1_682' title='bbox 1310 4579 1327 4605; x_wconf 91' lang='lat'><strong>,</strong></span> <span class='ocrx_word' id='word_1_683' title='bbox 1361 4540 1530 4610; x_wconf 87' lang='lat' dir='ltr'><strong>inquit</strong></span> <span class='ocrx_word' id='word_1_684' title='bbox 1560 4538 1836 4596; x_wconf 86' lang='lat' dir='ltr'><strong>Bolterius.</strong></span> <span class='ocrx_word' id='word_1_685' title='bbox 1869 4562 1886 4593; x_wconf 77' lang='grc' dir='ltr'><strong><em>ι</em></strong></span> 
     </span>
    </p>
   </div>
   <div class='ocr_carea' id='block_1_90' title="bbox 335 4608 1267 4662">
    <p class='ocr_par' dir='ltr' id='par_1_90' title="bbox 335 4608 1267 4662">
     <span class='ocr_line' id='line_1_90' title="bbox 335 4608 1267 4662; baseline -0.002 0"><span class='ocrx_word' id='word_1_686' title='bbox 335 4610 592 4662; x_wconf 60' lang='lat' dir='ltr'><strong>Praeterea</strong></span> <span class='ocrx_word' id='word_1_687' title='bbox 621 4608 836 4661; x_wconf 91' lang='lat' dir='ltr'><strong>decauis</strong></span> <span class='ocrx_word' id='word_1_688' title='bbox 872 4618 926 4662; x_wconf 93' lang='lat' dir='ltr'><strong>et</strong></span> <span class='ocrx_word' id='word_1_689' title='bbox 950 4610 1267 4662; x_wconf 88' lang='lat' dir='ltr'><strong>senioribus.</strong></span> 
     </span>
    </p>
   </div>
   <div class='ocr_carea' id='block_1_91' title="bbox 406 4678 1890 4749">
    <p class='ocr_par' dir='ltr' id='par_1_91' title="bbox 406 4678 1890 4749">
     <span class='ocr_line' id='line_1_91' title="bbox 406 4678 1890 4749; baseline 0.005 -20"><span class='ocrx_word' id='word_1_690' title='bbox 406 4680 543 4733; x_wconf 88' lang='lat' dir='ltr'><strong>Ideni</strong></span> <span class='ocrx_word' id='word_1_691' title='bbox 570 4694 688 4731; x_wconf 92' lang='lat' dir='ltr'><strong>cum</strong></span> <span class='ocrx_word' id='word_1_692' title='bbox 716 4679 773 4732; x_wconf 91' lang='lat' dir='ltr'><strong>S.</strong></span> <span class='ocrx_word' id='word_1_693' title='bbox 807 4678 1091 4732; x_wconf 83' lang='lat' dir='ltr'><strong>Benedicto</strong></span> <span class='ocrx_word' id='word_1_694' title='bbox 1115 4679 1353 4732; x_wconf 86' lang='lat' dir='ltr'><strong>decernit</strong></span> <span class='ocrx_word' id='word_1_695' title='bbox 1378 4678 1436 4735; x_wconf 90' lang='lat' dir='ltr'><strong>S.</strong></span> <span class='ocrx_word' id='word_1_696' title='bbox 1467 4678 1746 4735; x_wconf 87' lang='lat' dir='ltr'><strong>Ferreolus</strong></span> <span class='ocrx_word' id='word_1_697' title='bbox 1770 4696 1890 4749; x_wconf 91' lang='lat' dir='ltr'><strong>cap.</strong></span> 
     </span>
    </p>
   </div>
   <div class='ocr_carea' id='block_1_92' title="bbox 332 4750 1887 4818">
    <p class='ocr_par' dir='ltr' id='par_1_92' title="bbox 332 4750 1887 4818">
     <span class='ocr_line' id='line_1_92' title="bbox 332 4750 1887 4818; baseline 0.003 -18"><span class='ocrx_word' id='word_1_698' title='bbox 332 4751 392 4801; x_wconf 71' lang='lat' dir='ltr'><strong>‘ll</strong></span> <span class='ocrx_word' id='word_1_699' title='bbox 419 4794 433 4814; x_wconf 93' lang='lat'><strong>,</strong></span> <span class='ocrx_word' id='word_1_700' title='bbox 468 4760 521 4801; x_wconf 82' lang='lat' dir='ltr'><strong>et</strong></span> <span class='ocrx_word' id='word_1_701' title='bbox 559 4750 747 4801; x_wconf 81' lang='lat' dir='ltr'><strong>merito</strong></span> <span class='ocrx_word' id='word_1_702' title='bbox 776 4750 988 4817; x_wconf 84' lang='lat' dir='ltr'><strong>quidem</strong></span> <span class='ocrx_word' id='word_1_703' title='bbox 1022 4765 1035 4814; x_wconf 89' lang='lat'><strong>;</strong></span> <span class='ocrx_word' id='word_1_704' title='bbox 1074 4766 1191 4801; x_wconf 88' lang='lat' dir='ltr'><strong>naut</strong></span> <span class='ocrx_word' id='word_1_705' title='bbox 1220 4761 1416 4818; x_wconf 85' lang='lat' dir='ltr'><strong>optime</strong></span> <span class='ocrx_word' id='word_1_706' title='bbox 1446 4755 1615 4815; x_wconf 73' lang='lat' dir='ltr'><strong>arguit</strong></span> <span class='ocrx_word' id='word_1_707' title='bbox 1647 4752 1701 4807; x_wconf 88' lang='lat' dir='ltr'><strong>S.</strong></span> <span class='ocrx_word' id='word_1_708' title='bbox 1740 4752 1887 4805; x_wconf 72' lang='lat' dir='ltr'><strong>Busi-</strong></span> 
     </span>
    </p>
   </div>
   <div class='ocr_carea' id='block_1_93' title="bbox 333 4819 1886 4890">
    <p class='ocr_par' dir='ltr' id='par_1_93' title="bbox 333 4819 1886 4890">
     <span class='ocr_line' id='line_1_93' title="bbox 333 4819 1886 4890; baseline 0.003 -17"><span class='ocrx_word' id='word_1_709' title='bbox 333 4821 435 4875; x_wconf 80' lang='lat' dir='ltr'><strong>lttts</strong></span> <span class='ocrx_word' id='word_1_710' title='bbox 463 4819 672 4890; x_wconf 76' lang='lat' dir='ltr'><strong>(Regni.</strong></span> <span class='ocrx_word' id='word_1_711' title='bbox 704 4820 829 4887; x_wconf 61' lang='lat' dir='ltr'><strong>fus,</strong></span> <span class='ocrx_word' id='word_1_712' title='bbox 860 4836 976 4888; x_wconf 87' lang='lat' dir='ltr'><strong>cap.</strong></span> <span class='ocrx_word' id='word_1_713' title='bbox 1006 4820 1100 4887; x_wconf 76' lang='grc'><strong>55)</strong></span> <span class='ocrx_word' id='word_1_714' title='bbox 1127 4838 1138 4870; x_wconf 90' lang='lat'><strong>:</strong></span> <span class='ocrx_word' id='word_1_715' title='bbox 1169 4839 1185 4869; x_wconf 83' lang='lat' dir='ltr'><strong>t</strong></span> <span class='ocrx_word' id='word_1_716' title='bbox 1219 4823 1271 4875; x_wconf 80' lang='lat' dir='ltr'><strong>St</strong></span> <span class='ocrx_word' id='word_1_717' title='bbox 1307 4821 1598 4885; x_wconf 89' lang='lat' dir='ltr'><strong>increpatio</strong></span> <span class='ocrx_word' id='word_1_718' title='bbox 1628 4825 1886 4877; x_wconf 84' lang='lat' dir='ltr'><strong>medicina</strong></span> 
     </span>
    </p>
   </div>
   <div class='ocr_carea' id='block_1_94' title="bbox 330 4891 1888 4960">
    <p class='ocr_par' dir='ltr' id='par_1_94' title="bbox 330 4891 1888 4960">
     <span class='ocr_line' id='line_1_94' title="bbox 330 4891 1888 4960; baseline 0.001 -16"><span class='ocrx_word' id='word_1_719' title='bbox 330 4903 442 4955; x_wconf 75' lang='lat' dir='ltr'><strong>cst,</strong></span> <span class='ocrx_word' id='word_1_720' title='bbox 467 4906 569 4943; x_wconf 90' lang='lat' dir='ltr'><strong>non</strong></span> <span class='ocrx_word' id='word_1_721' title='bbox 591 4901 667 4944; x_wconf 87' lang='lat' dir='ltr'><strong>est</strong></span> <span class='ocrx_word' id='word_1_722' title='bbox 690 4891 919 4959; x_wconf 77' lang='lat' dir='ltr'><strong>cujusvis</strong></span> <span class='ocrx_word' id='word_1_723' title='bbox 946 4892 1220 4958; x_wconf 86' lang='lat' dir='ltr'><strong>increpare</strong></span> <span class='ocrx_word' id='word_1_724' title='bbox 1249 4891 1642 4956; x_wconf 86' lang='lat' dir='ltr'><strong>delinquentetn</strong></span> <span class='ocrx_word' id='word_1_725' title='bbox 1659 4932 1674 4952; x_wconf 88' lang='lat'><strong>.</strong></span> <span class='ocrx_word' id='word_1_726' title='bbox 1699 4907 1888 4960; x_wconf 84' lang='lat' dir='ltr'><strong>quein-</strong></span> 
     </span>
    </p>
   </div>
   <div class='ocr_carea' id='block_1_95' title="bbox 329 4960 1890 5031">
    <p class='ocr_par' dir='ltr' id='par_1_95' title="bbox 329 4960 1890 5031">
     <span class='ocr_line' id='line_1_95' title="bbox 329 4960 1890 5031; baseline 0.004 -20"><span class='ocrx_word' id='word_1_727' title='bbox 329 4963 616 5031; x_wconf 67' lang='lat' dir='ltr'><strong>ailmndutn</strong></span> <span class='ocrx_word' id='word_1_728' title='bbox 667 4976 836 5024; x_wconf 70' lang='lat' dir='ltr'><strong>neque</strong></span> <span class='ocrx_word' id='word_1_729' title='bbox 879 4976 1068 5015; x_wconf 89' lang='lat' dir='ltr'><strong>curare</strong></span> <span class='ocrx_word' id='word_1_730' title='bbox 1106 4971 1395 5029; x_wconf 71' lang='lat' dir='ltr'><strong>aegrotum.</strong></span> <span class='ocrx_word' id='word_1_731' title='bbox 1440 4960 1542 5013; x_wconf 86' lang='lat' dir='ltr'><strong>nisi</strong></span> <span class='ocrx_word' id='word_1_732' title='bbox 1582 4963 1740 5015; x_wconf 84' lang='lat' dir='ltr'><strong>alicui</strong></span> <span class='ocrx_word' id='word_1_733' title='bbox 1779 4965 1890 5031; x_wconf 85' lang='lat' dir='ltr'><strong>ipse</strong></span> 
     </span>
    </p>
   </div>
   <div class='ocr_carea' id='block_1_96' title="bbox 334 5030 1893 5101">
    <p class='ocr_par' dir='ltr' id='par_1_96' title="bbox 334 5030 1893 5101">
     <span class='ocr_line' id='line_1_96' title="bbox 334 5030 1893 5101; baseline 0.002 -17"><span class='ocrx_word' id='word_1_734' title='bbox 334 5030 646 5099; x_wconf 77' lang='lat' dir='ltr'><strong>pra-positus</strong></span> <span class='ocrx_word' id='word_1_735' title='bbox 693 5046 813 5085; x_wconf 89' lang='lat' dir='ltr'><strong>cum</strong></span> <span class='ocrx_word' id='word_1_736' title='bbox 864 5034 1065 5101; x_wconf 84' lang='lat' dir='ltr'><strong>majore</strong></span> <span class='ocrx_word' id='word_1_737' title='bbox 1111 5045 1333 5085; x_wconf 82' lang='lat' dir='ltr'><strong>censura</strong></span> <span class='ocrx_word' id='word_1_738' title='bbox 1379 5031 1430 5083; x_wconf 84' lang='lat' dir='ltr'><strong>id</strong></span> <span class='ocrx_word' id='word_1_739' title='bbox 1472 5032 1707 5085; x_wconf 85' lang='lat' dir='ltr'><strong>muneris</strong></span> <span class='ocrx_word' id='word_1_740' title='bbox 1748 5030 1893 5087; x_wconf 75' lang='lat' dir='ltr'><strong>com-</strong></span> 
     </span>
    </p>
   </div>
   <div class='ocr_carea' id='block_1_97' title="bbox 332 5112 597 5155">
    <p class='ocr_par' dir='ltr' id='par_1_97' title="bbox 332 5112 597 5155">
     <span class='ocr_line' id='line_1_97' title="bbox 332 5112 597 5155; baseline -0.011 0"><span class='ocrx_word' id='word_1_741' title='bbox 332 5112 556 5155; x_wconf 83' lang='lat' dir='ltr'><strong>ttitsertt.</strong></span> <span class='ocrx_word' id='word_1_742' title='bbox 580 5120 597 5152; x_wconf 77' lang='grc' dir='ltr'><strong><em>ι</em></strong></span> 
     </span>
    </p>
   </div>
   <div class='ocr_carea' id='block_1_98' title="bbox 409 5170 1898 5243">
    <p class='ocr_par' dir='ltr' id='par_1_98' title="bbox 409 5170 1898 5243">
     <span class='ocr_line' id='line_1_98' title="bbox 409 5170 1898 5243; baseline 0.001 -20"><span class='ocrx_word' id='word_1_743' title='bbox 409 5170 679 5224; x_wconf 77' lang='lat' dir='ltr'><strong>Peccantes</strong></span> <span class='ocrx_word' id='word_1_744' title='bbox 722 5179 892 5243; x_wconf 78' lang='lat' dir='ltr'><strong>autem</strong></span> <span class='ocrx_word' id='word_1_745' title='bbox 935 5187 1103 5224; x_wconf 88' lang='lat' dir='ltr'><strong>coram</strong></span> <span class='ocrx_word' id='word_1_746' title='bbox 1143 5172 1375 5225; x_wconf 79' lang='lat' dir='ltr'><strong>omnibus</strong></span> <span class='ocrx_word' id='word_1_747' title='bbox 1413 5171 1742 5243; x_wconf 84' lang='lat' dir='ltr'><strong>arguantur.]</strong></span> <span class='ocrx_word' id='word_1_748' title='bbox 1786 5173 1898 5227; x_wconf 85' lang='lat' dir='ltr'><strong>Hil-</strong></span> 
     </span>
    </p>
   </div>
   <div class='ocr_carea' id='block_1_99' title="bbox 334 5242 1897 5311">
    <p class='ocr_par' dir='ltr' id='par_1_99' title="bbox 334 5242 1897 5311">
     <span class='ocr_line' id='line_1_99' title="bbox 334 5242 1897 5311; baseline 0.003 -18"><span class='ocrx_word' id='word_1_749' title='bbox 334 5243 583 5295; x_wconf 86' lang='lat' dir='ltr'><strong>demarus</strong></span> <span class='ocrx_word' id='word_1_750' title='bbox 620 5243 702 5295; x_wconf 83' lang='lat' dir='ltr'><strong>hic</strong></span> <span class='ocrx_word' id='word_1_751' title='bbox 739 5242 899 5295; x_wconf 87' lang='lat' dir='ltr'><strong>alium</strong></span> <span class='ocrx_word' id='word_1_752' title='bbox 945 5247 1140 5310; x_wconf 70' lang='lat' dir='ltr'><strong>regula:</strong></span> <span class='ocrx_word' id='word_1_753' title='bbox 1181 5244 1353 5295; x_wconf 90' lang='lat' dir='ltr'><strong>locum</strong></span> <span class='ocrx_word' id='word_1_754' title='bbox 1384 5244 1598 5308; x_wconf 62' lang='lat' dir='ltr'><strong>objicit,</strong></span> <span class='ocrx_word' id='word_1_755' title='bbox 1635 5242 1739 5295; x_wconf 62' lang='lat' dir='ltr'><strong>ubi</strong></span> <span class='ocrx_word' id='word_1_756' title='bbox 1779 5259 1897 5311; x_wconf 90' lang='lat' dir='ltr'><strong>pec-</strong></span> 
     </span>
    </p>
   </div>
   <div class='ocr_carea' id='block_1_100' title="bbox 336 5312 1890 5381">
    <p class='ocr_par' dir='ltr' id='par_1_100' title="bbox 336 5312 1890 5381">
     <span class='ocr_line' id='line_1_100' title="bbox 336 5312 1890 5381; baseline 0.002 -17"><span class='ocrx_word' id='word_1_757' title='bbox 336 5323 519 5366; x_wconf 79' lang='lat' dir='ltr'><strong>t-antes</strong></span> <span class='ocrx_word' id='word_1_758' title='bbox 561 5312 682 5367; x_wconf 89' lang='lat' dir='ltr'><strong>bina</strong></span> <span class='ocrx_word' id='word_1_759' title='bbox 725 5314 1086 5366; x_wconf 82' lang='lat' dir='ltr'><strong>aditionitione</strong></span> <span class='ocrx_word' id='word_1_760' title='bbox 1128 5324 1333 5367; x_wconf 75' lang='lat' dir='ltr'><strong>secreta</strong></span> <span class='ocrx_word' id='word_1_761' title='bbox 1380 5316 1575 5380; x_wconf 85' lang='lat' dir='ltr'><strong>corripi</strong></span> <span class='ocrx_word' id='word_1_762' title='bbox 1619 5313 1890 5381; x_wconf 74' lang='lat' dir='ltr'><strong>jubeutur,</strong></span> 
     </span>
    </p>
   </div>
   <div class='ocr_carea' id='block_1_101' title="bbox 336 5383 1896 5451">
    <p class='ocr_par' dir='ltr' id='par_1_101' title="bbox 336 5383 1896 5451">
     <span class='ocr_line' id='line_1_101' title="bbox 336 5383 1896 5451; baseline 0.001 -15"><span class='ocrx_word' id='word_1_763' title='bbox 336 5399 442 5436; x_wconf 89' lang='lat' dir='ltr'><strong>non</strong></span> <span class='ocrx_word' id='word_1_764' title='bbox 472 5383 697 5449; x_wconf 87' lang='lat' dir='ltr'><strong>publica.</strong></span> <span class='ocrx_word' id='word_1_765' title='bbox 726 5383 952 5451; x_wconf 86' lang='lat' dir='ltr'><strong>Sedipse</strong></span> <span class='ocrx_word' id='word_1_766' title='bbox 976 5385 1130 5437; x_wconf 89' lang='lat' dir='ltr'><strong>etiam</strong></span> <span class='ocrx_word' id='word_1_767' title='bbox 1158 5383 1681 5450; x_wconf 80' lang='lat' dir='ltr'><strong>solvitohjectionetn</strong></span> <span class='ocrx_word' id='word_1_768' title='bbox 1709 5386 1896 5438; x_wconf 86' lang='lat' dir='ltr'><strong>distiu-</strong></span> 
     </span>
    </p>
   </div>
   <div class='ocr_carea' id='block_1_102' title="bbox 334 5453 1893 5521">
    <p class='ocr_par' dir='ltr' id='par_1_102' title="bbox 334 5453 1893 5521">
     <span class='ocr_line' id='line_1_102' title="bbox 334 5453 1893 5521; baseline 0.001 -15"><span class='ocrx_word' id='word_1_769' title='bbox 334 5453 546 5521; x_wconf 64' lang='lat' dir='ltr'><strong>guendo</strong></span> <span class='ocrx_word' id='word_1_770' title='bbox 573 5453 710 5507; x_wconf 88' lang='lat' dir='ltr'><strong>inter</strong></span> <span class='ocrx_word' id='word_1_771' title='bbox 736 5458 932 5521; x_wconf 73' lang='lat' dir='ltr'><strong>privata</strong></span> <span class='ocrx_word' id='word_1_772' title='bbox 958 5463 1009 5508; x_wconf 87' lang='lat' dir='ltr'><strong>et</strong></span> <span class='ocrx_word' id='word_1_773' title='bbox 1039 5454 1242 5520; x_wconf 83' lang='lat' dir='ltr'><strong>publica</strong></span> <span class='ocrx_word' id='word_1_774' title='bbox 1274 5463 1515 5520; x_wconf 82' lang='lat' dir='ltr'><strong>peccata:</strong></span> <span class='ocrx_word' id='word_1_775' title='bbox 1548 5454 1635 5507; x_wconf 75' lang='lat' dir='ltr'><strong>ilia</strong></span> <span class='ocrx_word' id='word_1_776' title='bbox 1664 5466 1893 5518; x_wconf 87' lang='lat' dir='ltr'><strong>secreto,</strong></span> 
     </span>
    </p>
   </div>
   <div class='ocr_carea' id='block_1_103' title="bbox 338 5524 1896 5589">
    <p class='ocr_par' dir='ltr' id='par_1_103' title="bbox 338 5524 1896 5589">
     <span class='ocr_line' id='line_1_103' title="bbox 338 5524 1896 5589; baseline 0.001 -12"><span class='ocrx_word' id='word_1_777' title='bbox 338 5528 455 5577; x_wconf 75' lang='lat' dir='ltr'><strong>lucc</strong></span> <span class='ocrx_word' id='word_1_778' title='bbox 493 5525 700 5589; x_wconf 85' lang='lat' dir='ltr'><strong>publice</strong></span> <span class='ocrx_word' id='word_1_779' title='bbox 735 5538 910 5577; x_wconf 87' lang='lat' dir='ltr'><strong>coram</strong></span> <span class='ocrx_word' id='word_1_780' title='bbox 948 5524 1193 5576; x_wconf 84' lang='lat' dir='ltr'><strong>munibus</strong></span> <span class='ocrx_word' id='word_1_781' title='bbox 1233 5524 1563 5577; x_wconf 71' lang='lat' dir='ltr'><strong>emendanda</strong></span> <span class='ocrx_word' id='word_1_782' title='bbox 1600 5541 1613 5579; x_wconf 91' lang='lat'>:</span> <span class='ocrx_word' id='word_1_783' title='bbox 1660 5530 1799 5578; x_wconf 88' lang='lat' dir='ltr'><strong>unde</strong></span> <span class='ocrx_word' id='word_1_784' title='bbox 1842 5536 1896 5578; x_wconf 86' lang='lat' dir='ltr'><strong>et</strong></span> 
     </span>
    </p>
   </div>
   <div class='ocr_carea' id='block_1_104' title="bbox 339 5594 1893 5661">
    <p class='ocr_par' dir='ltr' id='par_1_104' title="bbox 339 5594 1893 5661">
     <span class='ocr_line' id='line_1_104' title="bbox 339 5594 1893 5661; baseline 0 -13"><span class='ocrx_word' id='word_1_785' title='bbox 339 5596 475 5648; x_wconf 85' lang='lat' dir='ltr'><strong>hanc</strong></span> <span class='ocrx_word' id='word_1_786' title='bbox 502 5594 774 5661; x_wconf 88' lang='lat' dir='ltr'><strong>periodum</strong></span> <span class='ocrx_word' id='word_1_787' title='bbox 802 5610 919 5647; x_wconf 89' lang='lat' dir='ltr'><strong>cum</strong></span> <span class='ocrx_word' id='word_1_788' title='bbox 949 5594 1043 5647; x_wconf 70' lang='lat' dir='ltr'><strong>hac</strong></span> <span class='ocrx_word' id='word_1_789' title='bbox 1070 5596 1491 5659; x_wconf 84' lang='lat' dir='ltr'><strong>interpunctioue</strong></span> <span class='ocrx_word' id='word_1_790' title='bbox 1517 5596 1701 5648; x_wconf 77' lang='lat' dir='ltr'><strong>scribit</strong></span> <span class='ocrx_word' id='word_1_791' title='bbox 1728 5610 1740 5646; x_wconf 93' lang='lat'>:</span> <span class='ocrx_word' id='word_1_792' title='bbox 1776 5594 1893 5648; x_wconf 83' lang='lat' dir='ltr'><strong>Pec-</strong></span> 
     </span>
    </p>
   </div>
   <div class='ocr_carea' id='block_1_105' title="bbox 337 5667 1897 5734">
    <p class='ocr_par' dir='ltr' id='par_1_105' title="bbox 337 5667 1897 5734">
     <span class='ocr_line' id='line_1_105' title="bbox 337 5667 1897 5734; baseline 0.001 -17"><span class='ocrx_word' id='word_1_793' title='bbox 337 5676 507 5717; x_wconf 74' lang='lat' dir='ltr'><strong>cantes</strong></span> <span class='ocrx_word' id='word_1_794' title='bbox 531 5682 698 5717; x_wconf 88' lang='lat' dir='ltr'><strong>coram</strong></span> <span class='ocrx_word' id='word_1_795' title='bbox 726 5667 977 5730; x_wconf 75' lang='lat' dir='ltr'><strong>omnibus,</strong></span> <span class='ocrx_word' id='word_1_796' title='bbox 1001 5674 1299 5734; x_wconf 81' lang='lat' dir='ltr'><strong>arguantur,</strong></span> <span class='ocrx_word' id='word_1_797' title='bbox 1328 5668 1511 5730; x_wconf 85' lang='lat' dir='ltr'><strong>supple</strong></span> <span class='ocrx_word' id='word_1_798' title='bbox 1536 5683 1547 5714; x_wconf 87' lang='lat'><strong>:</strong></span> <span class='ocrx_word' id='word_1_799' title='bbox 1581 5682 1757 5718; x_wconf 83' lang='lat' dir='ltr'><strong>curant</strong></span> <span class='ocrx_word' id='word_1_800' title='bbox 1785 5683 1897 5719; x_wconf 80' lang='lat' dir='ltr'><strong>ont-</strong></span> 
     </span>
    </p>
   </div>
   <div class='ocr_carea' id='block_1_106' title="bbox 338 5735 1898 5804">
    <p class='ocr_par' dir='ltr' id='par_1_106' title="bbox 338 5735 1898 5804">
     <span class='ocr_line' id='line_1_106' title="bbox 338 5735 1898 5804; baseline -0.004 -14"><span class='ocrx_word' id='word_1_801' title='bbox 338 5741 516 5790; x_wconf 87' lang='lat' dir='ltr'><strong>uthus.</strong></span> <span class='ocrx_word' id='word_1_802' title='bbox 550 5739 618 5788; x_wconf 88' lang='lat' dir='ltr'><strong>Ita</strong></span> <span class='ocrx_word' id='word_1_803' title='bbox 658 5751 867 5804; x_wconf 82' lang='lat' dir='ltr'><strong>quoque</strong></span> <span class='ocrx_word' id='word_1_804' title='bbox 895 5737 952 5788; x_wconf 74' lang='grc' dir='ltr'><strong>ὃ.</strong></span> <span class='ocrx_word' id='word_1_805' title='bbox 986 5736 1309 5804; x_wconf 73' lang='lat' dir='ltr'><strong>Augustinus</strong></span> <span class='ocrx_word' id='word_1_806' title='bbox 1355 5737 1492 5788; x_wconf 87' lang='lat' dir='ltr'><strong>hunc</strong></span> <span class='ocrx_word' id='word_1_807' title='bbox 1537 5735 1773 5802; x_wconf 78' lang='lat' dir='ltr'><strong>Apostoli</strong></span> <span class='ocrx_word' id='word_1_808' title='bbox 1823 5742 1898 5785; x_wconf 85' lang='lat' dir='ltr'><strong>Io-</strong></span> 
     </span>
    </p>
   </div>
   <div class='ocr_carea' id='block_1_107' title="bbox 340 5803 1896 5875">
    <p class='ocr_par' dir='ltr' id='par_1_107' title="bbox 340 5803 1896 5875">
     <span class='ocr_line' id='line_1_107' title="bbox 340 5803 1896 5875; baseline 0 -16"><span class='ocrx_word' id='word_1_809' title='bbox 340 5823 497 5860; x_wconf 78' lang='lat' dir='ltr'><strong>t&#39;liltt:</strong></span> <span class='ocrx_word' id='word_1_810' title='bbox 537 5807 801 5858; x_wconf 74' lang='lat' dir='ltr'><strong>l’ccrantcs</strong></span> <span class='ocrx_word' id='word_1_811' title='bbox 837 5822 1005 5859; x_wconf 87' lang='lat' dir='ltr'><strong>coram</strong></span> <span class='ocrx_word' id='word_1_812' title='bbox 1049 5803 1278 5858; x_wconf 76' lang='lat' dir='ltr'><strong>omnibus</strong></span> <span class='ocrx_word' id='word_1_813' title='bbox 1319 5816 1618 5875; x_wconf 75' lang='lat' dir='ltr'><strong>arguantur,</strong></span> <span class='ocrx_word' id='word_1_814' title='bbox 1651 5808 1896 5861; x_wconf 54' lang='lat' dir='ltr'><strong>conciliat</strong></span> 
     </span>
    </p>
   </div>
   <div class='ocr_carea' id='block_1_108' title="bbox 2002 4472 3559 4539">
    <p class='ocr_par' dir='ltr' id='par_1_108' title="bbox 2002 4472 3559 4539">
     <span class='ocr_line' id='line_1_108' title="bbox 2002 4472 3559 4539; baseline 0.001 -16"><span class='ocrx_word' id='word_1_815' title='bbox 2002 4472 2173 4539; x_wconf 87' lang='lat' dir='ltr'><strong>platea</strong></span> <span class='ocrx_word' id='word_1_816' title='bbox 2212 4472 2460 4535; x_wconf 89' lang='lat' dir='ltr'><strong>nudatur,</strong></span> <span class='ocrx_word' id='word_1_817' title='bbox 2505 4472 2714 4538; x_wconf 74' lang='lat' dir='ltr'><strong>ligatur,</strong></span> <span class='ocrx_word' id='word_1_818' title='bbox 2758 4483 2812 4526; x_wconf 86' lang='lat' dir='ltr'><strong>et</strong></span> <span class='ocrx_word' id='word_1_819' title='bbox 2851 4474 3182 4528; x_wconf 88' lang='lat' dir='ltr'><strong>verberatur.</strong></span> <span class='ocrx_word' id='word_1_820' title='bbox 3229 4473 3297 4526; x_wconf 85' lang='lat' dir='ltr'><strong>Et</strong></span> <span class='ocrx_word' id='word_1_821' title='bbox 3333 4476 3377 4526; x_wconf 88' lang='lat' dir='ltr'><strong>si</strong></span> <span class='ocrx_word' id='word_1_822' title='bbox 3408 4477 3559 4538; x_wconf 87' lang='lat' dir='ltr'><strong>culpa</strong></span> 
     </span>
    </p>
   </div>
   <div class='ocr_carea' id='block_1_109' title="bbox 2003 4541 3565 4611">
    <p class='ocr_par' dir='ltr' id='par_1_109' title="bbox 2003 4541 3565 4611">
     <span class='ocr_line' id='line_1_109' title="bbox 2003 4541 3565 4611; baseline 0.002 -18"><span class='ocrx_word' id='word_1_823' title='bbox 2003 4555 2104 4593; x_wconf 81' lang='lat' dir='ltr'><strong>nan</strong></span> <span class='ocrx_word' id='word_1_824' title='bbox 2136 4552 2217 4595; x_wconf 90' lang='lat' dir='ltr'><strong>est</strong></span> <span class='ocrx_word' id='word_1_825' title='bbox 2247 4541 2313 4595; x_wconf 87' lang='lat' dir='ltr'><strong>de</strong></span> <span class='ocrx_word' id='word_1_826' title='bbox 2343 4541 2674 4611; x_wconf 77' lang='lat' dir='ltr'><strong>gravioribus</strong></span> <span class='ocrx_word' id='word_1_827' title='bbox 2706 4541 2860 4595; x_wconf 87' lang='lat' dir='ltr'><strong>malis</strong></span> <span class='ocrx_word' id='word_1_828' title='bbox 2880 4583 2895 4605; x_wconf 88' lang='lat'><strong>,</strong></span> <span class='ocrx_word' id='word_1_829' title='bbox 2925 4543 3019 4597; x_wconf 88' lang='lat' dir='ltr'><strong>sed</strong></span> <span class='ocrx_word' id='word_1_830' title='bbox 3052 4542 3190 4596; x_wconf 82' lang='lat' dir='ltr'><strong>forte</strong></span> <span class='ocrx_word' id='word_1_831' title='bbox 3220 4552 3277 4596; x_wconf 91' lang='lat' dir='ltr'><strong>ut</strong></span> <span class='ocrx_word' id='word_1_832' title='bbox 3314 4559 3435 4598; x_wconf 89' lang='lat' dir='ltr'><strong>cum</strong></span> <span class='ocrx_word' id='word_1_833' title='bbox 3468 4544 3565 4597; x_wconf 39' lang='lat' dir='ltr'><strong>alii</strong></span> 
     </span>
    </p>
   </div>
   <div class='ocr_carea' id='block_1_110' title="bbox 2000 4612 3564 4683">
    <p class='ocr_par' dir='ltr' id='par_1_110' title="bbox 2000 4612 3564 4683">
     <span class='ocr_line' id='line_1_110' title="bbox 2000 4612 3564 4683; baseline 0.004 -23"><span class='ocrx_word' id='word_1_834' title='bbox 2000 4628 2103 4677; x_wconf 88' lang='lat' dir='ltr'><strong>quo</strong></span> <span class='ocrx_word' id='word_1_835' title='bbox 2148 4612 2426 4665; x_wconf 87' lang='lat' dir='ltr'><strong>inhoneste</strong></span> <span class='ocrx_word' id='word_1_836' title='bbox 2483 4622 2539 4666; x_wconf 91' lang='lat' dir='ltr'><strong>et</strong></span> <span class='ocrx_word' id='word_1_837' title='bbox 2602 4613 2895 4680; x_wconf 83' lang='lat' dir='ltr'><strong>irreligiose</strong></span> <span class='ocrx_word' id='word_1_838' title='bbox 2939 4614 2993 4683; x_wconf 87' lang='lat' dir='ltr'><strong>iu</strong></span> <span class='ocrx_word' id='word_1_839' title='bbox 3036 4613 3297 4667; x_wconf 88' lang='lat' dir='ltr'><strong>audientia</strong></span> <span class='ocrx_word' id='word_1_840' title='bbox 3345 4617 3564 4683; x_wconf 83' lang='lat' dir='ltr'><strong>popula-</strong></span> 
     </span>
    </p>
   </div>
   <div class='ocr_carea' id='block_1_111' title="bbox 2000 4682 3565 4749">
    <p class='ocr_par' dir='ltr' id='par_1_111' title="bbox 2000 4682 3565 4749">
     <span class='ocr_line' id='line_1_111' title="bbox 2000 4682 3565 4749; baseline 0.002 -14"><span class='ocrx_word' id='word_1_841' title='bbox 2000 4685 2134 4735; x_wconf 86' lang='lat' dir='ltr'><strong>rium</strong></span> <span class='ocrx_word' id='word_1_842' title='bbox 2165 4683 2539 4745; x_wconf 85' lang='lat' dir='ltr'><strong>contenderit,</strong></span> <span class='ocrx_word' id='word_1_843' title='bbox 2576 4699 2668 4748; x_wconf 89' lang='lat' dir='ltr'><strong>pro</strong></span> <span class='ocrx_word' id='word_1_844' title='bbox 2699 4682 2998 4749; x_wconf 64' lang='lat' dir='ltr'><strong>huiusmodi</strong></span> <span class='ocrx_word' id='word_1_845' title='bbox 3020 4724 3033 4741; x_wconf 84' lang='lat'><strong>.</strong></span> <span class='ocrx_word' id='word_1_846' title='bbox 3066 4699 3187 4736; x_wconf 87' lang='lat' dir='ltr'><strong>cum</strong></span> <span class='ocrx_word' id='word_1_847' title='bbox 3219 4682 3423 4739; x_wconf 85' lang='lat' dir='ltr'><strong>venerit</strong></span> <span class='ocrx_word' id='word_1_848' title='bbox 3449 4686 3565 4738; x_wconf 79' lang='lat' dir='ltr'><strong>dies</strong></span> 
     </span>
    </p>
   </div>
   <div class='ocr_carea' id='block_1_112' title="bbox 2000 4752 3564 4815">
    <p class='ocr_par' dir='ltr' id='par_1_112' title="bbox 2000 4752 3564 4815">
     <span class='ocr_line' id='line_1_112' title="bbox 2000 4752 3564 4815; baseline 0.004 -13"><span class='ocrx_word' id='word_1_849' title='bbox 2000 4752 2316 4815; x_wconf 84' lang='lat' dir='ltr'><strong>dominicus,</strong></span> <span class='ocrx_word' id='word_1_850' title='bbox 2339 4754 2403 4805; x_wconf 88' lang='lat' dir='ltr'><strong>ad</strong></span> <span class='ocrx_word' id='word_1_851' title='bbox 2430 4753 2631 4806; x_wconf 88' lang='lat' dir='ltr'><strong>initiont</strong></span> <span class='ocrx_word' id='word_1_852' title='bbox 2663 4756 2840 4806; x_wconf 65' lang='lat' dir='ltr'><strong>missae</strong></span> <span class='ocrx_word' id='word_1_853' title='bbox 2862 4753 3187 4806; x_wconf 85' lang='lat' dir='ltr'><strong>tuatutinalts</strong></span> <span class='ocrx_word' id='word_1_854' title='bbox 3212 4766 3564 4809; x_wconf 82' lang='lat' dir='ltr'><strong>concurrente</strong></span> 
     </span>
    </p>
   </div>
   <div class='ocr_carea' id='block_1_113' title="bbox 1999 4825 3565 4892">
    <p class='ocr_par' dir='ltr' id='par_1_113' title="bbox 1999 4825 3565 4892">
     <span class='ocr_line' id='line_1_113' title="bbox 1999 4825 3565 4892; baseline 0.004 -21"><span class='ocrx_word' id='word_1_855' title='bbox 1999 4825 2193 4890; x_wconf 88' lang='lat' dir='ltr'><strong>populo</strong></span> <span class='ocrx_word' id='word_1_856' title='bbox 2222 4826 2285 4875; x_wconf 87' lang='lat' dir='ltr'><strong>ad</strong></span> <span class='ocrx_word' id='word_1_857' title='bbox 2320 4826 2600 4877; x_wconf 77' lang='lat' dir='ltr'><strong>ecclesram</strong></span> <span class='ocrx_word' id='word_1_858' title='bbox 2627 4864 2641 4885; x_wconf 87' lang='lat'><strong>,</strong></span> <span class='ocrx_word' id='word_1_859' title='bbox 2672 4832 2775 4876; x_wconf 88' lang='lat' dir='ltr'><strong>stat</strong></span> <span class='ocrx_word' id='word_1_860' title='bbox 2809 4826 2920 4892; x_wconf 52' lang='lat' dir='ltr'><strong>ipse</strong></span> <span class='ocrx_word' id='word_1_861' title='bbox 2952 4825 3110 4876; x_wconf 82' lang='lat' dir='ltr'><strong>nudis</strong></span> <span class='ocrx_word' id='word_1_862' title='bbox 3142 4826 3364 4890; x_wconf 62' lang='lat' dir='ltr'><strong>pedibus</strong></span> <span class='ocrx_word' id='word_1_863' title='bbox 3400 4843 3565 4892; x_wconf 83' lang='lat' dir='ltr'><strong>prope</strong></span> 
     </span>
    </p>
   </div>
   <div class='ocr_carea' id='block_1_114' title="bbox 1998 4892 3563 4960">
    <p class='ocr_par' dir='ltr' id='par_1_114' title="bbox 1998 4892 3563 4960">
     <span class='ocr_line' id='line_1_114' title="bbox 1998 4892 3563 4960; baseline 0.003 -15"><span class='ocrx_word' id='word_1_864' title='bbox 1998 4892 2139 4945; x_wconf 77' lang='lat' dir='ltr'><strong>fores</strong></span> <span class='ocrx_word' id='word_1_865' title='bbox 2160 4892 2419 4952; x_wconf 68' lang='lat' dir='ltr'><strong>ecclesiae.</strong></span> <span class='ocrx_word' id='word_1_866' title='bbox 2437 4902 2493 4947; x_wconf 90' lang='lat' dir='ltr'><strong>et</strong></span> <span class='ocrx_word' id='word_1_867' title='bbox 2521 4908 2678 4946; x_wconf 89' lang='lat' dir='ltr'><strong>unum</strong></span> <span class='ocrx_word' id='word_1_868' title='bbox 2694 4893 2932 4947; x_wconf 88' lang='lat' dir='ltr'><strong>codicem</strong></span> <span class='ocrx_word' id='word_1_869' title='bbox 2959 4894 3390 4960; x_wconf 75' lang='lat' dir='ltr'><strong>gramliusmtlum</strong></span> <span class='ocrx_word' id='word_1_870' title='bbox 3419 4906 3563 4950; x_wconf 87' lang='lat' dir='ltr'><strong>tenet</strong></span> 
     </span>
    </p>
   </div>
   <div class='ocr_carea' id='block_1_115' title="bbox 2000 4965 3562 5035">
    <p class='ocr_par' dir='ltr' id='par_1_115' title="bbox 2000 4965 3562 5035">
     <span class='ocr_line' id='line_1_115' title="bbox 2000 4965 3562 5035; baseline 0.003 -21"><span class='ocrx_word' id='word_1_871' title='bbox 2000 4979 2051 5015; x_wconf 89' lang='lat' dir='ltr'><strong>tn</strong></span> <span class='ocrx_word' id='word_1_872' title='bbox 2077 4978 2267 5027; x_wconf 88' lang='lat' dir='ltr'><strong>manu;</strong></span> <span class='ocrx_word' id='word_1_873' title='bbox 2310 4966 2573 5029; x_wconf 79' lang='lat' dir='ltr'><strong>capellum</strong></span> <span class='ocrx_word' id='word_1_874' title='bbox 2597 4980 2699 5016; x_wconf 89' lang='lat' dir='ltr'><strong>non</strong></span> <span class='ocrx_word' id='word_1_875' title='bbox 2725 4965 2926 5030; x_wconf 90' lang='lat' dir='ltr'><strong>induit,</strong></span> <span class='ocrx_word' id='word_1_876' title='bbox 2951 4973 3007 5035; x_wconf 83' lang='lat' dir='ltr'><strong>ut</strong></span> <span class='ocrx_word' id='word_1_877' title='bbox 3029 4965 3097 5017; x_wconf 88' lang='lat' dir='ltr'><strong>ab</strong></span> <span class='ocrx_word' id='word_1_878' title='bbox 3127 4966 3373 5019; x_wconf 84' lang='lat' dir='ltr'><strong>omnibus</strong></span> <span class='ocrx_word' id='word_1_879' title='bbox 3398 4979 3562 5035; x_wconf 64' lang='lat' dir='ltr'><strong>possm</strong></span> 
     </span>
    </p>
   </div>
   <div class='ocr_carea' id='block_1_116' title="bbox 1999 5034 3561 5102">
    <p class='ocr_par' dir='ltr' id='par_1_116' title="bbox 1999 5034 3561 5102">
     <span class='ocr_line' id='line_1_116' title="bbox 1999 5034 3561 5102; baseline 0.003 -18"><span class='ocrx_word' id='word_1_880' title='bbox 1999 5048 2248 5100; x_wconf 66' lang='lat' dir='ltr'><strong>agnuam;</strong></span> <span class='ocrx_word' id='word_1_881' title='bbox 2281 5036 2474 5088; x_wconf 88' lang='lat' dir='ltr'><strong>nemini</strong></span> <span class='ocrx_word' id='word_1_882' title='bbox 2507 5038 2735 5102; x_wconf 81' lang='lat' dir='ltr'><strong>loquitur</strong></span> <span class='ocrx_word' id='word_1_883' title='bbox 2762 5034 2977 5087; x_wconf 87' lang='lat' dir='ltr'><strong>intranti</strong></span> <span class='ocrx_word' id='word_1_884' title='bbox 3016 5039 3094 5088; x_wconf 92' lang='lat' dir='ltr'><strong>vcl</strong></span> <span class='ocrx_word' id='word_1_885' title='bbox 3122 5037 3335 5089; x_wconf 63' lang='lat' dir='ltr'><strong>exaunti</strong></span> <span class='ocrx_word' id='word_1_886' title='bbox 3359 5053 3372 5097; x_wconf 87' lang='lat'><strong>;</strong></span> <span class='ocrx_word' id='word_1_887' title='bbox 3400 5034 3561 5090; x_wconf 76' lang='lat' dir='ltr'><strong>unus</strong></span> 
     </span>
    </p>
   </div>
   <div class='ocr_carea' id='block_1_117' title="bbox 2002 5104 3567 5174">
    <p class='ocr_par' dir='ltr' id='par_1_117' title="bbox 2002 5104 3567 5174">
     <span class='ocr_line' id='line_1_117' title="bbox 2002 5104 3567 5174; baseline 0.003 -20"><span class='ocrx_word' id='word_1_888' title='bbox 2002 5105 2230 5156; x_wconf 79' lang='lat' dir='ltr'><strong>lautulus</strong></span> <span class='ocrx_word' id='word_1_889' title='bbox 2259 5119 2471 5171; x_wconf 87' lang='lat' dir='ltr'><strong>semper</strong></span> <span class='ocrx_word' id='word_1_890' title='bbox 2499 5115 2591 5174; x_wconf 12' lang='lat' dir='ltr'><strong>est;</strong></span> <span class='ocrx_word' id='word_1_891' title='bbox 2615 5107 2763 5170; x_wconf 79' lang='lat' dir='ltr'><strong>juxta</strong></span> <span class='ocrx_word' id='word_1_892' title='bbox 2803 5104 2989 5168; x_wconf 90' lang='lat' dir='ltr'><strong>illum,</strong></span> <span class='ocrx_word' id='word_1_893' title='bbox 3026 5107 3113 5174; x_wconf 87' lang='lat' dir='ltr'><strong>qui</strong></span> <span class='ocrx_word' id='word_1_894' title='bbox 3160 5106 3304 5159; x_wconf 86' lang='lat' dir='ltr'><strong>dicat</strong></span> <span class='ocrx_word' id='word_1_895' title='bbox 3343 5107 3567 5161; x_wconf 65' lang='lat' dir='ltr'><strong>interroo</strong></span> 
     </span>
    </p>
   </div>
   <div class='ocr_carea' id='block_1_118' title="bbox 1998 5172 3563 5246">
    <p class='ocr_par' dir='ltr' id='par_1_118' title="bbox 1998 5172 3563 5246">
     <span class='ocr_line' id='line_1_118' title="bbox 1998 5172 3563 5246; baseline 0.004 -20"><span class='ocrx_word' id='word_1_896' title='bbox 1998 5175 2243 5239; x_wconf 70' lang='lat' dir='ltr'><strong>gsttttibus</strong></span> <span class='ocrx_word' id='word_1_897' title='bbox 2271 5184 2484 5244; x_wconf 83' lang='lat' dir='ltr'><strong>propter</strong></span> <span class='ocrx_word' id='word_1_898' title='bbox 2508 5172 2628 5241; x_wconf 74' lang='lat' dir='ltr'><strong>quid</strong></span> <span class='ocrx_word' id='word_1_899' title='bbox 2657 5176 2777 5229; x_wconf 87' lang='lat' dir='ltr'><strong>talis</strong></span> <span class='ocrx_word' id='word_1_900' title='bbox 2802 5175 2849 5228; x_wconf 87' lang='lat' dir='ltr'><strong>ei</strong></span> <span class='ocrx_word' id='word_1_901' title='bbox 2878 5172 3185 5242; x_wconf 70' lang='lat' dir='ltr'><strong>pmttiteutia</strong></span> <span class='ocrx_word' id='word_1_902' title='bbox 3211 5177 3280 5229; x_wconf 87' lang='lat' dir='ltr'><strong>sit</strong></span> <span class='ocrx_word' id='word_1_903' title='bbox 3307 5176 3563 5246; x_wconf 64' lang='lat' dir='ltr'><strong>injuncta.</strong></span> 
     </span>
    </p>
   </div>
   <div class='ocr_carea' id='block_1_119' title="bbox 2001 5245 3570 5317">
    <p class='ocr_par' dir='ltr' id='par_1_119' title="bbox 2001 5245 3570 5317">
     <span class='ocr_line' id='line_1_119' title="bbox 2001 5245 3570 5317; baseline 0.006 -22"><span class='ocrx_word' id='word_1_904' title='bbox 2001 5261 2096 5297; x_wconf 89' lang='lat' dir='ltr'><strong>nec</strong></span> <span class='ocrx_word' id='word_1_905' title='bbox 2124 5246 2321 5317; x_wconf 85' lang='lat' dir='ltr'><strong>recedit</strong></span> <span class='ocrx_word' id='word_1_906' title='bbox 2347 5246 2467 5299; x_wconf 75' lang='lat' dir='ltr'><strong>inde</strong></span> <span class='ocrx_word' id='word_1_907' title='bbox 2494 5261 2766 5315; x_wconf 89' lang='lat' dir='ltr'><strong>usquequo</strong></span> <span class='ocrx_word' id='word_1_908' title='bbox 2793 5246 2952 5299; x_wconf 84' lang='lat' dir='ltr'><strong>missa</strong></span> <span class='ocrx_word' id='word_1_909' title='bbox 2983 5245 3214 5317; x_wconf 76' lang='lat' dir='ltr'><strong>ﬁniatur.</strong></span> <span class='ocrx_word' id='word_1_910' title='bbox 3242 5265 3260 5298; x_wconf 78' lang='grc' dir='ltr'>ι</span> <span class='ocrx_word' id='word_1_911' title='bbox 3294 5245 3423 5300; x_wconf 81' lang='lat' dir='ltr'><strong>Vide</strong></span> <span class='ocrx_word' id='word_1_912' title='bbox 3449 5265 3570 5317; x_wconf 81' lang='lat' dir='ltr'><strong>qua:</strong></span> 
     </span>
    </p>
   </div>
   <div class='ocr_carea' id='block_1_120' title="bbox 2001 5316 3559 5383">
    <p class='ocr_par' dir='ltr' id='par_1_120' title="bbox 2001 5316 3559 5383">
     <span class='ocr_line' id='line_1_120' title="bbox 2001 5316 3559 5383; baseline 0.004 -17"><span class='ocrx_word' id='word_1_913' title='bbox 2001 5330 2163 5377; x_wconf 74' lang='lat' dir='ltr'><strong>supra</strong></span> <span class='ocrx_word' id='word_1_914' title='bbox 2203 5316 2433 5369; x_wconf 80' lang='lat' dir='ltr'><strong>diximus</strong></span> <span class='ocrx_word' id='word_1_915' title='bbox 2471 5331 2540 5369; x_wconf 76' lang='lat' dir='ltr'><strong>ex</strong></span> <span class='ocrx_word' id='word_1_916' title='bbox 2584 5317 2925 5383; x_wconf 79' lang='lat' dir='ltr'><strong>Benigniauis</strong></span> <span class='ocrx_word' id='word_1_917' title='bbox 2968 5316 3452 5371; x_wconf 88' lang='lat' dir='ltr'><strong>Consuetudiuihus</strong></span> <span class='ocrx_word' id='word_1_918' title='bbox 3494 5324 3559 5372; x_wconf 83' lang='lat' dir='ltr'><strong>ad</strong></span> 
     </span>
    </p>
   </div>
   <div class='ocr_carea' id='block_1_121' title="bbox 2001 5384 3569 5452">
    <p class='ocr_par' dir='ltr' id='par_1_121' title="bbox 2001 5384 3569 5452">
     <span class='ocr_line' id='line_1_121' title="bbox 2001 5384 3569 5452; baseline 0.003 -17"><span class='ocrx_word' id='word_1_919' title='bbox 2001 5401 2120 5452; x_wconf 87' lang='lat' dir='ltr'><strong>cap.</strong></span> <span class='ocrx_word' id='word_1_920' title='bbox 2149 5384 2237 5439; x_wconf 70' lang='grc'><strong>44.</strong></span> <span class='ocrx_word' id='word_1_921' title='bbox 2279 5386 2382 5439; x_wconf 72' lang='lat' dir='ltr'><strong>Sed</strong></span> <span class='ocrx_word' id='word_1_922' title='bbox 2408 5397 2629 5440; x_wconf 86' lang='lat' dir='ltr'><strong>econtra</strong></span> <span class='ocrx_word' id='word_1_923' title='bbox 2656 5387 2953 5441; x_wconf 74' lang='lat' dir='ltr'><strong>Bernardus</strong></span> <span class='ocrx_word' id='word_1_924' title='bbox 2975 5388 3313 5441; x_wconf 58' lang='lat' dir='ltr'><strong>Cassinensis</strong></span> <span class='ocrx_word' id='word_1_925' title='bbox 3338 5389 3424 5441; x_wconf 90' lang='lat' dir='ltr'><strong>hic</strong></span> <span class='ocrx_word' id='word_1_926' title='bbox 3446 5402 3569 5441; x_wconf 80' lang='lat' dir='ltr'><strong>con-</strong></span> 
     </span>
    </p>
   </div>
   <div class='ocr_carea' id='block_1_122' title="bbox 2000 5455 3565 5527">
    <p class='ocr_par' dir='ltr' id='par_1_122' title="bbox 2000 5455 3565 5527">
     <span class='ocr_line' id='line_1_122' title="bbox 2000 5455 3565 5527; baseline 0.003 -20"><span class='ocrx_word' id='word_1_927' title='bbox 2000 5459 2239 5522; x_wconf 38' lang='lat' dir='ltr'><strong>qtterivur</strong></span> <span class='ocrx_word' id='word_1_928' title='bbox 2265 5455 2330 5510; x_wconf 90' lang='lat' dir='ltr'><strong>de</strong></span> <span class='ocrx_word' id='word_1_929' title='bbox 2358 5458 2623 5509; x_wconf 75' lang='lat' dir='ltr'><strong>lluttltttilis</strong></span> <span class='ocrx_word' id='word_1_930' title='bbox 2653 5459 2915 5525; x_wconf 72' lang='lat' dir='ltr'><strong>religiosis</strong></span> <span class='ocrx_word' id='word_1_931' title='bbox 2940 5460 3058 5525; x_wconf 88' lang='lat' dir='ltr'><strong>qui,</strong></span> <span class='ocrx_word' id='word_1_932' title='bbox 3096 5477 3113 5509; x_wconf 74' lang='grc' dir='ltr'>ι</span> <span class='ocrx_word' id='word_1_933' title='bbox 3140 5459 3350 5525; x_wconf 75' lang='lat' dir='ltr'><strong>quando</strong></span> <span class='ocrx_word' id='word_1_934' title='bbox 3376 5459 3565 5527; x_wconf 82' lang='lat' dir='ltr'><strong>aliquis</strong></span> 
     </span>
    </p>
   </div>
   <div class='ocr_carea' id='block_1_123' title="bbox 2003 5528 3568 5597">
    <p class='ocr_par' dir='ltr' id='par_1_123' title="bbox 2003 5528 3568 5597">
     <span class='ocr_line' id='line_1_123' title="bbox 2003 5528 3568 5597; baseline 0.001 -20"><span class='ocrx_word' id='word_1_935' title='bbox 2003 5528 2219 5579; x_wconf 72' lang='lat' dir='ltr'><strong>[l&#39;all’um</strong></span> <span class='ocrx_word' id='word_1_936' title='bbox 2247 5536 2407 5580; x_wconf 84' lang='lat' dir='ltr'><strong>etiam</strong></span> <span class='ocrx_word' id='word_1_937' title='bbox 2436 5530 2719 5581; x_wconf 63' lang='lat' dir='ltr'><strong>saettlares</strong></span> <span class='ocrx_word' id='word_1_938' title='bbox 2748 5533 2988 5581; x_wconf 85' lang='lat' dir='ltr'><strong>homines</strong></span> <span class='ocrx_word' id='word_1_939' title='bbox 3016 5544 3112 5582; x_wconf 69' lang='lat' dir='ltr'><strong>suo</strong></span> <span class='ocrx_word' id='word_1_940' title='bbox 3142 5545 3305 5597; x_wconf 86' lang='lat' dir='ltr'><strong>pravo</strong></span> <span class='ocrx_word' id='word_1_941' title='bbox 3330 5544 3568 5582; x_wconf 84' lang='lat' dir='ltr'><strong>corrum-</strong></span> 
     </span>
    </p>
   </div>
   <div class='ocr_carea' id='block_1_124' title="bbox 2004 5598 3565 5665">
    <p class='ocr_par' dir='ltr' id='par_1_124' title="bbox 2004 5598 3565 5665">
     <span class='ocr_line' id='line_1_124' title="bbox 2004 5598 3565 5665; baseline 0.003 -18"><span class='ocrx_word' id='word_1_942' title='bbox 2004 5598 2080 5664; x_wconf 86' lang='lat' dir='ltr'><strong>pit.</strong></span> <span class='ocrx_word' id='word_1_943' title='bbox 2106 5598 2353 5664; x_wconf 77' lang='lat' dir='ltr'><strong>exemplo</strong></span> <span class='ocrx_word' id='word_1_944' title='bbox 2375 5637 2389 5657; x_wconf 84' lang='lat'><strong>.</strong></span> <span class='ocrx_word' id='word_1_945' title='bbox 2420 5613 2539 5651; x_wconf 88' lang='lat' dir='ltr'><strong>eum</strong></span> <span class='ocrx_word' id='word_1_946' title='bbox 2568 5600 2776 5652; x_wconf 81' lang='lat' dir='ltr'><strong>occulte</strong></span> <span class='ocrx_word' id='word_1_947' title='bbox 2809 5610 3062 5665; x_wconf 84' lang='lat' dir='ltr'><strong>puniunt,</strong></span> <span class='ocrx_word' id='word_1_948' title='bbox 3098 5601 3177 5653; x_wconf 85' lang='lat' dir='ltr'><strong>vel</strong></span> <span class='ocrx_word' id='word_1_949' title='bbox 3214 5602 3282 5652; x_wconf 88' lang='lat' dir='ltr'><strong>de</strong></span> <span class='ocrx_word' id='word_1_950' title='bbox 3314 5616 3417 5651; x_wconf 91' lang='lat' dir='ltr'><strong>uno</strong></span> <span class='ocrx_word' id='word_1_951' title='bbox 3448 5601 3565 5653; x_wconf 80' lang='lat' dir='ltr'><strong>loco</strong></span> 
     </span>
    </p>
   </div>
   <div class='ocr_carea' id='block_1_125' title="bbox 2005 5668 3563 5738">
    <p class='ocr_par' dir='ltr' id='par_1_125' title="bbox 2005 5668 3563 5738">
     <span class='ocr_line' id='line_1_125' title="bbox 2005 5668 3563 5738; baseline 0.004 -21"><span class='ocrx_word' id='word_1_952' title='bbox 2005 5668 2331 5721; x_wconf 72' lang='lat' dir='ltr'><strong>transferunt</strong></span> <span class='ocrx_word' id='word_1_953' title='bbox 2353 5670 2416 5719; x_wconf 88' lang='lat' dir='ltr'><strong>ad</strong></span> <span class='ocrx_word' id='word_1_954' title='bbox 2439 5671 2598 5721; x_wconf 85' lang='lat' dir='ltr'><strong>alium</strong></span> <span class='ocrx_word' id='word_1_955' title='bbox 2628 5672 2822 5735; x_wconf 86' lang='lat' dir='ltr'><strong>locum,</strong></span> <span class='ocrx_word' id='word_1_956' title='bbox 2846 5679 2900 5722; x_wconf 73' lang='lat' dir='ltr'><strong>cl</strong></span> <span class='ocrx_word' id='word_1_957' title='bbox 2930 5683 3200 5736; x_wconf 79' lang='lat' dir='ltr'><strong>peccatum</strong></span> <span class='ocrx_word' id='word_1_958' title='bbox 3234 5671 3359 5723; x_wconf 86' lang='lat' dir='ltr'><strong>licet</strong></span> <span class='ocrx_word' id='word_1_959' title='bbox 3391 5670 3563 5738; x_wconf 55' lang='lat' dir='ltr'><strong>publi-</strong></span> 
     </span>
    </p>
   </div>
   <div class='ocr_carea' id='block_1_126' title="bbox 2003 5742 3567 5805">
    <p class='ocr_par' dir='ltr' id='par_1_126' title="bbox 2003 5742 3567 5805">
     <span class='ocr_line' id='line_1_126' title="bbox 2003 5742 3567 5805; baseline 0.004 -18"><span class='ocrx_word' id='word_1_960' title='bbox 2003 5752 2121 5789; x_wconf 82' lang='lat' dir='ltr'><strong>cum</strong></span> <span class='ocrx_word' id='word_1_961' title='bbox 2151 5747 2241 5790; x_wconf 80' lang='lat' dir='ltr'><strong>aut</strong></span> <span class='ocrx_word' id='word_1_962' title='bbox 2266 5749 2455 5805; x_wconf 77' lang='lat' dir='ltr'><strong>nega-nt</strong></span> <span class='ocrx_word' id='word_1_963' title='bbox 2481 5742 2821 5801; x_wconf 60' lang='lat' dir='ltr'><strong>mendacimr,</strong></span> <span class='ocrx_word' id='word_1_964' title='bbox 2851 5750 2940 5793; x_wconf 86' lang='lat' dir='ltr'><strong>aut</strong></span> <span class='ocrx_word' id='word_1_965' title='bbox 2967 5742 3183 5798; x_wconf 83' lang='lat' dir='ltr'><strong>ualliant</strong></span> <span class='ocrx_word' id='word_1_966' title='bbox 3208 5742 3450 5805; x_wconf 89' lang='lat' dir='ltr'><strong>turpiter.</strong></span> <span class='ocrx_word' id='word_1_967' title='bbox 3505 5744 3567 5794; x_wconf 71' lang='lat' dir='ltr'><strong>Et</strong></span> 
     </span>
    </p>
   </div>
   <div class='ocr_carea' id='block_1_127' title="bbox 2002 5806 3563 5881">
    <p class='ocr_par' dir='ltr' id='par_1_127' title="bbox 2002 5806 3563 5881">
     <span class='ocr_line' id='line_1_127' title="bbox 2002 5806 3563 5881; baseline 0.003 -20"><span class='ocrx_word' id='word_1_968' title='bbox 2002 5823 2087 5875; x_wconf 67' lang='lat' dir='ltr'><strong>qui</strong></span> <span class='ocrx_word' id='word_1_969' title='bbox 2118 5806 2254 5863; x_wconf 82' lang='lat' dir='ltr'><strong>malo</strong></span> <span class='ocrx_word' id='word_1_970' title='bbox 2280 5809 2394 5878; x_wconf 78' lang='lat' dir='ltr'><strong>ejus</strong></span> <span class='ocrx_word' id='word_1_971' title='bbox 2420 5811 2663 5881; x_wconf 72' lang='lat' dir='ltr'><strong>exemplo</strong></span> <span class='ocrx_word' id='word_1_972' title='bbox 2686 5812 2921 5880; x_wconf 81' lang='lat' dir='ltr'><strong>corrupti</strong></span> <span class='ocrx_word' id='word_1_973' title='bbox 2950 5811 3158 5868; x_wconf 64' lang='lat' dir='ltr'><strong>{sterant</strong></span> <span class='ocrx_word' id='word_1_974' title='bbox 3180 5812 3563 5881; x_wconf 81' lang='lat' dir='ltr'><strong>delinquentis,</strong></span> 
     </span>
    </p>
   </div>
  </div>
