4034 6166
403 671 416 713 ὲ

472 305 579 362 99.3

1772 311 1827 368 S.
1870 311 1929 366 Ρ.
1972 307 2327 364 BENEDICTI

3563 303 3667 358 928

445 434 652 485 [urnam
676 418 975 489 ignorantes
996 419 1285 484 disciplina
1307 421 1539 486 latentis,
1564 423 1729 483 magis
1748 436 1990 476 corrum-
2022 428 2070 483 Α
2108 490 2113 491 ί
2168 420 2303 475 Nam
2333 424 2382 474 in
2415 422 2613 491 fortiori
2663 428 2810 476 (etate
2838 422 2923 489 qui
2948 418 3363 491 praesumpserit,
3414 419 3663 491 etalilta

447 500 658 555 nitntur,
689 500 745 543 et
773 501 1046 543 assnnnmt
1075 493 1346 545 audaciam
1389 494 1610 544 faciendi
1652 493 1837 545 similia
1862 533 1876 554 ,
1912 494 1991 547 vel

445 564 602 613 etiam
632 562 827 625 majora
852 578 865 611 :
898 570 1074 611 (‘ttttll‘n
1105 576 1237 627 quos
1266 563 1533 615 invehitur
1558 563 1653 614 hac
1680 566 1989 615 auctoritate

448 632 505 683 Β.
530 629 871 683 Benedictus:
898 629 967 681 Pe
998 640 1169 682 cantes
1198 647 1368 683 coram
1397 631 1629 684 omn-bus
1652 644 1949 698 arguantur.
1968 652 1986 682 ι

516 699 786 770 ῙηῙηιιιιιηι
805 716 917 751 vero
948 717 1102 768 usque
1131 705 1195 770 ad
1226 703 1513 770 quindecim
1545 720 1795 754 annorum
1824 713 1993 755 relate:

447 768 729 833 disciplinae
756 769 1020 839 diligentia
1050 768 1179 839 δικ]
1227 768 1289 825 Et
1325 776 1483 825 etiam
1517 772 1648 824 ultra
1680 774 1722 825 si
1757 788 1859 825 non
1888 773 1995 825 sint

408 840 785 908 x‘nturigerati,
827 852 883 891 ιιι
925 840 1079 892 docet
1119 840 1467 894 llildemarus.
1514 842 1579 895 Et
1616 851 1786 895 tamen
1817 843 1867 895 in
1906 857 1994 895 ex-

446 923 632 975 cerpta
654 909 720 962 9i
749 910 958 973 Egberti
988 912 1217 977 episcopi
1252 912 1596 964 Ehoiacensis
1625 920 1798 964 exstat
1826 926 1993 964 canon

448 979 669 1031 llotnatt.
717 989 771 1032 et
816 979 1063 1032 Frattcor.
1106 982 1323 1045 (Spelm.
1356 992 1477 1033 tam.
1509 981 1523 1032 Ι
1553 980 1746 1037 Concil.
1776 982 1995 1049 Angl.):

455 1067 472 1096 ι
507 1049 758 1102 Parvulas
786 1064 952 1114 usque
978 1064 1116 1103 anno
1152 1052 1213 1100 ιῑι
1244 1067 1340 1117 pro
1369 1052 1559 1103 delicto
1590 1053 1851 1119 corporali
1884 1054 1988 1104 dis-

447 1121 636 1189 ciplina
667 1120 949 1183 castigetur
978 1135 990 1180 ;
1026 1130 1141 1185 post
1173 1121 1305 1173 hanc
1336 1136 1462 1174 vero
1493 1130 1698 1174 mtatein
1742 1122 1996 1189 quidquid

447 1188 751 1256 deliquerit,
776 1191 853 1241 \el
886 1190 930 1241 si
964 1192 1183 1254 furatur,
1219 1192 1492 1253 retribuat,
1517 1206 1606 1243 seu
1630 1193 1785 1244 etiam
1810 1188 1997 1245 secuit-

449 1258 573 1311 dum
606 1259 767 1325 legem
801 1260 1088 1311 exsolvat.»

523 1326 848 1399 Etcustodta
877 1329 1179 1381 adlt'bealur
1204 1330 1266 1381 ab
1296 1327 1568 1399 omnibus.]
1596 1330 1693 1393 Qui
1725 1329 2000 1397 disciplina

451 1411 556 1449 nOu
600 1398 867 1465 indigent,
911 1414 1134 1464 eamque
1172 1401 1411 1468 apprime
1441 1398 1738 1453 noverunt:
1774 1418 1791 1449 ι
1823 1401 2003 1467 Neque

451 1469 591 1520 enim
633 1481 965 1534 censi-quens
1005 1480 1117 1531 est,
1151 1482 1206 1522 ιιι
1249 1470 1319 1522 illi
1362 1472 1691 1536 disciplinain
1723 1470 1883 1530 dent,
1914 1472 2000 1537 qui

458 1540 692 1608 indigent
718 1537 991 1603 discaplina
1033 1547 1083 1590 et
1116 1544 1355 1593 nesciunt
1383 1541 1712 1607 disciplinam
1734 1559 1781 1602 ,ι
1834 1540 2006 1608 inquit

454 1607 783 1661 llildemarus
809 1625 820 1657 ε
853 1608 976 1659 hinc
999 1610 1156 1661 etiam
1185 1608 1464 1664 Menardus
1490 1628 1500 1659 :
1528 1630 1545 1660 ι
1569 1611 1700 1664 Cum
1728 1607 1920 1663 dicitur
1943 1610 2005 1661 ab

453 1679 709 1739 omnibus,
744 1681 843 1729 hoc
872 1678 937 1730 de
968 1680 1292 1743 praepositis,
1327 1681 1572 1738 decu-:is,
1605 1682 2003 1741 sicerdotihus,

454 1746 727 1810 diaconis,
776 1746 954 1800 senior
977 1748 1103 1813 bus,
1156 1750 1379 1818 aliisque
1428 1750 1755 1818 intelligitur,
1808 1753 1893 1816 qui
1942 1751 2007 1802 ad

2092 490 2146 546 S.
2183 486 2493 546 Aurelianus
2521 491 2759 546 decernit
2788 486 3053 560 (Capflb)
3079 533 3093 554 ,
3150 500 3206 543 ut
3243 507 3259 538 ι
3286 486 3446 560 frater
3476 490 3527 539 in
3555 490 3663 540 fra-

2097 573 2229 615 trem
2260 565 2301 614 si
2332 577 2489 615 ausus
2522 562 2682 615 fuerit
2712 558 2921 613 manum
2968 563 3195 622 mittere,
3243 558 3529 625 legitimam
3583 562 3665 608 di-

2094 633 2372 698 sciplinam
2401 634 2643 698 accipiat.
2674 653 2690 682 ι
2719 636 2844 698 Qua:
2873 635 3028 683 verba
3062 640 3313 694 tanquam
3347 643 3409 679 ex
3435 628 3665 679 concilio

2097 702 2346 755 llerdensi
2368 744 2380 765 ,
2412 717 2528 770 cap.
2554 704 2607 765 7,
2632 703 2857 755 citantur
2885 700 2950 753 ab
2976 702 3129 753 Ivone
3152 698 3495 770 Carnotensi,
3553 715 3605 759 [ι.
3633 698 3667 743 (ἰ

2094 771 2293 825 decreti
2316 814 2330 836 ,
2355 787 2453 841 cap
2479 767 2625 826 ⁷292.
2650 773 2751 824 Sed
2778 788 2837 825 ea
2860 770 3219 833 desumpsisse
3244 767 3448 841 videtur
3466 768 3528 841 δ.
3546 771 3668 841 _An-

2098 845 2328 894 relianus
2361 838 2435 895 ex
2470 843 2664 909 llegula
2698 842 2753 897 S.
2783 841 2996 893 (Itcsarii
3030 840 3093 892 ad
3127 840 3356 907 virgines
3379 878 3393 896 ,
3425 839 3508 889 ubi
3545 838 3663 889 lizi-c

2099 912 2339 980 leguntur
2373 911 2527 980 (Cap.
2552 912 2649 977 21)
2682 930 2692 963 :
2728 930 2742 960 ι
2772 912 2825 966 Si
2858 910 2991 962 forte
3012 955 3026 976 ,
3062 920 3115 962 ιιι
3142 926 3203 980 se
3239 909 3403 980 habet
3430 911 3661 959 humana

2100 976 2353 1045 fragilitas
2373 976 2388 1039 ,⁷
2423 976 2485 1032 ιη’
2505 976 2704 1033 lantiunt
2734 984 2881 1033 nefas
2909 981 3095 1045 aliqua}
3121 979 3187 1031 de
3215 994 3353 1029 soro:
3373 976 3489 1029 ibus
3518 992 3665 1028 ansa:

2102 1051 2325 1115 fuerint,
2356 1052 2566 1105 diab‘ilo
2597 1054 2912 1115 instigante,
2945 1064 3322 1117 prorumpere,
3354 1061 3439 1096 aut
3468 1056 3523 1099 ut
3554 1048 3663 1098 Iur-

2104 1132 2211 1173 tum
2244 1124 2464 1178 faciant.
2494 1131 2585 1175 aut
2614 1124 2664 1173 in
2695 1138 2751 1174 se
2780 1121 3005 1172 illViCt'ln
3038 1134 3247 1170 manum
3282 1118 3523 1177 mittant,
3552 1118 3670 1181 jus-

2103 1202 2211 1243 tnni
2244 1202 2323 1243 est
2354 1201 2410 1243 nt
2440 1192 2722 1256 legitimam
2754 1191 3088 1253 disciplinam
3114 1189 3393 1256 accipiant.
3420 1204 3440 1237 ι
3475 1189 3528 1240 In
3563 1188 3668 1237 ﬂeo

2102 1263 2221 1326 gula
2268 1276 2387 1313 vero
2435 1255 2498 1313 '8.
2544 1260 2774 1314 Ferreoli
2825 1260 3180 1325 pnescrtbitur
3228 1255 3389 1322 (Cap.
3429 1257 3561 1323 21),
3611 1266 3669 1307 nt

2110 1349 2128 1379 ι
2153 1333 2387 1398 qusquis
2420 1333 2590 1384 taliter
2620 1329 2952 1383 incontinens
2991 1331 3229 1381 manibus
3271 1326 3553 1388 invenitur,
3598 1326 3666 1375 ita

2107 1409 2162 1453 ut
2213 1402 2414 1454 nesciat
2449 1404 2514 1452 ab
2551 1401 2745 1454 iiilCiliS
2787 1411 3118 1463 temperare,
3164 1411 3351 1450 manus
3395 1398 3498 1448 illa:
3536 1410 3671 1462 quas

2106 1474 2273 1523 erexit
2306 1473 2353 1523 in
2394 1470 2721 1539 proximum,
2754 1486 2844 1537 per
2877 1470 3087 1533 longum
3122 1477 3328 1539 tempus
3361 1481 3465 1518 non
3497 1466 3669 1518 solum

2103 1540 2251 1609 jejuu
2278 1556 2341 1605 0,
2387 1538 2478 1593 Sed
2522 1541 2680 1593 etiarn
2723 1542 2899 1607 operis
2938 1538 3248 1591 assiduitate
3288 1538 3572 1594 lassentur.
3616 1544 3673 1586 ιιι

2110 1613 2360 1678 deinceps
2400 1613 2463 1662 ad
2514 1611 2671 1664 Deum
2714 1613 2956 1663 leventur
2998 1612 3052 1661 in
3089 1611 3364 1670 oratimie,
3397 1623 3501 1660 non
3547 1622 3670 1659 cum

2112 1679 2288 1734 furore
2328 1680 2680 1733 extendantur
2711 1681 2761 1732 iu
2804 1682 3075 1732 fratrem.)
3651 1695 3692 1732 κ

2182 1751 2446 1803 Caeterum
2476 1752 2613 1817 quod
2645 1753 2728 1801 Inc
2758 1749 2939 1801 statuit
2965 1746 3026 1801 S.
3060 1745 3375 1801 Benedictus
3400 1744 3466 1798 de
3495 1745 3674 1812 pueris
3734 1749 3744 1769 '

454 1831 568 1869 eain
598 1796 767 1871 aetatis
798 1796 1155 1872 maturitatem
1186 1796 1551 1887 peri'etterint,
1578 1796 1635 1872 iii
1666 1796 1893 1886 tempus,
1922 1836 2007 1874 ra-
2046 1796 2085 1854 Β
2119 1835 2283 1889 usque
2309 1823 2373 1873 ad
2406 1796 2571 1873 alliith‘
2614 1820 2679 1872 15
2718 1821 2981 1872 cedendis
3003 1857 3018 1879 ,
3057 1817 3400 1871 conﬁrmatur
3428 1796 3675 1889 ex'praxt

455 1896 653 1939 tionem
683 1896 756 1957 et!
779 1888 990 1940 modum
1030 1889 1272 1944 discretae
1310 1894 1658 1944 correctionis
1684 1905 2009 1957 cognoscere

454 1958 679 2029 valeant.
721 1955 847 2029 Vel,
879 1967 934 2009 ut
963 1957 1193 2026 loquitur
1219 1962 1275 2015 S.
1311 1961 1587 2015 Ferreolus
1612 2003 1626 2024 ,
1658 1963 1724 2013 ad
1750 1955 1871 2029 quos
1902 1977 2013 2027 per-

456 2027 575 2078 tinet
614 2028 935 2080 correctionis
961 2029 1120 2097 887
1153 2032 1229 2083 vel
1272 2047 1417 2084 nosse
1456 2033 1696 2096 modum,
1738 2027 1811 2083 vel
1853 2040 2015 2084 tenere

460 2097 734 2170 iudiciuin.
755 2097 863 2170 Nec
889 2112 1013 2166 puto
1038 2114 1269 2170 (unquam
1300 2103 1457 2155 fuisse
1487 2106 1803 2170 permissum
1835 2104 1898 2155 iis
1926 2100 2015 2168 qui

459 2168 521 2216 17
552 2176 645 2241 aut
673 2165 772 2230 lii,
803 2165 910 2220 imo
940 2168 1090 2241 etflt)
1130 2165 1299 2223 ictatis
1327 2165 1521 2225 annum
1564 2172 1645 2225 vix
1692 2165 1972 2241 attigerunt
1998 2210 2013 2235 ,

459 2234 654 2304 passim
685 2251 876 2305 pueros
905 2238 1130 2293 caedere.
1160 2260 1177 2291 ι

2117 1888 2354 1944 veterum
2388 1891 2765 1943 monachorum
2789 1928 2803 1950 ,
2839 1904 2991 1956 quam
3026 1891 3205 1941 videre
3234 1898 3320 1940 est
3344 1888 3479 1956 apud
3513 1889 3681 1937 Seve-

2120 1976 2236 2015 rum
2266 1961 2575 2026 Sulpieiuin,
2605 1961 2732 2013 ltb.t
2762 1955 2962 2025 Dialog.
2984 2001 2998 2020 ,
3021 1973 3137 2025 cap.
3165 1958 3217 2019 ὅ,
3245 1958 3331 2008 ubi
3359 1955 3515 2009 refert
3545 1956 3681 2026 duos

2124 2045 2332 2099 pueros,
2365 2025 2586 2099 quiut-um
2616 2045 2755 2083 unus
2786 2030 2874 2093 12,
2903 2032 3034 2082 alter
3066 2026 3132 2081 l5
3154 2039 3275 2081 erat
3299 2040 3587 2099 annorum,
3613 2025 3682 2075 ab

2125 2097 2441 2173 abbatesuo
2470 2102 2924 2173 ﬂagrisexceptos
2952 2098 3135 2173 fuisse,
3156 2114 3226 2173 eo
3252 2097 3389 2165 quod
3419 2106 3680 2173 patratum

2128 2187 2155 2222 a
2183 2187 2240 2223 se
2268 2172 2575 2223 miraculum
2604 2172 2721 2222 aliis
2748 2170 2999 2223 fratribus
3028 2170 3422 2235 divulgare-rant
3442 2207 3457 2229 ,
3489 2181 3554 2217 ne
3580 2170 3683 2218 sci-

2130 2240 2254 2294 licet
2285 2257 2414 2294 vana
2442 2241 2566 2295 elati
2598 2240 2764 2310 gloria
2797 2240 3045 2308 perirent.

466 2362 3688 2414 ΕΜ

1635 2480 2019 2562 CAPUT
2072 2480 2402 2562 LXXI.

1544 2619 1628 2680 Ut
1655 2619 2000 2679 obedientes
2027 2620 2157 2681 sint
2184 2621 2301 2679 sibi
2334 2619 2608 2679 invicem.

542 2742 866 2799 Obedientia:
895 2744 1089 2797 bonum
1121 2756 1227 2796 non
1258 2743 1427 2795 solum
1458 2743 1634 2796 abbati
1662 2742 2025 2797 exhibendum

469 2850 553 2894 est
581 2838 650 2913 ab
678 2836 941 2903 omnibus,
964 2836 1062 2892 sed
1084 2836 1240 2892 etiam
1271 2835 1370 2891 sibi
1394 2836 1617 2891 invicem
1642 2838 1711 2890 ita
1737 2845 1760 2871 ἰ
1782 2836 2033 2890 obediant

471 2931 663 2983 fratres
682 2970 696 2994 ,
730 2930 960 2984 scientes
985 2943 1043 2982 se
1070 2943 1167 2998 per
1191 2928 1326 2981 hanc
1352 2929 1671 2984 obedientia:
1699 2928 1834 2981 viam
1865 2928 2031 2981 ituros

473 3018 537 3074 Iti
573 3020 754 3073 Deum.
776 3016 1056 3073 Praemisso
1086 3035 1212 3087 ergo
1237 3018 1444 3072 abbatis
1474 3029 1564 3072 aut
1587 3016 2030 3086 praepositurumb

479 3112 569 3179 qui
611 3110 679 3162 ab
720 3125 785 3164 eo
822 3112 1215 3163 constituuntur
1256 3110 1515 3177 imperio,
1573 3112 1655 3162 cui
1687 3119 1709 3146 ο
1744 3122 1848 3162 non
1907 3122 2030 3176 per-

474 3204 736 3255 mittimus
764 3201 964 3271 privata
990 3201 1207 3269 imperia
1238 3200 1467 3268 prtcponi
1488 3243 1503 3265 ,
1532 3200 1599 3253 de
1624 3208 1819 3254 cietero
1848 3212 2033 3253 omnes

474 3293 712 3364 juniores
752 3291 1016 3361 prioribus
1059 3291 1169 3346 suis
1210 3292 1353 3344 omni
1394 3292 1651 3345 ebaritate
1689 3300 1743 3344 et
1784 3289 2036 3344 sollicitu-

486 3402 553 3439 ne
592 3384 863 3439 obediant.
905 3385 1055 3451 Quod
1095 3385 1138 3438 si
1178 3386 1295 3453 quis
1337 3385 1700 3439 contentiosus
1751 3384 2033 3455 reperitur,

478 3475 817 3544 corripiatur.

550 3568 605 3621 Si
646 3567 764 3633 quis
793 3576 970 3620 autem
1002 3566 1163 3620 frater
1192 3581 1286 3637 pro
1316 3565 1499 3634 quavis
1530 3564 1747 3618 minima
1780 3579 1933 3619 causa
1967 3564 2029 3616 ab

550 3731 575 3756 “
615 3721 700 3774 Al.
730 3721 881 3775 deest
905 3722 997 3774 ita.

550 3790 578 3828 δ
614 3790 811 3855 Conc.,
843 3802 895 3843 ut
926 3792 1325 3861 prmpositorum.

554 3872 577 3898 ι’
613 3863 728 3925 AL,
759 3864 956 3930 quibus.

487 3989 546 4007 '—

2136 2742 2325 2796 abbate
2343 2780 2361 2805 ,
2392 2742 2469 2795 vel
2495 2757 2524 2795 a
2544 2754 2858 2810 quocunque
2889 2739 3064 2807 priore
3093 2753 3189 2791 suo
3216 2738 3530 2806 corripiatur
3557 2754 3697 2805 quo.

2139 2836 2269 2889 libet
2300 2835 2497 2899 modo;
2531 2836 2612 2888 vel
2644 2836 2688 2888 si
2717 2835 2901 2888 leviter
2927 2832 3159 2889 senserit
3183 2836 3413 2885 animum
3442 2830 3468 2867 ἀ
3503 2832 3698 2897 prioris

2136 2929 2499 2995 cujuscunque
2526 2927 2692 2997 888
2720 2935 2902 2980 contra
2930 2938 2989 2978 se
3017 2926 3205 2977 iratum
3237 2923 3318 2975 vel
3346 2930 3698 2983 commntum,

2138 3018 2379 3085 quamvis
2404 3006 2637 3078 modice;
2663 3029 2782 3068 mox
2806 3014 2919 3067 sine
2943 3028 3088 3067 mora
3114 3012 3290 3065 tandin
3318 3020 3609 3081 prestratns
3638 3026 3691 3061 ιιι

2141 3115 2279 3160 terra
2305 3116 2429 3160 ante
2455 3105 2615 3172 pedes
2641 3104 2759 3172 ejus
2779 3103 2957 3173 jaceat
2982 3104 3315 3157 satisfaciens
3333 3141 3349 3165 ,
3380 3116 3543 3168 usque
3570 3100 3700 3152 dum

2084 3202 2106 3225 ‘
2138 3200 2510 3255 benedictione
2554 3207 2771 3254 sanetur
2816 3198 2903 3252 illa
2944 3198 3252 3251 commotio.
3296 3196 3443 3262 Quod
3492 3197 3537 3249 si
3580 3197 3703 3263 quis

2137 3288 2519 3359 contempserit
2549 3298 2572 3326 ο
2606 3288 2802 3353 facere,
2834 3296 2924 3341 aut
2949 3287 3211 3356 corporali
3243 3286 3489 3359 vindictae
3518 3284 3703 3352 subj:-

2137 3389 2300 3444 ceat;
2333 3389 2463 3444 aut,
2493 3379 2536 3433 si
2563 3386 2847 3433 contumax
2888 3376 3086 3440 fuerit,
3125 3377 3193 3433 de
3235 3373 3557 3430 monasterio
3598 3389 3696 3428 ex-

2143 3474 2391 3542 pellatur.

2217 3714 2240 3752 ἀ
2284 3718 2522 3781 Cassiu.,
2566 3717 2760 3780 Narb.,
2809 3717 2985 3782 Flor.,
3027 3735 3145 3773 cum
3187 3718 3501 3789 quibusdam
3534 3734 3700 3783 mss.,

2150 3789 2344 3841 animos
2366 3826 2380 3840 .
2405 3828 2416 3841 .
2440 3827 2455 3842 .
2476 3828 2491 3842 .
2515 3827 2529 3841 .
2558 3790 2716 3840 iratos
2745 3789 2821 3841 rel
2849 3799 3140 3843 commotos.

2214 3867 2246 3919 κθ
2287 3859 2405 3922 AL,
2438 3859 2569 3919 quod
2596 3861 2679 3926 qui
2710 3860 3081 3927 contempserit.

1776 4062 2415 4126 COMMENTARIUS.

557 4187 863 4241 Oberlientiw
890 4186 1074 4238 bonum
1102 4203 1200 4239 non
1226 4188 1385 4239 solum
1413 4187 1581 4239 abbati
1607 4186 1932 4240 exhibendum
1959 4197 2030 4240 est

478 4259 545 4313 ab
586 4257 843 4319 omnibus,
886 4259 973 4308 sed
1012 4258 1160 4308 etiam
1203 4258 1293 4308 sibi
1334 4259 1539 4310 inuicem
1571 4260 1640 4309 ita
1667 4258 1895 4309 obediant
1928 4258 2031 4323 fra-

486 4326 630 4399 tres.]
665 4328 913 4380 Eatndem
944 4327 1433 4399 doctrinant_tradit
1459 4328 1618 4399 abbas
1653 4330 1810 4379 Isaias
1838 4329 1888 4380 in
1922 4328 2027 4381 Re-

484 4396 725 4467 gttla'sna
760 4399 841 4450 his
868 4396 1044 4449 verbis
1075 4397 1222 4467 (Cap.
1249 4397 1338 4463 50)
1366 4414 1379 4450 :
1420 4418 1437 4448 ‹
1472 4398 1525 4451 Si
1557 4398 1875 4450 habitaveris
1909 4413 2030 4451 cum

482 4472 659 4533 aliquo
688 4468 879 4531 fratre,
909 4476 1023 4519 esto
1049 4482 1166 4519 cum
1202 4467 1289 4518 iilu
1320 4478 1373 4518 ut
1405 4469 1709 4536 peregrinus
1729 4508 1742 4529 ,
1774 4483 1868 4520 nec
1900 4483 2031 4534 pra:-

482 4540 651 4607 cipias
684 4538 758 4590 illi
784 4553 855 4607 qu
882 4539 1072 4605 dquam
1096 4577 1112 4601 ,
1144 4552 1239 4589 nec
1269 4548 1316 4587 te
1350 4542 1675 4605 superiorem
1719 4537 1793 4590 illi
1835 4540 1993 4590 facias
2015 4579 2028 4596 ,

485 4606 584 4663 nec
617 4606 945 4674 pra'lidenter
975 4623 1099 4673 agas
1127 4621 1246 4660 cum
1284 4607 1413 4673 illo;
1450 4617 1502 4659 et
1523 4611 1564 4660 si
1593 4609 1899 4675 prteceperit
1940 4608 2030 4660 tibi

482 4679 680 4747 aliquid
708 4678 847 4744 quod
878 4678 1081 4740 nolles,
1114 4677 1365 4730 abscinde
1405 4681 1726 4730 voluntatem
1770 4686 1909 4729 tuam
1933 4719 1947 4741 ,
1980 4686 2033 4731 et

482 4764 553 4803 lle
581 4750 863 4802 contristes
894 4748 1039 4800 illum
1061 4792 1073 4812 ,
1110 4763 1175 4801 ne
1205 4748 1545 4801 abscindatur
1576 4764 1671 4814 pax
1703 4764 1730 4799 τι
1762 4748 1911 4800 vobis
1931 4792 1944 4811 ,
1978 4762 2031 4800 et

485 4821 624 4873 scias
652 4819 789 4886 quod
822 4817 1076 4871 obedieos
1106 4829 1186 4871 est
1214 4820 1402 4885 tmjnr.
1432 4838 1448 4868 ι
1479 4819 1617 4870 Idem
1649 4820 1805 4871 etiam
1840 4818 2034 4870 docent

484 4889 543 4943 S.
577 4889 800 4941 Basdius
826 4889 881 4941 in
914 4888 1098 4956 Regni.
1134 4890 1278 4941 brev.
1301 4929 1314 4944 .
1359 4889 1543 4940 interr.
1590 4887 1729 4948 HS;
1774 4888 1830 4941 S.
1868 4890 2031 4939 Doro-

487 4963 639 5013 tltcns
681 4959 851 5011 doctr.
887 4959 985 5023 l9;
1043 4960 1235 5023 Regula
1277 4957 1563 5025 Cuiusdam
1602 4962 1667 5011 ad
1711 4958 2034 5020 monachos,

487 5044 605 5094 iap.
639 5027 705 5091 3,
737 5037 793 5081 et
819 5028 877 5082 S.
914 5029 1210 5082 Bernanlus
1241 5042 1484 5082 sermone
1514 5043 1588 5092 ιι,
1620 5028 1673 5081 in
1701 5026 1856 5080 Cant.

562 5098 787 5153 Scientes
830 5114 883 5150 se
928 5114 1017 5165 per
1064 5098 1193 5151 hanc
1242 5098 1534 5151 obedientia:
1579 5098 1712 5150 viam
1762 5098 1922 5151 ituros
1973 5096 2041 5149 ad

490 5165 697 5238 Deum]
742 5168 999 5221 Praeclara
1044 5182 1202 5231 sane,
1243 5180 1297 5223 et
1320 5169 1478 5237 digna
1510 5169 1567 5222 S.
1600 5166 1885 5221 Benedicto
1920 5181 2042 5220 sen-

434 5296 437 5297 ν
488 5243 686 5301 tentia,
736 5252 854 5308 qua:
903 5238 1135 5299 multos,
1181 5240 1224 5292 si
1273 5240 1462 5309 quibus
1509 5238 1724 5292 excitari
1776 5238 2042 5309 possimus

418 5316 447 5377 ,3,‘
490 5309 714 5364 stimulis
734 5306 767 5372 ,7
797 5310 1000 5362 animos
1047 5308 1241 5363 addere
1284 5306 1479 5373 debet;
1532 5322 1699 5374 neque
1741 5306 1839 5359 sub
1881 5307 2041 5360 dubio

487 5380 665 5450 aliquo
702 5380 1035 5435 obedientem
1074 5379 1137 5431 ad
1184 5379 1352 5450 Deum,
1385 5379 1579 5450 iturum
1623 5378 1912 5450 promittit,
1945 5376 2040 5429 sed

489 5446 814 5516 constanter,
849 5450 1247 5518 certissimeque
1274 5449 1504 5502 afﬁrmat
1530 5449 1751 5518 dicens:
1783 5446 2041 5501 δειειιτεε

485 5538 541 5573 se
577 5537 667 5585 per
704 5515 835 5572 hanc
870 5515 1174 5573 obedientite'
1197 5521 1327 5572 viam
1368 5521 1525 5572 ituros
1564 5517 1630 5568 ad
1672 5515 1873 5578 Deum;
1911 5518 2033 5584 quia

494 5590 664 5643 «solis
707 5589 1071 5643 obedientibns
1114 5598 1310 5643 a-terna
1362 5591 1505 5643 salus
1548 5585 1880 5640 hmreditario
1920 5602 2037 5653 jnre

488 5659 728 5721 debetur,
755 5678 774 5710 ι
805 5670 859 5713 ιιι
900 5662 975 5712 ait
1019 5659 1206 5713 Petrus
1248 5659 1481 5712 Damiani
1524 5658 1542 5715 (
1562 5658 1728 5711 Serm.
1758 5659 1821 5707 de
1850 5657 1908 5709 S.
1941 5657 2038 5709 Be-

491 5729 681 5795 nrd.),
711 5742 802 5782 Sen
842 5733 1013 5795 quivis
1052 5731 1221 5783 alius:
1267 5730 1406 5781 nmle
1449 5741 1496 5782 et
1532 5728 1587 5781 S.
1626 5728 1943 5780 Fructuosus
1986 5727 2035 5778 in

494 5794 689 5865 licgula
721 5794 1005 5853 innnastica
1038 5801 1297 5853 «tutntuuni
1331 5800 1453 5851 dicit
1483 5799 1611 5868 (Cap
1658 5797 1745 5865 ii):
1780 5816 1795 5846 ι
1818 5800 1912 5862 Qui
1948 5814 2037 5865 per

2134 4188 2405 4242 Christum
2450 4190 2512 4241 ad
2560 4189 2721 4242 Deum
2771 4192 2847 4243 ire
2889 4191 3228 4253 desiderant,
3256 4230 3270 4243 .
3299 4232 3311 4243 .
3341 4230 3354 4242 .
3388 4191 3703 4246 obedientes

2135 4261 2242 4313 sint
2270 4260 2443 4312 abbati
2475 4274 2641 4328 usque
2682 4262 2747 4311 ad
2788 4272 3008 4315 mortem
3029 4301 3045 4325 ,
3089 4262 3143 4314 in
3183 4272 3382 4313 tantum
3412 4273 3469 4315 ut
3498 4264 3702 4316 nn'lain

2136 4330 2399 4397 propriam
2431 4329 2625 4383 faciant
2654 4332 2973 4385 voluntatem
2994 4372 3009 4395 ,
3041 4332 3134 4383 sed
3166 4332 3356 4385 Patris.
3398 4350 3415 4382 ι

2210 4398 2480 4452 Prwmisso
2524 4415 2642 4469 ergo
2684 4401 2879 4453 abbatis
2921 4411 2968 4454 et
3012 4403 3399 4467 prepositorum
3436 4404 3523 4469 qui
3557 4403 3620 4454 ab
3645 4420 3709 4456 eo

2137 4470 2509 4540 constituuntur
2531 4469 2800 4540 imperiall
2833 4471 3239 4538 Prrepositorum
3271 4474 3485 4527 nomine
3514 4473 3571 4525 S.
3606 4474 3708 4527 Be-

2138 4541 2377 4591 nedictus
2409 4538 2494 4593 hic
2524 4554 2627 4593 non
2655 4553 2749 4595 eos
2777 4538 2947 4593 solum
2979 4542 3064 4609 qui
3107 4556 3262 4604 supra
3308 4542 3539 4597 decanos
3585 4553 3709 4607 post

2133 4611 2375 4663 abbatem
2422 4620 2543 4662 sunt
2584 4611 2801 4664 secundi
2832 4653 2845 4671 ,
2887 4611 3173 4679 intelligit;
3218 4612 3310 4665 sed
3355 4614 3499 4678 ipsos
3540 4615 3704 4666 etiam

2132 4680 2393 4744 decanos,
2424 4680 2744 4745 circatores,
2776 4681 3065 4748 ofﬁciales,
3096 4683 3381 4749 cujuslibet
3407 4684 3537 4738 artis
3568 4700 3710 4751 prte-

2172 4750 2359 4803 ositos.

2136 4765 2778 4892 pogdisiion_perntittiiitns
2803 4822 2998 4884 privata
3022 4821 3231 4883 imperia
3254 4820 3527 4892 premant]
3548 4822 3698 4875 Ordo

2137 4890 2278 4944 enim
2308 4890 2625 4960 obedientiaa
2647 4892 2809 4959 exigit
2833 4900 2889 4944 ut
2916 4894 3142 4958 primum
3170 4892 3481 4960 majoribus,
3511 4890 3709 4946 deinde

2139 4959 2433 5030 minoribus
2475 4974 2755 5030 pareamus
2776 5002 2789 5024 ,
2823 4969 2880 5015 ut
2908 4962 3068 5013 etiam
3095 4959 3338 5014 docet’S.
3374 4963 3705 5030 Augustinus

2142 5029 2225 5083 his
2253 5030 2429 5083 verbis
2459 5028 2660 5101 (Serm.
2687 5029 2785 5091 62,
2814 5032 2877 5084 de
2907 5030 3102 5096 Script.
3124 5031 3180 5097 ):
3213 5047 3234 5082 ι
3264 5031 3411 5097 Ipsos
3444 5028 3708 5085 humana-

2143 5114 2260 5153 rum
2292 5112 2467 5152 rerum
2497 5101 2690 5165 gradus
2719 5101 3000 5155 advertite.
3032 5101 3086 5153 Si
3119 5101 3317 5168 aliquid
3352 5102 3577 5167 jusserit
3609 5117 3707 5154 cu-

2144 5178 2311 5230 rator,
2342 5183 2515 5221 nonne
2546 5168 2842 5223 faciendum
2878 5170 3004 5223 est?
3033 5168 3237 5223 Tamen
3278 5172 3322 5225 si
3352 5179 3537 5225 contra
3572 5187 3705 5235 pro-

2144 5239 2414 5293 consulem
2439 5238 2647 5305 jnbeat,
2681 5254 2781 5292 non
2815 5241 2994 5307 utique
3021 5242 3319 5295 contemnis
3349 5251 3664 5308 potestatem
3686 5282 3707 5307 ,

2144 5309 2236 5363 sed
2283 5309 2435 5375 eligis
2484 5308 2669 5377 majori
2720 5311 2954 5370 servire;
3007 5324 3105 5364 nec
3152 5312 3273 5364 hinc
3318 5312 3477 5364 debet
3525 5318 3708 5365 minor

2142 5378 2330 5459 irasci,
2362 5379 2404 5430 si
2438 5380 2604 5445 major
2626 5380 3077 5459 889prmlatus
3104 5389 3211 5459 est.
3253 5380 3486 5459 Rursum
3517 5384 3561 5433 si
3599 5382 3705 5433 ali-

2146 5450 2268 5518 quid
2296 5448 2409 5511 ipse
2437 5448 2715 5514 proconsul
2745 5448 2953 5516 jubeat,
2991 5461 3043 5502 et
3072 5450 3211 5503 aliud
3244 5452 3426 5519 jubeat
3472 5451 3706 5517 impen-

2145 5528 2257 5581 tor,
2292 5520 2523 5583 nunquid
2558 5519 2827 5573 dubitatur
2857 5523 2958 5573 isto
2987 5528 3290 5587 contempto
3320 5521 3397 5574 illi
3427 5536 3549 5574 esse
3580 5537 3704 5574 ser-

2144 5589 2434 5641 viendum?
2475 5588 2613 5649 Ergo
2649 5590 2691 5642 si
2735 5589 2872 5642 aliud
2916 5591 3220 5657 imperator,
3260 5599 3312 5645 et
3345 5592 3489 5644 aliud
3525 5590 3702 5655 Deus,

2142 5659 2265 5725 quid
2292 5658 2568 5725 judicatis?
2596 5677 2614 5708 ι

2220 5730 2291 5780 De
2331 5738 2508 5781 caetero
2535 5745 2699 5782 omnes
2731 5730 2960 5799 juniores
2987 5730 3237 5797 prioribus
3275 5731 3380 5783 suis
3412 5747 3527 5783 cum
3557 5733 3699 5784 omni

2145 5799 2384 5851 citat-irate
2410 5812 2457 5851 et
2486 5799 2823 5854 sollicitudine
2846 5799 3124 5870 σκάψω.)
3155 5800 3348 5855 Verum
3378 5817 3497 5855 cuin
3541 5804 3690 5859 omni
