4034 6166
862 429 1459 438 ————_———..——.—————

1793 302 2166 358 0i"LiSCUl.V\.
3505 310 3608 363 95b

2003 446 2209 455 -ο

1350 581 1485 685 S.
1574 581 1665 684 P
1690 643 1725 682 ο
1801 574 2616 682 BENEDIC'H

2212 446 2383 453 ..ρ-..σμ-
2404 449 2409 453 .
2432 450 2449 451 ην
2500 448 2573 451 μ-ηη
2596 447 2653 451 ν-ος
2670 446 2735 453 σγα-ν

1545 817 2390 952 OPUSCULA.

742 1111 964 1169 SERMO
1003 1111 1059 1166 S.
1107 1112 1164 1167 Ρ.
1211 1110 1560 1164 BENEDIC'H

525 1240 745 1278 IIADITUS
772 1242 819 1278 IN
855 1240 1091 1281 DISCESSU
1124 1239 1171 1276 S.
1206 1238 1366 1277 NAUI“
1395 1238 1453 1276 ΕἸ
1480 1234 1757 1275 εοειιιῐιυδι.

436 1333 489 1389 Si
535 1335 844 1388 tristandum
877 1333 1227 1403 (diIPCIissittti
1260 1332 1439 1385 Patres
1464 1346 1524 1382 ac
1557 1328 1670 1396 lilii)
1714 1344 1807 1396 pro
1839 1327 1925 1379 tali

364 1433 503 1476 esset
550 1424 777 1493 negotio,
812 1425 939 1477 milii
988 1424 1154 1491 magis
1192 1439 1344 1491 quam
1376 1421 1528 1475 vobis
1569 1423 1617 1472 in
1663 1419 1763 1472 hoc
1790 1428 1928 1472 esset

362 1516 713 1577 manendum,
740 1515 827 1582 qui
856 1525 1107 1583 quantum
1136 1514 1201 1567 ad
1234 1528 1487 1582 priesens,
1519 1515 1719 1581 magnis
1745 1494 1926 1563 videor

359 1603 571 1657 destitui
602 1605 828 1658 solatiis.
859 1605 961 1658 Sed
988 1605 1132 1672 quia,
1156 1603 1364 1656 dicente
1394 1603 1668 1671 Apostolo,
1698 1600 1926 1653 charitas

360 1696 584 1766 benigna
600 1706 701 1762 est,
720 1698 1092 1767 benignitatem
1107 1696 1378 1750 charitatis
1396 1706 1587 1749 nostra!
1608 1693 1925 1748 omnimodis

360 1789 669 1857 impendere
695 1789 950 1844 debemus
982 1790 1212 1860 ltisquos
1236 1790 1396 1859 aliqui
1426 1788 1582 1841 modo
1603 1803 1662 1840 ea
1690 1787 1926 1853 indigere

356 1882 769 1946 cognoscimus:
803 1895 900 1936 nec
947 1890 1125 1934 nostra
1177 1890 1410 1947 tantum,
1457 1890 1705 1949 quantum
1751 1878 1923 1931 aliena

357 1986 616 2038 qumrere.
642 1971 975 2041 Quapropter
996 1988 1089 2027 vos
1114 1975 1308 2027 amoris
1338 1971 1538 2040 paterni
1568 1972 1923 2025 sollicitudine

356 2075 385 2114 ι
432 2061 642 2115 fletibus
687 2072 740 2116 et
787 2078 1015 2118 mmrore
1061 2073 1361 2133 temperare
1404 2062 1765 2131 deposcimus,
1800 2061 1921 2130 quia

357 2161 544 2219 potens
573 2161 653 2206 est
682 2151 821 2207 Deus
851 2155 1097 2208 meliores
1129 2156 1282 2208 nobis
1314 2164 1424 2222 post
1457 2154 1609 2223 hujus
1639 2154 1923 2219 depositio-

362 2257 480 2296 nem
519 2243 757 2311 corporis
788 2243 908 2297 huic
936 2255 1129 2298 sanctzc
1161 2245 1447 2299 immittere
1481 2244 1871 2313 congregationi
1906 2261 1918 2296 :

356 2347 579 2400 quorum
612 2334 815 2388 meritis
836 2344 889 2388 et
916 2335 1195 2402 exemplis,
1227 2336 1381 2403 longe
1407 2334 1744 2401 praestantius
1764 2348 1918 2401 quam

356 2425 572 2487 nostris,
604 2425 960 2480 :edificemini.
1003 2425 1105 2481 Sed
1139 2436 1193 2479 et
1231 2421 1356 2479 illud
1397 2440 1732 2492 summopere
1770 2424 1921 2477 nobis

356 2514 742 2581 procurandum
772 2525 873 2580 est,
932 2530 999 2571 ne
1040 2514 1268 2569 versutia
1316 2515 1516 2584 antiqui
1564 2514 1751 2576 hostis,
1786 2513 1922 2568 unde

354 2604 475 2658 aliis
517 2606 659 2660 salus
703 2606 1015 2675 acquiritur,
1054 2606 1177 2661 inde
1207 2606 1360 2660 nobis
1391 2604 1614 2659 tristitiie
1643 2604 1803 2668 malo,
1833 2604 1924 2655 de-

357 2698 663 2752 trimentum
712 2698 765 2757 in
814 2698 993 2768 aliquo
1046 2700 1337 2768 ingeratur.
1387 2697 1500 2751 Non
1545 2696 1740 2750 etenim
1792 2708 1924 2760 quos

356 2790 571 2843 unitatis
597 2791 763 2845 semel
794 2790 846 2843 in
883 2797 1062 2845 sancta
1104 2789 1362 2844 charitate
1402 2788 1575 2859 jnnxit
1613 2788 1918 2853 concordia,

357 2896 621 2950 nunquam
653 2882 737 2936 vel
768 2881 1075 2949 longissima
1121 2892 1380 2937 terrarum
1424 2881 1659 2935 divident
1706 2878 1872 2946 spatia
1905 2895 1919 2930 :

354 2972 604 3039 quoniam
630 2986 843 3039 semper
864 2971 1134 3025 interioris
1157 2971 1387 3024 hominis
1402 2979 1638 3039 aspectu,
1656 2970 1744 3039 qui
1770 2984 1924 3022 retin-

354 3072 510 3115 vatur
536 3062 824 3117 secundum
857 3061 1139 3129 imaginem
1168 3062 1283 3130 ejus
1311 3063 1399 3130 qui
1431 3062 1629 3114 creavit
1654 3074 1795 3122 eum,
1826 3074 1921 3113 nos

354 3154 524 3223 quoad
553 3155 837 3209 vixerimus
869 3163 1104 3223 tempore
1131 3154 1354 3208 invicem
1389 3153 1727 3207 intuebimur.

422 3244 548 3297 Post
571 3261 681 3315 qua:
703 3244 871 3310 verba,
900 3244 965 3299 D.
990 3244 1227 3300 Maurum
1253 3256 1299 3300 et
1322 3248 1483 3300 socios
1501 3247 1576 3299 sic
1598 3244 1784 3313 allatus
1812 3253 1882 3295 est
1899 3257 1920 3296 :

354 3335 461 3390 Vos
490 3346 687 3401 autem,
722 3336 909 3391 fratres
934 3336 1253 3400 charissimi,
1286 3352 1419 3407 quos
1453 3337 1518 3390 ad
1547 3353 1679 3405 opus
1711 3334 1918 3389 Domini

352 3429 794 3494 construendum,
846 3429 910 3484 ad
961 3430 1080 3484 illas
1124 3429 1398 3500 dirigimus
1445 3443 1649 3499 partes,
1696 3428 1918 3482 viriliter

350 3523 491 3592 agite
519 3531 571 3575 et
601 3520 932 3575 confortatur
960 3537 1052 3574 cor
1078 3532 1311 3574 vestrum
1351 3520 1402 3573 in
1433 3534 1618 3575 saneto
1648 3522 1917 3586 proposito

351 3626 403 3667 et
431 3613 684 3682 religione
715 3630 731 3667 :
762 3614 944 3682 procul
975 3613 1135 3667 dubio
1180 3612 1412 3665 scientes
1452 3612 1570 3679 quia
1603 3620 1797 3680 quanto
1823 3626 1918 3662 au-

350 3707 594 3768 steriora,
639 3718 794 3758 causa
840 3706 1028 3758 salutis
1071 3702 1321 3767 aliorum,
1355 3702 1404 3755 in
1438 3701 1594 3771 hujus
1625 3702 1703 3754 via
1734 3701 1914 3755 δίδοι]ιί

1952 1104 2001 1160 Α
2030 1110 2161 1152 ctum
2192 1099 2411 1154 Roman.
2436 1103 2497 1155 de
2519 1102 2654 1155 obitu
2677 1105 2839 1158 sancti
2862 1104 3123 1161 Benedicti
3149 1109 3439 1165 consolatur
3460 1110 3600 1183 apud

2037 1191 2326 1259 scriptorem
2366 1194 2773 1261 antiquissinmm
2814 1195 2941 1251 Vitae
2982 1202 3145 1252 sancti
3188 1201 3406 1255 Romani
3431 1206 3480 1256 in
3512 1204 3595 1256 Βία

2031 1279 2276 1333 ὁιίοιιιεεα
2328 1279 2674 1349 Floriacrnsi,
2728 1296 2835 1339 tum
2888 1305 3057 1343 versus
3109 1292 3192 1345 isti
3248 1292 3313 1347 P.
3361 1296 3595 1349 Damianl

2032 1370 2093 1427 S.
2133 1371 2194 1424 Ii.
2230 1371 2293 1425 E.
2327 1374 2621 1441 cardinalis,
2654 1378 2740 1429 ubi
2776 1380 2837 1431 de
2882 1380 3113 1434 laudibus
3156 1386 3339 1437 montis
3376 1384 3591 1449 Cassini,

2030 1465 2109 1517 liis
2137 1467 2295 1519 verbis
2316 1480 2337 1518 :

2120 1576 2170 1648 ξί
2195 1579 2524 1648 cecidit‘Sinai
2560 1595 2696 1630 mons
2718 1585 2798 1644 qui
2822 1583 2986 1648 legem
3008 1585 3145 1636 dedit
3168 1588 3300 1638 olim.

2121 1638 2253 1707 Quod
2272 1643 2479 1707 periisse
2506 1652 2665 1692 tamen
2693 1638 2776 1692 sua
2802 1638 2977 1694 mninia
3006 1650 3213 1699 credere
3240 1650 3402 1707 nolim,

2123 1700 2312 1770 ﬂexu-la
2339 1712 2730 1770 namqttemanet
2750 1707 2913 1770 digitis
2935 1710 3176 1770 descripta
3201 1700 3415 1762 sacratis.

2120 1761 2586 1833 :l‘radiladiscipulis
2608 1767 2771 1815 Mauro
2799 1761 3287 1833 Flacidoque'heatis.

2118 1823 2169 1887 §i
2194 1836 2289 1887 res
2306 1823 2567 1875 Antiochus
2588 1840 2648 1875 ex
2671 1840 2787 1877 amo
2810 1823 3030 1879 vendidit
3049 1845 3195 1887 aram.

2120 1882 2255 1949 Lege
2280 1884 2443 1949 labore
2468 1900 2640 1936 uo.ent
2666 1889 2967 1938 Machameus
2983 1882 3199 1942 reslruei
3222 1905 3381 1949 aram.

2118 1944 2262 2012 Later
2284 1948 2349 1993 ait
2373 1946 2515 2009 legis,
2545 1951 2677 1997 vobis
2703 1955 2986 2010 praesentior
3012 1954 3194 2012 adsum,

2122 2004 2235 2055 Post
2258 2004 2486 2071 mortem,
2503 2004 2653 2072 quam
2679 2004 2801 2060 nunc
2818 2014 2971 2061 dicam
3000 2004 3327 2078 clamantibus,
3346 2020 3527 2070 adsunt.

2026 2107 2160 2163 Citat
2186 2110 2397 2165 Arnold.
2438 2110 2601 2167 Union
2636 2114 2690 2167 in
2733 2115 3094 2187 martyrologio
3130 2133 3223 2170 suo
3258 2120 3326 2171 ad
3360 2121 3492 2174 diem
3524 2122 3587 2175 3.

2027 2198 2219 2254 Mauri.

2304 2294 2630 2353 EPISTOLA
2675 2296 2914 2354 SANCTI
2956 2299 3310 2357 BENEDICTI

2412 2424 2476 2463 ΑΙ)
2511 2421 2747 2465 SANCTUH
2788 2424 3002 2463 NAUBUM
3043 2426 3211 2464 MlSSA.

2098 2522 2310 2591 Accipe,
2339 2523 2699 2587 dilectissime,
2727 2533 2963 2581 extrema
2992 2527 3310 2581 institutoris
3336 2530 3405 2581 tui
3427 2529 3594 2596 dona,

2026 2628 2142 2679 qua:
2167 2625 2221 2667 et
2250 2615 2461 2683 longum
2491 2624 2729 2669 nostrum
2763 2625 3023 2669 testentur
3048 2634 3305 2686 amorem,
3331 2634 3382 2674 et
3412 2624 3501 2677 tibi
3526 2640 3587 2679 ne

2024 2709 2469 2763 commilitonibus
2498 2712 2601 2763 tuis
2630 2721 2813 2764 centra
2847 2713 3080 2765 Omnium
3116 2716 3370 2779 perpetim
3414 2733 3591 2769 ιιιιιιιίσ

2025 2814 2143 2853 men
2176 2801 2448 2866 pradicant
2499 2802 2872 2867 impedimenta
2917 2802 3198 2854 malorum.
3237 2804 3360 2857 i’Ost
3402 2808 3593 2874 exple-

2025 2901 2128 2946 tam
2153 2894 2290 2945 enim
2323 2902 2484 2946 totam
2528 2894 2716 2945 trinam
2755 2894 3057 2945 vicenorum
3097 2908 3357 2947 annorum
3394 2896 3585 2950 decur-

2024 2983 2251 3043 sionem,
2281 2999 2345 3036 ex
2373 2998 2477 3050 quo
2508 2983 2938 3036 monasterialem
2981 2983 3134 3035 adisti
3184 2984 3580 3051 perfectionem,

2025 3074 2076 3127 in
2118 3075 2361 3143 gaudium
2417 3073 2621 3126 Domini
2655 3074 2728 3127 tui
2774 3090 2829 3128 es
2872 3075 3404 3133 introdnccndusmt
3433 3080 3584 3133 [Iuliis

2026 3162 2273 3218 hesterno
2302 3165 2401 3227 die,
2447 3172 2723 3231 postquam
2754 3179 2781 3215 a
2815 3164 2964 3217 nobis
2991 3164 3263 3233 digressus
3291 3181 3371 3227 es,
3408 3167 3534 3219 Dom
3559 3198 3586 3210 -

2022 3270 2119 3307 nus
2149 3255 2430 3308 ostendere
2458 3263 2542 3308 est
2569 3255 2831 3322 dignatus.
2872 3254 3107 3307 l‘ra-dico
3156 3255 3336 3319 etiam,
3365 3257 3432 3310 itii
3466 3275 3582 3312 nio-

2020 3361 2134 3398 ram
2164 3361 2259 3398 vos
2290 3348 2339 3398 in
2372 3347 2544 3398 eundo
2571 3360 2689 3399 esse
2720 3359 2986 3414 passuros,
3021 3361 3083 3399 ac
3118 3362 3235 3401 cum
3274 3348 3587 3406 difficultate

2022 3438 2245 3493 habilem
2288 3439 2456 3491 locum
2489 3437 2813 3501 inventuros,
2843 3451 2938 3505 pro
2963 3437 3044 3489 his
3072 3451 3193 3506 qua:
3220 3450 3274 3492 et
3307 3441 3412 3494 Deo
3441 3443 3584 3497 ordi-

2020 3544 2177 3589 nante
2207 3534 2564 3599 perlicientur,
2593 3542 2647 3586 et
2674 3548 2792 3599 quae
2821 3532 3067 3584 inimicus
3117 3534 3332 3587 humani
3375 3538 3586 3602 generis

2018 3626 2287 3679 molimine
2315 3624 2616 3677 calliditatis
2640 3637 2750 3676 sua:
2777 3623 2827 3675 in
2855 3636 2948 3675 vos
2976 3623 3280 3677 Concitabit.
3313 3625 3580 3693 Nusquam

2016 3728 2194 3773 tamen
2229 3716 2526 3783 benignitas
2559 3714 2914 3768 misericordis
2947 3713 3038 3767 Dei
3070 3713 3221 3768 vobis
3249 3715 3422 3768 deerit
3447 3735 3457 3768 :
3486 3720 3580 3771 μυσί

350 3795 693 3863 pertuleritis,
725 3802 869 3847 tanto
900 3795 1096 3862 majora
1124 3810 1153 3847 a
1186 3795 1294 3848 Deo
1324 3793 1585 3861 recipietis
1617 3792 1911 3847 cmlestinm

2021 3810 2192 3878 potius
2220 3807 2516 3860 differendo
2548 3807 2688 3867 licet,
2713 3819 2773 3858 ac
2802 3804 3122 3857 desiderium
3154 3805 3317 3858 animi
3344 3807 3502 3859 ve~tri
3529 3808 3583 3861 in

351 3886 540 3955 gaudia
572 3884 932 3953 prmmiorum.
961 3885 1067 3939 Nec
1097 3900 1189 3938 vos
1222 3885 1327 3940 ullo
1356 3885 1515 3937 modo
1543 3886 1795 3937 resolutio
1820 3883 1916 3936 hu-

350 3978 434 4047 jus
460 3977 624 4029 nostri
649 3977 945 4029 mmstiticet
965 3974 1262 4042 corpusculi
1294 3973 1578 4043 :quoniam
1609 3973 1922 4041 praesentior

351 4069 500 4121 vobis
528 4081 621 4120 ero
650 4066 824 4120 carnis
861 4067 1103 4135 deposito
1142 4079 1327 4129 onere,
1374 4063 1646 4133 vestrique
1696 4077 1787 4130 per
1826 4061 1919 4117 Dei

350 4162 573 4229 gratiam
600 4168 918 4227 cooperator
946 4158 1168 4213 esistam
1196 4158 1460 4212 assiduus.

424 4252 608 4309 Melius
635 4253 929 4320 conﬁrmari
955 4268 1057 4305 non
1097 4261 1255 4320 potest
1288 4267 1453 4305 sermo
1477 4258 1572 4311 iste
1603 4267 1754 4323 quam
1781 4252 1919 4304 testi-

352 4348 523 4399 monio
547 4348 738 4399 oculati
764 4348 916 4399 simul
961 4358 1009 4398 et
1047 4346 1204 4399 auriti
1234 4347 1391 4409 testis,
1419 4347 1609 4400 scilicet
1636 4345 1698 4399 B.
1739 4345 1920 4399 Fausti

354 4438 416 4493 S.
430 4437 584 4492 Pauli
604 4438 861 4507 discipuli,
879 4441 945 4491 ad
965 4455 1111 4507 quem
1133 4451 1177 4491 et
1199 4439 1329 4490 alios
1350 4449 1449 4492 tres
1468 4440 1628 4491 socios
1656 4440 1919 4492 tendebant

353 4532 531 4582 ultima
559 4536 704 4582 verba
746 4530 902 4600 hujus
938 4530 1182 4582 sermonis
1209 4545 1228 4581 :
1260 4530 1391 4581 venit
1429 4532 1559 4581 enim
1597 4531 1649 4581 in
1697 4527 1919 4582 Galliam

354 4639 453 4675 una
483 4638 597 4675 cum
624 4620 687 4673 Β.
713 4620 922 4687 Mauro,
965 4628 1075 4689 post
1097 4623 1241 4690 cujus
1268 4621 1477 4681 obitum,
1500 4637 1531 4673 a
1551 4622 1791 4689 fratribus
1819 4622 1919 4674 Ro-

355 4730 488 4766 mam
532 4714 840 4778 advocatus,
884 4723 928 4766 et
973 4712 1191 4766 scribens
1236 4714 1389 4782 jussu
1432 4714 1616 4766 summi
1667 4714 1919 4781 pontiﬁcis

368 4804 533 4856 Vitam
560 4806 722 4858 sancti
752 4803 941 4869 Mauri,
976 4803 1082 4856 lucc
1108 4804 1221 4870 ipsa
1250 4804 1397 4857 rerba
1430 4816 1608 4856 sanato
1647 4801 1921 4856 Benedicto

355 4896 578 4949 ascribit.
612 4894 853 4964 Sequitur
879 4904 1109 4947 sanctum
1154 4890 1202 4943 F
1205 4903 1406 4946 austum
1448 4895 1765 4946 Adrenaldus
1798 4893 1922 4945 Flo-

356 4987 597 5039 riacensis
626 4995 804 5039 auctor
841 4986 1218 5054 antiquissimus
1248 4987 1479 5057 (ﬂorebat
1508 4988 1754 5055 siquidem
1782 5004 1917 5041 anno

357 5075 485 5145 890)
514 5078 600 5129 lib.
627 5091 642 5129 t
672 5076 734 5129 de
764 5075 1026 5128 Miraculis
1053 5078 1220 5128 sancti
1250 5074 1532 5139 Benedicti,
1562 5094 1675 5141 cap.
1703 5078 1756 5130 6.
1787 5079 1925 5129 Sana

2022 3903 2235 3972 longum
2264 3899 2607 3968 experiendo,
2630 3898 2854 3950 alzorsus
2881 3912 3035 3964 quam
3068 3898 3394 3965 speravimus
3418 3909 3589 3963 aptis-

2019 3994 2208 4047 simam
2239 3991 2413 4060 largiri
2442 3988 2743 4057 dignabitur
2771 3988 3134 4040 luctationem.
3158 3984 3380 4055 Jamque
3403 3989 3585 4045 valeas

2020 4084 2143 4139 felix
2171 4084 2222 4137 in
2253 4083 2456 4151 profess
2478 4095 2602 4147 one,
2641 4078 2840 4134 felicior
2870 4078 3070 4132 futurus
3100 4078 3150 4131 in
3184 4079 3543 4147 perventione.

2089 4173 2331 4226 Auctores
2367 4186 2536 4223 omnes
2564 4169 2792 4238 superius
2819 4168 2961 4220 citati
2989 4168 3042 4219 in
3074 4176 3178 4220 not.
3211 4168 3279 4219 ad
3307 4184 3583 4222 sermonem

2021 4264 2073 4317 in
2119 4263 2340 4316 discessu
2389 4259 2449 4313 S.
2498 4258 2671 4311 Mauri
2710 4257 2957 4321 habitum,
3006 4256 3137 4311 hanc
3175 4258 3327 4311 etiam
3365 4260 3587 4324 a/feruns

2018 4352 2287 4424 epistolam
2315 4349 2669 4417 ascribuntque
2700 4346 2761 4424 S_.
2792 4346 3062 4401 Benedicto
3094 4362 3113 4398 :
3138 4363 3263 4416 quos
3291 4349 3470 4402 citasss
3495 4354 3583 4400 dc-

2020 4421 2121 4498 nuo
2158 4444 2321 4496 visum
2357 4449 2433 4494 est
2476 4421 2807 4509 super/Inﬁt.
2850 4439 2996 4491 Addo
3033 4440 3197 4491 solum
3243 4440 3585 4492 testimonium

2020 4531 2294 4587 Adreualdi
2326 4528 2666 4582 Floriacensis
2693 4528 2869 4580 eodem
2898 4528 3025 4579 libro
3051 4542 3153 4595 quo
3179 4542 3357 4593 supra,
3387 4542 3501 4595 cap.
3531 4529 3585 4591 7,

2022 4626 2107 4679 ubi
2129 4626 2191 4678 de
2214 4625 2400 4677 sanctis
2418 4620 2470 4675 Μ
2477 4637 2603 4674 auro
2627 4632 2673 4673 et
2696 4622 2843 4674 sociis
2871 4620 3098 4689 loquens,
3128 4619 3201 4675 sic
3221 4620 3295 4673 ait
3320 4634 3339 4672 :
3362 4619 3590 4680 Profecti

2022 4716 2197 4783 itaque
2215 4728 2246 4765 a
2272 4716 2515 4766 C(Bttobio
2537 4709 2748 4763 Cassini
2765 4708 3161 4778 Epiphanorum
3183 4707 3391 4775 diebus,
3409 4710 3586 4780 quinta

2022 4811 2227 4867 sabbati
2257 4808 2395 4863 haud
2425 4808 2610 4879 procul
2639 4806 2693 4861 in
2725 4805 2980 4874 prmdium
3010 4802 3246 4872 ejusdem
3271 4802 3501 4860 cannbii
3528 4820 3590 4859 ca

2024 4902 2306 4959 deveniunt
2335 4900 2420 4953 die
2453 4915 2466 4951 :
2498 4897 2831 4964 susceptique
2863 4902 2988 4947 sunt
3020 4908 3048 4945 a
3091 4892 3299 4947 duobus
3337 4892 3587 4947 fratribus

2026 5009 2158 5063 quos
2187 4991 2355 5061 pridie
2384 4991 2529 5044 illinc
2555 4990 2652 5041 hac
2671 4987 2739 5040 de
2759 4999 2918 5040 causa
2941 4983 3417 5038 reverendissimus
3444 4996 3586 5053 pater

2028 5086 2547 5150 miseratzdutnque
2592 5081 2698 5133 illic
2742 5078 2933 5145 quietis
2975 5077 3144 5145 gratia
3194 5085 3615 5143 pernoctarent,

355 5181 472 5226 ctus
519 5170 740 5225 Faustus
779 5170 991 5242 (inquit)
1025 5168 1192 5222 Vitam
1223 5169 1362 5222 beati
1406 5170 1567 5222 Mauri
1603 5171 1918 5238 composuit,

2032 5176 2408 5247 superveniunt
2443 5175 2520 5228 eis
2559 5181 2869 5225 nocturnam
2914 5169 3154 5239 synaxim
3184 5169 3461 5238 agentibus
3485 5168 3590 5223 duo

357 5278 422 5317 ex
453 5277 557 5330 quo
584 5276 743 5331 opere
780 5277 875 5314 nos
901 5276 1109 5329 quoque
1158 5264 1271 5315 lucc
1307 5276 1425 5329 quae
1468 5262 1773 5329 scripsimus
1804 5278 1919 5314 mu-

358 5356 648 5419 tuavimus;
680 5364 724 5406 et
754 5355 1041 5407 immediate
1070 5365 1240 5423 postea
1268 5355 1526 5423 subjungit
1550 5356 1702 5407 istum
1731 5372 1919 5408 sermo-

356 5461 472 5499 nem
498 5457 600 5499 una
621 5461 731 5497 cum
756 5445 970 5514 epistola
991 5446 1057 5497 ad
1078 5459 1307 5498 sanctum
1331 5445 1569 5498 Maurum
1592 5450 1762 5500 missa.
1795 5446 1924 5500 Vide

356 5535 565 5595 Surium
586 5546 717 5589 tonio
746 5537 929 5605 primo,
950 5546 997 5589 et
1021 5536 1304 5589 Arnoldum
1322 5535 1481 5590 Uvion
1513 5537 1662 5608 Ligni
1682 5538 1811 5592 Vita:
1832 5541 1919 5593 lib.

355 5641 395 5691 ι.
421 5642 537 5695 cap.
569 5628 620 5682 ‘l.
653 5624 875 5695 Denique
909 5625 1065 5698 hujus
1104 5629 1347 5682 sermonis
1388 5630 1644 5684 veritatem
1688 5632 1924 5685 videntur

357 5725 499 5777 valde
528 5722 752 5777 stabilire
776 5738 890 5774 cum
917 5722 1064 5775 verba
1090 5722 1179 5775 illa
1204 5724 1363 5776 sancti
1392 5725 1564 5778 Mauri
1594 5725 1770 5793 quibus
1801 5743 1920 5778 san-

2026 5271 2238 5331 lratres,
2280 5265 2427 5320 missi
2475 5279 2503 5316 a
2543 5261 2598 5317 S.
2645 5260 2933 5315 Benedicto
2962 5274 3081 5314 cum
3124 5260 3223 5327 piis
3261 5260 3591 5324 muneribus,

2027 5359 2242 5426 capsula
2282 5356 2483 5409 scilicet
2509 5354 2850 5421 reliquiarum
2882 5364 2943 5403 ac
2970 5350 3112 5404 hreri
3141 5350 3384 5418 epistola,
3415 5359 3520 5404 etc.

2097 5446 2321 5518 Capsula
2348 5444 2436 5499 illa
2459 5443 2805 5513 reliquiarum,
2827 5455 2940 5511 quia
2964 5442 3179 5499 eburnea
3200 5449 3292 5504 est,
3317 5441 3594 5494 ostenditur

2030 5543 2168 5609 apud
2196 5538 2256 5595 S.
2283 5537 2521 5591 Maurum
2548 5532 2906 5589 Fossatensem
2926 5535 3081 5603 juxta
3111 5530 3343 5585 Parisios
3366 5546 3385 5584 :
3410 5532 3594 5595 episto-

2030 5633 2133 5685 lam
2154 5630 2402 5697 sepultam
2434 5646 2545 5681 cum
2577 5626 2636 5683 S.
2675 5624 2883 5687 Mauro,
2899 5629 3050 5693 juxta
3093 5623 3253 5694 ipsius
3290 5623 3595 5677 desideravit.

2032 5738 2074 5775 et
2101 5725 2422 5782 imlnntatctn,
2449 5720 2605 5788 aliqui
2638 5729 2898 5778 testantur,

1583 5853 2286 5878 μ--ιι-νον--ι-
