4034 6166
386 342 486 397 9ἷῖ

390 463 3013 489 ——-——-————_—_—_.___—___—_______________

1674 351 1855 408 0RDO
1890 352 2339 413 MONASTICUS.

3541 344 3642 414 stis

3142 461 3149 468 .
3314 464 3322 490 ί
3417 463 3429 490 δ
3546 464 3556 475 ς

1124 522 1552 579 OBSERVATIO
1579 525 1849 581 C'RITICA
1887 529 1952 583 IN
1990 529 2399 585 ορυδουιωι
2435 531 2900 600 SUBSEQUENS.

460 611 576 701 Hoc
595 628 805 701 sequens
826 615 1126 682 apuscutum
1144 630 1255 696 .non
1290 632 1381 682 pro
1404 631 1521 697 vero
1552 620 1658 701 fetu
1680 620 1856 701 magni
1887 619 1949 675 S.
1986 627 2030 686 Α
2056 637 2335 701 sermonem
2364 624 2415 675 in
2442 624 2761 701 discessu__S_.
2794 626 2969 679 Mauri
2995 627 3222 681 habitum
3251 639 3515 701 agnoscat,
3546 622 3639 686 sed

389 679 885 752 Benedicti'veudere
917 679 1299 751 prtesumimus,
1319 679 1623 752 quamvis'id
1646 689 1714 739 ad
1759 679 1950 743 calcent

390 751 598 825 Regula:
627 750 989 819 Benedictinw,
1010 758 1124 825 jam
1161 750 1293 808 anno
1320 750 1475 819 1595.
1506 758 1763 813 Arnoldus
1801 760 1953 814 Wion

387 824 522 893 typis
570 825 811 895 mandare
826 824 1119 895 curauerit,
1166 827 1301 895 quod
1344 827 1497 881 etiam
1547 838 1719 895 postea
1770 830 1951 884 Patres

386 891 791 970 congregationis
820 891 1213 970 Bursfeldensis,
1246 913 1382 970 anno
1408 891 1563 961 i610,
1592 897 1805 953 Parisiis
1823 916 1953 970 pra:-

390 961 643 1035 stiterunt,
671 974 823 1035 atque
842 961 1196 1019 Cistercienses
1216 967 1321 1019 suis
1349 973 1552 1022 statutis
1591 961 1909 1023 inseruerunt
1939 987 1957 1035 ,-

378 1034 489 1086 'into
516 1042 562 1085 et
588 1034 717 1087 illud
746 1050 943 1101 magna:
965 1035 1182 1087 Patrum
1205 1035 1532 1091 Bibliotheca?
1560 1041 1831 1097 inscribere
1870 1034 1958 1094 vo-

389 1112 587 1174 inerunt
608 1104 822 1158 editores
850 1103 1232 1174 Lugdunenses.
1271 1106 1407 1160 Nam
1450 1110 1802 1163 celeberrimus
1836 1111 1956 1163 Ma-

392 1172 628 1248 billonius
671 1174 735 1248 de
757 1172 988 1248 epistolis
1026 1177 1094 1228 ad
1122 1175 1185 1230 S.
1217 1176 1505 1248 Remigium
1532 1178 1761 1248 loquens,
1794 1184 1958 1233 altum

393 1243 647 1295 silentium
666 1247 729 1297 de
747 1244 841 1297 hoc
859 1248 1110 1320 opusculo
1128 1243 1385 1320 obseruat,
1397 1264 1491 1317 neq
1500 1267 1558 1303 ne
1579 1243 1815 1320 epistolas
1841 1254 1961 1304 illas

396 1320 450 1364 ut
476 1328 615 1366 veras
648 1324 696 1366 et
737 1319 981 1384 genuinas
1028 1318 1304 1381 existimat,
1354 1323 1551 1372 etiamsi
1592 1318 1652 1375 S.
1694 1321 1964 1375 Benedicti

2058 694 2174 746 aliis
2202 695 2361 746 verbis
2392 695 2636 763 proferat.
2654 694 2705 747 II
2713 697 2793 748 inc
2813 701 2965 750 etiam
2986 701 3205 753 clarissi.
3235 694 3510 755 Dalmatius
3542 710 3640 754 hoc

2061 764 2361 830 opusculum
2417 764 2480 819 S.
2531 764 2805 819 Benedicto
2857 770 3133 822 Antanensi
3180 771 3349 823 abbati
3377 776 3564 825 attribu
3598 774 3637 834 ἐ,

2058 835 2202 905 cujus
2224 836 2423 899 quidem
2443 838 2625 888 ardens
2666 837 2995 891 observantia:
3036 843 3330 895 monastich
3355 845 3495 897 zelus
3532 861 3642 894 mo-

2058 909 2193 978 agime
2234 905 2440 978 enituit,
2467 906 2518 958 in
2568 906 2836 959 scribenda
2884 909 3197 978 Regularum
3244 914 3639 967 monasticam";

2061 974 2359 1028 Concordia.
2399 975 2521 1028 Utut
2551 978 2638 1041 sit,
2668 974 3077 1046 antiquissimum
3120 990 3193 1033 est
3241 985 3537 1038 monastij
3558 992 3637 1035 ιιι-ι

2061 1046 2292 1119 scitatione
2326 1059 2728 1119 monumentum,
2766 1050 3079 1119 dignumque
3118 1053 3263 1117 proin
3298 1066 3350 1105 ut
3390 1054 3522 1107 inter
3553 1072 3640 1107 Cu—

2062 1116 2191 1168 dicis
2241 1115 2567 1170 Holsteninni
2613 1118 2961 1172 additamenta
2992 1115 3316 1187 numeretur,
3369 1140 3484 1176 cum
3531 1141 3558 1178 e
3584 1142 3642 1177 us

2063 1187 2417 1254 antiquitatem
2446 1188 2568 1240 satis
2593 1204 2842 1257 superque
2869 1189 3080 1255 probent
3110 1200 3182 1243 tot
3216 1192 3480 1249 doctorum
3505 1195 3641 1249 viro-

2065 1271 2178 1309 rum
2206 1258 2492 1310 testimonia
2516 1260 2583 1310 ad
2604 1261 2793 1311 calcem
2817 1261 3049 1329 apusculi
3078 1260 3329 1330 appoiita.

1426 1498 1761 1601 ORDO
1802 1489 2621 1605 MONASTICUS

1252 1678 1336 1756 S.
1376 1678 1466 1754 P.
1518 1675 2078 1756 BENEDICTO
2142 1672 2822 1756 ATTRIBUTUS.

399 1803 685 1881 Qualiter
714 1807 1022 1887 fratribus
1059 1811 1124 1871 in
1159 1812 1532 1873 monasterio
1563 1811 1850 1890 religiose
1874 1828 1946 1871 ac
1978 1808 2252 1870 studiose
2282 1813 2659 1888 conversari,
2683 1833 2754 1875 ac
2785 1818 3046 1877 Domino
3076 1818 3341 1879 militare
3374 1826 3642 1900 oportet.

470 2000 733 2062 Imprimis
762 1999 1035 2055 nocturnis
1082 1999 1249 2061 horis,
1283 2016 1407 2055 cum
1434 2000 1498 2054 ad
1548 2014 1687 2067 opus
1731 2000 1964 2056 divinum
2001 2004 2043 2063 Β
2072 2000 2250 2053 Gloria
2301 1999 2464 2053 Patri.
2494 2000 2792 2067 Surgentes
2822 2004 3035 2065 iterum,
3067 2004 3247 2059 dicant
3300 2022 3512 2063 versum
3541 2009 3643 2064 Rr-

402 2071 469 2126 de
496 2073 634 2125 lecto
649 2073 945 2126 surrexerit
971 2072 1153 2136 frater,
1174 2073 1397 2139 primum
1420 2071 1631 2141 signum
1654 2072 1754 2125 sibi
1771 2082 1968 2125 sanctae

403 2143 582 2196 crucis
603 2142 859 2209 imponat,
892 2156 987 2206 per
1016 2141 1403 2196 invocatiOnem
1429 2156 1629 2195 sancite
1654 2141 1961 2204 Trinitatis;

405 2210 596 2266 deinde
617 2210 747 2265 dicit
766 2226 996 2277 versum,
1016 2210 1249 2275 Domine,
1268 2212 1402 2265 labia
1422 2228 1531 2265 mea
1550 2213 1766 2281 aperias;
1787 2221 1968 2281 postea

440 2282 662 2337 saltuum
702 2299 716 2332 :
762 2282 916 2351 Deus,
950 2284 1002 2334 in
1027 2283 1365 2347 adiutorium,
1415 2298 1535 2334 cum
1576 2282 1757 2336 Gloria
1803 2284 1965 2339 Patri.

456 2367 555 2406 unc
608 2351 880 2421 provideat
924 2352 1023 2406 sibi
1073 2353 1234 2406 frater
1278 2367 1551 2420 corporeae
1593 2353 1969 2408 necessitati-tn

408 2433 629 2488 naturae,
661 2434 717 2477 et
736 2424 812 2477 sic
842 2422 907 2476 ad
936 2424 1225 2476 oratorium
1253 2422 1488 2487 festinet,
1526 2423 1800 2491 psallendo
1833 2426 1970 2492 psal-

407 2509 551 2546 tnttttt
578 2510 592 2545 :
618 2493 693 2546 Ad
720 2505 785 2557 te,
816 2492 1047 2556 Domine,
1068 2491 1223 2546 levari
1243 2493 1486 2553 animam,
1512 2508 1678 2561 usque
1699 2495 1763 2548 ad
1787 2491 1967 2557 finem,

406 2577 525 2618 cum
567 2578 771 2616 summa
804 2567 1097 2617 reverentia
1125 2571 1178 2615 et
1213 2564 1420 2617 cautela
1463 2563 1692 2629 intrans,
1736 2580 1802 2619 ne
1836 2565 1970 2619 alios

407 2644 624 2687 orantes
648 2633 900 2698 impediat
927 2649 939 2683 :
968 2642 1021 2687 et
1061 2635 1330 2701 profectus
1354 2633 1406 2686 in
1438 2634 1611 2688 locum
1652 2649 1969 2702 congruum.

408 2701 642 2757 effundat
686 2718 867 2769 preces
907 2705 955 2756 in
987 2716 1273 2770 conrepectu
1315 2703 1547 2772 Domini,
1606 2701 1778 2772 magis
1808 2707 1971 2759 corde

407 2787 566 2845 quam
602 2788 738 2826 ore:
770 2774 841 2826 ita
879 2784 936 2845 ut
976 2773 1117 2827 illius
1158 2788 1266 2845 vox
1308 2772 1533 2828 vicinior
1568 2774 1639 2845 sit
1672 2775 1781 2828 Deo
1811 2790 1970 2845 quam

410 2842 512 2913 sibi
544 2860 557 2895 :
584 2854 636 2896 et
663 2852 786 2897 tunc
814 2844 1013 2898 referat
1037 2844 1232 2913 gratias
1263 2845 1390 2913 Deo,
1419 2844 1685 2898 dicendo:

480 2912 685 2967 Gratias
712 2914 797 2967 tibi
827 2930 944 2983 ago,
983 2911 1300 2980 omnipotens
1328 2911 1484 2978 Deus,
1514 2915 1601 2984 qui
1629 2931 1708 2967 me
1733 2914 1972 2983 dignatus

408 2999 462 3036 es
488 2984 542 3037 in
568 2987 661 3036 hac
689 2993 833 3037 nocte
852 2984 1141 3051 custodire;
1171 2989 1412 3053 deprecor
1441 2986 1733 3038 immensam
1758 2991 1972 3039 clemen-

409 3055 535 3106 tiam
557 3065 727 3126 tuam,
758 3062 815 3107 ut
841 3058 1084 3108 concedas
1111 3056 1233 3126 mihi
1259 3063 1524 3109 venturum
1556 3056 1685 3109 dicm
1713 3058 1786 3108 sic
1826 3073 1973 3126 pera-

407 3139 528 3194 gere
550 3124 603 3177 in
632 3132 721 3178 tuo
740 3126 937 3178 servitio
958 3141 1070 3177 cum
1099 3124 1383 3179 humilitate
1420 3135 1465 3179 et
1495 3124 1968 3196 discretione,‘qua-

411 3206 555 3247 tenus
575 3196 663 3247 tibi
691 3197 1053 3263 complaceam.
1086 3197 1263 3250 Amen.

480 3264 630 3319 Tunc
666 3279 853 3320 omnes
900 3267 1006 3319 sint
1045 3266 1231 3333 parati,
1274 3275 1479 3319 stantes
1509 3268 1561 3319 in
1608 3267 1723 3321 loco
1766 3282 1862 3320 suo
1916 3267 1969 3321 in

410 3334 574 3389 choro
600 3349 694 3405 per
724 3337 982 3399 ordinem,
1016 3348 1075 3389 ut
1098 3352 1214 3389 cum
1244 3338 1448 3404 signum
1474 3338 1815 3391 novissimum
1857 3352 1970 3390 ces-

408 3408 631 3470 saverit,
664 3420 784 3459 cum
807 3421 1010 3459 summa
1042 3406 1339 3461 humilitate
1358 3418 1412 3459 et
1437 3408 1713 3460 honestate
1742 3408 1973 3460 referant

412 3474 595 3528 laudes
620 3477 725 3529 Deo
750 3475 801 3529 in
831 3487 1118 3545 conspectu
1143 3479 1472 3546 angelorum,
1496 3486 1550 3528 et
1575 3476 1622 3531 si
1654 3478 1788 3530 forte
1813 3477 1971 3531 alicui

410 3546 659 3611 frequens
686 3547 845 3600 tussis
883 3557 976 3599 aut
1003 3548 1246 3614 phlegma
1275 3557 1520 3602 evenerit
1546 3562 1613 3599 ex
1640 3559 1855 3613 pectore
1880 3556 1975 3600 aut

406 3616 644 3678 naribus,
662 3627 779 3684 post
799 3616 1013 3670 dorsum
1035 3615 1291 3683 projiciztt.
1313 3625 1404 3670 aut
1424 3616 1575 3685 juxta
1602 3617 1754 3670 latus.
1781 3618 1977 3671 Caveat

416 3695 593 3739 autem
623 3687 833 3740 curiose
885 3695 941 3740 ut
970 3688 1192 3741 infirmis
1234 3687 1480 3740 fratribus
1510 3701 1613 3739 non
1659 3697 1893 3740 vertatur
1921 3689 1973 3742 itt

409 3770 701 3827 nauseam;
733 3756 825 3810 sed
867 3770 1097 3826 semper,
1152 3758 1288 3827 quod
1318 3758 1546 3826 spuitur,
1580 3759 1798 3819 pedibus
1841 3772 1972 3811 con-

408 3826 689 3880 culcetur:
722 3836 778 3879 ut
798 3829 922 3880 dum
952 3828 1017 3879 ad
1046 3826 1344 3881 orationem
1379 3828 1626 3892 curritur,
1660 3830 1972 3882 vestimenta

405 3910 592 3950 eorum
623 3911 727 3950 non
758 3896 1113 3951 sordidentur.
1149 3898 1298 3963 Quod
1328 3899 1580 3951 omnibus
1609 3898 1737 3951 locis
1766 3901 1846 3952 eis
1878 3899 1976 3951 ob-

406 3967 757 4048 servaudum,
785 3967 894 4021 sive
921 3970 1027 4047 sint
1062 3970 1111 4021 in
1141 3969 1385 4055 ecclesia,
1417 3969 1532 4021 sive
1571 3969 1623 4021 in
1665 3971 1971 4055 refectorio,

346 4097 358 4108 ἱ
406 4037 522 4108 sive
546 4035 597 4089 in
623 4038 846 4103 portica,
871 4037 998 4090 etin
1020 4040 1161 4091 omni
1194 4035 1309 4091 loco
1324 4047 1381 4093 et
1403 4046 1690 4104 contentu,
1722 4051 1799 4101 ut,
1830 4039 1971 4108 quod

356 4108 363 4175 ξ
405 4106 633 4175 spuitur,
667 4109 883 4174 pedibus
910 4110 1269 4163 conculcetur.

356 4170 365 4221 ἰ
438 4170 451 4175 ⁷
479 4175 607 4230 Post
625 4170 981 4247 expletionem
1014 4194 1138 4232 vero
1168 4189 1439 4233 nocturnae
1470 4178 1660 4239 laudis,
1686 4178 1739 4232 in
1772 4180 1862 4233 illo
1891 4179 1975 4233 in-

407 4248 650 4319 tervallo,
680 4263 943 4302 summum
990 4248 1263 4303 silentium
1295 4250 1407 4317 flat,
1442 4262 1546 4306 tam
1575 4252 1627 4304 in
1656 4265 1786 4303 voce
1811 4265 1968 4319 quam

407 4317 460 4371 in
490 4318 720 4382 incessu,
749 4320 860 4372 sive
880 4332 1012 4371 sono
1032 4321 1255 4387 alicujus
1281 4321 1356 4374 rei
1386 4338 1399 4374 :
1424 4330 1484 4374 ut
1504 4323 1660 4375 liceat
1690 4317 1973 4388 unicuique

406 4388 526 4440 sine
555 4390 773 4441 alterius
800 4388 1180 4456 inquietudine,
1211 4400 1422 4458 peccata
1455 4390 1680 4446 Domino
1707 4391 1968 4455 confiteri,

403 4465 462 4511 et
482 4459 710 4528 veniam,
731 4470 785 4511 et
811 4459 1180 4513 remissionem
1212 4475 1306 4525 pro
1329 4460 1458 4528 ipsis
1485 4462 1659 4516 ﬂendo
1683 4462 1969 4527 pustulare.

474 4527 605 4581 Cum
616 4544 754 4600 vero
782 4529 1065 4583 inchoante
1088 4544 1278 4583 aurora
1300 4530 1407 4584 diei
1426 4532 1633 4600 signum
1662 4532 1973 4595 insonuerit,

404 4611 591 4670 omnes
609 4597 855 4653 festinent
878 4614 995 4652 cum
1016 4600 1313 4655 humilitate
1333 4597 1532 4666 cordis,
1549 4602 1696 4670 quasi
1719 4602 1783 4654 ad
1809 4601 1971 4655 Deum

402 4667 713 4733 clamantes,
759 4683 823 4723 ac
869 4670 1237 4724 misericordia
1272 4671 1370 4724 sibi
1407 4667 1714 4739 placabilem
1748 4672 1966 4735 factum,

2070 2070 2230 2138 spice,
2260 2069 2497 2132 Domine,
2526 2074 2579 2123 in
2602 2088 2767 2125 servos
2793 2080 2929 2134 tuos,
2961 2088 3080 2127 cum
3113 2074 3287 2128 Gloria
3320 2078 3484 2133 Patri.
3519 2079 3644 2138 Post

2072 2142 2234 2220 hunc.
2252 2157 2483 2220 versuta
2518 2154 2770 2220 sequatur
2815 2147 3040 2198 oratioa
3071 2148 3266 2213 priore,
3320 2147 3553 2220 Dirigere
3589 2167 3638 2206 et

2070 2212 2411 2279 sanctiﬁcare,
2444 2210 2677 2276 Domine,
2702 2226 2806 2266 etc.

2144 2283 2271 2337 Post
2301 2285 2436 2342 haec,
2482 2282 2571 2349 qui
2614 2284 2893 2347 culpabilis
2929 2294 3032 2350 est,
3063 2285 3271 2340 veniam
3306 2289 3556 2349 postulet.
3589 2302 3643 2346 et

2070 2352 2358 2426 secundum
2392 2355 2602 2405 modum
2627 2356 2824 2426 culpae,
2845 2356 3144 2426 _vindictam
3168 2358 3384 2426 recipiat
3410 2376 3424 2423 ;
3450 2369 3505 2415 et
3531 2372 3636 2414 tam

2072 2423 2125 2476 in
2153 2425 2385 2477 claustro
2434 2438 2589 2489 quam
2624 2423 2674 2475 in
2698 2424 2933 2491 quolibet
2955 2438 3217 2480 conventu
3245 2423 3323 2480 vel
3355 2429 3494 2493 loco,
3542 2447 3639 2483 ve-

2073 2493 2215 2547 niam
2251 2493 2483 2567 postulet
2529 2496 2707 2567 lrater,
2762 2505 2887 2547 aute
2935 2494 3504 2567 dominumabbatem,
3553 2500 3638 2558 vel

2072 2565 2434 2632 praepositum.
2463 2574 2556 2616 aut
2581 2565 2862 2625 decanmu,
2892 2574 2982 2618 aut
3010 2565 3300 2634 quemlibet
3319 2568 3387 2621 de
3404 2565 3639 2625 seniori-~

2072 2635 2198 2688 bus:
2222 2648 2342 2687 cum
2371 2649 2510 2703 enim
2533 2633 2725 2686 dixerit
2746 2635 2946 2699 senior,
2976 2633 3107 2703 Quae
3135 2648 3216 2690 est
3242 2638 3444 2691 causa?
3471 2640 3638 2694 frater

2076 2703 2167 2777 ille
2201 2706 2304 2777 Aqui
2347 2702 2553 2777 veniam
2602 2702 3248 2777 post-ulathrespondeat,
3298 2707 3411 2764 Mea
3458 2718 3636 2777 culpa.

2072 2772 2315 2848 domine;
2340 2776 2384 2848 si
2423 2789 2553 2848 vero
2585 2774 2724 2848 aliud
2747 2772 3100 2848 quodcunque
3126 2777 3341 2837 dixerit.
3370 2772 3638 2848 judicetttr

2071 2845 2264 2899 exinde
2294 2844 2589 2906 culpabilis.
2644 2844 2832 2901 Postea
2879 2846 3087 2899 dicatur
3135 2864 3164 2901 a
3193 2844 3411 2902 domino
3444 2851 3639 2906 abbate

2072 2916 2157 2989 vel
2183 2914 2433 2989 caneris,
2458 2929 2487 2967 a
2512 2916 2702 2989 quibus
2733 2915 3031 2989 obedientia
3062 2928 3147 2971 est
3173 2916 3436 2979 facienda.
3476 2923 3637 2989 quid-

2072 2984 2197 3053 quid
2222 2994 2297 3039 est
2325 2986 2706 3049 necessarium,
2736 2999 2791 3039 et
2816 2987 3126 3041 utile'fuerit
3152 2989 3204 3041 in
3230 2984 3638 3045 communitum

2074 3055 2285 3131 nasterii
2313 3054 2511 3108 :frater
2546 3055 2638 3131 qui
2663 3060 2865 3110 veniam
2889 3058 3115 3131 pfstulat
3146 3074 3241 3125 pro
3262 3060 3443 3125 culpa,
3468 3077 3639 3131 quam

2073 3135 2128 3179 to
2182 3126 2300 3194 plus
2347 3139 2406 3178 se
2459 3128 2715 3188 llttlltiliul,
2763 3138 2817 3180 et
2863 3129 3185 3195 culpabilem
3224 3131 3434 3194 asserit,
3487 3126 3635 3186 iauto

2073 3194 2471 3255 misericordias
2501 3206 2554 3250 et
2585 3196 2753 3251 levius
2792 3213 2821 3251 a
2848 3200 3025 3267 priore
3065 3200 3353 3267 judicetur,
3416 3217 3640 3258 necesse

2072 3276 2155 3321 est
2181 3278 2323 3319 emm
2371 3274 2639 3342 utomnes
2662 3268 3029 3342 neglgr-utias
3059 3282 3291 3334 nostras,
3327 3271 3411 3342 vel
3436 3277 3639 3342 cogita»

2075 3342 2295 3411 ttouum,
2326 3337 2408 3389 vel
2438 3337 2649 3411 linguis,
2681 3339 2762 3392 vel
2792 3340 2990 3411 operis,
3016 3338 3069 3411 in
3113 3341 3363 3409 presenti
3408 3337 3528 3396 vita'
3545 3354 3639 3411 per

2077 3405 2326 3459 humilem
2360 3405 2751 3461 confessionem
2783 3405 2839 3461 et
2867 3405 3218 3483 humilitatem
3259 3426 3470 3483 semper
3495 3405 3637 3483 judi-

2076 3490 2277 3535 cemus,
2308 3484 2365 3529 ut
2394 3491 2498 3530 non
2530 3486 2649 3544 post
2674 3490 2895 3533 mortem
2919 3494 3015 3533 nos
3036 3496 3157 3533 reos
3189 3480 3401 3536 faciant.

2144 3548 2431 3615 Surgentes
2478 3562 2505 3599 a
2540 3547 2795 3613 capitulo,
2844 3559 3003 3617 atque
3040 3551 3107 3603 ad
3145 3565 3307 3617 opera
3355 3563 3639 3618 exeuntes,

2073 3617 2231 3671 simul
2260 3631 2445 3671 omnes
2486 3618 2894 3688 circumstantes
2921 3620 3103 3674 dicant
3139 3635 3371 3683 versum,
3395 3621 3555 3688 Deus,
3584 3617 3639 3677 in

2074 3688 2414 3759 adjutorium,
2444 3696 2550 3741 etc.
2595 3686 2775 3742 Gloria
2809 3688 2973 3759 Patri,
3005 3700 3059 3744 et
3085 3693 3385 3745 orationem
3412 3686 3639 3747 eoum...

2074 3758 2213 3820 Cum,
2268 3758 2543 3812 flectentes
2591 3775 2781 3825 genua.
2814 3758 2940 3813 Post
2966 3761 3261 3814 orationem
3291 3762 3634 3825 dominicam,

2075 3828 2219 3899 dicat
2257 3828 2401 3895 prior
2428 3842 2443 3880 :
2470 3828 2797 3899 Adjutorium
2819 3841 3047 3883 nos'rum
3088 3831 3145 3883 in
3168 3833 3368 3884 nomine
3408 3831 3636 3885 Domini.

2076 3898 2143 3951 Et
2177 3898 2625 3970 respondentibus
2648 3903 2898 3954 omnibus
2930 3922 2944 3954 ;
2975 3901 3075 3964 Qui
3106 3901 3219 3970 fecit
3249 3900 3429 3955 cretum
3464 3911 3514 3954 et
3537 3914 3638 3955 ter-

2074 3984 2204 4041 ram,
2255 3968 2684 4041 vadunt__omttes
2732 3974 2888 4025 simul
2940 3983 3031 4024 aut
3078 3968 3362 4035 separatim
3392 3974 3458 4024 ad
3504 3987 3641 4041 opus

2074 4038 2369 4106 iujunctutn
2418 4038 2550 4103 sibi,
2598 4042 2963 4096 custodientes
3010 4041 3303 4105 silenLum,
3351 4038 3640 4099 decantetti

2074 4110 2325 4182 psalmos,
2358 4118 2449 4161 aut
2482 4109 2634 4164 Pater
2663 4123 2854 4174 noster,
2894 4111 3007 4166 bini
3029 4122 3124 4182 aut
3152 4111 3366 4182 singuli,
3389 4115 3546 4181 juxta
3587 4116 3635 4166 id

2070 4180 2210 4246 quod
2238 4194 2528 4245 congruum
2553 4193 2654 4242 est.
2686 4183 2820 4235 nihil
2850 4182 2993 4236 aliud
3026 4180 3305 4248 loquentiae
3329 4200 3343 4235 :
3372 4180 3474 4237 nisi
3499 4185 3636 4237 forte

2070 4250 2140 4303 de
2171 4254 2282 4317 ipsa
2307 4260 2422 4302 arte
2450 4253 2807 4306 necessarium
2849 4254 3010 4313 fuerit
3031 4253 3233 4317 dicere,
3263 4254 3402 4323 quod
3431 4254 3639 4308 dicatur

2070 4333 2240 4375 caute.

2141 4392 2272 4447 Cum
2321 4393 2386 4447 ad
2435 4407 2569 4459 opus
2612 4391 2852 4454 divinum
2901 4391 3048 4446 boris
3076 4393 3352 4447 canonicis
3397 4393 3632 4447 auditum

2075 4461 2226 4514 fuerit
2256 4464 2462 4532 signum
2492 4466 2655 4533 (sicut
2675 4464 2913 4517 continet
2935 4463 3499 4534 Regula),relinqu.rnt
3524 4473 3633 4516 sta-

2073 4533 2165 4585 tint
2194 4535 2446 4603 quidquid
2475 4536 2525 4589 in
2556 4537 2797 4588 manibus
2825 4545 2937 4599 est,
2970 4536 3048 4587 sic
3084 4544 3260 4587 tamen
3300 4542 3359 4587 ut
3401 4549 3503 4587 non
3537 4550 3630 4601 pe-

2074 4613 2188 4655 reat
2226 4622 2239 4656 :
2281 4614 2334 4659 et
2379 4619 2502 4658 tunc
2547 4608 2866 4659 conveniant
2903 4603 3058 4658 simul
3104 4618 3291 4658 omnes
3328 4603 3395 4656 ad
3428 4605 3630 4657 ostium

2075 4677 2315 4737 oratorii,
2348 4687 2437 4728 aut
2462 4685 2607 4730 certe
2634 4678 2742 4728 sint
2767 4676 2934 4743 parati
2975 4674 3041 4727 ad
3067 4675 3446 4743 obedientiam,
3470 4685 3520 4726 et
3552 4675 3603 4726 dt
3623 4703 3636 4714 -

402 4739 946 4811 tttatutinislaudibus
968 4750 1207 4809 prompta
1239 4742 1527 4803 voluntate,
1564 4758 1752 4795 vocum
1776 4743 1963 4794 modo-
1994 4744 2045 4803 D
2068 4754 2192 4795 cant
2232 4760 2442 4799 versum
2476 4763 2491 4801 :
2523 4739 2823 4800 Benedictus
2847 4760 2923 4807 es,
2956 4745 3171 4798 Domine
3210 4742 3370 4805 Deus,
3397 4745 3518 4811 quia
3540 4760 3636 4796 au-

403 4807 492 4873 lis,
515 4823 613 4863 nec
643 4810 799 4864 nimis
845 4807 1133 4878 producte,
1163 4825 1263 4865 nec
1292 4813 1514 4865 multum
1543 4820 1810 4879 correpte,
1843 4827 1963 4866 cum

403 4891 610 4948 summa
636 4884 891 4948 gravitate
916 4888 971 4934 et
997 4882 1270 4935 honestate
1298 4882 1528 4936 οεῦοἰιιιιι
1556 4888 1860 4947 persolvere
1886 4884 1964 4935 dt-

404 4946 585 5001 vinuttt
631 4946 657 5002 ;⁷
684 4960 736 5002 et
767 4951 866 5005 hoc
908 4962 1081 5004 autem
1115 4951 1372 5004 matutina
1420 4946 1573 5006 laude
1608 4967 1871 5006 summum
1909 4960 1965 5008 et

404 5018 727 5091 praecipuum
759 5021 1022 5074 silentium
1050 5024 1138 5073 fiat
1168 5024 1218 5075 in
1247 5023 1448 5075 orando
1475 5026 1554 5077 vel
1581 5024 1860 5091 loquendo.

475 5090 864 5144 Ceuveuieutes
904 5107 1029 5145 vero
1076 5091 1264 5146 fratres
1306 5094 1369 5145 ad
1416 5090 1659 5157 prinum,
1688 5104 1958 5160 postquam

401 5159 729 5224 completum
785 5161 945 5214 fuerit
996 5161 1166 5229 ipsunt
1217 5160 1472 5227 officium,
1524 5174 1647 5217 ante
1691 5159 1960 5227 psalmum

401 5229 921 5297 quinquagesimum,
946 5231 1143 5286 donent
1169 5233 1534 5287 coofessiones
1557 5248 1679 5287 suas
1702 5234 1960 5298 vicissim,

404 5308 605 5368 pariter
646 5301 867 5368 supplici
900 5311 1022 5355 voto
1055 5317 1149 5369 pro
1185 5316 1243 5356 se
1272 5308 1512 5356 certatim
1563 5318 1800 5357 orantes.
1854 5306 1966 5357 Hoc

404 5371 622 5435 expleto
649 5374 857 5424 veniant
897 5386 1082 5426 omnes
1110 5371 1174 5423 ad
1199 5372 1506 5440 capitulum,
1535 5384 1590 5428 et
1627 5377 1869 5427 conversi
1896 5375 1963 5428 ad

403 5440 683 5504 orientem,
715 5444 941 5495 salutent
969 5455 1180 5495 crucem
1202 5454 1253 5495 et
1275 5448 1485 5497 caeteris
1512 5444 1761 5497 fratribus
1783 5460 1841 5497 se
1866 5460 1963 5497 un-

403 5511 561 5579 dique
583 5510 874 5569 huntilient,
901 5512 1250 5581 similiterque
1274 5512 1463 5566 faciant
1489 5516 1539 5568 in
1566 5516 1707 5569 omni
1733 5528 1965 5568 coovene

402 5589 479 5633 tu.
530 5583 652 5635 Post
700 5582 915 5635 recitata
948 5583 1158 5635 nomina
1203 5594 1527 5646 sanctorum,
1558 5600 1781 5651 quorum
1832 5588 1963 5640 testa

402 5654 633 5724 crastina
665 5652 780 5705 dies
823 5652 1075 5720 excipiet,
1105 5663 1382 5722 surgentes
1414 5660 1610 5724 puriter
1637 5657 1812 5709 d.caot
1843 5671 1964 5709 vera-

401 5737 517 5793 suut
548 5738 561 5775 :
593 5720 844 5793 Pretiosa,
871 5736 1025 5793 quem
1057 5720 1310 5789 sequatur
1331 5720 1498 5778 ιιι-,ιίἰο
1519 5742 1547 5778 a
1578 5729 1787 5793 priore;
1813 5727 1959 5780 dein-

396 5791 467 5847 de
497 5806 716 5847 versus:
750 5790 906 5855 Deus,
934 5792 984 5843 in
1005 5793 1337 5862 adjutorium.
1364 5794 1556 5851 Tribus
1578 5790 1806 5863 vicibus,
1836 5811 1959 5853 cum

676 5885 943 5947 Paruoc.
973 5883 1185 5946 LXVI.

2072 4814 2241 4896 divisti
2267 4832 2363 4880 me,
2388 4826 2434 4870 et
2456 4819 2740 4896 consolatus
2770 4832 2822 4868 es
2844 4830 2963 4896 mg.
2988 4816 3175 4896 tribus"
3198 4814 3417 4896 vicibus,
3459 4813 3637 4896 priore

2070 4883 2377 4953 incipiente.
2438 4886 2837 4955 subjungentes.
2895 4882 3075 4939 Gloria
3134 4883 3322 4955 Patri._
3360 4882 3638 4938 flectentes

2069 4967 2271 5021 genua;
2309 4953 2551 5009 oratione
2592 4959 2875 5023 completa,
2924 4965 3148 5023 surgant
3174 4964 3228 5008 et
3273 4953 3414 5007 dicat
3446 4955 3633 5021 prior:

2016 5040 2031 5059 ι
2072 5024 2377 5079 Misereatur
2418 5027 2578 5081 nostri
2625 5028 2941 5096 omnipotens
2974 5025 3131 5090 Deus,
3180 5032 3237 5079 et
3284 5026 3640 5094 respondeant

2068 5110 2277 5161 omnes,
2312 5098 2489 5150 Amen.

2141 5168 2183 5220 Α
2214 5169 2449 5221 caleudis
2475 5164 2724 5221 Octobris
2774 5180 2940 5233 usque
2968 5163 3032 5219 ad
3067 5164 3289 5226 Pascha,
3317 5165 3472 5218 tertia
3503 5164 3635 5218 hora

2071 5234 2171 5289 hoc
2200 5236 2433 5291 faciant:
2462 5252 2490 5290 a
2517 5237 2715 5291 Pascha
2745 5246 2924 5290 autem
2957 5251 3124 5303 usque
3146 5235 3211 5288 ad
3241 5235 3449 5288 calend.
3478 5240 3638 5289 Octo-

2070 5307 2200 5369 bris,
2237 5308 2336 5361 hoc
2369 5308 2494 5361 hora
2518 5317 2667 5361 sexta
2694 5316 2747 5360 et
2773 5322 2910 5360 nona
2939 5306 3048 5360 ﬁat.

2140 5378 2298 5430 Omni
2328 5385 2590 5445 tempore,
2620 5378 2674 5429 in
2711 5378 2937 5431 ecclesia
2968 5390 3232 5430 summum
3260 5374 3530 5428 silentium
3562 5385 3644 5427 te-

2073 5460 2281 5515 neatur,
2313 5444 2537 5514 excepto
2574 5452 2675 5501 hoc
2709 5446 2849 5516 quod
2882 5447 2947 5502 ad
2972 5461 3133 5500 aures
3173 5444 3262 5499 Dei
3289 5446 3553 5510 pertinet:
3585 5458 3643 5498 et

2073 5517 2250 5571 nullus
2299 5533 2365 5573 ex
2416 5518 2661 5571 fratribus
2708 5521 2867 5571 alium
2920 5534 3051 5586 puro
3096 5517 3308 5586 nomine
3352 5516 3640 5582 aliquando

2071 5588 2262 5642 audeat
2282 5590 2570 5657 appellare,
2602 5588 2693 5642 sed
2721 5589 2883 5657 (sicut
2912 5584 3090 5653 decet)
3114 5584 3357 5641 seniores
3384 5586 3638 5650 minores,

2071 5673 2198 5712 suos
2228 5658 2418 5712 fratres
2469 5660 2765 5724 nominent,
2812 5657 3051 5728 juniores
3082 5673 3213 5711 νισι-ι)
3242 5658 3482 5712 seniores
3511 5671 3638 5710 suos

2072 5744 2299 5791 nonnos,
2328 5729 2465 5797 quod
2497 5743 2575 5783 est
2606 5739 2695 5797 pat
2730 5745 2841 5782 ruat
2887 5728 3235 5789 reverentiae;
3270 5729 3432 5782 abbas
3459 5739 3632 5782 autem

2069 5800 2313 5855 dontinus
2344 5811 2395 5854 et
2424 5809 2575 5871 pater
2600 5807 2667 5855 ab
2690 5800 2934 5855 omnibus
2968 5810 3208 5855 vocetur.

3171 5882 3248 5946 30
