2017 3083
184 166 237 196 9!)

659 163 828 193 APPENDIX
849 165 893 192 AD
908 165 1017 194 OPERA
1038 165 1066 193 S.
1088 165 1115 192 Ρ.
1139 165 1327 194 BINEDICTI.

1752 169 1804 195 9έο

221 224 402 250 linamentum
417 221 486 249 aliud
503 229 581 249 nemo
596 220 723 254 proferat,
735 221 785 247 nisi
804 221 877 248 crede
894 220 965 251 mihi,
983 223 1008 252 Α
1020 228 1077 248 cem
1096 221 1164 248 inter
1178 228 1208 249 se
1221 222 1353 249 semiucut
1368 222 1471 250 fratres.
1486 230 1536 250 non
1549 223 1707 251 discutdiaui
1721 233 1806 251 ινδι-

184 259 255 286 sicnt
268 260 292 285 itt
308 258 450 291 Evangelio
464 258 575 292 legimus
591 256 731 284 Dominum
745 257 918 284 Samaritana:
928 256 968 282 af-

188 296 308 321 lirmasse
324 303 330 320 :
346 298 390 319 aut
405 299 480 324 certe,
493 297 537 319 aut
550 300 620 319 sane.

222 329 250 356 Si
275 330 354 355 frater
377 328 527 361 iucrepetur
543 336 556 354 a
574 327 661 361 prime
684 325 802 360 qualibet
824 325 858 353 de
878 333 970 358 causa,

187 371 230 391 nul
242 364 275 391 ab
290 365 341 390 alio
353 363 479 397 quolibet,
501 362 580 389 etiam
594 363 706 392 minore,
721 366 809 388 statim
826 368 886 389 cum
899 369 971 389 sum-

189 408 229 426 ma
249 399 388 426 velocitate
412 400 436 424 ιιι
454 398 546 427 faciem
562 404 638 425 suam
651 397 749 423 cadens
763 398 865 425 veniam
881 401 970 430 posttt~

189 436 223 461 let
237 443 242 460 :
258 435 315 467 quia
332 434 389 460 lucc
410 432 543 460 humilitas
558 434 610 459 lico
623 433 773 462 exhibetur,
790 440 842 458 nott
856 431 968 464 homini,

187 477 213 496 et
228 471 248 495 si
264 477 297 496 ex
308 469 387 495 corde
399 469 452 503 fiat,
470 468 657 502 indulgentiam
668 467 873 503 pronterebilur,

223 505 332 539 Oportet
346 510 434 534 autem
449 509 509 533 ante
523 504 611 529 omnia
635 507 663 539 ut
673 502 829 539 Obedieules
841 502 892 529 sibi
905 502 971 529 invi-

189 537 329 574 i-etttaittt,
346 545 372 569 et
387 540 442 574 ipsa
458 538 607 565 obedientia
630 538 662 572 (si
678 537 848 574 rectocorde
861 538 972 574 omnino

191 575 245 603 Deo
270 572 404 608 offertur),
420 575 474 607 ipsa
501 579 542 601 est
563 581 622 608 qua:
636 573 708 599 ducit
729 572 761 599 ad
778 574 857 600 vitant
871 581 878 598 :
892 572 971 599 citius

191 611 262 637 enim
285 610 424 637 exauditur
437 617 487 635 una
501 609 587 636 oratio
606 608 766 639 obedicntls,
788 615 866 644 quam
880 608 971 635 decem

192 647 263 673 tuille
281 645 484 671 contemnentis.

225 679 292 713 Cum
315 687 380 707 vero
399 680 448 706 sibi
470 678 578 705 obviam
593 678 697 710 fratres,
723 678 823 713 ttbiqtte
840 678 910 705 dicat
930 677 973 711 ju-

194 717 250 744 πῖθι·
263 716 372 748 seniori,
384 713 544 746 Benedici'e;
559 721 579 741 st
592 714 681 748 juniur
695 715 795 746 sedeat,
819 718 974 740 transeunte

192 752 309 781 seniore.
323 755 412 785 surgat
425 758 433 782 ς
457 756 483 776 et
497 757 519 776 st
534 750 623 776 senior
639 750 751 779 voluerit
764 749 869 780 sedere,
882 748 974 785 juttior

193 795 246 813 non
259 786 361 815 sedeat,
376 784 432 811 nisi
445 785 545 818 jussus.
560 785 589 811 Si
606 784 786 817 deprehensus
800 786 879 811 fuerit
892 784 974 810 frater

193 822 289 856 aliquis
312 819 447 853 invidiam,
464 820 541 851 iram,
556 824 601 846 aut
617 819 749 856 tristitiam
772 819 799 847 in
813 818 895 847 corde
909 819 974 856 reti-

193 854 267 889 nere,
282 856 370 882 statim
384 855 555 889 corripiatur,
572 859 600 880 ut
614 854 780 887 emendetur,
797 861 824 882 et
839 858 903 889 quot
916 855 974 881 dies

194 893 243 919 huc
256 890 376 919 confiteri
392 890 549 926 neglexerit,
571 894 610 926 tot
627 890 684 918 dies
698 890 836 925 pmniteat,
850 895 878 917 et
890 890 913 916 si
925 890 974 916 ltu-

196 927 295 953 tttiliter
309 925 485 959 respondet-it,
511 925 694 959 paenitentiam
715 926 897 960 postulaverit,
912 932 972 952 cum

196 970 218 988 ν.
230 963 271 989 uia
281 962 423 995 judiCelur.

231 998 299 1025 Cum
321 1000 408 1025 autem
427 995 541 1031 domnus
565 996 655 1025 abbas,
671 1001 715 1023 aut
734 1000 808 1022 certe
822 995 919 1031 a'iquis
941 1002 974 1022 ex

193 1032 355 1062 senioribus,
366 1031 445 1059 alicui
459 1038 491 1057 ex
506 1030 633 1057 fratribus
645 1030 749 1064 aliquod
760 1039 826 1065 opus
838 1038 974 1065 praecepe-

195 1068 240 1101 rit,
263 1066 392 1101 sttscipiat
403 1067 492 1101 junior
504 1073 564 1092 cuttt
580 1074 684 1092 summa
699 1066 838 1093 honestate
856 1065 976 1099 jubentis

195 1103 345 1136 imperium,
359 1106 386 1128 et
408 1101 441 1128 sil
455 1101 526 1128 auris
543 1105 633 1135 parata
654 1101 686 1127 ad
709 1101 883 1133 audiendum,
909 1108 940 1127 ac
952 1101 975 1127 si

193 1135 319 1166 divinitus
334 1137 446 1168 dicatur,
467 1137 520 1163 sint
532 1137 614 1170 pedes
633 1135 708 1167 recti,
727 1143 820 1162 manus
841 1136 975 1170 expedite

192 1174 225 1201 ad
237 1171 387 1201 faciendum
401 1177 468 1205 opus
478 1191 485 1202 ,
502 1176 528 1198 et
542 1171 679 1198 butuiliato
692 1172 779 1205 capite
791 1172 876 1204 dicat,
892 1171 970 1198 Bene-

192 1209 278 1237 dicite.

229 1242 401 1278 Egredientes
411 1241 536 1278 dedomo
549 1249 593 1278 aut
607 1240 641 1268 de
652 1246 796 1278 conventu,
812 1241 911 1274 dicant,
927 1240 975 1268 Be-

194 1277 321 1309 nedicite,
345 1277 450 1305 etiarnsi
472 1279 545 1304 solus
562 1277 619 1303 sit:
635 1284 695 1311 quia
727 1277 854 1304 Dominus
879 1278 979 1310 ultique

193 1320 311 1347 priesens
333 1317 384 1344 est.
401 1311 542 1348 unicuique
564 1312 707 1347 pastulatiti
733 1318 838 1346 paratus
863 1312 976 1340 reddere

192 1356 332 1377 rationem.

230 1385 258 1411 Si
273 1382 372 1417 aliquid
385 1383 412 1410 in
431 1383 549 1414 cellario,
565 1382 606 1410 vel
627 1382 781 1417 refectorin,
796 1382 838 1409 vel
852 1383 974 1417 coquina,

194 1420 237 1446 vel
252 1419 369 1452 quolibet
394 1420 446 1445 alio
467 1418 527 1444 loco
545 1417 626 1445 frater
641 1419 796 1452 neglexerit.
813 1418 902 1445 statim
917 1419 976 1446 sine

194 1455 248 1482 ulla
263 1460 336 1480 mora
349 1458 438 1480 currat
452 1453 486 1479 ad
501 1455 604 1480 veniam
621 1454 804 1486 postulandam
817 1461 824 1480 :
836 1458 863 1480 et
877 1454 899 1480 si
918 1455 978 1480 talis

193 1495 236 1517 est
258 1496 301 1516 res
324 1495 404 1521 quam
417 1487 574 1522 neglexerit,
601 1496 682 1515 manu
706 1493 805 1520 teneat,
829 1488 856 1515 in
878 1494 976 1515 terram

192 1528 343 1559 prostratus
357 1524 460 1559 veniam
481 1523 645 1559 postulando,
654 1524 688 1550 de
702 1531 735 1550 eo
748 1523 818 1558 quod
832 1524 927 1557 egerit.

184 1558 201 1566 “⁷
229 1559 345 1586 Ca~eant
355 1567 370 1584 a
382 1558 503 1585 saeculari
514 1563 540 1585 et
553 1558 689 1591 superfluo
700 1559 764 1591 risu,
776 1564 802 1585 et
813 1566 828 1585 a
841 1559 974 1593 frequenti

192 1594 327 1622 locutione
339 1601 398 1622 cum
413 1593 506 1621 amicis
520 1594 700 1626 saecularibus,
717 1596 739 1620 si
756 1598 844 1621 tamen
863 1601 974 1621 neceSse
989 1595 1011 1627 ο

193 1629 282 1657 fut-rit.
295 1628 344 1656 Ubi
356 1629 432 1655 aliter
447 1635 506 1655 esse
520 1635 572 1655 nun
585 1630 690 1664 poterit,
704 1636 757 1656 non
768 1629 889 1663 loquatur
901 1631 974 1664 quis-

192 1672 273 1698 quatu
297 1664 371 1691 Suilli
396 1670 456 1691 cum
472 1664 604 1695 saeculari,
629 1663 678 1691 nisi
700 1665 874 1698 praesentibus
887 1670 915 1691 et
928 1672 974 1691 att-

193 1699 329 1727 dientihus
350 1699 411 1725 alits
434 1698 568 1732 fratribus,
589 1699 623 1726 de
637 1707 749 1733 quortmt
774 1700 825 1726 lltle
840 1704 913 1726 certa
939 1700 975 1725 sit

193 1736 300 1763 fiducia.
327 1734 359 1761 Et
382 1734 433 1761 huc
456 1734 570 1761 maxime
594 1735 619 1761 itt
637 1734 780 1769 juvenibus
794 1735 974 1762 observetur:

193 1778 270 1805 mens
285 1769 355 1799 enim
367 1776 427 1804 qute
447 1770 500 1796 Deo
514 1769 614 1796 servire
628 1771 711 1804 cupit,
722 1770 888 1796 saecularium
904 1771 975 1796 locn-

193 1804 291 1836 tiunetn
313 1814 344 1832 et,
358 1804 590 1832 cotttel'sationeut
613 1809 786 1832 contemnere
807 1810 835 1832 et
857 1805 974 1833 dereliu~

193 1849 276 1875 quere
290 1841 380 1867 defiet.

229 1877 285 1902 bon
298 1878 394 1902 vadaut
407 1875 472 1902 infra
484 1875 675 1902 monasterium
699 1875 808 1909 passim.
825 1876 976 1910 ubicunque

193 1911 336 1943 voluerint,
353 1912 403 1937 tusi
428 1910 579 1938 obedientia
593 1912 799 1946 uniuscujusque
813 1911 911 1946 exigat,
933 1911 975 1938 vel

192 1946 325 1974 licentiam
341 1947 553 1979 impetraverint.

230 1982 336 2008 Nullum
351 1988 439 2015 opus,
457 1982 561 2008 etiamsi
580 1981 678 2008 bonum
694 1980 823 2013 videatur,
844 1988 902 2009 sutc
919 1981 977 2016 jus-

192 2017 268 2051 siuue
281 2024 545 2051 agererprtesumant,
561 2017 626 2044 nihil
638 2017 703 2044 dare
717 2023 761 2043 aut
772 2019 902 2050 accipere,
918 2025 977 2044 sine

192 2050 268 2088 jussu
279 2050 401 2081 abbatis:
418 2058 468 2078 nec
478 2052 575 2088 habere
589 2052 733 2088 proprium,
749 2054 798 2079 insi
810 2052 880 2086 quod
896 2053 978 2079 abbas

192 2087 297 2114 dederit
324 2092 370 2113 aut
389 2087 558 2121 permiserit;
580 2095 632 2114 non
651 2087 732 2114 debet
749 2088 821 2114 aliud
838 2087 979 2118 unicuique

192 2122 220 2149 in
234 2122 279 2149 cili
289 2132 307 2153 ι,
327 2126 354 2149 et
368 2127 442 2156 potu,
455 2122 497 2149 vel
511 2127 668 2149 vestimento
691 2122 761 2155 dari,
776 2130 855 2156 quam
880 2123 978 2157 llegula

193 2157 313 2191 prmciptt
325 2165 332 2184 :
345 2157 389 2191 qui
410 2161 498 2183 autem
512 2158 570 2191 plus
581 2157 683 2189 habere
699 2158 842 2188 desiderat.
859 2159 980 2184 occasio-

193 2199 254 2219 nem
270 2196 363 2219 eontra
377 2199 407 2219 se
420 2193 518 2219 occulti
533 2192 617 2219 hostis
630 2191 714 2219 nostri
725 2193 843 2220 excitare
854 2201 906 2220 nun
920 2200 980 2227 per-

193 2228 318 2254 timeectt.

228 2262 324 2289 Nullus
334 2262 411 2290 alteri
426 2262 524 2297 aliquid
541 2263 703 2296 prteteritum
726 2262 767 2290 vel
781 2268 858 2298 turpe
882 2271 978 2297 pecca-

1023 258 1117 285 larium
1134 263 1141 282 :
1158 256 1253 283 fabula.-
1267 258 1344 292 longe
1354 258 1406 283 sint
1420 258 1454 284 ab
1468 259 1517 286 eis.

1058 292 1171 319 statutis
1183 292 1266 326 ltoris,
1279 300 1330 320 non
1344 293 1475 328 negligant
1489 301 1568 327 opera
1579 302 1702 321 manuum
1714 302 1806 328 agere,

1022 335 1083 361 quia
1105 329 1188 355 virtus
1209 333 1249 354 est
1273 329 1369 355 animte
1386 333 1412 355 i-t
1431 329 1574 362 corporis:
1590 331 1695 356 citeris
1716 336 1807 357 autem

1023 363 1106 393 boris,
1121 363 1226 390 lectioni
1240 368 1334 393 vacent
1349 372 1355 389 :
1371 368 1398 390 ct
1408 364 1430 390 si
1446 367 1501 391 ﬁeri
1517 370 1613 398 pnIe-t.
1631 365 1656 391 in
1669 373 1722 392 uno
1744 367 1806 391 loco

1023 404 1068 424 aut
1084 398 1108 423 itt
1121 397 1239 425 clauSIro
1251 398 1371 430 sedeant,
1387 403 1415 425 ut
1427 397 1538 426 invicem
1551 408 1581 426 se
1596 401 1718 427 videntes
1729 408 1807 427 coar-

1023 437 1139 463 cti-ntur.
1155 440 1182 461 et
1195 433 1244 465 sub
1265 434 1370 460 silentio
1393 436 1489 468 legant.
1501 440 1529 461 et
1551 443 1584 462 ne
1596 436 1664 462 alius
1676 437 1708 461 ad
1724 438 1807 462 alium

1023 470 1159 504 jungatur,
1175 469 1224 495 nisi
1240 468 1386 496 necessitas
1400 475 1545 503 exposcat;
1570 470 1594 496 id
1615 472 1699 504 ipsum
1717 475 1807 497 tantm

1024 503 1082 531 sine
1097 503 1282 537 inquietudine
1291 505 1401 531 alterius
1415 505 1468 531 liat.
1481 505 1585 532 Estivo
1596 503 1715 539 tempore
1727 513 1809 532 unus-

1023 540 1137 574 quisque
1151 539 1182 565 ad
1195 540 1331 573 proprium
1344 540 1429 566 locmn
1445 545 1546 573 pergat,
1560 548 1619 567 cum
1632 548 1733 568 summa
1743 548 1809 568 cau-

1027 575 1086 615 tela.
1103 581 1127 601 et
1140 574 1197 601 sine
1211 574 1321 601 alterius
1337 575 1535 608 perturbatione
1545 581 1590 602 aut
1601 576 1669 611 legat
1682 584 1727 603 aut
1742 577 1809 603 dor-

1025 616 1099 638 "IIII.

1060 645 1152 673 Nullus
1165 651 1198 672 ex
1214 643 1339 673 fratribus
1350 653 1426 673 suum
1443 645 1541 680 aliquid
1554 645 1625 672 dicat
1636 651 1681 673 aut
1691 654 1746 673 rem
1760 646 1810 673 ali-

1025 687 1104 715 quam
1115 686 1158 705 aut
1168 680 1347 708 membrorum
1358 688 1488 715 corporis,
1500 682 1546 707 sed
1558 689 1664 711 Se-tnper
1675 689 1808 714 nnStrum;

1026 716 1075 742 ltoc
1090 717 1175 742 solum
1190 720 1296 748 oportet
1306 716 1397 743 dicere
1411 717 1558 750 proprium,
1571 724 1628 743 utea
1642 718 1735 750 culpa;
1749 725 1809 743 om-

1026 750 1069 777 nia
1095 757 1153 785 quae
1170 750 1240 777 Deus
1255 751 1336 779 donat
1350 750 1428 778 nobis
1454 751 1607 778 communia
1621 758 1680 778 esse
1697 752 1807 785 debent,

1025 791 1138 821 excepto
1151 790 1269 821 peccato,
1285 786 1344 819 quia
1356 794 1388 813 ex
1404 793 1491 813 nostra
1508 787 1650 821 fragilitate
1665 791 1718 813 est.

1062 820 1256 848 Pt-Ovidendum
1278 828 1440 856 magnopere
1466 825 1508 849 est
1534 820 1562 848 ut
1583 821 1685 855 iussum
1706 822 1807 849 domini

1026 856 1129 883 abbatis
1144 856 1177 883 ile
1191 863 1350 891 quacunque
1374 865 1403 884 re
1428 857 1569 890 impleatur
1591 857 1723 888 Sollicite,
1746 859 1808 891 quia

1028 892 1084 919 hrec
1099 891 1191 918 eadem
1212 891 1380 924 obedientia,
1396 892 1417 919 si
1439 896 1512 919 recte
1534 893 1682 925 perficitur,
1702 899 1754 919 non
1769 893 1809 920 illi

1028 927 1248 963 tuinistraturrqui
1264 928 1393 963 praecipit,
1409 927 1454 954 sed
1471 927 1525 954 Deo
1543 935 1550 959 ;
1564 932 1590 954 ct
1602 928 1624 955 si
1639 927 1709 954 forte
1724 929 1809 963 negli-

1027 962 1204 997 galur(qllod
1223 962 1320 997 absit),
1335 963 1378 997 qui
1395 963 1551 997 deliquerit,
1566 964 1619 989 cito
1639 962 1809 991 recurrat’ad

1028 997 1218 1030 iud-tlgcnliant
1233 998 1427 1031 postulandam.
1549 997 1551 1000 ’

1062 1032 1173 1066 Quando
1198 1033 1223 1058 in
1249 1033 1332 1059 rhuro
1354 1034 1386 1059 ad
1410 1033 1572 1066 psallendum
1588 1037 1669 1064 stant,
1692 1040 1810 1060 consona

1027 1075 1092 1094 voce
1105 1074 1132 1094 et
1146 1068 1227 1093 corde
1246 1068 1374 1102 psallunt.
1390 1073 1416 1095 et
1432 1068 1469 1094 illi
1486 1068 1614 1102 incipiant
1630 1075 1747 1099 versum,
1764 1069 1810 1103 qui

1027 1111 1082 1135 pra:
1095 1103 1200 1129 cancris
1211 1103 1302 1130 utilius
1315 1105 1425 1137 possint,
1441 1108 1469 1130 ut
1483 1103 1516 1130 ad
1531 1105 1644 1136 primatu
1658 1104 1699 1130 vel
1712 1112 1811 1131 serun-

1027 1140 1087 1165 dam
1099 1138 1227 1173 syllabam
1239 1140 1327 1166 exteri
1339 1139 1482 1166 convenire
1495 1138 1597 1173 possint
1608 1140 1812 1174 pronuntiantes

1028 1181 1102 1200 ναι-ε.

1064 1222 1102 1248 Ad
1139 1220 1230 1247 horam
1261 1228 1325 1247 vero
1355 1219 1508 1248 refer-tinnis
1538 1227 1597 1255 post
1627 1220 1813 1254 expletionem

1027 1261 1182 1290 exspectent
1207 1256 1232 1282 in
1260 1256 1373 1284 ecclesia
1398 1256 1543 1290 psallentes
1574 1257 1599 1283 in
1625 1257 1723 1288 choro;
1749 1265 1812 1284 cum

1028 1291 1160 1318 audierint
1174 1292 1325 1326 cymbalum
1336 1312 1344 1324 ,
1358 1291 1480 1318 ordinate
1494 1297 1522 1319 et
1535 1293 1594 1319 sine
1610 1292 1663 1319 ullo
1681 1293 1812 1326 strepitu,

1029 1326 1154 1358 festinent
1179 1326 1239 1353 lotis
1263 1327 1384 1354 manibus
1407 1327 1517 1354 introire
1540 1328 1722 1359 refectorium,
1738 1330 1812 1353 salu-

1030 1366 1115 1389 tantes
1126 1368 1241 1391 crucem.
1250 1363 1334 1388 versis
1343 1362 1460 1389 vultibus
1473 1362 1504 1389 ad
1515 1363 1656 1396 orientem.
1666 1367 1694 1389 et
1703 1363 1814 1390 sedeant

1028 1405 1121 1424 omnes
1144 1396 1176 1422 atl
1198 1404 1327 1429 mensam,
1349 1398 1444 1431 singuli
1460 1397 1554 1425 ordine
1575 1406 1643 1431 suo,
1667 1405 1725 1423 cum
1740 1399 1815 1426 omni

1028 1432 1144 1462 silentio.
1155 1432 1301 1469 Nullusque
1313 1437 1455 1469 praemittat
1475 1433 1617 1469 quidquam
1628 1433 1748 1464 accipere
1760 1434 1814 1469 cibi

1029 1468 1074 1495 aut
1088 1473 1174 1501 potus,
1187 1472 1248 1494 ante
1264 1467 1389 1494 domuum
1409 1467 1531 1495 abbatem
1541 1467 1554 1500 ;⁷
1563 1469 1620 1502 ipse
1630 1475 1718 1495 autem
1730 1468 1816 1496 abbas

1028 1511 1081 1537 non
1100 1504 1185 1529 tardet
1204 1502 1337 1536 accipere.
1353 1502 1419 1530 Cum
1441 1509 1531 1530 autem
1550 1504 1683 1537 accipiunt
1701 1510 1815 1537 panem,

1029 1535 1119 1573 dicant
1148 1537 1229 1564 frater
1252 1535 1329 1573 fratri
1343 1558 1351 1568 .
1370 1537 1526 1571 Benedicile,
1551 1542 1578 1566 et
1603 1535 1785 1573 respondeant
1807 1548 1815 1565 :

1031 1572 1155 1600 Dominus
1163 1577 1213 1609 [et
1236 1572 1358 1601 similiter
1371 1572 1470 1600 faciant
1483 1573 1517 1601 de
1532 1579 1604 1607 potu,
1618 1572 1679 1601 cum
1700 1574 1815 1609 primum

1027 1608 1152 1636 biberint.
1170 1608 1206 1636 De
1219 1608 1325 1635 caeteris
1342 1608 1496 1643 pulmentis,
1511 1617 1571 1644 qua:
1586 1614 1648 1636 sunt
1663 1609 1689 1636 itt
1702 1608 1814 1643 tneun,

1025 1652 1077 1671 non
1089 1648 1131 1670 est
1141 1650 1250 1671 necesse
1262 1644 1376 1679 amplius
1388 1644 1599 1672 benedictionem
1615 1649 1715 1679 petere.

1059 1690 1207 1723 Antequam
1228 1689 1357 1724 incipiant
1377 1690 1465 1716 cibum
1492 1697 1609 1723 sumere,
1633 1695 1704 1723 petat
1729 1690 1816 1717 lector

1026 1725 1249 1758 benedictionem,
1261 1730 1288 1752 et
1303 1725 1411 1758 incipiat
1427 1726 1526 1756 legere.
1543 1730 1571 1752 et
1587 1726 1685 1752 nullius
1704 1725 1740 1753 ibt
1761 1733 1814 1753 vus

1025 1761 1158 1793 audiatur,
1181 1760 1232 1787 nisi
1252 1760 1335 1787 solius
1359 1761 1491 1795 legentis,
1506 1760 1557 1788 ni~i
1578 1760 1647 1788 forte
1663 1768 1711 1793 pro
1725 1760 1815 1788 aedifi-

1025 1797 1132 1823 catione
1152 1795 1249 1830 aliquid
1260 1795 1367 1822 brevius
1377 1794 1489 1823 dicatur.
1502 1794 1597 1823 Postea
1610 1803 1673 1822 vero
1683 1796 1819 1830 quidquid-

1028 1831 1155 1866 pulutenti
1174 1839 1206 1857 ex
1225 1831 1341 1866 coquina
1362 1831 1541 1864 ministratur,
1558 1832 1602 1863 qui
1625 1832 1755 1857 ministrat
1767 1850 1775 1861 .
1800 1839 1815 1857 a

1028 1865 1172 1893 novissimo
1196 1865 1321 1900 incipiat,
1336 1870 1364 1893 et
1389 1873 1473 1900 usque
1492 1867 1525 1893 ad
1548 1866 1675 1893 domuum
1690 1867 1815 1893 abbatem

1028 1901 1205 1930 ministrando
1228 1903 1378 1937 perveniat,
1405 1905 1442 1937 et_
1457 1907 1519 1928 tuttc
1543 1906 1641 1928 sonent
1662 1903 1815 1937 cymbalum

1029 1936 1126 1967 tacite.
1140 1942 1166 1963 ct
1180 1937 1270 1963 dicant
1285 1936 1383 1963 fratres
1400 1945 1407 1963 :
1422 1935 1582 1967 Benedicite,
1597 1935 1772 1971 aqua'vore,
1786 1943 1815 1964 et

1029 1972 1169 2006 producte.
1184 1971 1248 1998 Data
1263 1971 1447 1998 benedictione
1460 1972 1486 1998 itt
1501 1973 1646 2005 communi,
1659 1976 1817 2006 exspectent

1029 2010 1038 2039 (
1051 2008 1132 2039 :icut,
1146 2009 1200 2041 jam
1216 2007 1347 2042 diximus)
1362 2012 1390 2033 ut
1402 2006 1486 2034 abbas
1497 2007 1572 2042 prius
1583 2007 1707 2042 accipiat,
1720 2013 1814 2042 postea

1030 2043 1126 2077 singuli
1140 2043 1260 2069 dicentes
1273 2050 1280 2068 :
1296 2041 1451 2071 Benedicta.

1065 2087 1177 2121 Quando
1192 2087 1352 2115 benedicunt
1366 2087 1465 2119 cilium,
1480 2093 1525 2114 aut
1540 2092 1630 2120 potum
1640 2109 1648 2120 ,
1662 2092 1706 2114 aut
1721 2087 1812 2121 aliud,

1032 2130 1084 2150 non
1099 2123 1233 2154 sedendo,
1249 2124 1293 2149 sed
1308 2123 1404 2149 stando
1418 2123 1576 2150 benedicant
1590 2132 1596 2149 :
1613 2124 1635 2150 si
1650 2129 1737 2149 autem
1750 2131 1813 2149 cum

1033 2158 1130 2185 talibus
1144 2158 1258 2185 mixtum
1272 2158 1364 2189 fuerit,
1377 2158 1501 2185 cellarius
1515 2158 1578 2185 facit
1588 2159 1692 2185 modice
1704 2160 1812 2193 signum

1032 2195 1064 2220 ad
1077 2194 1237 2222 ministrum,
1251 2198 1277 2220 et
1288 2194 1376 2220 statim
1387 2197 1496 2226 surgant
1505 2193 1641 2227 juveuculi
1652 2193 1684 2220 ad
1697 2195 1812 2220 miscen-

1032 2229 1110 2258 dum,
1126 2233 1153 2255 et
1172 2230 1240 2255 lotus
1254 2228 1350 2256 calices
1363 2228 1490 2262 impleant
1504 2235 1566 2262 potu
1581 2236 1657 2263 aqua
1673 2236 1812 2261 mensura,

1035 2268 1063 2290 et
1076 2268 1146 2290 stent
1159 2263 1284 2294 ordinati,
1300 2264 1366 2290 sicut
1382 2269 1442 2290 sunt
1456 2264 1577 2291 conversi
1591 2273 1597 2290 :
1611 2269 1674 2291 tunc
1685 2264 1814 2291 cellarius

192 2301 248 2325 tum
262 2289 439 2337 improcera;
454 2289 577 2337 ςιεεηίοτ
589 2289 686 2337 vacat
695 2289 977 2337 jttniuretnrdeliuqini-
992 2289 1020 2319 ι)
1032 2289 1217 2337 limatum
1230 2289 1743 2337 quantitates;tractationes
1758 2289 1811 2326 an;

191 2340 233 2366 re,
254 2333 383 2367 corripiat
395 2340 457 2360 eum
481 2334 550 2360 inter
564 2340 594 2360 se
609 2338 636 2360 et
651 2333 738 2366 ipsum
759 2334 855 2367 solum,
881 2335 977 2367 semel,

191 2369 309 2395 secuti-lo
328 2373 356 2404 et
373 2370 453 2395 tertio
463 2368 498 2396 de
519 2368 662 2396 levioribus
677 2373 777 2395 tantum
793 2370 855 2403 culp
866 2376 879 2396 s
896 2379 902 2396 :
916 2377 977 2404 quia

190 2411 205 2429 a
220 2403 396 2438 gravioribus,
411 2406 433 2431 si
447 2405 584 2439 contingat
598 2404 697 2437 aliquid
712 2404 870 2438 perpetrari,
887 2403 976 2432 statim

191 2440 339 2466 secundum
355 2439 482 2472 Regulam
497 2440 656 2466 eateniletur
672 2448 678 2464 :
696 2444 723 2465 et
750 2440 795 2472 qui
821 2441 900 2466 aliutn
921 2442 977 2467 vult

190 2475 331 2508 castigare,
349 2474 441 2501 Ιιινιινειι
455 2475 572 2502 sol.dare
589 2475 695 2501 studeat
707 2475 852 2501 secundum
865 2476 978 2509 qualita-

190 2513 244 2535 tem
267 2509 390 2544 neglecti,
407 2510 469 2544 quia
489 2518 562 2543 saepe
585 2510 701 2536 fractura
723 2510 835 2536 membri
860 2513 977 2538 anterius

190 2544 407 2579 frangitnrqlutc
431 2546 535 2571 incaute
556 2545 660 2579 ligatur.
689 2545 738 2570 l’ro
753 2545 898 2572 immundis
915 2555 977 2572 vero

189 2578 405 2614 cogitationibus,
431 2586 458 2606 et
472 2578 638 2607 noeivis’vel
665 2580 761 2612 ineptis
784 2581 975 2614 locutiuuibth,

189 2621 297 2647 setttper
315 2615 348 2641 ad
370 2614 565 2642 confessionem
581 2621 736 2642 recurratur
752 2623 758 2641 :
776 2615 913 2643 hutttiliter
924 2617 975 2644 εευι

190 2650 304 2677 ιιιιιοειιι
317 2652 496 2683 respondeant
510 2652 614 2678 fratres.

226 2684 295 2712 Hora
308 2686 446 2717 cnttunica,
459 2686 549 2713 audito
562 2687 648 2720 signo,
661 2686 715 2714 cito
724 2686 755 2712 ad
769 2686 917 2713 orationem
933 2694 976 2712 re-

190 2726 322 2756 currsttur,
334 2725 360 2756 et
374 2729 427 2747 non
439 2722 603 2748 contendant
615 2723 648 2748 de
662 2722 752 2756 aliquo
770 2728 778 2747 :
792 2722 861 2755 quod
875 2722 897 2748 si
912 2729 975 2749 cott-

191 2755 290 2790 tigerit,
301 2755 345 2788 qui
358 2763 431 2787 prius
442 2756 553 2783 tacuerit
566 2755 714 2790 sapientior
728 2762 876 2789 reputetur.

225 2793 294 2817 Ante
307 2794 398 2817 buram
413 2792 454 2818 vel
470 2798 529 2825 post
539 2792 640 2822 boram.
656 2791 723 2818 nillil
738 2792 790 2819 cibi
806 2792 951 2825 percipiant
964 2801 971 2819 :

191 2827 308 2858 ereptis
323 2826 433 2853 iutirmis
446 2833 475 2853 ct
488 2827 641 2859 inf-ritibus,
656 2835 768 2862 quorum
781 2826 947 2854 imbecillitas
958 2835 974 2854 a

191 2861 278 2894 priore
292 2862 483 2888 consideranda
499 2867 548 2889 est.

223 2897 284 2923 t‘ion
298 2896 416 2923 detrahat
429 2898 496 2930 quis,
513 2903 558 2924 aut
578 2897 725 2925 detrahenti
749 2905 764 2925 c
783 2897 906 2925 nseutiat.
926 2897 975 2926 Pa-

1031 2342 1110 2364 voce,
1129 2331 1271 2368 producte,
1289 2331 1448 2365 Benedic-ile,
1468 2339 1494 2360 et
1513 2334 1574 2361 data
1595 2334 1778 2361 benedictione
1796 2342 1812 2361 ε

1032 2370 1130 2401 priore,
1153 2370 1234 2396 frater
1252 2369 1352 2402 limior,
1367 2369 1411 2403 qui
1437 2370 1482 2395 dat
1503 2370 1612 2396 calicem
1629 2370 1654 2395 in
1672 2376 1749 2395 manu
1765 2376 1813 2395 se-

1030 2404 1127 2434 dentis.
1143 2409 1223 2438 caput
1235 2404 1343 2430 ini-liuet
1358 2405 1493 2431 humiliter
1505 2414 1512 2430 :
1525 2412 1583 2431 cum
1597 2412 1660 2431 vero
1672 2405 1811 2438 impletum

1031 2440 1108 2465 fuerit
1119 2448 1184 2473 nle
1198 2440 1337 2471 miscendi,
1350 2440 1458 2465 inclinet
1469 2448 1497 2466 sc
1509 2440 1534 2465 iit
1547 2441 1657 2466 circuittt
1672 2440 1703 2465 ad
1716 2447 1812 2466 omnes

1031 2475 1142 2506 fratres,
1155 2475 1193 2501 sic
1208 2482 1312 2508 quoque
1331 2475 1362 2501 ad
1378 2482 1482 2501 mensas
1495 2482 1567 2501 suas.
1585 2475 1664 2502 Poma
1679 2481 1767 2501 autem
1784 2480 1813 2501 et

1031 2511 1154 2544 qmelibet
1170 2515 1305 2536 nascentia
1319 2515 1406 2541 terrae,
1420 2518 1478 2542 fluat:
1490 2510 1571 2536 cruda
1586 2514 1656 2540 sunt,
1669 2511 1724 2536 sive
1742 2510 1809 2536 imra

1031 2546 1143 2579 prandii,
1171 2545 1227 2571 sive
1250 2545 1389 2579 :L‘qnaliier
1409 2552 1468 2571 cum
1494 2545 1546 2571 alio
1559 2545 1630 2571 cibo.
1655 2546 1810 2577 Inmensa,

1029 2587 1171 2614 antequam
1198 2580 1294 2607 fratres
1318 2580 1434 2613 veniant,
1451 2584 1496 2606 aut
1520 2582 1647 2612 sedeant,
1667 2588 1681 2606 a
1702 2580 1811 2606 Cellario

1030 2616 1174 2650 unicuique
1202 2616 1276 2642 fratri
1301 2616 1469 2649 partiuntur:
1489 2620 1516 2641 et
1530 2615 1620 2642 statim
1646 2619 1704 2649 post
1728 2616 1810 2642 alintn

1029 2651 1132 2683 cibum,
1148 2650 1192 2677 illa
1215 2651 1247 2676 atl
1272 2658 1389 2677 mensam
1416 2651 1538 2684 adjuncta
1552 2652 1735 2677 ουιιιειιίιιοιιιτ.
1752 2650 1811 2683 Quo

1029 2686 1138 2718 expleto
1153 2685 1242 2712 statim
1262 2686 1368 2712 finiatur
1384 2687 1478 2717 lrctio,
1491 2690 1518 2713 et
1533 2690 1673 2720 surgentes
1686 2695 1700 2711 ει
1717 2693 1809 2712 mensa

1029 2721 1100 2747 dicto
1121 2728 1211 2752 versu,
1233 2721 1343 2747 sinister
1361 2722 1458 2747 chorus
1480 2726 1557 2748 exeat
1582 2722 1655 2754 prior
1675 2721 1799 2747 ordinate

1029 2757 1124 2783 deiter
1150 2763 1213 2782 vero
1239 2762 1329 2789 poster
1340 2763 1379 2786 or,
1408 2756 1551 2783 novissime
1579 2761 1666 2782 autem
1695 2758 1816 2782 domnus

1028 2795 1120 2821 alutae.
1150 2793 1292 2824 psallentes
1320 2793 1465 2826 psalnuuu,
1490 2792 1609 2817 Misoirere
1632 2791 1695 2821 mei,
1721 2790 1816 2823 Delta,

1026 2827 1174 2857 secundum,
1190 2831 1256 2858 etc.,
1272 2826 1396 2853 distincte
1422 2834 1449 2853 et
1475 2835 1526 2852 ttott
1552 2826 1718 2853 festinanter.
1743 2826 1814 2859 Cum

1028 2862 1181 2889 introierint
1195 2862 1352 2896 oratorium,
1365 2862 1509 2895 psallentes
1531 2862 1660 2888 inclinent
1675 2869 1704 2887 se
1727 2870 1815 2896 usqiee

1028 2899 1061 2924 ad
1076 2897 1186 2923 'ilorium
1199 2904 1208 2922 :
1222 2897 1253 2923 ad
1271 2894 1383 2924 (Iturium
1400 2904 1472 2929 vero,
1487 2897 1699 2931 llcctuttgeuua,
1712 2901 1739 2924 ct
1753 2894 1814 2931 post
