4034 6166
406 387 503 441 οΗ

1162 358 1471 437 suasmet
1512 376 1782 433 nucum
1822 372 2050 432 δεηωο
2092 371 2155 427 IN
2196 373 2253 429 s.
2294 367 2830 426 SCIlOl.ASTiCA.\t.

3526 338 3630 423 sm

385 504 681 559 orationem
707 496 1023 554 dominicam
1048 504 1344 564 surgentes,
1370 490 1567 545 vadunt
1592 505 1711 545 cum
1735 489 1949 545 silentio
1977 492 2031 552 Λ
2052 486 2245 564 variant
2274 484 2340 538 ad
2368 485 2761 564 dormitorium,
2793 490 2848 537 et
2877 480 3000 564 dum
3027 482 3090 564 ad
3118 483 3388 564 proprium
3417 483 3619 564 lectum

387 574 676 630 secundum
705 572 841 639 quod
872 568 1093 636 tempori
1118 564 1386 639 congruit.

462 645 588 699 Post
615 629 863 710 vesperas
885 629 1083 692 autem.
1116 629 1248 710 hora
1274 632 1592 710 competenti
1622 629 1942 710 facto_signo

389 729 575 768 otnnes
602 701 945 781 conveniant
969 710 1025 771 in,
1050 706 1299 776 capitulo,
1343 701 1412 758 et’
1437 706 1644 781 legatur
1672 701 1947 781 Scriptura

389 801 506 853 qua?
548 781 773 838 aedificet
829 779 1139 843 audientes,
1184 782 1433 846 quantum
1479 776 1609 853 hora
1652 776 1947 853 permittit;

391 840 539 909 finita
582 854 829 907 lectione.
884 840 1332 918 surgantvomnes
1381 843 1605 918 pariter,
1641 840 1695 897 et
1717 840 1952 918 domnus

389 928 533 978 dicat
560 925 725 976 abbas
751 939 763 973 :
793 911 1364 990 Adjuto’riumno‘strum
1383 911 1674 990 'itt_nomine
1708 911 1949 990 Domini,

390 1006 446 1050 et
471 1007 657 1047 omnes
683 986 1075 1060 respondeant:
1104 987 1349 1061 Quifecit
1375 986 1555 1061 caelum
1582 994 1629 1037 et
1659 992 1867 1061 terram,
1896 988 1953 1034 et

393 1080 516 1118 cum
556 1052 851 1116 silentio'et
888 1052 1182 1132 reverentia
1216 1052 1414 1132 intrent
1438 1055 1502 1132 ad
1534 1052 1951 1132 completorium,

392 1143 447 1187 et
474 1144 627 1187 orent
656 1146 776 1185 cum
800 1130 1091 1184 intentione
1122 1127 1337 1193 mentis,
1357 1135 1411 1180 et
1431 1125 1557 1179 dent
1583 1121 1953 1178 confessiones

391 1217 517 1257 suas
545 1203 610 1256 ad
635 1203 973 1265 alterutrum,
1000 1210 1053 1253 et
1080 1200 1157 1253 sic
1184 1198 1440 1265 incipiant
1469 1193 1878 1260 completorium.

467 1274 695 1341 Expleto
724 1285 851 1326 vero
880 1271 1078 1333 ot‘licio,
1104 1284 1368 1341 summum
1396 1266 1665 1321 silentium
1695 1269 1909 1341 teneant
1934 1276 1949 1314 :

392 1354 450 1398 et
475 1332 571 1399 ore
602 1351 657 1397 et
681 1343 843 1396 corde
875 1343 1005 1394 liaut
1038 1332 1312 1394 Orationes
1341 1350 1594 1397 secretae.
1620 1344 1674 1389 et
1700 1332 1951 1387 recorda-

394 1416 565 1468 tiones
590 1422 948 1483 peccatorum,
973 1426 1093 1483 cum
1115 1410 1316 1483 gemitu
1339 1419 1391 1461 et
1413 1405 1758 1483 Iacrymis_._et
1788 1404 1910 1456 ﬂetu
1937 1417 1953 1460 :

388 1483 512 1539 sine
540 1474 796 1550 suspirio,
821 1484 891 1536 ita
923 1474 979 1535 ut
1011 1474 1163 1534 διιεῖ-ἱ
1192 1480 1368 1550 nullus
1402 1474 1615 1533 noceat.
1656 1474 1807 1530 Tunc
1833 1485 1955 1544 agat

392 1554 590 1623 gratias
614 1549 844 1623 Deo,_ita
874 1551 1154 1606 referendo
1178 1568 1193 1602 :
1221 1549 1424 1604 Gratias
1453 1550 1540 1601 ιίὺὲ
1567 1563 1690 1616 ago,
1725 1550 1958 1623 omnipo-

391 1615 505 1678 Iens
531 1634 712 1678 teterue
729 1615 891 1688 Deus,
920 1623 1008 1692 qui
1036 1637 1114 1675 me
1142 1637 1233 1692 per
1250 1632 1387 1675 tuam
1416 1615 1647 1672 sanctam
1673 1615 1957 1692 misericor-

396 1694 539 1747 diam
589 1695 640 1746 in
696 1694 791 1747 hac
838 1686 943 1747 die‘
972 1686 1225 1746 custodire
1280 1693 1518 1759 dignatus
1574 1703 1661 1750 es;
1714 1686 1957 1759 deprecor

392 1765 686 1818 immensam
728 1764 1045 1818 clementiam
1082 1774 1248 1823 tuam,
1290 1755 1355 1814 αἱ
1379 1760 1629 1813 concedas
1659 1755 1783 1809 mihi
1826 1755 1959 1808 hanc

394 1845 596 1888 noctem
633 1836 740 1887 sine
779 1837 886 1887 ttllo
918 1843 1151 1899 peccato,
1195 1842 1281 1884 aut
1318 1830 1678 1897 impedimento
1705 1826 1917 1899 Satante
1938 1862 1954 1886 ,

2057 558 2224 612 frater
2262 558 2579 617 accesserit,
2606 554 2732 607 dum
2767 567 2827 607 se
2864 554 3121 623 collocat,
3149 558 3289 607 dicat
3321 554 3579 623 psalmum
3609 564 3624 611 t

2055 628 2215 691 Deus,
2248 627 2300 679 in
2347 626 2690 696 adjutorium,
2724 632 2892 677 totum
2924 622 3133 688 Gloria,
3163 634 3219 679 et
3259 622 3440 693 postea
3482 628 3628 680 dicat

2054 712 2269 752 versum
2297 711 2312 749 :
2337 694 2503 761 Pone,
2531 694 2761 758 Domine,
2794 696 3077 749 custodiam
3098 696 3174 748 ori
3206 712 3337 757 meo,
3364 705 3412 751 et
3443 699 3629 750 ostium

2057 766 2452 821 circumstantiis
2495 764 2643 837 labiis
2692 765 2815 837 meis
2837 781 2874 837 ,ﬁ
2903 774 2971 837 et_
3000 767 3090 837 sic,
3128 770 3330 819 muniat
3370 781 3431 822 se
3475 770 3628 837 signo

2056 847 2258 893 sanctze
2287 837 2497 903 crucis,
2522 845 2577 891 et
2605 836 2834 889 dormiat
2865 836 2914 888 in
2948 835 3189 889 Domino.
3220 838 3389 891 Amen

2129 975 2217 1031 Ita
2241 985 2381 1031 vetus
2409 978 2665 1045 quoddam
2695 994 2790 1030 nts.
2824 975 3145 1043 Cassinense,
3189 978 3340 1048 cujus
3374 983 3640 1048 exemplar

2058 1048 2124 1120 (ψ
2151 1048 2263 1120 ipso
2298 1048 2533 1120 originali
2565 1056 2852 1120 extractum
2879 1047 3008 1120 mihi
3035 1049 3442 1120 communicavit_
3456 1047 3522 1100 ft.
3561 1048 3631 1101 Ρ.

2056 1115 2281 1173 lactibus
2317 1115 2394 1172 dii
2429 1116 2618 1185 Brevil,
2647 1119 2926 1171 monac/tus
2970 1115 3031 1173 S.
3066 1115 3308 1170 Germani
3336 1134 3366 1169 a
3407 1116 3577 1169 Pratis
3610 1134 3631 1185 ς

2057 1189 2193 1259 quod
2211 1188 2416 1260 quidem
2456 1205 2553 1243 ms.
2578 1187 2869 1258 hujusmodl
2894 1188 3244 1260 ordinationes
3267 1187 3328 1260 _S.
3363 1186 3635 1260 Benedicto

2059 1256 2309 1315 ascribit:
2337 1260 2458 1329 quia
2487 1256 2701 1328 reperta:
2736 1270 2853 1329 sunt
2884 1258 2937 1310 in
2976 1259 3077 1324 fine
3109 1256 3329 1329 Περαίας
3355 1274 3511 1329 quam
3559 1258 3624 1312 S.

2062 1326 2370 1399 Benedictus
2412 1326 2636 1399 propriis
2678 1328 2906 1383 manibus
2943 1330 3186 1396 scripsit,
3222 1335 3269 1380 et
3301 1326 3379 1399 S._
3405 1328 3593 1399 Mauro
3614 1369 3630 1390 ,

2060 1417 2176 1454 cum
2201 1400 2270 1453 ad
2294 1397 2488 1453 Gallias
2515 1415 2626 1451 eum
2651 1399 2884 1457 mitteret.
2910 1399 3122 1451 tradidit
3146 1412 3165 1450 .'
3196 1414 3320 1460 quas
3344 1397 3412 1451 D.
3447 1397 3633 1451 Petrui

2070 1469 2381 1527 Venerabilis
2408 1485 2569 1523 nonus
2598 1470 2751 1522 abbas
2786 1469 3078 1521 monasterii
3110 1467 3476 1532 Cluniacensis,
3518 1485 3635 1521 cum

2060 1545 2202 1611 apud
2232 1542 2404 1613 majus
2435 1540 2797 1613 monasterium
2824 1540 3121 1613 Turonense
3144 1540 3195 1591 in
3223 1540 3399 1613 eadem
3443 1541 3640 1608 [tegula

2061 1609 2198 1684 (4w
2228 1609 2324 1679 pro
2367 1612 2578 1684 reliquis
2627 1611 2693 1663 ibt
2742 1609 3056 1684 servabatur)
3102 1611 3403 1684 invenisset,
3447 1613 3644 1679 rogavit

2059 1678 2159 1737 sibi
2182 1678 2482 1736 transmitti.
2540 1678 2624 1732 Ita
2646 1697 2741 1733 ms.
2776 1680 2923 1747 Quod
2944 1681 2985 1732 si
3012 1682 3084 1734 ita
3110 1682 3205 1745 sit,
3238 1678 3543 1733 credendum
3571 1690 3644 1732 cst

2063 1753 2359 1824 hujusmodj
2388 1751 2734 1824 ordinationes
2770 1752 3051 1824 valdegesse
3077 1754 3345 1824 antiquas.
3368 1749 3431 1824 Et
3464 1750 3509 1802 si
3538 1764 3642 1802 non

2061 1821 2163 1877 sint
2214 1823 2273 1877 S.
2316 1821 2605 1884 Benedicti,
2653 1823 2813 1891 fuisse
2858 1822 3035 1874 saltem
3079 1821 3417 1889 antiquissimi
3459 1831 3643 1873 nostch

392 1884 1205 1973 editi'tnit'cﬂtﬁaiéd'ieqtite
1242 1884 1572 1970 pet-transire,
1618 1910 1681 1973 ut
1707 1884 1956 1973 matutino
1991 1884 2036 1942 Β
2062 1892 2249 1948 Gallia:
2292 1891 2519 1973 casybii
2718 1900 3012 1973 et-s'anctas
3060 1884 3464 1973 constitutiones,
3513 1908 3639 1973 quas

394 1974 616 2029 veniente
648 1967 869 2044 tempore
897 1990 1019 2042 pure
1052 1967 1328 2027 et'strenue
1351 1986 1560 2041 surgens
1592 1968 1681 2021 tibi
1709 1967 1813 2019 Deo
1845 1980 1955 2044 meo

395 2046 573 2099 laudes
621 2035 807 2112 referre
851 2035 1067 2098 ualeam.
1118 2044 1184 2097 Et
1225 2057 1300 2097 sic
1339 2035 1464 2095 cuni
1514 2053 1704 2109 magna
1745 2035 1952 2090 cautela

2065 1974 2336 2046 propterea
2363 1959 2748 2046 rastruoltlus
2776 1961 2932 2046 Wton
2944 1978 3061 2046 una
3083 1960 3422 2046 eum'liegula
3444 1964 3641 2015 curavit

2066 2029 2432 2101 imprimendas
2464 2030 2705 2097 Venetiis,
2737 2048 2871 2085 anno
2907 2032 3044 2086 1595
3074 2031 3213 2103 apud
3240 2029 3447 2085 Juntas.

1228 2294 2127 2418 MONUMENTA
2173 2293 2806 2428 QUIEDAM

851 2527 938 2599 Ξ.
1000 2529 1094 2597 P.
1163 2518 1765 2596 BENEDICTI
1815 2516 2368 2589 OPEBIBUS
2422 2516 3165 2593 ANNECTENDA.

1290 2805 2019 2915 ALBERICI
2102 2804 2668 2910 DIACON
2688 2810 2742 2908 I

1107 3041 1436 3122 SERMO
1479 3038 1584 3119 IN
1631 3029 2092 3115 SANCTAM
2143 3030 2919 3116 SCHOLASTICAM.

1718 3287 2299 3362 PROLOGUS.

478 3446 738 3516 Tempore
776 3460 882 3517 quo
908 3444 1145 3502 Justinus
1173 3445 1355 3502 senior
1382 3444 1637 3500 Romana:
1663 3442 1971 3515 reipublicae
1998 3441 2045 3505 (ἶ
2076 3442 2179 3497 erit
2199 3441 2481 3510 liquidum,
2505 3440 2663 3495 vitam
2687 3440 3073 3497 sanctissimam
3099 3450 3272 3497 morte
3295 3442 3642 3502 celeberrima

405 3538 521 3610 iura
564 3539 953 3604 moderabatur,
984 3538 1409 3609 beatissimusque
1433 3537 1666 3593 Joannes
1691 3537 1969 3592 memoriis

406 3645 626 3683 summa:
652 3628 795 3684 sedis
819 3638 874 3684 et
899 3630 1002 3683 vita
1025 3638 1079 3683 et
1100 3628 1339 3683 doctrina
1364 3628 1599 3699 pontifex
1621 3627 1972 3699 dignissimus

408 3719 733 3783 habebatur,
775 3730 990 3774 sanctus
1032 3733 1259 3788 vereque
1298 3735 1392 3788 per
1431 3720 1607 3775 omnia
1647 3721 1973 3789 apostolicus

408 3810 725 3865 Benedictus
756 3820 905 3879 pater
925 3810 975 3864 in
1007 3809 1210 3864 sinibus
1236 3809 1541 3865 Occidentis
1566 3809 1789 3874 eﬂulsit;
1820 3809 1972 3879 cujus

419 3900 885 3970 incomparabilem
939 3901 1307 3969 sanctitatem,
1356 3902 1578 3957 virtutes
1634 3903 1971 3973 magniﬁcas,

407 3996 667 4064 stupenda
714 3994 900 4063 signa,
942 4005 1091 4047 ortus
1132 4004 1187 4049 et
1231 3994 1511 4058 occidens,
1558 3994 1807 4050 meridies
1851 4008 1971 4048 cum

409 4086 679 4154 aquilone,
698 4085 943 4139 miratur.
966 4083 1100 4139 lluic
1118 4098 1271 4138 soror
1288 4085 1383 4138 fuit
1402 4084 1635 4139 numinis
1652 4081 1973 4153 proprietate

407 4178 764 4242 Hzltolastica,
811 4177 863 4229 in
909 4175 1091 4230 schola
1132 4175 1333 4230 Christi
1379 4175 1479 4229 sub
1522 4176 1691 4229 sancti
1742 4175 1977 4244 Spiritus

410 4270 718 4339 magisterio
768 4270 837 4323 ab
884 4268 1123 4324 infantiae
1178 4278 1419 4339 tempore
1474 4268 1525 4322 in
1582 4268 1976 4325 sanctimoniali

411 4364 592 4420 habitu
613 4372 963 4428 conversata;
997 4361 1194 4417 femina
1221 4377 1341 4431 quae
1367 4370 1420 4416 et
1437 4361 1655 4431 jejuuiis
1681 4361 1971 4426 continuis,

409 4471 462 4513 et
512 4457 844 4513 orationibus
890 4455 1136 4521 crebris,
1191 4464 1246 4511 et
1288 4456 1489 4525 vigiliis
1544 4457 1867 4523 indefessis,
1920 4466 1977 4514 et

409 4547 835 4617 compunctiouis
878 4546 1223 4615 praerogativa
1251 4585 1267 4611 ,
1304 4556 1359 4602 et
1389 4547 1739 4618 lacrymarutu
1773 4546 1975 4617 gratia,

409 4656 592 4696 earum
632 4642 772 4695 inter
797 4651 931 4709 quas
953 4637 1003 4692 ei
1029 4640 1339 4694 conversari
1363 4654 1676 4695 concessum
1698 4649 1809 4701 est,
1843 4640 1977 4695 nulli

412 4734 619 4803 penitus
642 4732 755 4787 visa
785 4730 1154 4786 estexstitisse
1180 4730 1434 4787 secunda.
1462 4732 1526 4786 Et
1548 4741 1602 4785 ut
1619 4730 1735 4800 ejus
1754 4731 1977 4786 virtutes

2071 3535 2485 3588 consummavit.
2526 3532 2740 3588 Studuit
2783 3542 2960 3588 autem
3004 3534 3133 3588 illuc
3176 3535 3394 3591 veniens
3436 3536 3647 3593 obnixis

2071 3621 2288 3678 fratrem
2313 3625 2556 3693 precibus
2581 3622 2840 3693 ﬂagitare,
2871 3635 3132 3693 quatenus
3165 3626 3215 3681 ei
3241 3626 3306 3681 de
3335 3627 3495 3682 totius
3524 3633 3646 3683 anni

2070 3729 2301 3780 summa,
2328 3715 2471 3769 diem
2502 3715 2692 3770 saltem
2718 3731 2875 3769 uuam
2898 3714 3207 3785 dignaretur
3232 3716 3554 3785 concedere,
3593 3720 3645 3773 iu

2073 3822 2180 3877 qua
2202 3809 2453 3864 videlicet
2472 3824 2594 3864 eum
2620 3809 2736 3863 loco
2757 3812 3047 3865 constituto
3066 3811 3234 3875 adire,
3257 3820 3417 3880 atque
3439 3826 3559 3866 cum
3581 3799 3645 3866 eu

2070 3900 2140 3954 de
2170 3899 2301 3965 tide,
2335 3900 2403 3955 de
2423 3915 2549 3969 spe,
2581 3901 2650 3954 de
2679 3900 2770 3953 Dei
2797 3899 3089 3955 dilectione
3114 3916 3178 3954 ac
3201 3902 3426 3969 proximi
3454 3900 3645 3955 confa-

2073 3988 2246 4044 bulari
2309 3990 2514 4046 liceret.
2572 3989 2773 4046 Annuit
2828 3990 2926 4060 piis
2979 4005 3248 4061 germana:
3303 3992 3647 4061 petitionibus

2072 4093 2291 4135 sanctus
2339 4080 2522 4146 frater,
2568 4080 2855 4149 locumque
2894 4080 2944 4134 in
2986 4084 3104 4149 ipso
3141 4083 3337 4135 montis
3381 4082 3647 4151 vergentis

2072 4171 2368 4239 descensu,
2418 4172 2471 4227 in
2501 4188 2608 4243 quo
2634 4173 2700 4227 ad
2734 4175 2993 4228 honorem
3024 4172 3266 4243 ejusdem
3296 4173 3516 4243 virginis
3560 4190 3647 4229 ec-

2074 4264 2295 4319 clesiam
2330 4266 2528 4332 posteri
2563 4264 2914 4331 l'abricarunt,
2940 4264 3007 4318 ad
3038 4264 3091 4320 id
3116 4266 3388 4334 negotium
3417 4267 3646 4322 habilem

2069 4354 2358 4426 judicavit;
2415 4357 2481 4412 ad
2522 4372 2681 4428 quem
2731 4357 2979 4414 videlicet
3019 4370 3072 4413 et
3112 4359 3304 4431 virgini
3346 4374 3452 4414 non
3489 4361 3650 4415 nimis

2077 4462 2226 4506 esset
2257 4452 2558 4507 lnbOl'iOSllS
2598 4466 2885 4519 ascensus,
2915 4461 2970 4507 et
3004 4452 3105 4507 sibi
3130 4468 3163 4507 a
3190 4453 3518 4508 monasterio
3543 4468 3649 4508 non

2078 4545 2260 4598 multae
2300 4553 2445 4598 esset
2468 4542 3165 4613 elongationisdescensus.
3208 4545 3288 4598 Ad
3317 4544 3458 4598 hunc
3494 4544 3652 4615 igitur

2080 4634 2255 4691 locum
2282 4636 2630 4709 quoadusque
2666 4652 2902 4704 praesens
2924 4636 3102 4692 anima
3141 4651 3336 4704 corpus
3372 4636 3514 4693 rexit
3536 4640 3649 4693 viro

2079 4729 2315 4796 giueum,
2346 4738 2400 4783 et
2422 4727 2573 4798 virgo
2597 4728 2756 4782 annis
2784 4728 3010 4798 singulis
3037 4727 3126 4782 die
3145 4729 3436 4783 constituta
3462 4744 3652 4784 ascen-

411 4802 715 4880 innumeras
756 4823 935 4879 verbis
972 4823 1216 4878 claudam
1263 4824 1598 4893 paueis~imis
1623 4864 1639 4890 ,
1684 4824 1972 4880 Benedic-to
2004 4802 2051 4864 ί)
2076 4818 2188 4884 dit,
2219 4829 2276 4876 et
2312 4819 2628 4875 Benedictus
2653 4820 2822 4874 choro
2846 4834 3062 4888 semper
3090 4821 3376 4876 comitatus
3406 4822 3648 4889 discipu-

410 4917 611 4972 exstitit
632 4929 788 4987 quam
811 4916 1070 4987 sanguine
1093 4926 1199 4969 tam
1222 4917 1386 4971 etiam
1404 4916 1687 4971 sanctitate
1698 4931 1972 4986 germana.

411 5009 535 5064 llaec
581 5008 741 5078 igitur
774 5018 828 5063 et
871 5007 1109 5062 moribus
1146 5017 1200 5062 et
1235 5006 1461 5077 pedibus
1495 5019 1674 5061 secuta
1721 5008 1970 5079 fratrem,

409 5117 475 5154 es
506 5099 775 5154 voluntate
807 5108 861 5154 et
896 5113 1157 5153 consensu
1180 5097 1451 5168 ejusdem,
1482 5098 1533 5152 in
1575 5097 1765 5153 vicinia
1792 5099 1975 5155 Casini

410 5194 605 5248 montis
619 5191 902 5247 stationem
920 5192 1062 5259 ﬁxit;
1087 5192 1173 5248 ubi
1190 5194 1373 5256 etiam,
1391 5192 1529 5246 sicut
1545 5193 1596 5245 iu
1621 5194 1972 5261 sequentibus

2072 4917 2252 4972 lorum
2298 4916 2596 4971 descendit.
2633 4915 2834 4985 Dieque
2879 4914 2967 4969 illa
2996 4915 3049 4970 in
3089 4929 3265 4970 rerum
3292 4914 3645 4985 spiritualium

2078 5008 2528 5065 sermocinatione
2550 5016 2888 5079 consumpta,
2911 5007 3232 5077 refectisque
3260 5019 3512 5079 vergente
3537 5011 3653 5065 sole

2081 5117 2204 5157 cum
2255 5101 2544 5168 gratiarum
2587 5099 2800 5155 actione
2842 5099 3193 5169 corporibus,
3228 5100 3317 5156 illa
3345 5101 3413 5156 ad
3457 5102 3649 5157 cellam

2084 5192 2369 5263 virginum,
2398 5194 2498 5247 iste
2519 5192 2586 5247 ad
2630 5189 2987 5246 habitaculum
3011 5197 3390 5249 monachorum
3423 5195 3648 5250 redibat.

1717 5329 2005 5394 lNClPlT
2048 5330 2334 5394 SERMO.

416 5452 476 5507 In
504 5453 592 5505 illo
621 5463 842 5518 tempore
873 5450 1001 5503 dixit
1036 5447 1186 5502 Jesns
1215 5450 1479 5516 discipulis
1520 5450 1625 5502 suis
1669 5452 1969 5518 parabolam

480 5524 610 5575 hanc
637 5538 657 5576 :
685 5520 864 5576 Simile
886 5532 958 5574 est
996 5536 1203 5591 regnum
1231 5518 1469 5572 caelorum
1498 5520 1665 5571 decem
1691 5521 1967 5591 virginibus

477 5607 591 5661 qua!
645 5592 943 5657 accipientes
990 5590 1252 5655 lampades
1298 5606 1418 5643 suas
1473 5592 1703 5643 exierunt
1769 5590 1969 5643 obvium

479 5680 664 5726 sponso
683 5674 732 5715 et
753 5675 950 5729 sponsa!
973 5675 991 5713 :
1017 5662 1232 5729 quinque
1255 5671 1423 5713 autem
1449 5676 1509 5714 ex
1529 5662 1600 5713 eis
1624 5670 1763 5713 erant
1790 5662 1969 5729 fatua,

479 5743 525 5787 ct
554 5734 774 5805 quinque
798 5734 1091 5801 prudentes.
1127 5731 1189 5783 Et
1220 5733 1439 5800 reliqua.
1473 5730 1659 5783 Matth.
1688 5748 1813 5793 xxv,
1848 5733 1897 5785 l.

481 5822 757 5887 Audistis,
818 5820 1008 5874 ﬁatres
1059 5820 1392 5885 charissimi,
1436 5822 1693 5876 calorum
1752 5833 1973 5892 regnum

2076 5450 2263 5505 decem
2296 5448 2605 5517 virginibus,
2634 5463 2778 5517 quae,
2810 5448 3045 5518 acceptis
3070 5448 3423 5519 lampadibus,
3453 5466 3650 5517 sponso

2077 5554 2134 5600 et
2178 5557 2389 5610 sponsae
2419 5542 2664 5596 exierunt
2689 5542 2935 5607 obviam,
2975 5554 3361 5611 comparatum.
3409 5545 3649 5609 Audistis

2080 5637 2388 5693 earumdem
2438 5635 2699 5704 virginum
2764 5636 2897 5691 alias
2938 5635 3151 5704 quidem
3215 5636 3346 5692 vitio
3391 5638 3649 5695 fatuitatii

2085 5720 2283 5785 inertes
2303 5770 2317 5792 ,
2360 5727 2493 5782 alias
2548 5731 2678 5783 vero
2707 5728 3003 5796 prudentia:
3032 5726 3230 5783 virtute
3260 5728 3509 5785 solertes.
3540 5732 3653 5785 Au-

2087 5820 2239 5881 distis
2266 5821 2456 5891 fatuas,
2483 5821 2715 5892 acceptis
2744 5819 3098 5891 lampadibus,
3126 5834 3305 5876 secum
3330 5821 3505 5876 oleum
3537 5836 3641 5876 non
