4034 6166
410 299 532 361 Ὧιῦ

1374 300 1710 357 Al‘PENDIX
1749 298 1837 354 AD
1876 298 2097 353 OPl-LRA
2141 298 2195 352 S.
2243 297 2298 351 P.
2344 295 2722 353 BENEDICTI.

3577 305 3682 361 ρει

430 416 752 483 ιηιηιιμιςεες
796 415 1079 483 prudentes
1121 427 1244 466 vero
1277 427 1459 465 secum
1499 421 1553 464 et
1600 412 1910 475 lampades,
1947 419 1999 460 et
2032 416 2076 469 Α
2104 423 2259 473 Opera
2284 408 2450 478 magis
2471 425 2530 461 ex
2552 408 3072 478 adeptionealicnjns
3096 412 3404 475 tem;'oralis
3424 424 3685 483 qua'stus,

434 510 488 562 itt
517 512 659 562 vasis
684 506 857 560 olemn
898 504 1179 568 habuisse;
1209 518 1513 572 Sponsoque
1547 518 1724 556 moras
1774 502 2004 553 faciente

434 601 697 662 diutinus,
739 607 792 651 et
818 598 986 648 fatuas
1010 605 1060 647 et
1088 595 1382 662 prudentes
1422 594 1617 662 pariter
1643 592 2004 644 ob.lortui~se.

437 689 607 744 Media
636 702 761 740 vero
789 695 943 739 nocte
964 686 1029 738 de
1059 685 1285 737 adventu
1314 685 1493 751 Sponsi
1531 683 1770 734 clztmtil'e
1812 680 1955 731 facto
1990 720 2004 743 ,

435 792 622 831 ottines
663 776 819 830 simul
845 778 907 829 ad
935 774 1191 844 aptandas
1226 775 1502 843 lampadas
1537 773 1869 833 Surrexisse;
1908 786 2004 825 ex.

436 866 746 935 stiucti~que
777 868 896 919 oleo
924 866 1211 920 deficiente
1261 864 1592 933 lampadibus
1619 906 1633 927 ,
1669 863 1899 931 virgines
1937 864 2012 914 la-

440 972 558 1012 tnas
597 960 662 1011 ad
701 958 1003 1011 venditores
1045 957 1151 1010 olei
1201 972 1228 1008 a
1283 955 1633 1023 prudentibus
1676 954 2008 1010 destinatas:

435 1051 619 1115 eisque
650 1046 1133 1117 proficiscentibus,
1156 1062 1281 1114 quae
1315 1057 1512 1114 paratae
1543 1054 1695 1098 erant
1733 1042 1798 1096 ad
1828 1042 2011 1095 convi-

437 1154 586 1195 vium
619 1140 852 1208 nuptiale
872 1152 992 1192 cum
1016 1152 1217 1205 sponso
1260 1137 1455 1203 pariter
1488 1136 1790 1204 ingressas;
1825 1132 2013 1187 fatuis-

442 1247 548 1300 que
597 1232 778 1285 clauso
823 1229 958 1283 ostio
995 1228 1378 1290 redeuntibus,
1429 1240 1698 1295 vocesque
1744 1224 2014 1294 supplices

438 1333 498 1375 ut
519 1321 622 1375 sibi
649 1322 809 1389 janua
840 1318 1037 1388 aperiri
1084 1318 1308 1373 deberet
1353 1316 1836 1386 ingeminantibus,
1885 1327 2015 1367 voce

439 1412 622 1480 sponsi
652 1416 699 1463 in
733 1411 847 1464 haec
874 1411 951 1463 eis
980 1408 1140 1464 verba
1174 1409 1413 1474 protinus
1442 1409 1607 1461 fuisse
1636 1419 1954 1475 responsum
1997 1420 2013 1457 :

439 1508 600 1557 Amen
653 1505 767 1556 dico
815 1503 992 1565 vobis,
1045 1502 1212 1554 nescio
1242 1516 1349 1554 vos.
1400 1499 1681 1567 Fiuitaque
1720 1499 1968 1567 parabola
1995 1537 2010 1560 ,

441 1598 678 1652 clausula
717 1606 799 1649 est
844 1595 1102 1650 continuo
1143 1592 1524 1646 admonitionis
1570 1592 1710 1645 iilata
1742 1630 1756 1654 ,
1804 1594 2017 1643 dicente

446 1694 670 1744 Domino
708 1706 724 1744 :
775 1688 992 1762 Vigilate
1033 1688 1201 1757 iJaque
1226 1727 1241 1752 ,
1285 1687 1403 1755 quia
1446 1686 1646 1740 nescitis
1682 1685 1816 1738 ditm
1861 1700 2017 1753 neque

443 1785 523 1837 hat
537 1799 639 1835 ant.

520 1877 650 1928 Volo
674 1875 725 1928 in
752 1874 972 1926 auribus
998 1872 1220 1936 vestris,
1254 1870 1443 1924 fratres
1472 1868 1608 1932 mei,
1650 1866 2015 1921 similitudinis

444 1969 605 2035 hujus
638 1966 893 2025 profunda
920 1965 1195 2036 mysteria,
1233 1974 1430 2030 quanto
1457 1962 1656 2030 ab~que
1678 1959 2016 2015 obscuritatis

443 2062 670 2114 caligine
700 2059 873 2122 vah-0,
896 2056 1217 2125 compendio
1248 2056 1520 2109 brevitatis
1538 2065 1925 2118 transcurrere,
1958 2060 2017 2105 ut

445 2161 566 2221 post
612 2154 662 2204 iu
694 2161 892 2204 sanetae
924 2148 1143 2218 virginis
1183 2147 1525 2202 Scholasticm
1556 2146 1833 2208 laudibus,
1864 2143 2015 2213 cujus

445 2245 606 2299 hodie
632 2242 1000 2309 mitrationent
1032 2239 1097 2293 ad
1130 2239 1371 2294 emlestia
1399 2238 1645 2301 colimus,
1679 2250 1857 2290 moras
1882 2250 2015 2289 con-

442 2352 604 2405 gruas
639 2337 859 2390 licenter
883 2333 1151 2387 valeamus
1182 2330 1400 2385 habere.
1446 2330 1635 2394 Scitis,
1670 2332 1856 2382 fratres
1881 2328 2018 2382 dile-

445 2428 691 2492 ctissimi,
715 2426 849 2480 hanc
872 2441 992 2481 esse
1016 2424 1134 2478 fidei
1156 2424 1430 2477 catholicae
1448 2425 1705 2490 regulam,
1726 2432 1777 2473 ut
1798 2420 2005 2474 Patrem

440 2533 497 2578 et
531 2523 718 2576 Filium
740 2531 792 2574 et
824 2519 1078 2587 Spiritum
1106 2524 1346 2569 sanctum
1376 2523 1486 2567 tres
1514 2522 1715 2565 astruat
1740 2525 1860 2567 esse
1889 2526 2011 2581 per-

442 2629 624 2675 sonas,
656 2620 711 2666 et
739 2612 809 2665 ita
849 2622 1276 2678 unamquamque
1307 2607 1493 2659 harum
1529 2618 1873 2673 personarum
1904 2606 2016 2657 sin-

441 2706 661 2773 gulatim
692 2703 854 2756 Deum
882 2701 1173 2770 perfectum
1200 2698 1411 2764 habeat,
1444 2706 1503 2750 ut
1527 2705 1652 2749 tota:
1680 2704 1788 2749 tres
1819 2698 2016 2765 pariter

436 2814 547 2852 non
578 2808 689 2851 tres
718 2796 878 2857 Deos,
899 2792 992 2847 sed
1013 2806 1171 2845 unum
1202 2790 1459 2844 duntaxat
1486 2788 1651 2842 Deum
1675 2797 1729 2842 et
1757 2786 1922 2842 corde
1946 2786 2014 2841 ad

433 2893 670 2948 'salntem
701 2888 881 2954 credi,
928 2896 981 2940 et
1008 2899 1102 2939 ore
1127 2883 1192 2937 ad
1218 2884 1480 2952 justitiam
1523 2881 1710 2935 doceat
1749 2879 2012 2934 confiteri.

442 2985 606 3050 Igitur
634 2979 807 3034 unitas
839 2977 1054 3031 deitatis
1083 2974 1309 3029 trinitati
1355 2986 1700 3041 personarum
1731 2970 2013 3040 conjuncta

440 3088 728 3129 numerum
759 3069 973 3123 conficit
1004 3066 1438 3137 quaternarium;
1469 3063 1869 3131 completurque
1898 3064 2014 3131 qtti-

2111 516 2266 569 quam
2297 516 2362 552 ex
2399 503 2688 554 Intentione
2722 500 2982 569 prodeunt
3008 503 3303 556 charitativi
3338 501 3590 574 allectus,
3628 509 3685 561 hi

2112 593 2245 642 tales
2266 602 2319 644 et
2343 591 2576 659 virgines
2601 592 2867 657 dicuntur,
2894 604 2947 647 et
2995 596 3247 663 quinque,
3298 606 3514 665 propter
3540 598 3684 652 inte-

2113 692 2369 735 oneratam
2400 684 2811 752 ctnnpunctione
2840 685 3078 752 quinaria
3110 688 3457 755 significatam
3488 689 3685 755 fidem;

2110 788 2161 829 et
2185 774 2341 828 fatua:
2370 786 2542 829 tamen
2573 786 2785 845 propter
2812 762 3143 838 insipientem
3166 790 3217 831 et
3238 780 3471 846 ineptam
3494 797 3689 849 opera-

2113 863 2273 915 tionis
2318 865 2682 921 tntentiottem.
2738 866 2886 932 Quod
2937 879 3114 921 autem
3156 868 3413 923 charitate
3458 881 3512 924 et
3555 873 3690 926 dile-

2112 954 2290 1008 ctiOue
2336 966 2608 1019 carentes,
2643 959 2802 1009 multa
2842 972 2961 1025 qua:
2988 972 3107 1011 esse
3132 959 3354 1025 justitite
3404 960 3688 1015 videantur

2113 1047 2324 1099 valeant
2346 1047 2574 1115 operari,
2600 1058 2651 1100 et
2680 1061 2743 1100 ex
2776 1047 2855 1100 eis
2884 1048 3083 1100 nulltuu
3113 1048 3320 1115 penitus
3348 1063 3681 1119 consequan-

2115 1148 2199 1191 tur
2225 1142 2638 1192 emolumentum
2670 1139 2873 1207 salutis,
2901 1139 3004 1191 Vas
3027 1140 3302 1194 electionis
3326 1140 3681 1210 liquidissime

2115 1237 2468 1297 pmtestatur,
2512 1243 2633 1283 cum
2665 1230 2850 1284 scribit
2883 1248 2896 1282 :
2930 1228 2996 1282 Et
3026 1233 3068 1283 si
3109 1231 3418 1285 distribuere
3460 1232 3514 1285 in
3545 1234 3687 1287 cibos

2114 1336 2391 1390 pauperum
2414 1337 2583 1374 omnes
2613 1321 2884 1391 facultates
2912 1339 3065 1387 meas,
3085 1336 3130 1377 et
3151 1328 3193 1375 si
3223 1326 3482 1378 tradidero
3502 1340 3690 1394 corpus

2116 1426 2280 1462 meum
2323 1411 2392 1461 ita
2421 1419 2473 1462 ut
2512 1412 2742 1476 ardeam,
2767 1412 3066 1465 comitatem
3112 1425 3281 1467 autem
3320 1432 3420 1469 non
3452 1416 3685 1481 habeam,

2117 1501 2245 1552 nihil
2273 1500 2397 1552 milii
2418 1511 2624 1567 protest.

2189 1594 2297 1648 Hoc
2332 1605 2412 1647 est
2444 1594 2605 1665 igitur
2646 1594 2771 1649 illud
2801 1596 2975 1650 oleum
3013 1596 3150 1664 quod
3177 1595 3332 1651 fatua:
3362 1597 3596 1668 virgines
3633 1600 3687 1652 in

2116 1688 2282 1752 vasis,
2338 1687 2387 1741 id
2419 1688 2579 1742 estin
2613 1690 2959 1757 receptaculis
2997 1690 3265 1745 interioris
3309 1691 3541 1747 hominis
3581 1710 3687 1748 non

2050 1778 2361 1844 Bbabent,
2416 1778 2556 1834 unde
2608 1789 2664 1832 et
2718 1779 2875 1834 fama:
2922 1795 3311 1849 nuncupantur.
3360 1784 3462 1837 Per
3512 1787 3688 1838 oleum

2121 1883 2247 1923 vero
2297 1880 2576 1939 propterea
2625 1869 2862 1924 cltaritas
2918 1873 3209 1939 figuratur,
3253 1873 3502 1940 quoniam
3550 1875 3689 1930 sieut

2117 1959 2291 2013 oleum
2319 1974 2532 2029 semper
2560 1960 2857 2028 liquoribus
2885 1962 3147 2017 universis
3193 1964 3388 2032 quibus
3425 1964 3692 2017 admisce-

2118 2060 2202 2105 tur
2230 2053 2546 2120 supersidet,
2576 2054 2642 2105 ita
2668 2051 2900 2107 cbaritas
2948 2054 3229 2109 virtutibus
3261 2056 3520 2109 universis
3548 2072 3689 2119 pra:-

2118 2144 2304 2196 minet.
2332 2142 2480 2199 Unde
2504 2154 2557 2199 et
2579 2142 2773 2200 Doctor
2793 2146 3025 2214 gentium
3046 2146 3112 2202 de
3132 2147 3391 2203 cbaritate
3412 2148 3690 2203 locuturus

2118 2237 2389 2305 praemittit
2419 2252 2435 2291 :
2471 2237 2770 2306 Ostendam,
2804 2239 3070 2309 inquiens,
3119 2241 3259 2293 vobis
3311 2243 3691 2295 eminentiorem

2115 2331 2290 2394 viam,
2339 2329 2544 2397 fratres.
2597 2329 2663 2383 Et
2711 2341 2830 2397 post
2884 2331 3032 2397 plura
3077 2331 3144 2386 de
3195 2332 3350 2386 laude
3414 2334 3693 2388 charitats

2116 2435 2562 2485 commemorata,
2616 2424 2729 2476 hare
2779 2424 2956 2478 intulit
3011 2441 3025 2479 :
3083 2424 3235 2477 Nunc
3273 2436 3440 2478 autem
3484 2438 3689 2478 manest

2116 2515 2275 2583 ﬁdes,
2320 2530 2434 2582 spes
2456 2558 2468 2575 ,
2518 2515 2768 2584 charitas,
2794 2519 2893 2567 tria
2916 2516 3056 2582 haec;
3093 2533 3259 2583 major
3287 2527 3452 2570 autem
3491 2519 3567 2571 Itis
3609 2532 3688 2570 est

2118 2612 2363 2662 charitas.
2399 2609 2508 2663 lloc
2536 2621 2611 2663 est
2642 2608 2843 2678 itaque,
2869 2609 3057 2664 fratres
3084 2610 3449 2677 dilectissimi,
3505 2612 3685 2666 oleum

2116 2716 2222 2769 quo
2250 2700 2462 2754 lucente
2482 2701 2825 2767 operationes
2857 2701 3105 2755 videlicet
3125 2711 3323 2755 sanctae
3344 2701 3684 2771 prudentium

2117 2790 2379 2858 virginum
2425 2793 2655 2845 confotte
2696 2792 2871 2860 magni
2921 2792 3091 2846 lucem
3153 2793 3367 2862 fulgoris
3411 2795 3660 2847 emittunt

2116 2880 2284 2950 liujus
2309 2882 2414 2935 olei
2448 2882 2828 2954 nutrimentum
2861 2884 2983 2952 quia
3018 2886 3268 2947 luceruar,
3302 2884 3353 2938 id
3381 2894 3464 2939 est
3493 2901 3687 2954 opera-

2116 2975 2287 3029 tiones
2319 2974 2584 3045 virginum
2634 2974 2898 3029 fatuarum
2945 2990 3049 3029 non
3099 2979 3333 3041 habent,
3386 2981 3594 3033 tametsi
3629 2983 3682 3034 iu

2117 3066 2367 3135 pra-senti
2401 3065 2618 3121 minime
2647 3065 2925 3120 videantur
2954 3068 3255 3132 exstinctae,
3286 3069 3463 3124 luci‘nt
3505 3082 3681 3124 tanien

441 3165 625 3221 uarius
669 3175 920 3216 tnnnerus
948 3173 1070 3212 cum
1112 3156 1378 3210 credimus
1407 3153 1822 3209 exinanitionem
1855 3152 2011 3207 Verbi
2037 3156 2084 3216 C
2119 3155 2170 3210 in
2195 3156 2524 3211 discursione
2553 3156 2778 3212 districti
2808 3159 3069 3213 examinis
3118 3160 3542 3228 exstinguenda.
3593 3162 3685 3214 llus

441 3258 536 3312 Dei
582 3271 681 3325 qra
710 3252 1058 3319 semetipsum
1101 3249 1407 3302 exinanisse
1448 3247 1658 3315 legitur,
1692 3247 2015 3316 formamque

440 3348 571 3402 servi
610 3346 885 3415 accipiens,
925 3343 978 3394 in
1023 3339 1407 3395 similitudinem
1448 3338 1706 3391 hominum
1736 3339 1934 3406 factus,
1964 3346 2014 3392 et

437 3439 616 3493 habitu
673 3438 902 3489 inventus
946 3441 1000 3486 ut
1054 3431 1239 3494 homo,
1282 3444 1446 3499 seque
1476 3429 1654 3497 ipsqu
1687 3427 2013 3489 bumiliasse,

440 3530 799 3585 obedientiam
824 3525 968 3581 Patri
989 3524 1250 3579 exhibens
1275 3538 1437 3589 usque
1456 3522 1523 3574 ad
1549 3532 1779 3586 mortem,
1806 3529 2017 3572 mortem

431 3632 607 3673 'autem
636 3620 821 3671 crucis.
856 3614 1075 3683 Propter
1097 3614 1233 3684 quod
1260 3621 1307 3668 et
1337 3610 1476 3667 Deus
1500 3611 1742 3665 exultavit
1772 3611 1940 3675 illum,
1968 3619 2017 3662 et

434 3712 583 3765 'dedit
626 3710 712 3763 illi
738 3724 925 3762 nomen
970 3706 1106 3777 quod
1135 3715 1208 3759 est
1242 3720 1393 3771 super
1421 3718 1569 3757 onme
1608 3717 1822 3767 nomen,
1872 3713 1925 3753 ut
1965 3701 2017 3754 in

433 3802 646 3854 nomine
669 3798 796 3853 Jesu
823 3813 973 3852 omne
994 3813 1125 3868 genu
1153 3797 1411 3864 ﬂectatur,
1436 3803 1482 3846 et
1503 3795 1666 3846 omnis
1695 3793 1869 3860 lingua
1896 3807 2018 3845 con-

438 3893 643 3961 ﬁtentur
665 3892 784 3959 q'uia
810 3889 1058 3943 Dominus
1079 3885 1229 3941 desus
1264 3888 1402 3939 sedet
1442 3887 1509 3937 ad
1536 3887 1570 3936 d
1592 3894 1795 3945 'xteram
1835 3883 2019 3954 majes-

432 3984 561 4036 «tutis
609 3983 662 4034 in
690 3982 921 4047 excelsis,
950 3979 1084 4033 unde
1126 3989 1362 4031 uenturus
1407 3986 1481 4030 est
1511 3978 1749 4046 judicare
1797 3976 1929 4029 vivos
1970 3987 2017 4030 et

438 4082 695 4125 mortuos.

513 4165 773 4228 Quoniam
800 4161 963 4230 igitur
983 4157 1281 4213 orthodoxa
1328 4164 1385 4210 et
1410 4156 1701 4224 apostolica
1740 4156 1873 4211 fides
1899 4156 2013 4212 haec

432 4265 558 4317 est,
582 4267 685 4323 qua
713 4252 765 4306 in
809 4252 1049 4322 personis
1080 4249 1249 4303 tribus
1291 4251 1467 4302 unitas
1495 4248 1731 4303 creditur
1769 4250 2014 4315 deitatis,

441 4355 496 4396 et
524 4358 624 4413 qua
660 4342 888 4398 Verbum
918 4359 1046 4399 coro
1086 4347 1279 4399 factum
1311 4345 1520 4415 generis
1548 4346 1765 4401 humani
1792 4348 2012 4402 salutem

436 4435 680 4487 creditur
705 4444 983 4502 operatum
1018 4451 1113 4504 per
1138 4450 1379 4502 carnem,
1410 4438 1705 4492 rectissime
1731 4450 1783 4492 et
1818 4454 2019 4495 conve-

2117 3247 2348 3315 virgines
2380 3247 2643 3301 universa:
2664 3262 2863 3316 sponso
2899 3257 2953 3301 et
2984 3261 3195 3316 sponsa:
3239 3262 3543 3302 occursuras
3592 3266 3685 3318 p2-

2118 3348 2321 3400 rantur,
2355 3341 2602 3406 quonLam
2627 3337 3056 3407 quinquepertita
3077 3336 3367 3391 credulitas
3394 3354 3454 3392 ea
3485 3353 3581 3406 spe
3621 3345 3692 3394 ali

2120 3430 2379 3483 universis
2410 3439 2651 3492 tenetur,
2710 3438 2766 3484 ut
2813 3439 2930 3498 post
2956 3444 3231 3483 emensum
3260 3430 3387 3483 vitae
3422 3430 3690 3499 spatium,

2116 3522 2298 3589 spansi
2341 3519 2534 3575 Clu-isi
2579 3534 2894 3590 sponsaaque
2938 3520 3093 3590 ejus,
3143 3535 3261 3589 qua:
3301 3530 3384 3574 est
3446 3522 3686 3575 ccelestis

2125 3615 2487 3680 Hierusalem,
2519 3612 2889 3685 gratulabundi
2922 3624 3109 3668 omnes
3147 3615 3523 3683 cotis-,tectibus
3554 3632 3691 3684 pra--

2118 3716 2414 3761 sententur.

2188 3796 2293 3851 Sed
2316 3795 2443 3849 dum
2475 3808 2701 3865 sponsus
2725 3810 2928 3850 moram
2960 3794 3107 3855 facit,
3139 3795 3428 3849 dormitant
3457 3797 3691 3865 virgines

2119 3902 2308 3941 omnes
2334 3898 2385 3942 et
2414 3887 2713 3950 dormiunt,
2737 3887 2985 3956 quoniam
3009 3888 3133 3940 dum
3160 3887 3433 3953 suspendit
3455 3901 3685 3940 esatuen

2116 3981 2303 4049 jndex,
2337 3983 2457 4033 vit-.e
2506 3981 2662 4048 hujus
2684 3996 2895 4034 cursum
2940 3997 3127 4034 omnes
3174 3980 3459 4049 incipiunt,
3498 3994 3549 4035 et
3580 3997 3691 4035 nte-

2121 4074 2323 4124 tiuntur
2352 4074 2659 4139 inemptum.
2697 4070 2993 4125 Dormitare
3020 4074 3161 4125 enim
3190 4084 3292 4137 est,
3324 4070 3444 4125 vitae
3474 4088 3689 4127 cursum

2122 4164 2392 4231 incipere,
2450 4164 2685 4217 dormire
2742 4180 2869 4217 vero
2914 4167 3077 4218 semel
3130 4177 3359 4233 emptum
3419 4168 3690 4219 metiendo

2123 4267 2508 4311 transcurrere.
2541 4255 2693 4321 Quod
2723 4265 2898 4310 autem
2921 4257 3257 4310 dortnitionis
3291 4257 3505 4309 nomine
3535 4257 3691 4325 hujus

2122 4351 2244 4402 vita:
2267 4349 2437 4403 valeat
2456 4348 2739 4417 significari
2764 4349 3041 4412 decor-us,
3069 4349 3361 4401 l’salmistae
3380 4348 3691 4401 instruimur

2122 4441 2434 4495 auctoritate
2476 4442 2704 4495 dicentis
2735 4458 2749 4493 :
2783 4438 3114 4493 Dormietunt
3151 4456 3382 4494 somnum
3419 4457 3565 4492 suum
3591 4481 3607 4499 ,
3641 4449 3691 4491 e!

442 4526 773 4581 nientissime
809 4542 997 4583 omnes
1027 4528 1115 4597 qui
1157 4528 1292 4584 hanc
1318 4532 1707 4598 supputationis
1748 4533 2011 4602 quinariae
2040 4536 2091 4596 Ι)
2119 4532 2248 4586 nihil
2273 4533 2569 4585 invenerunt
2592 4548 2764 4586 omnes
2789 4532 2883 4585 uiri
2905 4532 3199 4585 divitiarum
3222 4533 3274 4585 in
3299 4531 3531 4584 manibus
3556 4536 3688 4584 suis.

443 4630 630 4675 tenent
642 4619 828 4683 iidem,
861 4636 1087 4676 numero
1106 4622 1352 4691 quinario
1373 4625 1741 4693 designantur.
1771 4625 2017 4696 Virgines

438 4714 604 4767 etiam
635 4722 892 4767 vocantur
916 4713 1213 4783 aptissime,
1236 4716 1324 4782 qui
1349 4718 1415 4770 ab
1431 4716 1536 4771 hac
1557 4716 1676 4770 fidei
1714 4719 2017 4791 integritate

440 4803 596 4858 mllo
630 4804 792 4857 dividi
830 4804 1120 4859 schismate
1144 4845 1158 4867 ,
1212 4806 1353 4858 nulla
1392 4816 1679 4875 potuerunt
1729 4808 2015 4864 infectione

442 4895 717 4951 hereseos
744 4898 957 4952 violari.
1009 4897 1116 4952 Sed
1166 4897 1418 4966 quoniam
1468 4897 1582 4951 haec
1618 4899 1749 4953 fides
1780 4901 1830 4952 in
1862 4900 2014 4965 aliis,

439 4986 590 5058 juxta
632 4986 888 5043 Iacobum
912 5027 930 5053 ,
971 4986 1273 5042 dilectionis
1297 4988 1552 5057 operibus
1583 5003 1776 5042 vacans
1814 4997 2019 5044 mortua

442 5089 549 5144 est,
583 5079 634 5132 in
657 5080 794 5144 aliis,
821 5078 972 5148 juxta
1004 5078 1224 5133 Paulum
1250 5121 1266 5143 ,
1296 5094 1394 5147 per
1419 5080 1763 5134 dilectionem
1807 5085 2019 5150 operari

444 5189 552 5227 non
578 5179 776 5237 cessat,
806 5174 858 5225 in
885 5174 1126 5240 utrisque
1156 5173 1397 5242 partibus
1423 5173 1852 5242 quinqucpertita
1886 5176 2017 5232 fides

451 5282 730 5320 numerum
778 5265 1056 5320 denarium
1106 5266 1516 5321 consummavit.
1567 5269 1811 5336 Quinque
1859 5262 2020 5337 igitur

446 5356 737 5429 prudentes
763 5357 997 5426 virgines
1017 5357 1456 5411 commodissime
1483 5357 1556 5411 illi
1579 5357 1940 5426 accipiuntur,
1967 5362 2017 5413 in

443 5449 640 5519 auditis
663 5451 790 5504 fides
818 5461 1040 5504 numero
1061 5449 1338 5517 designata
1361 5453 1606 5519 quinario
1649 5451 1868 5519 justitia:
1892 5467 2020 5517 0pc-

446 5540 595 5596 ribus
625 5557 718 5608 per
746 5538 1045 5595 dilectionis
1081 5540 1328 5595 affectum
1371 5543 1709 5595 incessanter
1757 5538 2014 5610 iuvigbat.

450 5631 506 5685 In
533 5632 723 5700 quibus
746 5647 875 5687 vero
905 5632 1021 5685 h:rc
1051 5638 1159 5701 Ipsa
1194 5633 1324 5687 fides
1366 5642 1623 5700 operatur
1650 5632 1865 5701 quidem
1904 5632 2016 5687 for-

451 5724 603 5785 tassis
629 5738 747 5789 quae
776 5725 1045 5790 pertinere
1074 5723 1137 5777 ad
1166 5724 1422 5790 justitiam
1456 5723 1749 5792 videantur,
1778 5722 1872 5780 sed
1904 5724 2016 5796 ipsa

2116 4628 2315 4679 Omnes
2343 4625 2440 4678 viri
2461 4623 2767 4677 divitiarum
2794 4637 3039 4676 somnum
3063 4638 3214 4677 suum
3246 4622 3538 4687 dormiunt,
3563 4639 3684 4675 cum

2119 4732 2213 4785 per
2244 4714 2403 4785 hujus
2450 4716 2625 4770 adhuc
2659 4716 2780 4769 vitae
2825 4714 2994 4783 spatia
3028 4715 3359 4785 gradiuntur.
3410 4716 3513 4767 Sed
3562 4723 3685 4769 tunc

2120 4824 2224 4863 non
2254 4808 2565 4871 dormiunt,
2616 4809 2709 4862 sed
2737 4808 3069 4861 dormierunt
3099 4808 3167 4861 de
3200 4810 3279 4861 eis
3308 4807 3521 4869 dicitur,
3563 4822 3682 4860 cum

2118 4901 2227 4970 jam
2258 4913 2352 4969 per
2379 4912 2604 4955 mortem
2632 4900 2709 4955 eis
2729 4901 2853 4954 vita:
2885 4914 3074 4954 cursus
3104 4899 3301 4952 ﬁnitur.
3350 4897 3415 4952 Et
3460 4909 3585 4951 tunc
3633 4899 3683 4950 in

2122 4991 2369 5046 manibus
2415 4989 2524 5045 suis
2564 4989 2697 5045 nibil
2740 4990 3055 5054 inveniunt,
3088 4990 3339 5058 quoniam
3369 4988 3455 5041 hic
3501 5000 3684 5040 omnes

2122 5096 2255 5152 quas
2282 5083 2474 5136 frustra
2514 5090 2901 5151 congregarunt
2943 5080 3153 5134 divitias
3194 5079 3544 5147 reliquerunt.
3591 5077 3687 5130 llic

2123 5188 2251 5240 ergo
2273 5187 2488 5226 somnus
2520 5172 2644 5225 dum
2675 5186 2703 5224 a
2726 5170 3015 5237 virginibus
3045 5170 3201 5222 fatuis
3230 5169 3682 5236 prudeottbnsquc

2125 5266 2442 5335 percipitur,
2488 5274 2547 5318 ut
2591 5279 2789 5331 sponso
2834 5277 3019 5316 euntes
3075 5269 3345 5313 maturent
3370 5273 3682 5321 occurrere,

2121 5360 2323 5412 clamor
2351 5368 2506 5411 noete
2547 5356 2812 5410 mediante
2839 5355 3071 5408 auditur.
3104 5353 3369 5406 Saeculum
3414 5365 3683 5418 praisens,

2125 5450 2318 5503 fratres
2362 5452 2498 5514 mei,
2532 5447 2926 5515 comparatione
2951 5428 3112 5499 iuturi
3150 5459 3252 5497 nox
3282 5430 3504 5505 dieitur;
3558 5459 3689 5505 quo-

2125 5545 2268 5598 niam
2296 5544 2398 5607 hic,
2421 5548 2570 5611 juxta
2601 5545 2938 5610 Apostolum,
2968 5540 3195 5592 videmus
3232 5556 3321 5607 per
3347 5539 3606 5604 speculum
3642 5542 3690 5585 et

2124 5637 2175 5689 in
2206 5636 2494 5707 trttigmate,
2543 5646 2662 5687 tunc
2703 5643 2872 5687 autent
2902 5633 3032 5701 facie
3069 5634 3135 5686 ad
3175 5632 3393 5699 faciem;
3440 5638 3484 5682 el
3513 5630 3596 5681 hic
3629 5642 3690 5678 es

2127 5740 2271 5798 parte
2324 5729 2700 5799 cognoscimus,
2726 5737 2845 5780 tunc
2882 5738 3049 5780 autem
3097 5740 3449 5796 roguosremus
3492 5724 3690 5776 sicutet
