4034 6166
376 313 479 372 955

1179 310 1487 365 ALBEBICI
1522 310 1784 365 DIACONI
1824 313 2053 367 SERMO
2095 310 2157 365 IN
2197 310 2253 366 S.
2297 308 2832 367 SC‘lIOLASTlCAM.

3517 320 3620 373 M6

380 426 567 497 cogniti
603 440 813 488 sumus;
840 421 1046 494 quando
1074 422 1319 479 videlicet
1353 424 1513 477 veniet
1551 423 1825 490 Dominus,
1857 428 1943 496 qui
1975 428 2022 487 Α
2046 425 2225 482 cordia
2268 426 2592 495 intelligitur.
2633 425 2840 481 Etcum
2873 440 2966 495 per
2988 427 3164 483 oleum
3197 430 3386 486 dicitur
3416 437 3619 492 miscri-

379 527 427 571 st
458 516 769 569 illuminabit
811 513 1108 569 abscondita
1147 514 1499 581 tenebrarum,
1535 524 1583 568 et
1606 517 1946 587 manifestabit

379 608 595 661 consilia
616 605 864 672 cordium,
896 614 942 659 et
964 621 1077 658 cum
1106 605 1218 659 laus
1246 606 1340 658 erit
1369 606 1637 676 unicuique
1662 623 1694 660 a
1724 606 1848 662 Deo.

452 697 617 753 Nocte
638 697 798 768 igitur
822 696 922 751 hac
948 697 1237 761 mediante,
1268 705 1423 752 nocte
1450 697 1549 752 hac
1591 698 1822 754 nondum
1855 715 1949 756 es-

382 790 549 858 pleta,
577 789 812 843 nondum
842 799 1231 854 consummata,
1258 804 1359 843 vox
1381 789 1593 844 auditur
1613 791 1865 860 clamosa,
1890 803 1947 848 ut

379 884 433 938 in
465 880 796 936 advenientis
835 894 1113 935 occursum
1160 866 1343 949 sponsi
1373 894 1561 934 omnes
1596 895 1656 936 se
1709 882 1947 955 virgines

383 973 643 1029 deberent
664 986 987 1041 praeparare.
1012 972 1114 1025 lste
1130 979 1231 1032 est,
1258 970 1449 1024 fratres
1469 971 1819 1040 dilectissimi,
1835 976 1947 1030 c'a-

382 1078 500 1123 mor
516 1063 604 1133 qui
629 1061 775 1116 Isaia:
799 1060 1006 1115 Domini
1031 1061 1386 1130 praeceptione
1407 1061 1695 1132 injungitur
1716 1063 1943 1119 dicentis

378 1155 445 1213 ad
490 1171 611 1210 eum
670 1172 686 1209 ι
740 1154 906 1222 Super
957 1164 1176 1208 montem
1216 1154 1470 1207 excelsum
1516 1158 1733 1211 ascende
1772 1166 1827 1211 tu
1858 1160 1946 1228 qui

378 1249 693 1321 euangelisas
733 1248 890 1312 Sion,
935 1246 1106 1302 exalta
1138 1248 1188 1300 in
1229 1246 1527 1317 fortitudine
1584 1265 1753 1304 vocem
1802 1260 1945 1303 tuam

379 1340 465 1409 qui
507 1339 821 1410 evangelisos
860 1336 1179 1403 Jerusalem,
1235 1338 1436 1402 exalto,
1468 1338 1575 1391 noli
1619 1340 1826 1406 timere;
1863 1342 1946 1395 dic

377 1431 653 1489 civitatibus
675 1430 845 1493 Judte,
874 1428 1002 1484 Ecce
1024 1428 1161 1482 Deus
1191 1437 1369 1493 vester,
1393 1445 1505 1483 ecce
1534 1429 1778 1484 Dominus
1808 1431 1942 1487 Deus

377 1524 430 1577 in
472 1522 769 1592 fortitudine
817 1521 980 1574 veniet
1006 1560 1019 1582 ,
1050 1530 1098 1572 et
1124 1518 1388 1571 brachium
1433 1520 1545 1588 ejus
1574 1520 1939 1576 dominabitur.

379 1614 508 1666 Item
531 1612 595 1665 ad
624 1610 868 1666 eumdem
894 1610 1087 1664 clamat
1116 1626 1127 1661 :
1160 1608 1242 1662 Ne
1266 1624 1445 1674 cesses,
1468 1610 1616 1678 quasi
1637 1610 1755 1663 tuba
1777 1612 1945 1666 exaltu

306 1741 318 1749 -
378 1721 545 1762 vocem
569 1714 727 1765 tuam,
751 1712 796 1756 et
824 1701 1070 1754 annuntio
1097 1702 1286 1770 popqu
1314 1715 1423 1753 meo
1452 1701 1643 1755 scelera
1666 1718 1859 1765 eorum,
1893 1712 1939 1757 et

2047 515 2227 570 cordia
2257 514 2544 585 designari,
2580 525 2793 585 oportet
2823 520 3127 572 necessario
3157 519 3496 579 dilectionem
3526 542 3619 594 per

2047 606 2224 660 oleum
2247 605 2574 677 designatum
2600 607 2842 679 intelligi.

2120 695 2232 752 lloc
2256 696 2422 767 igitur
2467 697 2643 752 oleum
2682 714 2787 753 non
2820 700 3018 755 habent
3048 702 3277 772 virgines
3316 704 3512 775 fatum,
3563 715 3619 762 et

2050 786 2360 857 plerumque
2389 798 2777 856 recognoscunt
2807 806 2865 845 se
2909 808 3011 845 non
3044 792 3279 865 habere,
3308 809 3488 852 Carent
3521 799 3619 851 mi-
3686 852 3691 858 ,

2046 877 2347 940 serationis.
2377 887 2559 932 carent
2580 878 2880 935 dilemionis
2901 881 3119 952 affectu,
3143 898 3307 954 seque
3343 902 3409 940 eo
3433 903 3618 942 carere

2047 967 2366 1038 intelligunt.
2403 968 2551 1023 Unde
2579 968 2645 1023 ad
2694 971 2925 1040 virgines
2955 973 3245 1041 prudentes
3275 978 3613 1048 confugiunt,

2046 1060 2250 1129 sibique
2287 1059 2354 1114 ab
2379 1060 2457 1114 eis
2483 1061 2548 1116 de
2577 1077 2757 1116 earum
2788 1062 2902 1117 dari
2931 1065 3052 1120 oleo
3098 1067 3472 1137 deprecantur.
3527 1072 3614 1125 ln-

2045 1150 2289 1220 telligunt
2329 1166 2704 1222 nonnunquam
2754 1155 2964 1223 reprobi
3021 1172 3184 1227 opera
3233 1174 3327 1215 sua
3358 1173 3449 1215 aut
3509 1178 3613 1218 non

2045 1250 2191 1295 recta
2219 1255 2371 1306 esse,
2400 1252 2490 1295 aut
2523 1257 2854 1314 nequaquam
2885 1260 2949 1300 ex
2981 1260 3125 1302 reeta
3167 1249 3465 1308 intentione
3489 1268 3615 1322 pro-

2045 1332 2255 1387 ca-dere.
2304 1331 2609 1403 lutelligunt
2637 1342 2690 1389 et
2711 1347 3166 1407 compunguutur;
3196 1340 3288 1394 sed
3309 1342 3430 1411 quia
3457 1357 3614 1400 secus

2044 1422 2185 1476 viam
2233 1434 2485 1478 seruntur
2511 1434 2565 1479 et
2609 1428 2936 1495 temporales
2964 1438 3115 1494 sunt,
3162 1430 3229 1484 ad
3261 1439 3470 1501 tempus
3497 1448 3615 1488 cre-

2043 1512 2209 1578 dunt,
2264 1523 2318 1569 et
2357 1516 2408 1568 in
2441 1526 2677 1586 tempore
2710 1516 3018 1572 tentationis
3056 1520 3331 1574 recedunt.
3384 1521 3615 1581 Veniunt

2045 1602 2207 1659 fatua:
2233 1604 2298 1658 ad
2344 1606 2667 1675 prudentes,
2716 1608 2957 1664 lucernas
2973 1624 3107 1665 suas
3129 1612 3391 1682 exstingui
3430 1613 3614 1668 clami-

2044 1703 2190 1760 tant,
2244 1696 2358 1750 dari
2401 1697 2502 1751 sibi
2540 1698 2717 1753 oleum
2758 1699 3025 1771 ﬂagitant,
3069 1703 3194 1772 quia
3232 1718 3608 1773 nonnunquam

377 1794 548 1849 domui
574 1793 732 1845 Iacob
758 1802 964 1862 peccata
987 1806 1183 1844 eorum.
1210 1789 1470 1857 Audistis,
1494 1790 1683 1847 fratres
1702 1833 1716 1858 ,
1747 1793 1800 1847 in
1839 1794 1947 1848 cla-
1978 1785 2023 1844 B
2050 1784 2353 1854 compuncti
2394 1787 2607 1855 reprobi
2650 1788 2716 1842 ad
2762 1798 2974 1845 sanctos
3002 1789 3146 1847 viros
3192 1793 3497 1865 confugium
3535 1795 3613 1849 fa-

377 1900 524 1951 tuore
552 1884 822 1955 prapbetae
848 1881 1021 1937 verbis
1048 1882 1186 1950 aliis,
1214 1882 1306 1937 sed
1336 1897 1496 1938 sensu
1524 1897 1628 1937 non
1652 1883 1779 1948 alio,
1818 1882 1946 1940 Ecce

375 1992 589 2042 sponsus
614 1975 774 2041 venit;
803 1989 934 2042 ecce,
964 1973 1161 2042 inquit,
1195 1971 1330 2027 Deus
1357 1982 1552 2039 vester;
1581 1991 1711 2039 ecce,
1744 1975 1942 2044 inquit,

377 2069 626 2133 Dominus
650 2070 700 2122 in
719 2069 1019 2139 fortitudine
1037 2068 1217 2123 veniet.
1250 2067 1487 2123 Audistis
1506 2069 1643 2140 quod
1673 2070 1944 2140 pr0pheta3

378 2164 514 2235 illud
541 2164 700 2221 etiam
722 2162 1043 2233 injungatnr,
1067 2171 1124 2216 ut
1145 2161 1460 2217 vocitaretur
1481 2172 1534 2217 et
1553 2162 1767 2230 clamet,
1791 2164 1945 2221 Exite

375 2259 585 2314 obviam
616 2256 700 2319 ei,
747 2270 865 2310 cum
894 2254 943 2310 ei
964 2268 1095 2310 voce
1136 2254 1402 2310 dominica
1442 2255 1731 2324 imperatur
1760 2264 1818 2310 nt
1850 2271 1944 2311 an-

379 2355 589 2411 uuutiet
615 2347 808 2419 populo
839 2362 938 2403 suo
967 2347 1168 2402 scelera
1199 2361 1416 2411 eorum,
1463 2356 1519 2402 et
1558 2346 1740 2401 domui
1778 2345 1943 2403 Jacob

378 2449 593 2510 peccata
616 2452 821 2502 eorum,
848 2444 904 2492 et
924 2448 1116 2491 caetera
1141 2435 1363 2504 plurima
1393 2450 1511 2506 quae
1542 2445 1851 2504 sequuntur.
1886 2437 1943 2491 Ιι

378 2531 569 2602 quibus
598 2529 837 2598 profecto
863 2528 1110 2583 onmibns
1131 2527 1261 2583 nihil
1282 2527 1421 2582 aliud
1446 2528 1641 2599 agitur,
1673 2529 1771 2583 nisi
1792 2544 1941 2584 com-

378 2620 601 2676 monitio
634 2637 751 2690 qua:
785 2618 1012 2677 venienti
1044 2633 1241 2687 sponso
1279 2618 1425 2674 exire
1465 2619 1695 2690 virgines
1730 2621 1938 2675 obviam

378 2714 647 2769 hortatur.
683 2713 785 2767 Iste
810 2711 1034 2775 clamor,
1063 2712 1286 2775 lratres,
1318 2710 1442 2763 dum
1486 2711 1538 2764 in
1569 2711 1721 2779 hujus
1763 2712 1941 2766 saeculi

377 2815 532 2859 nocte
557 2804 870 2867 dormimus,
901 2802 951 2856 in
974 2801 1191 2855 auribus
1214 2801 1409 2854 nostris
1434 2815 1525 2869 per
1545 2801 1716 2870 legem
1744 2801 1941 2873 agitur,

372 2912 469 2968 per
491 2897 721 2964 psalmos
748 2894 938 2963 agitur,
972 2907 1065 2962 per
1090 2892 1396 2962 prophetiae
1422 2894 1615 2962 agitur,
1646 2908 1738 2961 per
1768 2893 1942 2948 Evan-

372 2987 506 3058 gelia
548 2986 750 3057 agitur,
803 3000 894 3054 per
925 2984 1202 3054 Epistolas
1251 2985 1568 3053 apostolicas
1606 2987 1804 3055 agitur,
1848 3003 1942 3057 per

373 3080 734 3147 expositiones
771 3087 824 3130 et
868 3075 1309 3129 commonitiones
1355 3074 1562 3129 Patrum
1618 3076 1942 3131 orthodoxa-

2048 1878 2218 1944 ciunt,
2251 1888 2410 1948 atque
2440 1894 2503 1933 ea
2536 1895 2653 1948 quae
2674 1879 2920 1937 videntur
2943 1882 3154 1949 operari
3195 1884 3368 1950 bona,
3407 1902 3469 1940 ex
3501 1902 3609 1942 non

2048 1969 2181 2024 bona
2208 1969 2505 2023 intentione
2540 1970 2833 2038 procedere
2875 1972 3090 2042 propria
3119 1977 3507 2032 contestatione
3534 1979 3610 2031 la-

2047 2068 2243 2115 tentur.
2292 2059 2685 2116 Commendant
2722 2077 2782 2118 se
2809 2061 3054 2118 charitati
3078 2104 3093 2129 ,
3138 2067 3516 2123 commendant
3549 2081 3610 2122 se

2045 2152 2318 2209 dilectioni
2353 2169 2540 2210 eorum
2567 2194 2584 2219 ,
2633 2146 3010 2211 commendant
3049 2170 3108 2211 se
3147 2157 3427 2226 precibus,
3466 2174 3612 2213 com-

2045 2247 2298 2301 mendant
2319 2261 2378 2302 se
2407 2246 2790 2303 misericordia:
2821 2262 3007 2303 eorum
3034 2248 3349 2306 visceribus.
3383 2251 3493 2306 Hoc
3528 2263 3611 2307 est
3678 2252 3683 2257 ’

2044 2338 2112 2391 ab
2141 2340 2219 2393 eis
2242 2338 2417 2393 oleum
2451 2349 2661 2409 petere,
2693 2340 2795 2395 hoc
2822 2350 2904 2396 est
2932 2356 2995 2396 ex
3020 2355 3204 2396 eorum
3228 2342 3460 2397 fomento
3485 2358 3611 2398 suas

2044 2426 2181 2482 velle
2211 2427 2459 2483 lucernas
2486 2428 2699 2483 ardere.
2729 2430 2832 2484 Sed
2869 2429 2996 2498 quid
3044 2430 3278 2501 virgines
3318 2433 3611 2501 prudentes

2043 2518 2452 2587 responderunt,
2483 2519 2704 2575 audistis
2738 2537 2751 2573 :
2797 2518 2879 2576 Ne
2900 2525 3049 2592 forte,
3080 2522 3339 2591 inquiunt,
3373 2540 3476 2578 non
3497 2530 3609 2593 suf-

2042 2613 2180 2682 ﬁciat
2221 2616 2360 2669 nobis
2398 2625 2444 2668 et
2481 2615 2634 2681 t'ab’s,
2663 2616 2728 2669 ite
2756 2616 2925 2686 potius
2962 2617 3031 2669 ad
3058 2621 3343 2684 uendentes,
3376 2631 3421 2674 et
3460 2621 3611 2674 emite

2042 2704 2194 2757 vobis.

2117 2793 2310 2847 Dicunt
2350 2795 2450 2849 hoc
2478 2794 2829 2863 aliquotiens,
2863 2795 3076 2863 fratres,
3106 2799 3395 2865 timorataz,
3427 2801 3609 2861 dicunt

2044 2888 2146 2943 hoc
2177 2887 2402 2943 humiles
2440 2891 2632 2944 animae
2658 2932 2673 2956 ,
2703 2889 3030 2959 respondent
3068 2892 3148 2946 eis
3186 2893 3275 2964 qui
3315 2908 3499 2950 earnm
3549 2911 3609 2953 se

2042 2978 2318 3049 precibus,
2370 2995 2553 3035 earum
2598 2995 2656 3037 se
2686 2982 3020 3036 orationibus
3058 2982 3303 3056 satagunt
3336 2999 3607 3042 commen-

2041 3071 2170 3125 dare
2202 3088 2214 3123 :
2241 3070 2329 3125 vix
2356 3072 2631 3127 orationes
2660 3080 2876 3137 nostra),
2902 3074 2985 3128 vix
3011 3089 3211 3144 preces,
3244 3078 3325 3131 vix
3354 3078 3608 3147 obsequia

374 3190 492 3227 rum
525 3171 719 3242 agitur.
749 3168 995 3224 Omnium
1025 3167 1107 3221 hic
1137 3178 1217 3221 est
1248 3168 1469 3232 clamor,
1502 3168 1615 3222 hu-c
1635 3178 1716 3223 est
1744 3169 1941 3224 vocife-
1969 3158 2013 3221 C
2043 3177 2163 3231 qum
2185 3162 2500 3219 exhibemus
2534 3164 2661 3229 Deo,
2688 3164 2842 3219 nobis
2874 3166 3003 3235 ipsis
3029 3167 3302 3223 sufficiunt
3330 3188 3342 3223 :
3385 3172 3475 3226 vix
3519 3189 3608 3227 su-

372 3266 506 3317 ratio
553 3261 809 3326 omnium,
847 3258 978 3313 Ecce
1024 3276 1238 3325 sponsus
1264 3259 1428 3325 t'enit,
1460 3261 1593 3313 exite
1633 3261 1827 3315 obviam
1867 3263 1936 3319 ei.

371 3357 512 3421 Ecce
540 3356 685 3410 venit
706 3394 721 3416 .
768 3368 932 3423 prope
978 3360 1060 3406 est
1081 3393 1095 3414 ,
1121 3351 1229 3420 jam
1259 3353 1462 3416 aderit,
1491 3355 1664 3416 exite,
1694 3355 1935 3420 obviate,

370 3446 652 3502 occurrite.
678 3443 729 3497 II
735 3461 827 3498 ora
853 3454 925 3496 est
943 3446 1059 3515 jam
1078 3446 1139 3496 de
1162 3459 1335 3495 somno
1364 3458 1603 3511 surgere;
1629 3459 1767 3498 nunc
1796 3446 1935 3499 enim

369 3551 534 3607 pr0pe
575 3544 657 3589 est
686 3544 868 3589 nostra
908 3533 1049 3589 salus
1079 3548 1233 3602 quam
1271 3548 1388 3585 eum
1426 3532 1768 3587 credidimus.
1814 3534 1937 3588 Nox

370 3630 642 3699 praecessit,
668 3628 775 3679 dies
806 3624 1264 3695 appropinquavit,
1296 3622 1598 3693 abjiciamus
1626 3639 1779 3691 opera
1802 3634 1938 3678 tene-

367 3728 595 3787 brarum,
622 3722 897 3774 induamur
915 3734 1058 3772 arata
1085 3717 1233 3782 lucis,
1262 3716 1390 3769 sicut
1417 3716 1470 3769 in
1498 3715 1580 3769 die
1600 3716 1804 3770 honeste
1828 3734 1937 3771 am-

368 3814 616 3868 bulemus.

440 3904 674 3972 Surgunt
702 3900 765 3954 ad
794 3902 933 3954 hunc
961 3898 1246 3952 clamorem
1294 3897 1524 3966 virgines
1550 3907 1604 3953 et
1647 3898 1933 3966 prudentes

365 4007 423 4051 et
454 3996 632 4057 fatum,
657 3993 928 4060 lampadas
958 3998 1163 4058 aptant,
1191 3988 1257 4042 ad
1284 3988 1617 4057 operationcs
1644 4005 1702 4045 se
1730 4005 1933 4061 praepa-

365 4096 511 4150 rant;
547 4085 699 4139 deest
728 4083 900 4137 oleum
938 4081 1227 4149 virginibus
1270 4078 1464 4143 fatuis,
1498 4080 1647 4134 deest
1675 4081 1756 4136 eis
1796 4082 1933 4137 (ηιθ-

362 4177 555 4232 ctiunis
584 4174 826 4237 aﬂ'ectus,
860 4173 1010 4226 deest
1040 4170 1261 4225 intentio
1290 4172 1583 4238 cbaritatis,
1612 4172 1803 4228 desunt
1828 4174 1929 4227 mi-

362 4266 673 4322 sericm-dia:
702 4264 900 4318 viscera
930 4278 1047 4333 qua:
1071 4278 1131 4315 ea
1157 4262 1209 4315 in
1232 4261 1470 4317 districto
1496 4264 1739 4318 examine
1766 4265 1930 4319 mise-

362 4356 645 4411 ricordiam
695 4354 885 4409 faciant
918 4354 1232 4421 promereri.
1265 4352 1451 4407 Oleum
1493 4369 1521 4406 a
1569 4354 1930 4410 misericordia

360 4449 553 4518 accipit
581 4446 923 4511 vocabulum;
954 4444 1094 4504 ἕλεος
1128 4444 1269 4498 enim
1301 4444 1485 4500 Grzece
1505 4484 1521 4510 ,
1554 4445 1740 4500 Latine
1771 4446 1929 4501 mise-

2042 3267 2159 3306 nms
2181 3254 2314 3309 tales
2343 3255 2431 3317 qui
2479 3271 2575 3324 pro
2620 3256 2773 3311 nobis
2805 3258 2935 3325 ipsis
2974 3261 3145 3315 audiri
3187 3261 3332 3332 digni
3373 3263 3609 3318 invenia-

2041 3356 2161 3394 mur
2187 3359 2199 3393 :
2221 3357 2327 3396 non
2356 3355 2477 3398 sunt
2505 3346 2777 3401 orationes
2808 3359 3023 3413 nostras,
3050 3366 3159 3405 non
3187 3364 3308 3406 sunt
3326 3352 3607 3408 famulatus

2040 3432 2205 3485 nostri
2220 3434 2446 3490 servitia
2474 3446 2597 3491 ante
2627 3436 2790 3492 Deum
2823 3439 2973 3504 tanti,
3010 3447 3066 3493 ut
3091 3456 3183 3508 per
3209 3458 3268 3495 ea
3295 3444 3495 3512 possint
3516 3444 3607 3500 alii

2038 3524 2330 3590 promereri
2360 3526 2585 3581 salutem
2620 3543 2632 3581 :
2670 3527 2832 3582 nolite
2862 3529 2914 3583 in
2946 3532 3192 3597 precibus
3227 3534 3454 3599 nostris,
3486 3550 3606 3604 qum

2037 3613 2234 3669 nullius
2268 3617 2524 3672 momenti
2572 3619 2843 3685 existunt,
2895 3635 3045 3690 spem
3092 3638 3336 3691 ponere:
3370 3624 3467 3693 ipsi
3511 3638 3606 3693 pro

2035 3702 2185 3756 vobis
2213 3704 2386 3773 potius
2410 3705 2652 3761 laborare
2682 3710 2913 3767 studete.
2941 3712 3152 3775 Oleum,
3180 3722 3237 3766 ut
3256 3712 3356 3783 ipsi
3384 3715 3598 3768 conﬁte-

2036 3795 2187 3860 mini,
2217 3812 2320 3850 non
2344 3797 2581 3864 habetis;
2613 3800 2716 3853 olei
2747 3803 3054 3857 venditores
3083 3803 3339 3872 plurimos
3367 3806 3615 3862 invenire

2035 3891 2278 3957 potestis.
2316 3889 2628 3947 Venditores
2667 3895 2806 3959 olei,
2842 3896 3147 3952 venditores
3186 3897 3615 3969 misericordiae,

2036 3998 2303 4052 pauperes
2342 3995 2501 4051 sunt,
2544 3986 2795 4055 quoniam
2836 3988 2961 4044 dum
3012 3990 3143 4059 ipsis
3184 3990 3599 4047 misericordiam

2034 4073 2387 4142 impertimus,
2424 4084 2477 4129 et
2500 4077 2600 4143 ipsi
2622 4092 2650 4129 a
2678 4076 2904 4133 Domino
2933 4080 3353 4135 misericordiam
3387 4097 3601 4151 prome.

2033 4183 2231 4223 rt-mur.
2264 4168 2475 4235 Ipsique
2510 4177 2633 4223 sunt
2661 4170 2749 4240 qui
2780 4170 2848 4225 de
2878 4186 3179 4225 mammona
3219 4172 3401 4243 iniquo
3450 4175 3603 4228 nobis

2031 4261 2282 4316 amicitia:
2319 4263 2533 4316 vinculo
2576 4266 2837 4335 copulati,
2882 4267 2935 4321 in
2968 4276 3167 4322 aeterna
3199 4282 3295 4322 nos
3336 4271 3613 4338 recipiunt,

2034 4350 2387 4407 tabernacula.
2411 4355 2475 4408 Et
2497 4357 2547 4408 in
2572 4372 2671 4424 qua
2690 4371 2933 4412 mensura
2961 4359 3205 4412 metimur
3224 4358 3390 4436 eis,in
3414 4360 3599 4428 eadem

2032 4445 2345 4499 remetietur
2373 4447 2557 4501 'nobis.
2593 4447 2673 4502 Ad
2706 4446 2804 4503 hos
2836 4449 2996 4519 igitur
3027 4450 3129 4513 ite,
3162 4465 3256 4503 eos
3290 4450 3439 4503 vobis
3465 4452 3601 4513 anni:

362 4540 589 4607 ricordia
640 4539 865 4603 dicitur,
920 4548 973 4591 et
1019 4547 1295 4606 propterea
1330 4551 1563 4606 congrue
1604 4553 1700 4606 per
1751 4537 1925 4594 oleum
1956 4530 2005 4591 D
2030 4550 2121 4591 cos
2144 4534 2319 4600 facite,
2352 4538 2430 4592 eis
2463 4553 2566 4591 non
2590 4539 2835 4593 vanitatis
2873 4540 3293 4613 intentione,qut
3323 4541 3600 4606 hactenus,

360 4632 724 4686 misericordia
750 4629 1022 4699 figuratur.
1054 4628 1237 4697 Neque
1265 4627 1408 4681 aliud
1435 4628 1783 4692 existimetis,
1820 4631 1924 4683 fra-

362 4734 470 4779 tres
493 4720 815 4787 cbarissimi,
848 4719 1005 4772 modo
1027 4734 1112 4771 me
1148 4718 1357 4782 dicere,
1385 4718 1525 4773 aliud
1557 4722 1702 4788 prius
1730 4736 1795 4775 ex
1834 4736 1927 4775 ore

361 4828 480 4867 meo
498 4812 691 4865 vestris
718 4810 771 4863 in
795 4809 1011 4863 auribus
1034 4809 1296 4862 sonuisse.
1327 4808 1503 4863 Videri
1535 4811 1675 4864 enim
1700 4809 1925 4864 fortasse

357 4904 682 4974 quibuslibet
723 4909 895 4968 potest
923 4900 1224 4963 diversum,
1272 4901 1412 4969 quod
1445 4902 1589 4967 prius
1617 4916 1710 4970 per
1748 4902 1922 4956 oleum

357 4996 466 5055 dixi
494 4995 687 5048 debere
712 4992 1018 5047 charitatem
1043 4992 1293 5061 intelligi,
1318 4992 1477 5047 modo
1500 5008 1596 5062 per
1622 4996 1794 5047 oleum
1825 4995 1923 5047 mi-

358 5088 707 5141 sericordiam
739 5084 861 5138 dico
888 5083 1195 5153 significari.
1225 5083 1523 5153 Nunquam,
1552 5084 1742 5139 fratres
1783 5086 1883 5139 mvi
1906 5126 1920 5150 ,

357 5178 748 5249 misericordia:
774 5178 1062 5231 visceribus
1090 5179 1321 5232 charitas
1342 5219 1356 5242 ,
1402 5194 1668 5248 nunquam
1714 5180 1926 5233 miseri.

356 5271 534 5325 cordia
558 5269 749 5324 allecto
780 5268 973 5336 poterit
1002 5268 1301 5322 dilectionis
1341 5284 1543 5323 carere.
1575 5270 1689 5323 Non
1730 5273 1926 5340 poterit

359 5367 516 5434 igitur
545 5364 720 5417 oleum
754 5374 910 5432 typus
941 5362 1172 5416 existere
1202 5362 1497 5428 charitatis,
1530 5372 1587 5417 ut
1617 5379 1721 5419 non
1762 5366 1921 5419 etiam

357 5463 510 5523 typus
544 5452 739 5519 [al'ilel'
776 5451 972 5505 exiStat
1022 5450 1424 5506 misericordias.
1470 5451 1537 5506 Et
1579 5469 1684 5507 non
1724 5456 1920 5523 poterit

356 5545 572 5613 ﬁguram
630 5541 1007 5596 misericordim
1036 5556 1242 5609 gerere,
1286 5554 1339 5597 et
1380 5543 1600 5619 figuram
1644 5545 1918 5598 cbaritatis

357 5636 554 5712 pariter
594 5652 699 5690 non
736 5634 951 5688 habere.
980 5632 1114 5686 Cum
1145 5632 1302 5701 igitur
1330 5651 1423 5703 per
1463 5634 1638 5689 oleum
1683 5636 1917 5689 Charitas

355 5730 567 5805 figurari
585 5731 795 5794 dicitur,
812 5728 964 5782 simul
982 5728 1139 5783 etiam
1161 5725 1371 5797 ﬁgurari
1389 5742 1479 5798 per
1503 5726 1679 5791 oleum
1708 5727 1918 5785 miseri-

2029 4626 2123 4679 sed
2146 4642 2240 4695 spe
2261 4629 2385 4693 olei,
2411 4644 2506 4694 spe
2539 4629 2732 4684 divina:
2760 4631 3139 4685 misericordiae
3174 4633 3625 4705 conseqtiendm,_

2030 4720 2097 4772 de
2152 4735 2451 4773 mammona
2507 4732 2685 4776 vestro
2732 4722 3024 4798 iniquitatis
3073 4722 3501 4797 tribuitetcerti
3546 4737 3600 4782 et

2030 4810 2345 4875 inambigui,
2377 4814 2629 4879 quoniam
2660 4829 2962 4867 mensuram
2992 4815 3183 4869 bonam
3226 4823 3281 4869 et
3303 4815 3599 4888 confertam

2029 4910 2083 4953 et
2131 4902 2445 4971 congitatam
2488 4914 2543 4957 et
2584 4904 3047 4973 supereflluentem
3087 4904 3289 4961 dabunt
3331 4907 3384 4961 in
3422 4906 3598 4962 sinum

2032 5003 2284 5046 vestrum.

2100 5084 2334 5138 Audiunt
2374 5086 2713 5153 prudentium
2744 5087 2962 5141 consilia
2996 5085 3153 5141 fatuas
3176 5128 3191 5151 ,
3219 5097 3346 5142 cunt
3382 5097 3440 5143 ut
3483 5086 3599 5143 olei

2029 5174 2222 5227 iaciant
2253 5178 2597 5244 emptionem.
2634 5175 2737 5233 Sed
2763 5176 2865 5229 illis
2887 5177 3132 5230 euntibus
3158 5192 3385 5247 sponsus
3418 5180 3556 5232 venit
3577 5218 3597 5245 ,ν

2030 5265 2189 5319 intrat
2218 5280 2335 5319 cum
2359 5268 2556 5336 paratis
2586 5267 2650 5321 ad
2681 5267 2912 5335 nuptias,
2938 5266 3098 5336 janua
3131 5268 3428 5323 obseratur.
3457 5270 3596 5337 Quid

2030 5366 2113 5410 est
2134 5356 2292 5411 eunt?
2317 5357 2638 5420 Decernunt,
2665 5366 2922 5420 statuunt,
2944 5358 3249 5427 disponunt.
3275 5360 3601 5431 Decernere,

2031 5449 2584 5518 statuere,disponere
2605 5449 2804 5518 aliquid
2827 5450 3028 5514 animo,
3044 5448 3122 5504 ire
3135 5457 3233 5505 est.
3263 5449 3515 5505 Dicuntur
3534 5465 3597 5507 ttt

2024 5546 2198 5597 oleum
2227 5555 2461 5597 emerent
2493 5543 2621 5606 isse,
2673 5558 2775 5595 non
2802 5542 3047 5597 dicuntur
3073 5544 3284 5597 emisse.
3311 5543 3465 5608 Eunt,
3498 5545 3602 5608 sed,

2031 5648 2138 5686 non
2172 5642 2371 5695 emunt,
2393 5633 2510 5701 quia
2534 5642 2787 5696 statuunt,
2807 5633 2898 5686 sed
2927 5648 3029 5685 non
3063 5634 3277 5699 faciunt,
3307 5636 3590 5703 spondent,

2030 5723 2127 5782 sed
2149 5739 2257 5784 non
2276 5725 2513 5795 implent,
2535 5725 2868 5796 pollicentur,
2886 5725 2977 5782 sed
2997 5741 3098 5784 non
3117 5738 3599 5799 exercentur,‘pxo‘
