  <div class='ocr_page' id='page_1' title='image "/cluster/home/n/w/nwhite01/storage/ocr_20150623/66/hvd.32044054758701/479.png"; bbox 0 0 4034 6166; ppageno 0'>
   <div class='ocr_carea' id='block_1_1' title="bbox 463 223 570 278">
    <p class='ocr_par' dir='ltr' id='par_1_1' title="bbox 463 223 570 278">
     <span class='ocr_line' id='line_1_1' title="bbox 463 223 570 278; baseline 0 -1"><span class='ocrx_word' id='word_1_1' title='bbox 463 223 570 278; x_wconf 70' lang='lat' dir='ltr'><strong>9H</strong></span> 
     </span>
    </p>
   </div>
   <div class='ocr_carea' id='block_1_2' title="bbox 1399 222 2742 283">
    <p class='ocr_par' dir='ltr' id='par_1_2' title="bbox 1399 222 2742 283">
     <span class='ocr_line' id='line_1_2' title="bbox 1399 222 2742 283; baseline -0.003 -1"><span class='ocrx_word' id='word_1_2' title='bbox 1399 224 1734 283; x_wconf 67' lang='lat' dir='ltr'><strong>APPENDIX</strong></span> <span class='ocrx_word' id='word_1_3' title='bbox 1777 225 1866 278; x_wconf 79' lang='lat' dir='ltr'><strong>AD</strong></span> <span class='ocrx_word' id='word_1_4' title='bbox 1905 224 2128 282; x_wconf 64' lang='lat' dir='ltr'><strong>OPEliA</strong></span> <span class='ocrx_word' id='word_1_5' title='bbox 2168 222 2227 278; x_wconf 88' lang='lat' dir='ltr'><strong>S.</strong></span> <span class='ocrx_word' id='word_1_6' title='bbox 2271 224 2328 278; x_wconf 83' lang='grc' dir='ltr'><strong>Ρ.</strong></span> <span class='ocrx_word' id='word_1_7' title='bbox 2372 223 2742 278; x_wconf 71' lang='lat' dir='ltr'><strong>BENEBICTI.</strong></span> 
     </span>
    </p>
   </div>
   <div class='ocr_carea' id='block_1_3' title="bbox 3605 225 3710 279">
    <p class='ocr_par' dir='ltr' id='par_1_3' title="bbox 3605 225 3710 279">
     <span class='ocr_line' id='line_1_3' title="bbox 3605 225 3710 279; baseline -0.019 -1"><span class='ocrx_word' id='word_1_8' title='bbox 3605 225 3710 279; x_wconf 75' lang='lat' dir='ltr'><strong>9i8</strong></span> 
     </span>
    </p>
   </div>
   <div class='ocr_carea' id='block_1_4' title="bbox 462 333 3706 404">
    <p class='ocr_par' dir='ltr' id='par_1_4' title="bbox 462 333 3706 404">
     <span class='ocr_line' id='line_1_4' title="bbox 462 333 3706 404; baseline 0.001 -18"><span class='ocrx_word' id='word_1_9' title='bbox 462 333 651 397; x_wconf 84' lang='lat' dir='ltr'><strong>telaut,</strong></span> <span class='ocrx_word' id='word_1_10' title='bbox 680 334 1087 401; x_wconf 85' lang='lat' dir='ltr'><strong>procrastinant,</strong></span> <span class='ocrx_word' id='word_1_11' title='bbox 1108 333 1374 387; x_wconf 67' lang='lat' dir='ltr'><strong>differunt.</strong></span> <span class='ocrx_word' id='word_1_12' title='bbox 1395 333 1575 398; x_wconf 80' lang='lat' dir='ltr'><strong>Fatuis</strong></span> <span class='ocrx_word' id='word_1_13' title='bbox 1592 335 1656 387; x_wconf 90' lang='lat' dir='ltr'><strong>ad</strong></span> <span class='ocrx_word' id='word_1_14' title='bbox 1674 333 2023 402; x_wconf 85' lang='lat' dir='ltr'><strong>olciemptio-</strong></span> <span class='ocrx_word' id='word_1_15' title='bbox 2051 338 2097 392; x_wconf 84' lang='grc' dir='ltr'><strong>Α</strong></span> <span class='ocrx_word' id='word_1_16' title='bbox 2131 333 2242 386; x_wconf 80' lang='lat' dir='ltr'><strong>bzec</strong></span> <span class='ocrx_word' id='word_1_17' title='bbox 2281 334 2394 386; x_wconf 86' lang='lat' dir='ltr'><strong>avis</strong></span> <span class='ocrx_word' id='word_1_18' title='bbox 2418 335 2664 388; x_wconf 71' lang='lat' dir='ltr'><strong>libentius</strong></span> <span class='ocrx_word' id='word_1_19' title='bbox 2692 347 2744 388; x_wconf 89' lang='lat' dir='ltr'><strong>et</strong></span> <span class='ocrx_word' id='word_1_20' title='bbox 2770 334 3094 404; x_wconf 72' lang='lat' dir='ltr'><strong>frequentius</strong></span> <span class='ocrx_word' id='word_1_21' title='bbox 3124 336 3176 390; x_wconf 93' lang='lat' dir='ltr'><strong>in</strong></span> <span class='ocrx_word' id='word_1_22' title='bbox 3220 345 3382 403; x_wconf 63' lang='lat' dir='ltr'><strong>petra</strong></span> <span class='ocrx_word' id='word_1_23' title='bbox 3423 340 3706 392; x_wconf 84' lang='lat' dir='ltr'><strong>foramini-</strong></span> 
     </span>
    </p>
   </div>
   <div class='ocr_carea' id='block_1_5' title="bbox 461 426 2023 498">
    <p class='ocr_par' dir='ltr' id='par_1_5' title="bbox 461 426 2023 498">
     <span class='ocr_line' id='line_1_5' title="bbox 461 426 2023 498; baseline 0.002 -20"><span class='ocrx_word' id='word_1_24' title='bbox 461 440 582 479; x_wconf 83' lang='lat' dir='ltr'><strong>nem</strong></span> <span class='ocrx_word' id='word_1_25' title='bbox 607 426 874 490; x_wconf 91' lang='lat' dir='ltr'><strong>euntibus,</strong></span> <span class='ocrx_word' id='word_1_26' title='bbox 908 427 1254 494; x_wconf 82' lang='lat' dir='ltr'><strong>prudentibus</strong></span> <span class='ocrx_word' id='word_1_27' title='bbox 1281 442 1408 482; x_wconf 89' lang='lat' dir='ltr'><strong>vero</strong></span> <span class='ocrx_word' id='word_1_28' title='bbox 1436 427 1501 480; x_wconf 90' lang='lat' dir='ltr'><strong>de</strong></span> <span class='ocrx_word' id='word_1_29' title='bbox 1523 443 1587 482; x_wconf 88' lang='lat' dir='ltr'><strong>eo</strong></span> <span class='ocrx_word' id='word_1_30' title='bbox 1619 427 1758 498; x_wconf 93' lang='lat' dir='ltr'><strong>quod</strong></span> <span class='ocrx_word' id='word_1_31' title='bbox 1802 429 1851 481; x_wconf 92' lang='lat' dir='ltr'><strong>in</strong></span> <span class='ocrx_word' id='word_1_32' title='bbox 1882 427 2023 481; x_wconf 82' lang='lat' dir='ltr'><strong>vasis</strong></span> 
     </span>
    </p>
   </div>
   <div class='ocr_carea' id='block_1_6' title="bbox 461 515 2022 587">
    <p class='ocr_par' dir='ltr' id='par_1_6' title="bbox 461 515 2022 587">
     <span class='ocr_line' id='line_1_6' title="bbox 461 515 2022 587; baseline 0.004 -24"><span class='ocrx_word' id='word_1_33' title='bbox 461 515 718 568; x_wconf 81' lang='lat' dir='ltr'><strong>habebant</strong></span> <span class='ocrx_word' id='word_1_34' title='bbox 751 515 870 568; x_wconf 84' lang='lat' dir='ltr'><strong>oleo</strong></span> <span class='ocrx_word' id='word_1_35' title='bbox 918 518 1158 570; x_wconf 55' lang='lat' dir='ltr'><strong>lucernas-</strong></span> <span class='ocrx_word' id='word_1_36' title='bbox 1207 517 1538 582; x_wconf 63' lang='lat' dir='ltr'><strong>aptautibus,</strong></span> <span class='ocrx_word' id='word_1_37' title='bbox 1579 532 1809 587; x_wconf 88' lang='lat' dir='ltr'><strong>sponsus</strong></span> <span class='ocrx_word' id='word_1_38' title='bbox 1843 517 2022 582; x_wconf 90' lang='lat' dir='ltr'><strong>venit;</strong></span> 
     </span>
    </p>
   </div>
   <div class='ocr_carea' id='block_1_7' title="bbox 457 606 2022 680">
    <p class='ocr_par' dir='ltr' id='par_1_7' title="bbox 457 606 2022 680">
     <span class='ocr_line' id='line_1_7' title="bbox 457 606 2022 680; baseline 0.004 -23"><span class='ocrx_word' id='word_1_39' title='bbox 457 608 705 677; x_wconf 80' lang='lat' dir='ltr'><strong>quoniam</strong></span> <span class='ocrx_word' id='word_1_40' title='bbox 730 606 971 676; x_wconf 90' lang='lat' dir='ltr'><strong>reprobis</strong></span> <span class='ocrx_word' id='word_1_41' title='bbox 1002 610 1138 662; x_wconf 90' lang='lat' dir='ltr'><strong>bona</strong></span> <span class='ocrx_word' id='word_1_42' title='bbox 1178 625 1389 680; x_wconf 85' lang='lat' dir='ltr'><strong>semper</strong></span> <span class='ocrx_word' id='word_1_43' title='bbox 1414 612 1588 666; x_wconf 88' lang='lat' dir='ltr'><strong>facere</strong></span> <span class='ocrx_word' id='word_1_44' title='bbox 1626 610 2022 675; x_wconf 79' lang='lat' dir='ltr'><strong>differentibus,</strong></span> 
     </span>
    </p>
   </div>
   <div class='ocr_carea' id='block_1_8' title="bbox 456 699 2024 772">
    <p class='ocr_par' dir='ltr' id='par_1_8' title="bbox 456 699 2024 772">
     <span class='ocr_line' id='line_1_8' title="bbox 456 699 2024 772; baseline 0.004 -22"><span class='ocrx_word' id='word_1_45' title='bbox 456 706 510 750; x_wconf 85' lang='lat' dir='ltr'><strong>et</strong></span> <span class='ocrx_word' id='word_1_46' title='bbox 537 699 722 752; x_wconf 84' lang='lat' dir='ltr'><strong>electis</strong></span> <span class='ocrx_word' id='word_1_47' title='bbox 772 699 1133 755; x_wconf 76' lang='lat' dir='ltr'><strong>indesinetrer</strong></span> <span class='ocrx_word' id='word_1_48' title='bbox 1177 703 1256 756; x_wconf 91' lang='lat' dir='ltr'><strong>eis</strong></span> <span class='ocrx_word' id='word_1_49' title='bbox 1286 703 1686 767; x_wconf 74' lang='lat' dir='ltr'><strong>insistentibus,</strong></span> <span class='ocrx_word' id='word_1_50' title='bbox 1725 702 1885 772; x_wconf 80' lang='lat' dir='ltr'><strong>judex</strong></span> <span class='ocrx_word' id='word_1_51' title='bbox 1928 717 2024 772; x_wconf 90' lang='lat' dir='ltr'><strong>per</strong></span> 
     </span>
    </p>
   </div>
   <div class='ocr_carea' id='block_1_9' title="bbox 458 792 2023 860">
    <p class='ocr_par' dir='ltr' id='par_1_9' title="bbox 458 792 2023 860">
     <span class='ocr_line' id='line_1_9' title="bbox 458 792 2023 860; baseline 0.003 -16"><span class='ocrx_word' id='word_1_52' title='bbox 458 797 681 844; x_wconf 85' lang='lat' dir='ltr'><strong>mortem</strong></span> <span class='ocrx_word' id='word_1_53' title='bbox 711 801 764 845; x_wconf 91' lang='lat' dir='ltr'><strong>et</strong></span> <span class='ocrx_word' id='word_1_54' title='bbox 795 792 892 846; x_wconf 87' lang='lat' dir='ltr'><strong>hos</strong></span> <span class='ocrx_word' id='word_1_55' title='bbox 920 801 974 847; x_wconf 90' lang='lat' dir='ltr'><strong>et</strong></span> <span class='ocrx_word' id='word_1_56' title='bbox 1001 793 1120 847; x_wconf 91' lang='lat' dir='ltr'><strong>illos</strong></span> <span class='ocrx_word' id='word_1_57' title='bbox 1148 794 1210 848; x_wconf 93' lang='lat' dir='ltr'><strong>ad</strong></span> <span class='ocrx_word' id='word_1_58' title='bbox 1236 809 1457 848; x_wconf 79' lang='lat' dir='ltr'><strong>examen</strong></span> <span class='ocrx_word' id='word_1_59' title='bbox 1482 794 1730 860; x_wconf 79' lang='lat' dir='ltr'><strong>accersit,</strong></span> <span class='ocrx_word' id='word_1_60' title='bbox 1755 804 1811 849; x_wconf 93' lang='lat' dir='ltr'><strong>et</strong></span> <span class='ocrx_word' id='word_1_61' title='bbox 1837 793 2023 849; x_wconf 81' lang='lat' dir='ltr'><strong>electis</strong></span> 
     </span>
    </p>
   </div>
   <div class='ocr_carea' id='block_1_10' title="bbox 456 885 2020 957">
    <p class='ocr_par' dir='ltr' id='par_1_10' title="bbox 456 885 2020 957">
     <span class='ocr_line' id='line_1_10' title="bbox 456 885 2020 957; baseline 0.001 -21"><span class='ocrx_word' id='word_1_62' title='bbox 456 897 552 951; x_wconf 89' lang='lat' dir='ltr'><strong>per</strong></span> <span class='ocrx_word' id='word_1_63' title='bbox 573 893 797 938; x_wconf 89' lang='lat' dir='ltr'><strong>mortem</strong></span> <span class='ocrx_word' id='word_1_64' title='bbox 825 887 1113 954; x_wconf 67' lang='lat' dir='ltr'><strong>assumptis</strong></span> <span class='ocrx_word' id='word_1_65' title='bbox 1143 886 1194 940; x_wconf 93' lang='lat' dir='ltr'><strong>in</strong></span> <span class='ocrx_word' id='word_1_66' title='bbox 1223 886 1412 956; x_wconf 85' lang='lat' dir='ltr'><strong>gloria,</strong></span> <span class='ocrx_word' id='word_1_67' title='bbox 1445 901 1540 957; x_wconf 89' lang='lat' dir='ltr'><strong>per</strong></span> <span class='ocrx_word' id='word_1_68' title='bbox 1565 895 1791 942; x_wconf 90' lang='lat' dir='ltr'><strong>mortem</strong></span> <span class='ocrx_word' id='word_1_69' title='bbox 1822 885 2020 940; x_wconf 78' lang='lat' dir='ltr'><strong>nihilo—-</strong></span> 
     </span>
    </p>
   </div>
   <div class='ocr_carea' id='block_1_11' title="bbox 457 974 2021 1046">
    <p class='ocr_par' dir='ltr' id='par_1_11' title="bbox 457 974 2021 1046">
     <span class='ocr_line' id='line_1_11' title="bbox 457 974 2021 1046; baseline 0.004 -24"><span class='ocrx_word' id='word_1_70' title='bbox 457 975 632 1026; x_wconf 77' lang='lat' dir='ltr'><strong>niinus</strong></span> <span class='ocrx_word' id='word_1_71' title='bbox 650 974 887 1040; x_wconf 89' lang='lat' dir='ltr'><strong>reprobis</strong></span> <span class='ocrx_word' id='word_1_72' title='bbox 907 976 1187 1040; x_wconf 80' lang='lat' dir='ltr'><strong>clauditur,</strong></span> <span class='ocrx_word' id='word_1_73' title='bbox 1207 991 1472 1046; x_wconf 77' lang='lat' dir='ltr'><strong>nunquam</strong></span> <span class='ocrx_word' id='word_1_74' title='bbox 1499 976 1578 1031; x_wconf 90' lang='lat' dir='ltr'><strong>eis</strong></span> <span class='ocrx_word' id='word_1_75' title='bbox 1599 976 1732 1030; x_wconf 87' lang='lat' dir='ltr'><strong>ultra</strong></span> <span class='ocrx_word' id='word_1_76' title='bbox 1758 976 1808 1030; x_wconf 91' lang='lat' dir='ltr'><strong>in</strong></span> <span class='ocrx_word' id='word_1_77' title='bbox 1835 989 2021 1045; x_wconf 83' lang='lat' dir='ltr'><strong>perpe-</strong></span> 
     </span>
    </p>
   </div>
   <div class='ocr_carea' id='block_1_12' title="bbox 456 1066 2020 1135">
    <p class='ocr_par' dir='ltr' id='par_1_12' title="bbox 456 1066 2020 1135">
     <span class='ocr_line' id='line_1_12' title="bbox 456 1066 2020 1135; baseline 0.004 -21"><span class='ocrx_word' id='word_1_78' title='bbox 456 1073 602 1117; x_wconf 84' lang='lat' dir='ltr'><strong>tuum</strong></span> <span class='ocrx_word' id='word_1_79' title='bbox 620 1066 1094 1134; x_wconf 82' lang='lat' dir='ltr'><strong>aperiendajanua.</strong></span> <span class='ocrx_word' id='word_1_80' title='bbox 1114 1068 1203 1120; x_wconf 86' lang='lat' dir='ltr'><strong>Illa</strong></span> <span class='ocrx_word' id='word_1_81' title='bbox 1226 1068 1367 1121; x_wconf 88' lang='lat' dir='ltr'><strong>enim</strong></span> <span class='ocrx_word' id='word_1_82' title='bbox 1393 1067 1640 1135; x_wconf 89' lang='lat' dir='ltr'><strong>horajam</strong></span> <span class='ocrx_word' id='word_1_83' title='bbox 1664 1067 1767 1121; x_wconf 88' lang='lat' dir='ltr'><strong>illis</strong></span> <span class='ocrx_word' id='word_1_84' title='bbox 1787 1067 1938 1121; x_wconf 85' lang='lat' dir='ltr'><strong>adest</strong></span> <span class='ocrx_word' id='word_1_85' title='bbox 1953 1066 2020 1120; x_wconf 84' lang='lat' dir='ltr'><strong>de</strong></span> 
     </span>
    </p>
   </div>
   <div class='ocr_carea' id='block_1_13' title="bbox 454 1157 2020 1232">
    <p class='ocr_par' dir='ltr' id='par_1_13' title="bbox 454 1157 2020 1232">
     <span class='ocr_line' id='line_1_13' title="bbox 454 1157 2020 1232; baseline 0.004 -26"><span class='ocrx_word' id='word_1_86' title='bbox 454 1173 554 1223; x_wconf 70' lang='lat' dir='ltr'><strong>qua</strong></span> <span class='ocrx_word' id='word_1_87' title='bbox 588 1157 710 1210; x_wconf 84' lang='lat' dir='ltr'><strong>alibi</strong></span> <span class='ocrx_word' id='word_1_88' title='bbox 743 1159 944 1212; x_wconf 75' lang='lat' dir='ltr'><strong>Veritas</strong></span> <span class='ocrx_word' id='word_1_89' title='bbox 971 1160 1200 1232; x_wconf 90' lang='lat' dir='ltr'><strong>loquitur</strong></span> <span class='ocrx_word' id='word_1_90' title='bbox 1231 1178 1243 1213; x_wconf 89' lang='lat'><strong>:</strong></span> <span class='ocrx_word' id='word_1_91' title='bbox 1285 1158 1484 1224; x_wconf 84' lang='lat' dir='ltr'><strong>Veniet,</strong></span> <span class='ocrx_word' id='word_1_92' title='bbox 1514 1160 1783 1227; x_wconf 89' lang='lat' dir='ltr'><strong>inquiens,</strong></span> <span class='ocrx_word' id='word_1_93' title='bbox 1815 1158 1941 1212; x_wconf 78' lang='lat' dir='ltr'><strong>hora</strong></span> <span class='ocrx_word' id='word_1_94' title='bbox 1966 1161 2020 1212; x_wconf 88' lang='lat' dir='ltr'><strong>in</strong></span> 
     </span>
    </p>
   </div>
   <div class='ocr_carea' id='block_1_14' title="bbox 454 1252 2019 1326">
    <p class='ocr_par' dir='ltr' id='par_1_14' title="bbox 454 1252 2019 1326">
     <span class='ocr_line' id='line_1_14' title="bbox 454 1252 2019 1326; baseline 0.007 -31"><span class='ocrx_word' id='word_1_95' title='bbox 454 1263 557 1326; x_wconf 63' lang='lat' dir='ltr'><strong>qua</strong></span> <span class='ocrx_word' id='word_1_96' title='bbox 584 1263 728 1300; x_wconf 77' lang='lat' dir='ltr'><strong>nemo</strong></span> <span class='ocrx_word' id='word_1_97' title='bbox 751 1259 911 1316; x_wconf 74' lang='lat' dir='ltr'><strong>potest</strong></span> <span class='ocrx_word' id='word_1_98' title='bbox 937 1252 1155 1318; x_wconf 83' lang='lat' dir='ltr'><strong>operari.</strong></span> <span class='ocrx_word' id='word_1_99' title='bbox 1184 1252 1555 1322; x_wconf 66' lang='lat' dir='ltr'><strong>Praeteriitque</strong></span> <span class='ocrx_word' id='word_1_100' title='bbox 1571 1252 1678 1321; x_wconf 84' lang='lat' dir='ltr'><strong>jam</strong></span> <span class='ocrx_word' id='word_1_101' title='bbox 1702 1254 1779 1308; x_wconf 83' lang='lat' dir='ltr'><strong>eis</strong></span> <span class='ocrx_word' id='word_1_102' title='bbox 1810 1261 2019 1322; x_wconf 84' lang='lat' dir='ltr'><strong>tempus</strong></span> 
     </span>
    </p>
   </div>
   <div class='ocr_carea' id='block_1_15' title="bbox 457 1341 2018 1415">
    <p class='ocr_par' dir='ltr' id='par_1_15' title="bbox 457 1341 2018 1415">
     <span class='ocr_line' id='line_1_15' title="bbox 457 1341 2018 1415; baseline 0.006 -28"><span class='ocrx_word' id='word_1_103' title='bbox 457 1341 736 1407; x_wconf 74' lang='lat' dir='ltr'><strong>piztt&#39;illtm,</strong></span> <span class='ocrx_word' id='word_1_104' title='bbox 791 1353 841 1394; x_wconf 84' lang='lat' dir='ltr'><strong>et</strong></span> <span class='ocrx_word' id='word_1_105' title='bbox 870 1343 1177 1397; x_wconf 81' lang='lat' dir='ltr'><strong>salvationis</strong></span> <span class='ocrx_word' id='word_1_106' title='bbox 1205 1344 1351 1410; x_wconf 77' lang='lat' dir='ltr'><strong>dies,</strong></span> <span class='ocrx_word' id='word_1_107' title='bbox 1389 1343 1455 1398; x_wconf 91' lang='lat' dir='ltr'><strong>de</strong></span> <span class='ocrx_word' id='word_1_108' title='bbox 1483 1360 1587 1415; x_wconf 90' lang='lat' dir='ltr'><strong>quo</strong></span> <span class='ocrx_word' id='word_1_109' title='bbox 1632 1344 1885 1397; x_wconf 85' lang='lat' dir='ltr'><strong>Dominus</strong></span> <span class='ocrx_word' id='word_1_110' title='bbox 1925 1358 2018 1398; x_wconf 88' lang='lat' dir='ltr'><strong>ore</strong></span> 
     </span>
    </p>
   </div>
   <div class='ocr_carea' id='block_1_16' title="bbox 458 1433 2024 1506">
    <p class='ocr_par' dir='ltr' id='par_1_16' title="bbox 458 1433 2024 1506">
     <span class='ocr_line' id='line_1_16' title="bbox 458 1433 2024 1506; baseline 0.007 -27"><span class='ocrx_word' id='word_1_111' title='bbox 458 1433 785 1500; x_wconf 79' lang='lat' dir='ltr'><strong>prophetico,</strong></span> <span class='ocrx_word' id='word_1_112' title='bbox 819 1446 1063 1502; x_wconf 59' lang='grc' dir='ltr'><strong>(βωμοί-ε,</strong></span> <span class='ocrx_word' id='word_1_113' title='bbox 1089 1438 1192 1499; x_wconf 90' lang='lat' dir='ltr'><strong>ait,</strong></span> <span class='ocrx_word' id='word_1_114' title='bbox 1230 1437 1415 1506; x_wconf 82' lang='lat' dir='ltr'><strong>placito</strong></span> <span class='ocrx_word' id='word_1_115' title='bbox 1439 1437 1672 1490; x_wconf 73' lang='lat' dir='ltr'><strong>exaudiui</strong></span> <span class='ocrx_word' id='word_1_116' title='bbox 1695 1448 1760 1504; x_wconf 84' lang='lat' dir='ltr'><strong>te,</strong></span> <span class='ocrx_word' id='word_1_117' title='bbox 1787 1447 1833 1490; x_wconf 86' lang='lat' dir='ltr'><strong>et</strong></span> <span class='ocrx_word' id='word_1_118' title='bbox 1862 1438 1911 1489; x_wconf 84' lang='lat' dir='ltr'><strong>in</strong></span> <span class='ocrx_word' id='word_1_119' title='bbox 1939 1437 2024 1490; x_wconf 85' lang='lat' dir='ltr'><strong>die</strong></span> 
     </span>
    </p>
   </div>
   <div class='ocr_carea' id='block_1_17' title="bbox 455 1523 2025 1598">
    <p class='ocr_par' dir='ltr' id='par_1_17' title="bbox 455 1523 2025 1598">
     <span class='ocr_line' id='line_1_17' title="bbox 455 1523 2025 1598; baseline 0.006 -25"><span class='ocrx_word' id='word_1_120' title='bbox 455 1523 632 1576; x_wconf 65' lang='lat' dir='ltr'><strong>salutis</strong></span> <span class='ocrx_word' id='word_1_121' title='bbox 657 1525 936 1578; x_wconf 74' lang='lat' dir='ltr'><strong>auxiliatos</strong></span> <span class='ocrx_word' id='word_1_122' title='bbox 970 1545 1082 1596; x_wconf 78' lang='lat' dir='ltr'><strong>sum</strong></span> <span class='ocrx_word' id='word_1_123' title='bbox 1111 1528 1218 1580; x_wconf 79' lang='lat' dir='ltr'><strong>tibi.</strong></span> <span class='ocrx_word' id='word_1_124' title='bbox 1260 1529 1408 1582; x_wconf 88' lang='lat' dir='ltr'><strong>Unde</strong></span> <span class='ocrx_word' id='word_1_125' title='bbox 1455 1532 1506 1582; x_wconf 91' lang='lat' dir='ltr'><strong>in</strong></span> <span class='ocrx_word' id='word_1_126' title='bbox 1538 1544 1758 1583; x_wconf 87' lang='lat' dir='ltr'><strong>vacuum</strong></span> <span class='ocrx_word' id='word_1_127' title='bbox 1803 1530 2025 1598; x_wconf 86' lang='lat' dir='ltr'><strong>ingemi-</strong></span> 
     </span>
    </p>
   </div>
   <div class='ocr_carea' id='block_1_18' title="bbox 458 1618 2024 1690">
    <p class='ocr_par' dir='ltr' id='par_1_18' title="bbox 458 1618 2024 1690">
     <span class='ocr_line' id='line_1_18' title="bbox 458 1618 2024 1690; baseline 0.009 -28"><span class='ocrx_word' id='word_1_128' title='bbox 458 1622 586 1665; x_wconf 85' lang='lat' dir='ltr'><strong>nant</strong></span> <span class='ocrx_word' id='word_1_129' title='bbox 626 1629 784 1668; x_wconf 88' lang='lat' dir='ltr'><strong>voces</strong></span> <span class='ocrx_word' id='word_1_130' title='bbox 835 1618 1120 1684; x_wconf 89' lang='lat' dir='ltr'><strong>clamoris,</strong></span> <span class='ocrx_word' id='word_1_131' title='bbox 1171 1619 1359 1690; x_wconf 87' lang='lat' dir='ltr'><strong>quibus</strong></span> <span class='ocrx_word' id='word_1_132' title='bbox 1408 1629 1615 1689; x_wconf 87' lang='lat' dir='ltr'><strong>tempus</strong></span> <span class='ocrx_word' id='word_1_133' title='bbox 1657 1631 1899 1676; x_wconf 74' lang='lat' dir='ltr'><strong>exactum</strong></span> <span class='ocrx_word' id='word_1_134' title='bbox 1941 1631 2024 1678; x_wconf 87' lang='lat' dir='ltr'><strong>est</strong></span> 
     </span>
    </p>
   </div>
   <div class='ocr_carea' id='block_1_19' title="bbox 2129 423 3703 496">
    <p class='ocr_par' dir='ltr' id='par_1_19' title="bbox 2129 423 3703 496">
     <span class='ocr_line' id='line_1_19' title="bbox 2129 423 3703 496; baseline 0.004 -18"><span class='ocrx_word' id='word_1_135' title='bbox 2129 423 2228 478; x_wconf 88' lang='lat' dir='ltr'><strong>bus</strong></span> <span class='ocrx_word' id='word_1_136' title='bbox 2253 425 2432 479; x_wconf 89' lang='lat' dir='ltr'><strong>nidum</strong></span> <span class='ocrx_word' id='word_1_137' title='bbox 2454 427 2742 490; x_wconf 77' lang='lat' dir='ltr'><strong>:edifiearc,</strong></span> <span class='ocrx_word' id='word_1_138' title='bbox 2768 428 3074 496; x_wconf 80' lang='lat' dir='ltr'><strong>perhibetur</strong></span> <span class='ocrx_word' id='word_1_139' title='bbox 3097 428 3166 482; x_wconf 93' lang='lat' dir='ltr'><strong>nil</strong></span> <span class='ocrx_word' id='word_1_140' title='bbox 3189 430 3365 482; x_wconf 86' lang='lat' dir='ltr'><strong>vivum</strong></span> <span class='ocrx_word' id='word_1_141' title='bbox 3389 431 3703 495; x_wconf 87' lang='lat' dir='ltr'><strong>comedere,</strong></span> 
     </span>
    </p>
   </div>
   <div class='ocr_carea' id='block_1_20' title="bbox 2131 515 3704 589">
    <p class='ocr_par' dir='ltr' id='par_1_20' title="bbox 2131 515 3704 589">
     <span class='ocr_line' id='line_1_20' title="bbox 2131 515 3704 589; baseline 0.005 -22"><span class='ocrx_word' id='word_1_142' title='bbox 2131 515 2437 585; x_wconf 70' lang='lat' dir='ltr'><strong>perhibe&#39;ur</strong></span> <span class='ocrx_word' id='word_1_143' title='bbox 2480 534 2582 571; x_wconf 92' lang='lat' dir='ltr'><strong>non</strong></span> <span class='ocrx_word' id='word_1_144' title='bbox 2621 528 2816 585; x_wconf 89' lang='lat' dir='ltr'><strong>rostro,</strong></span> <span class='ocrx_word' id='word_1_145' title='bbox 2857 534 2960 572; x_wconf 91' lang='lat' dir='ltr'><strong>non</strong></span> <span class='ocrx_word' id='word_1_146' title='bbox 2993 521 3255 589; x_wconf 85' lang='lat' dir='ltr'><strong>unguibus</strong></span> <span class='ocrx_word' id='word_1_147' title='bbox 3281 535 3422 586; x_wconf 89' lang='lat' dir='ltr'><strong>sese,</strong></span> <span class='ocrx_word' id='word_1_148' title='bbox 3454 522 3545 574; x_wconf 90' lang='lat' dir='ltr'><strong>sed</strong></span> <span class='ocrx_word' id='word_1_149' title='bbox 3587 523 3704 575; x_wconf 85' lang='lat' dir='ltr'><strong>ala-</strong></span> 
     </span>
    </p>
   </div>
   <div class='ocr_carea' id='block_1_21' title="bbox 2131 607 3704 678">
    <p class='ocr_par' dir='ltr' id='par_1_21' title="bbox 2131 607 3704 678">
     <span class='ocr_line' id='line_1_21' title="bbox 2131 607 3704 678; baseline 0.006 -19"><span class='ocrx_word' id='word_1_150' title='bbox 2131 621 2246 660; x_wconf 91' lang='lat' dir='ltr'><strong>rum</strong></span> <span class='ocrx_word' id='word_1_151' title='bbox 2279 609 2511 661; x_wconf 89' lang='lat' dir='ltr'><strong>motione</strong></span> <span class='ocrx_word' id='word_1_152' title='bbox 2541 607 2856 674; x_wconf 83' lang='lat' dir='ltr'><strong>defendere,</strong></span> <span class='ocrx_word' id='word_1_153' title='bbox 2891 609 3198 678; x_wconf 82' lang='lat' dir='ltr'><strong>perhibetur</strong></span> <span class='ocrx_word' id='word_1_154' title='bbox 3241 611 3291 665; x_wconf 93' lang='lat' dir='ltr'><strong>in</strong></span> <span class='ocrx_word' id='word_1_155' title='bbox 3345 615 3574 670; x_wconf 89' lang='lat' dir='ltr'><strong>volando</strong></span> <span class='ocrx_word' id='word_1_156' title='bbox 3612 632 3704 672; x_wconf 78' lang='lat' dir='ltr'><strong>so-</strong></span> 
     </span>
    </p>
   </div>
   <div class='ocr_carea' id='block_1_22' title="bbox 2130 699 3698 773">
    <p class='ocr_par' dir='ltr' id='par_1_22' title="bbox 2130 699 3698 773">
     <span class='ocr_line' id='line_1_22' title="bbox 2130 699 3698 773; baseline 0.006 -21"><span class='ocrx_word' id='word_1_157' title='bbox 2130 699 2373 753; x_wconf 90' lang='lat' dir='ltr'><strong>cietatem</strong></span> <span class='ocrx_word' id='word_1_158' title='bbox 2397 715 2595 765; x_wconf 88' lang='lat' dir='ltr'><strong>amare,</strong></span> <span class='ocrx_word' id='word_1_159' title='bbox 2630 700 2942 770; x_wconf 87' lang='lat' dir='ltr'><strong>perhibetur</strong></span> <span class='ocrx_word' id='word_1_160' title='bbox 2964 701 3147 757; x_wconf 91' lang='lat' dir='ltr'><strong>oculos</strong></span> <span class='ocrx_word' id='word_1_161' title='bbox 3175 703 3457 772; x_wconf 88' lang='lat' dir='ltr'><strong>lippientes</strong></span> <span class='ocrx_word' id='word_1_162' title='bbox 3480 708 3698 773; x_wconf 89' lang='lat' dir='ltr'><strong>habere,</strong></span> 
     </span>
    </p>
   </div>
   <div class='ocr_carea' id='block_1_23' title="bbox 2128 788 3698 868">
    <p class='ocr_par' dir='ltr' id='par_1_23' title="bbox 2128 788 3698 868">
     <span class='ocr_line' id='line_1_23' title="bbox 2128 788 3698 868; baseline 0.006 -26"><span class='ocrx_word' id='word_1_163' title='bbox 2128 788 2366 859; x_wconf 87' lang='lat' dir='ltr'><strong>solisque</strong></span> <span class='ocrx_word' id='word_1_164' title='bbox 2415 792 2599 844; x_wconf 81' lang='lat' dir='ltr'><strong>volans</strong></span> <span class='ocrx_word' id='word_1_165' title='bbox 2628 792 2848 846; x_wconf 87' lang='lat' dir='ltr'><strong>adversa</strong></span> <span class='ocrx_word' id='word_1_166' title='bbox 2877 791 3040 846; x_wconf 87' lang='lat' dir='ltr'><strong>radiis</strong></span> <span class='ocrx_word' id='word_1_167' title='bbox 3068 809 3171 847; x_wconf 90' lang='lat' dir='ltr'><strong>non</strong></span> <span class='ocrx_word' id='word_1_168' title='bbox 3205 810 3359 863; x_wconf 88' lang='lat' dir='ltr'><strong>posse</strong></span> <span class='ocrx_word' id='word_1_169' title='bbox 3390 799 3698 868; x_wconf 84' lang='lat' dir='ltr'><strong>accipitrem</strong></span> 
     </span>
    </p>
   </div>
   <div class='ocr_carea' id='block_1_24' title="bbox 2129 880 3702 951">
    <p class='ocr_par' dir='ltr' id='par_1_24' title="bbox 2129 880 3702 951">
     <span class='ocr_line' id='line_1_24' title="bbox 2129 880 3702 951; baseline 0.006 -16"><span class='ocrx_word' id='word_1_170' title='bbox 2129 880 2338 935; x_wconf 90' lang='lat' dir='ltr'><strong>obvium</strong></span> <span class='ocrx_word' id='word_1_171' title='bbox 2386 880 2555 935; x_wconf 82' lang='lat' dir='ltr'><strong>lucida</strong></span> <span class='ocrx_word' id='word_1_172' title='bbox 2587 883 3034 951; x_wconf 86' lang='lat' dir='ltr'><strong>contemplatione</strong></span> <span class='ocrx_word' id='word_1_173' title='bbox 3060 884 3271 947; x_wconf 88' lang='lat' dir='ltr'><strong>videre;</strong></span> <span class='ocrx_word' id='word_1_174' title='bbox 3312 887 3452 942; x_wconf 90' lang='lat' dir='ltr'><strong>unde</strong></span> <span class='ocrx_word' id='word_1_175' title='bbox 3499 889 3702 945; x_wconf 91' lang='lat' dir='ltr'><strong>dicitur</strong></span> 
     </span>
    </p>
   </div>
   <div class='ocr_carea' id='block_1_25' title="bbox 2128 972 3693 1046">
    <p class='ocr_par' dir='ltr' id='par_1_25' title="bbox 2128 972 3693 1046">
     <span class='ocr_line' id='line_1_25' title="bbox 2128 972 3693 1046; baseline 0.005 -20"><span class='ocrx_word' id='word_1_176' title='bbox 2128 983 2376 1026; x_wconf 90' lang='lat' dir='ltr'><strong>consueta</strong></span> <span class='ocrx_word' id='word_1_177' title='bbox 2400 972 2626 1028; x_wconf 87' lang='lat' dir='ltr'><strong>insidere</strong></span> <span class='ocrx_word' id='word_1_178' title='bbox 2639 973 2812 1028; x_wconf 87' lang='lat' dir='ltr'><strong>arbori</strong></span> <span class='ocrx_word' id='word_1_179' title='bbox 2831 989 2981 1029; x_wconf 87' lang='lat' dir='ltr'><strong>secus</strong></span> <span class='ocrx_word' id='word_1_180' title='bbox 3002 974 3396 1031; x_wconf 87' lang='lat' dir='ltr'><strong>decurrentium</strong></span> <span class='ocrx_word' id='word_1_181' title='bbox 3435 992 3693 1046; x_wconf 86' lang='lat' dir='ltr'><strong>aquarum</strong></span> 
     </span>
    </p>
   </div>
   <div class='ocr_carea' id='block_1_26' title="bbox 2131 1063 3701 1141">
    <p class='ocr_par' dir='ltr' id='par_1_26' title="bbox 2131 1063 3701 1141">
     <span class='ocr_line' id='line_1_26' title="bbox 2131 1063 3701 1141; baseline 0.008 -24"><span class='ocrx_word' id='word_1_182' title='bbox 2131 1063 2326 1118; x_wconf 85' lang='lat' dir='ltr'><strong>fluenta</strong></span> <span class='ocrx_word' id='word_1_183' title='bbox 2344 1065 2606 1134; x_wconf 67' lang='lat' dir='ltr'><strong>plantataa,</strong></span> <span class='ocrx_word' id='word_1_184' title='bbox 2622 1066 2904 1136; x_wconf 90' lang='lat' dir='ltr'><strong>oculosque</strong></span> <span class='ocrx_word' id='word_1_185' title='bbox 2916 1083 3047 1137; x_wconf 89' lang='lat' dir='ltr'><strong>quos</strong></span> <span class='ocrx_word' id='word_1_186' title='bbox 3061 1069 3218 1122; x_wconf 85' lang='lat' dir='ltr'><strong>radiis</strong></span> <span class='ocrx_word' id='word_1_187' title='bbox 3236 1072 3413 1140; x_wconf 86' lang='lat' dir='ltr'><strong>nequit</strong></span> <span class='ocrx_word' id='word_1_188' title='bbox 3431 1071 3701 1141; x_wconf 83' lang='lat' dir='ltr'><strong>objectare</strong></span> 
     </span>
    </p>
   </div>
   <div class='ocr_carea' id='block_1_27' title="bbox 2129 1157 3700 1232">
    <p class='ocr_par' dir='ltr' id='par_1_27' title="bbox 2129 1157 3700 1232">
     <span class='ocr_line' id='line_1_27' title="bbox 2129 1157 3700 1232; baseline 0.006 -22"><span class='ocrx_word' id='word_1_189' title='bbox 2129 1157 2408 1222; x_wconf 90' lang='lat' dir='ltr'><strong>solaribus,</strong></span> <span class='ocrx_word' id='word_1_190' title='bbox 2453 1159 2504 1212; x_wconf 91' lang='lat' dir='ltr'><strong>in</strong></span> <span class='ocrx_word' id='word_1_191' title='bbox 2551 1173 2715 1227; x_wconf 85' lang='lat' dir='ltr'><strong>aquas</strong></span> <span class='ocrx_word' id='word_1_192' title='bbox 2763 1157 3012 1228; x_wconf 83' lang='lat' dir='ltr'><strong>deﬁgere,</strong></span> <span class='ocrx_word' id='word_1_193' title='bbox 3061 1170 3116 1215; x_wconf 89' lang='lat' dir='ltr'><strong>et</strong></span> <span class='ocrx_word' id='word_1_194' title='bbox 3160 1161 3387 1231; x_wconf 82' lang='lat' dir='ltr'><strong>imagine</strong></span> <span class='ocrx_word' id='word_1_195' title='bbox 3425 1166 3700 1232; x_wconf 78' lang='lat' dir='ltr'><strong>speculata</strong></span> 
     </span>
    </p>
   </div>
   <div class='ocr_carea' id='block_1_28' title="bbox 2133 1245 3698 1325">
    <p class='ocr_par' dir='ltr' id='par_1_28' title="bbox 2133 1245 3698 1325">
     <span class='ocr_line' id='line_1_28' title="bbox 2133 1245 3698 1325; baseline 0.009 -27"><span class='ocrx_word' id='word_1_196' title='bbox 2133 1245 2184 1299; x_wconf 90' lang='lat' dir='ltr'><strong>in</strong></span> <span class='ocrx_word' id='word_1_197' title='bbox 2237 1249 2384 1315; x_wconf 74' lang='lat' dir='ltr'><strong>aquis</strong></span> <span class='ocrx_word' id='word_1_198' title='bbox 2408 1289 2423 1314; x_wconf 96' lang='lat'><strong>,</strong></span> <span class='ocrx_word' id='word_1_199' title='bbox 2456 1248 2506 1301; x_wconf 93' lang='lat' dir='ltr'><strong>in</strong></span> <span class='ocrx_word' id='word_1_200' title='bbox 2539 1249 2619 1302; x_wconf 91' lang='lat' dir='ltr'><strong>sui</strong></span> <span class='ocrx_word' id='word_1_201' title='bbox 2669 1250 3000 1318; x_wconf 89' lang='lat' dir='ltr'><strong>properantis</strong></span> <span class='ocrx_word' id='word_1_202' title='bbox 3037 1251 3386 1320; x_wconf 90' lang='lat' dir='ltr'><strong>direptionem</strong></span> <span class='ocrx_word' id='word_1_203' title='bbox 3427 1255 3698 1325; x_wconf 80' lang='lat' dir='ltr'><strong>accipitris</strong></span> 
     </span>
    </p>
   </div>
   <div class='ocr_carea' id='block_1_29' title="bbox 2131 1337 3693 1413">
    <p class='ocr_par' dir='ltr' id='par_1_29' title="bbox 2131 1337 3693 1413">
     <span class='ocr_line' id='line_1_29' title="bbox 2131 1337 3693 1413; baseline 0.006 -22"><span class='ocrx_word' id='word_1_204' title='bbox 2131 1337 2283 1392; x_wconf 89' lang='lat' dir='ltr'><strong>dolos</strong></span> <span class='ocrx_word' id='word_1_205' title='bbox 2313 1350 2362 1394; x_wconf 89' lang='lat' dir='ltr'><strong>et</strong></span> <span class='ocrx_word' id='word_1_206' title='bbox 2395 1344 2623 1407; x_wconf 90' lang='lat' dir='ltr'><strong>impetus</strong></span> <span class='ocrx_word' id='word_1_207' title='bbox 2655 1343 2941 1398; x_wconf 88' lang='lat' dir='ltr'><strong>declinare.</strong></span> <span class='ocrx_word' id='word_1_208' title='bbox 2974 1342 3104 1398; x_wconf 89' lang='lat' dir='ltr'><strong>illud</strong></span> <span class='ocrx_word' id='word_1_209' title='bbox 3132 1360 3288 1410; x_wconf 86' lang='lat' dir='ltr'><strong>vero,</strong></span> <span class='ocrx_word' id='word_1_210' title='bbox 3322 1347 3512 1402; x_wconf 87' lang='lat' dir='ltr'><strong>fratres</strong></span> <span class='ocrx_word' id='word_1_211' title='bbox 3566 1353 3693 1413; x_wconf 86' lang='lat' dir='ltr'><strong>mei,</strong></span> 
     </span>
    </p>
   </div>
   <div class='ocr_carea' id='block_1_30' title="bbox 2129 1433 3696 1512">
    <p class='ocr_par' dir='ltr' id='par_1_30' title="bbox 2129 1433 3696 1512">
     <span class='ocr_line' id='line_1_30' title="bbox 2129 1433 3696 1512; baseline 0.008 -29"><span class='ocrx_word' id='word_1_212' title='bbox 2129 1436 2245 1500; x_wconf 88' lang='lat' dir='ltr'><strong>quis</strong></span> <span class='ocrx_word' id='word_1_213' title='bbox 2295 1433 2522 1499; x_wconf 75' lang='lat' dir='ltr'><strong>nesciat,</strong></span> <span class='ocrx_word' id='word_1_214' title='bbox 2559 1435 2919 1491; x_wconf 79' lang='lat' dir='ltr'><strong>columbarum</strong></span> <span class='ocrx_word' id='word_1_215' title='bbox 2950 1448 3164 1491; x_wconf 87' lang='lat' dir='ltr'><strong>cantum</strong></span> <span class='ocrx_word' id='word_1_216' title='bbox 3197 1439 3324 1492; x_wconf 88' lang='lat' dir='ltr'><strong>nihil</strong></span> <span class='ocrx_word' id='word_1_217' title='bbox 3361 1439 3502 1494; x_wconf 84' lang='lat' dir='ltr'><strong>aliud</strong></span> <span class='ocrx_word' id='word_1_218' title='bbox 3533 1457 3696 1512; x_wconf 88' lang='lat' dir='ltr'><strong>quatn</strong></span> 
     </span>
    </p>
   </div>
   <div class='ocr_carea' id='block_1_31' title="bbox 2127 1528 2563 1600">
    <p class='ocr_par' dir='ltr' id='par_1_31' title="bbox 2127 1528 2563 1600">
     <span class='ocr_line' id='line_1_31' title="bbox 2127 1528 2563 1600; baseline 0.005 -20"><span class='ocrx_word' id='word_1_219' title='bbox 2127 1528 2378 1600; x_wconf 78' lang='lat' dir='ltr'><strong>gemitum</strong></span> <span class='ocrx_word' id='word_1_220' title='bbox 2411 1529 2563 1582; x_wconf 79' lang='lat' dir='ltr'><strong>esse?</strong></span> 
     </span>
    </p>
   </div>
   <div class='ocr_carea' id='block_1_32' title="bbox 2143 1601 3694 1694">
    <p class='ocr_par' dir='ltr' id='par_1_32' title="bbox 2143 1601 3694 1694">
     <span class='ocr_line' id='line_1_32' title="bbox 2143 1601 3694 1694; baseline 0.006 -23"><span class='ocrx_word' id='word_1_221' title='bbox 2143 1601 2146 1606; x_wconf 59' lang='grc'><em>’</em></span> <span class='ocrx_word' id='word_1_222' title='bbox 2200 1620 2394 1672; x_wconf 89' lang='lat' dir='ltr'><strong>llarum</strong></span> <span class='ocrx_word' id='word_1_223' title='bbox 2422 1621 2658 1675; x_wconf 89' lang='lat' dir='ltr'><strong>omnium</strong></span> <span class='ocrx_word' id='word_1_224' title='bbox 2683 1621 3064 1691; x_wconf 88' lang='lat' dir='ltr'><strong>proprietatum</strong></span> <span class='ocrx_word' id='word_1_225' title='bbox 3101 1624 3350 1694; x_wconf 86' lang='lat' dir='ltr'><strong>mysteria</strong></span> <span class='ocrx_word' id='word_1_226' title='bbox 3377 1623 3420 1679; x_wconf 91' lang='lat' dir='ltr'><strong>si</strong></span> <span class='ocrx_word' id='word_1_227' title='bbox 3445 1625 3497 1680; x_wconf 93' lang='lat' dir='ltr'><strong>in</strong></span> <span class='ocrx_word' id='word_1_228' title='bbox 3522 1625 3694 1681; x_wconf 85' lang='lat' dir='ltr'><strong>Scho-</strong></span> 
     </span>
    </p>
   </div>
   <div class='ocr_carea' id='block_1_33' title="bbox 455 1704 3696 1782">
    <p class='ocr_par' dir='ltr' id='par_1_33' title="bbox 455 1704 3696 1782">
     <span class='ocr_line' id='line_1_33' title="bbox 455 1704 3696 1782; baseline 0.005 -28"><span class='ocrx_word' id='word_1_229' title='bbox 455 1705 849 1772; x_wconf 76' lang='lat' dir='ltr'><strong>oxanditionis;</strong></span> <span class='ocrx_word' id='word_1_230' title='bbox 876 1708 1174 1780; x_wconf 85' lang='lat' dir='ltr'><strong>diciturque</strong></span> <span class='ocrx_word' id='word_1_231' title='bbox 1202 1713 1302 1777; x_wconf 91' lang='lat' dir='ltr'><strong>eis,</strong></span> <span class='ocrx_word' id='word_1_232' title='bbox 1331 1714 1490 1767; x_wconf 86' lang='lat' dir='ltr'><strong>Amen</strong></span> <span class='ocrx_word' id='word_1_233' title='bbox 1519 1715 1631 1765; x_wconf 84' lang='lat' dir='ltr'><strong>dico</strong></span> <span class='ocrx_word' id='word_1_234' title='bbox 1664 1713 1796 1766; x_wconf 75' lang='lat' dir='ltr'><strong>vobis</strong></span> <span class='ocrx_word' id='word_1_235' title='bbox 1817 1753 1832 1778; x_wconf 94' lang='lat'><strong>,</strong></span> <span class='ocrx_word' id='word_1_236' title='bbox 1859 1715 2025 1767; x_wconf 83' lang='lat' dir='ltr'><strong>nescio</strong></span> <span class='ocrx_word' id='word_1_237' title='bbox 2055 1704 2103 1765; x_wconf 87' lang='lat' dir='ltr'><strong><em>B</em></strong></span> <span class='ocrx_word' id='word_1_238' title='bbox 2131 1709 2330 1776; x_wconf 85' lang='lat' dir='ltr'><strong>lastica,</strong></span> <span class='ocrx_word' id='word_1_239' title='bbox 2374 1709 2565 1766; x_wconf 80' lang='lat' dir='ltr'><strong>irattes</strong></span> <span class='ocrx_word' id='word_1_240' title='bbox 2591 1711 2909 1777; x_wconf 87' lang='lat' dir='ltr'><strong>charissimi,</strong></span> <span class='ocrx_word' id='word_1_241' title='bbox 2950 1713 3308 1782; x_wconf 91' lang='lat' dir='ltr'><strong>speculemur,</strong></span> <span class='ocrx_word' id='word_1_242' title='bbox 3337 1729 3510 1770; x_wconf 58' lang='lat' dir='ltr'><strong>causae.</strong></span> <span class='ocrx_word' id='word_1_243' title='bbox 3540 1718 3696 1771; x_wconf 85' lang='lat' dir='ltr'><strong>nobis</strong></span> 
     </span>
    </p>
   </div>
   <div class='ocr_carea' id='block_1_34' title="bbox 453 1801 2023 1879">
    <p class='ocr_par' dir='ltr' id='par_1_34' title="bbox 453 1801 2023 1879">
     <span class='ocr_line' id='line_1_34' title="bbox 453 1801 2023 1879; baseline 0.005 -23"><span class='ocrx_word' id='word_1_244' title='bbox 453 1816 563 1856; x_wconf 73' lang='lat' dir='ltr'><strong>vos.</strong></span> <span class='ocrx_word' id='word_1_245' title='bbox 592 1801 756 1872; x_wconf 81' lang='lat' dir='ltr'><strong>Negat</strong></span> <span class='ocrx_word' id='word_1_246' title='bbox 779 1819 868 1859; x_wconf 89' lang='lat' dir='ltr'><strong>eas</strong></span> <span class='ocrx_word' id='word_1_247' title='bbox 895 1806 945 1859; x_wconf 92' lang='lat' dir='ltr'><strong>in</strong></span> <span class='ocrx_word' id='word_1_248' title='bbox 973 1807 1078 1861; x_wconf 89' lang='lat' dir='ltr'><strong>vita</strong></span> <span class='ocrx_word' id='word_1_249' title='bbox 1102 1808 1188 1861; x_wconf 91' lang='lat' dir='ltr'><strong>illa</strong></span> <span class='ocrx_word' id='word_1_250' title='bbox 1209 1849 1224 1874; x_wconf 92' lang='lat'><strong>,</strong></span> <span class='ocrx_word' id='word_1_251' title='bbox 1248 1824 1365 1879; x_wconf 74' lang='lat' dir='ltr'><strong>qua:</strong></span> <span class='ocrx_word' id='word_1_252' title='bbox 1391 1809 1443 1863; x_wconf 89' lang='lat' dir='ltr'><strong>in</strong></span> <span class='ocrx_word' id='word_1_253' title='bbox 1469 1809 1563 1864; x_wconf 89' lang='lat' dir='ltr'><strong>hac</strong></span> <span class='ocrx_word' id='word_1_254' title='bbox 1591 1825 1710 1864; x_wconf 92' lang='lat' dir='ltr'><strong>eum</strong></span> <span class='ocrx_word' id='word_1_255' title='bbox 1744 1812 1888 1878; x_wconf 75' lang='lat' dir='ltr'><strong>vita,</strong></span> <span class='ocrx_word' id='word_1_256' title='bbox 1920 1811 2023 1864; x_wconf 88' lang='lat' dir='ltr'><strong>etsi</strong></span> 
     </span>
    </p>
   </div>
   <div class='ocr_carea' id='block_1_35' title="bbox 457 1899 2022 1976">
    <p class='ocr_par' dir='ltr' id='par_1_35' title="bbox 457 1899 2022 1976">
     <span class='ocr_line' id='line_1_35' title="bbox 457 1899 2022 1976; baseline 0.01 -30"><span class='ocrx_word' id='word_1_257' title='bbox 457 1912 559 1950; x_wconf 58' lang='lat' dir='ltr'><strong>ron</strong></span> <span class='ocrx_word' id='word_1_258' title='bbox 593 1899 788 1963; x_wconf 86' lang='lat' dir='ltr'><strong>verbis,</strong></span> <span class='ocrx_word' id='word_1_259' title='bbox 819 1910 991 1956; x_wconf 88' lang='lat' dir='ltr'><strong>tamen</strong></span> <span class='ocrx_word' id='word_1_260' title='bbox 1018 1904 1269 1974; x_wconf 89' lang='lat' dir='ltr'><strong>operibus</strong></span> <span class='ocrx_word' id='word_1_261' title='bbox 1293 1916 1637 1973; x_wconf 89' lang='lat' dir='ltr'><strong>negaverunt.</strong></span> <span class='ocrx_word' id='word_1_262' title='bbox 1664 1905 1814 1972; x_wconf 84' lang='lat' dir='ltr'><strong>Quod</strong></span> <span class='ocrx_word' id='word_1_263' title='bbox 1843 1914 2022 1976; x_wconf 84' lang='lat' dir='ltr'><strong>autem</strong></span> 
     </span>
    </p>
   </div>
   <div class='ocr_carea' id='block_1_36' title="bbox 457 1989 2019 2065">
    <p class='ocr_par' dir='ltr' id='par_1_36' title="bbox 457 1989 2019 2065">
     <span class='ocr_line' id='line_1_36' title="bbox 457 1989 2019 2065; baseline 0.006 -24"><span class='ocrx_word' id='word_1_264' title='bbox 457 1989 709 2043; x_wconf 77' lang='lat' dir='ltr'><strong>Dominus</strong></span> <span class='ocrx_word' id='word_1_265' title='bbox 741 1992 913 2046; x_wconf 86' lang='lat' dir='ltr'><strong>verbis</strong></span> <span class='ocrx_word' id='word_1_266' title='bbox 936 1994 1122 2058; x_wconf 85' lang='lat' dir='ltr'><strong>astrui,</strong></span> <span class='ocrx_word' id='word_1_267' title='bbox 1159 1995 1312 2048; x_wconf 88' lang='lat' dir='ltr'><strong>factis</strong></span> <span class='ocrx_word' id='word_1_268' title='bbox 1339 1995 1509 2049; x_wconf 88' lang='lat' dir='ltr'><strong>valeat</strong></span> <span class='ocrx_word' id='word_1_269' title='bbox 1530 1993 1779 2065; x_wconf 87' lang='lat' dir='ltr'><strong>denegari</strong></span> <span class='ocrx_word' id='word_1_270' title='bbox 1802 2034 1820 2061; x_wconf 93' lang='lat'><strong>,</strong></span> <span class='ocrx_word' id='word_1_271' title='bbox 1847 1995 2019 2064; x_wconf 84' lang='lat' dir='ltr'><strong>palam</strong></span> 
     </span>
    </p>
   </div>
   <div class='ocr_carea' id='block_1_37' title="bbox 454 2084 2023 2160">
    <p class='ocr_par' dir='ltr' id='par_1_37' title="bbox 454 2084 2023 2160">
     <span class='ocr_line' id='line_1_37' title="bbox 454 2084 2023 2160; baseline 0.007 -27"><span class='ocrx_word' id='word_1_272' title='bbox 454 2090 537 2136; x_wconf 75' lang='lat' dir='ltr'><strong>est</strong></span> <span class='ocrx_word' id='word_1_273' title='bbox 561 2084 924 2151; x_wconf 75' lang='lat' dir='ltr'><strong>przedicatoris</strong></span> <span class='ocrx_word' id='word_1_274' title='bbox 960 2086 1158 2156; x_wconf 79' lang='lat' dir='ltr'><strong>egregii</strong></span> <span class='ocrx_word' id='word_1_275' title='bbox 1192 2089 1586 2157; x_wconf 84' lang='lat' dir='ltr'><strong>testimonium,</strong></span> <span class='ocrx_word' id='word_1_276' title='bbox 1619 2089 1759 2160; x_wconf 91' lang='lat' dir='ltr'><strong>quod</strong></span> <span class='ocrx_word' id='word_1_277' title='bbox 1803 2089 1870 2144; x_wconf 88' lang='lat' dir='ltr'><strong>de</strong></span> <span class='ocrx_word' id='word_1_278' title='bbox 1905 2090 2023 2160; x_wconf 90' lang='lat' dir='ltr'><strong>qui-</strong></span> 
     </span>
    </p>
   </div>
   <div class='ocr_carea' id='block_1_38' title="bbox 453 2172 2022 2252">
    <p class='ocr_par' dir='ltr' id='par_1_38' title="bbox 453 2172 2022 2252">
     <span class='ocr_line' id='line_1_38' title="bbox 453 2172 2022 2252; baseline 0.006 -26"><span class='ocrx_word' id='word_1_279' title='bbox 453 2172 672 2227; x_wconf 86' lang='lat' dir='ltr'><strong>busdam</strong></span> <span class='ocrx_word' id='word_1_280' title='bbox 700 2185 840 2228; x_wconf 88' lang='lat' dir='ltr'><strong>recta</strong></span> <span class='ocrx_word' id='word_1_281' title='bbox 863 2175 1206 2244; x_wconf 80' lang='lat' dir='ltr'><strong>docentibus,</strong></span> <span class='ocrx_word' id='word_1_282' title='bbox 1238 2189 1289 2234; x_wconf 86' lang='lat' dir='ltr'><strong>et</strong></span> <span class='ocrx_word' id='word_1_283' title='bbox 1311 2193 1338 2232; x_wconf 91' lang='lat' dir='ltr'><strong>a</strong></span> <span class='ocrx_word' id='word_1_284' title='bbox 1373 2180 1546 2247; x_wconf 87' lang='lat' dir='ltr'><strong>pravis</strong></span> <span class='ocrx_word' id='word_1_285' title='bbox 1577 2195 1692 2252; x_wconf 27' lang='lat' dir='ltr'><strong>non,</strong></span> <span class='ocrx_word' id='word_1_286' title='bbox 1725 2179 2022 2235; x_wconf 83' lang='lat' dir='ltr'><strong>secedenti-</strong></span> 
     </span>
    </p>
   </div>
   <div class='ocr_carea' id='block_1_39' title="bbox 455 2267 2018 2337">
    <p class='ocr_par' dir='ltr' id='par_1_39' title="bbox 455 2267 2018 2337">
     <span class='ocr_line' id='line_1_39' title="bbox 455 2267 2018 2337; baseline 0.006 -22"><span class='ocrx_word' id='word_1_287' title='bbox 455 2267 550 2319; x_wconf 88' lang='lat' dir='ltr'><strong>bus</strong></span> <span class='ocrx_word' id='word_1_288' title='bbox 582 2267 808 2333; x_wconf 73' lang='lat' dir='ltr'><strong>protulit</strong></span> <span class='ocrx_word' id='word_1_289' title='bbox 826 2268 876 2320; x_wconf 90' lang='lat' dir='ltr'><strong>iu</strong></span> <span class='ocrx_word' id='word_1_290' title='bbox 903 2268 1012 2323; x_wconf 71' lang='lat' dir='ltr'><strong>IKBC</strong></span> <span class='ocrx_word' id='word_1_291' title='bbox 1042 2268 1198 2324; x_wconf 75' lang='lat' dir='ltr'><strong>vetba</strong></span> <span class='ocrx_word' id='word_1_292' title='bbox 1225 2287 1238 2321; x_wconf 87' lang='lat'><strong>:</strong></span> <span class='ocrx_word' id='word_1_293' title='bbox 1263 2269 1577 2337; x_wconf 83' lang='lat' dir='ltr'><strong>Conﬁtentur</strong></span> <span class='ocrx_word' id='word_1_294' title='bbox 1593 2285 1646 2323; x_wconf 81' lang='lat' dir='ltr'><strong>se</strong></span> <span class='ocrx_word' id='word_1_295' title='bbox 1665 2285 1812 2323; x_wconf 87' lang='lat' dir='ltr'><strong>nosse</strong></span> <span class='ocrx_word' id='word_1_296' title='bbox 1835 2270 2018 2337; x_wconf 85' lang='lat' dir='ltr'><strong>Deum,</strong></span> 
     </span>
    </p>
   </div>
   <div class='ocr_carea' id='block_1_40' title="bbox 449 2358 2020 2430">
    <p class='ocr_par' dir='ltr' id='par_1_40' title="bbox 449 2358 2020 2430">
     <span class='ocr_line' id='line_1_40' title="bbox 449 2358 2020 2430; baseline 0.003 -22"><span class='ocrx_word' id='word_1_297' title='bbox 449 2358 599 2430; x_wconf 78' lang='lat' dir='ltr'><strong>[actis</strong></span> <span class='ocrx_word' id='word_1_298' title='bbox 620 2371 787 2412; x_wconf 83' lang='lat' dir='ltr'><strong>autem</strong></span> <span class='ocrx_word' id='word_1_299' title='bbox 816 2370 1021 2428; x_wconf 86' lang='lat' dir='ltr'><strong>negant.</strong></span> <span class='ocrx_word' id='word_1_300' title='bbox 1056 2360 1134 2415; x_wconf 87' lang='lat' dir='ltr'><strong>Ad</strong></span> <span class='ocrx_word' id='word_1_301' title='bbox 1162 2361 1286 2430; x_wconf 89' lang='lat' dir='ltr'><strong>quid</strong></span> <span class='ocrx_word' id='word_1_302' title='bbox 1314 2377 1442 2416; x_wconf 91' lang='lat' dir='ltr'><strong>vero</strong></span> <span class='ocrx_word' id='word_1_303' title='bbox 1471 2363 1633 2415; x_wconf 90' lang='lat' dir='ltr'><strong>totius</strong></span> <span class='ocrx_word' id='word_1_304' title='bbox 1669 2362 1838 2415; x_wconf 87' lang='lat' dir='ltr'><strong>series</strong></span> <span class='ocrx_word' id='word_1_305' title='bbox 1872 2361 2020 2415; x_wconf 89' lang='lat' dir='ltr'><strong>simi-</strong></span> 
     </span>
    </p>
   </div>
   <div class='ocr_carea' id='block_1_41' title="bbox 451 2450 2019 2522">
    <p class='ocr_par' dir='ltr' id='par_1_41' title="bbox 451 2450 2019 2522">
     <span class='ocr_line' id='line_1_41' title="bbox 451 2450 2019 2522; baseline 0.002 -20"><span class='ocrx_word' id='word_1_306' title='bbox 451 2450 687 2506; x_wconf 88' lang='lat' dir='ltr'><strong>litudinis</strong></span> <span class='ocrx_word' id='word_1_307' title='bbox 746 2452 968 2518; x_wconf 86' lang='lat' dir='ltr'><strong>tendat,</strong></span> <span class='ocrx_word' id='word_1_308' title='bbox 1027 2467 1252 2522; x_wconf 88' lang='lat' dir='ltr'><strong>sequens</strong></span> <span class='ocrx_word' id='word_1_309' title='bbox 1301 2453 1580 2508; x_wconf 88' lang='lat' dir='ltr'><strong>confestim</strong></span> <span class='ocrx_word' id='word_1_310' title='bbox 1639 2451 2019 2507; x_wconf 88' lang='lat' dir='ltr'><strong>admonitionis</strong></span> 
     </span>
    </p>
   </div>
   <div class='ocr_carea' id='block_1_42' title="bbox 449 2542 2012 2604">
    <p class='ocr_par' dir='ltr' id='par_1_42' title="bbox 449 2542 2012 2604">
     <span class='ocr_line' id='line_1_42' title="bbox 449 2542 2012 2604; baseline 0.003 -12"><span class='ocrx_word' id='word_1_311' title='bbox 449 2542 679 2596; x_wconf 70' lang='lat' dir='ltr'><strong>clausula</strong></span> <span class='ocrx_word' id='word_1_312' title='bbox 728 2544 1028 2599; x_wconf 79' lang='lat' dir='ltr'><strong>manifestat</strong></span> <span class='ocrx_word' id='word_1_313' title='bbox 1051 2587 1066 2604; x_wconf 88' lang='lat'><strong>.</strong></span> <span class='ocrx_word' id='word_1_314' title='bbox 1113 2546 1370 2600; x_wconf 80' lang='lat' dir='ltr'><strong>inlerente</strong></span> <span class='ocrx_word' id='word_1_315' title='bbox 1401 2546 1623 2600; x_wconf 90' lang='lat' dir='ltr'><strong>Domino</strong></span> <span class='ocrx_word' id='word_1_316' title='bbox 1663 2560 1725 2600; x_wconf 87' lang='lat' dir='ltr'><strong>ac</strong></span> <span class='ocrx_word' id='word_1_317' title='bbox 1760 2545 1970 2600; x_wconf 89' lang='lat' dir='ltr'><strong>dicente</strong></span> <span class='ocrx_word' id='word_1_318' title='bbox 2000 2562 2012 2596; x_wconf 93' lang='lat'>:</span> 
     </span>
    </p>
   </div>
   <div class='ocr_carea' id='block_1_43' title="bbox 461 2627 1853 2715">
    <p class='ocr_par' dir='ltr' id='par_1_43' title="bbox 461 2627 1853 2715">
     <span class='ocr_line' id='line_1_43' title="bbox 461 2627 1853 2715; baseline 0.004 -31"><span class='ocrx_word' id='word_1_319' title='bbox 461 2631 676 2703; x_wconf 76' lang='lat' dir='ltr'><strong>l&#39;igilate</strong></span> <span class='ocrx_word' id='word_1_320' title='bbox 705 2635 888 2703; x_wconf 82' lang='lat' dir='ltr'><strong>itaque,</strong></span> <span class='ocrx_word' id='word_1_321' title='bbox 912 2627 1043 2705; x_wconf 74' lang='lat' dir='ltr'><strong>quia</strong></span> <span class='ocrx_word' id='word_1_322' title='bbox 1073 2639 1273 2690; x_wconf 84' lang='lat' dir='ltr'><strong>nescitis</strong></span> <span class='ocrx_word' id='word_1_323' title='bbox 1301 2637 1434 2690; x_wconf 86' lang='lat' dir='ltr'><strong>diem</strong></span> <span class='ocrx_word' id='word_1_324' title='bbox 1463 2653 1620 2705; x_wconf 85' lang='lat' dir='ltr'><strong>neque</strong></span> <span class='ocrx_word' id='word_1_325' title='bbox 1645 2637 1853 2715; x_wconf 66' lang='lat' dir='ltr'><strong>horam.</strong></span> 
     </span>
    </p>
   </div>
   <div class='ocr_carea' id='block_1_44' title="bbox 521 2725 2013 2799">
    <p class='ocr_par' dir='ltr' id='par_1_44' title="bbox 521 2725 2013 2799">
     <span class='ocr_line' id='line_1_44' title="bbox 521 2725 2013 2799; baseline 0.001 -20"><span class='ocrx_word' id='word_1_326' title='bbox 521 2725 906 2795; x_wconf 67' lang='lat' dir='ltr'><strong>Expianatione</strong></span> <span class='ocrx_word' id='word_1_327' title='bbox 936 2729 1176 2784; x_wconf 90' lang='lat' dir='ltr'><strong>lectionis</strong></span> <span class='ocrx_word' id='word_1_328' title='bbox 1203 2729 1520 2799; x_wconf 73' lang='lat' dir='ltr'><strong>evangelica:</strong></span> <span class='ocrx_word' id='word_1_329' title='bbox 1545 2730 1811 2784; x_wconf 87' lang='lat' dir='ltr'><strong>succincta</strong></span> <span class='ocrx_word' id='word_1_330' title='bbox 1838 2728 2013 2783; x_wconf 90' lang='lat' dir='ltr'><strong>brevi-</strong></span> 
     </span>
    </p>
   </div>
   <div class='ocr_carea' id='block_1_45' title="bbox 448 2816 2016 2891">
    <p class='ocr_par' dir='ltr' id='par_1_45' title="bbox 448 2816 2016 2891">
     <span class='ocr_line' id='line_1_45' title="bbox 448 2816 2016 2891; baseline 0.006 -23"><span class='ocrx_word' id='word_1_331' title='bbox 448 2827 555 2876; x_wconf 81' lang='lat' dir='ltr'><strong>tate</strong></span> <span class='ocrx_word' id='word_1_332' title='bbox 600 2816 852 2885; x_wconf 90' lang='lat' dir='ltr'><strong>decursa,</strong></span> <span class='ocrx_word' id='word_1_333' title='bbox 895 2820 959 2873; x_wconf 89' lang='lat' dir='ltr'><strong>ad</strong></span> <span class='ocrx_word' id='word_1_334' title='bbox 989 2821 1200 2888; x_wconf 86' lang='lat' dir='ltr'><strong>laudes,</strong></span> <span class='ocrx_word' id='word_1_335' title='bbox 1252 2831 1310 2875; x_wconf 92' lang='lat' dir='ltr'><strong>ut</strong></span> <span class='ocrx_word' id='word_1_336' title='bbox 1332 2822 1384 2876; x_wconf 90' lang='lat' dir='ltr'><strong>in</strong></span> <span class='ocrx_word' id='word_1_337' title='bbox 1415 2823 1542 2891; x_wconf 87' lang='lat' dir='ltr'><strong>ipsis</strong></span> <span class='ocrx_word' id='word_1_338' title='bbox 1571 2823 1747 2876; x_wconf 87' lang='lat' dir='ltr'><strong>statim</strong></span> <span class='ocrx_word' id='word_1_339' title='bbox 1780 2823 2016 2877; x_wconf 79' lang='lat' dir='ltr'><strong>exordiis</strong></span> 
     </span>
    </p>
   </div>
   <div class='ocr_carea' id='block_1_46' title="bbox 447 2911 2014 2982">
    <p class='ocr_par' dir='ltr' id='par_1_46' title="bbox 447 2911 2014 2982">
     <span class='ocr_line' id='line_1_46' title="bbox 447 2911 2014 2982; baseline 0.004 -21"><span class='ocrx_word' id='word_1_340' title='bbox 447 2911 880 2977; x_wconf 88' lang='lat' dir='ltr'><strong>tepromisimus,</strong></span> <span class='ocrx_word' id='word_1_341' title='bbox 930 2913 1147 2982; x_wconf 81' lang='lat' dir='ltr'><strong>virginis</strong></span> <span class='ocrx_word' id='word_1_342' title='bbox 1193 2915 1342 2982; x_wconf 88' lang='lat' dir='ltr'><strong>cujus</strong></span> <span class='ocrx_word' id='word_1_343' title='bbox 1394 2929 1422 2968; x_wconf 92' lang='lat' dir='ltr'><strong>a</strong></span> <span class='ocrx_word' id='word_1_344' title='bbox 1470 2914 1622 2970; x_wconf 90' lang='lat' dir='ltr'><strong>nobis</strong></span> <span class='ocrx_word' id='word_1_345' title='bbox 1662 2914 1778 2968; x_wconf 91' lang='lat' dir='ltr'><strong>dies</strong></span> <span class='ocrx_word' id='word_1_346' title='bbox 1825 2915 2014 2968; x_wconf 86' lang='lat' dir='ltr'><strong>colitur</strong></span> 
     </span>
    </p>
   </div>
   <div class='ocr_carea' id='block_1_47' title="bbox 447 3000 2011 3068">
    <p class='ocr_par' dir='ltr' id='par_1_47' title="bbox 447 3000 2011 3068">
     <span class='ocr_line' id='line_1_47' title="bbox 447 3000 2011 3068; baseline 0.006 -19"><span class='ocrx_word' id='word_1_347' title='bbox 447 3000 714 3056; x_wconf 82' lang='lat' dir='ltr'><strong>natalitius</strong></span> <span class='ocrx_word' id='word_1_348' title='bbox 735 3042 751 3068; x_wconf 94' lang='lat'><strong>,</strong></span> <span class='ocrx_word' id='word_1_349' title='bbox 808 3004 974 3058; x_wconf 87' lang='lat' dir='ltr'><strong>nostri</strong></span> <span class='ocrx_word' id='word_1_350' title='bbox 1000 3018 1118 3058; x_wconf 85' lang='lat' dir='ltr'><strong>sese</strong></span> <span class='ocrx_word' id='word_1_351' title='bbox 1145 3005 1397 3059; x_wconf 91' lang='lat' dir='ltr'><strong>continuo</strong></span> <span class='ocrx_word' id='word_1_352' title='bbox 1441 3005 1724 3060; x_wconf 86' lang='lat' dir='ltr'><strong>transferat</strong></span> <span class='ocrx_word' id='word_1_353' title='bbox 1752 3005 2011 3059; x_wconf 79' lang='lat' dir='ltr'><strong>sermrnis</strong></span> 
     </span>
    </p>
   </div>
   <div class='ocr_carea' id='block_1_48' title="bbox 2126 1803 3695 1872">
    <p class='ocr_par' dir='ltr' id='par_1_48' title="bbox 2126 1803 3695 1872">
     <span class='ocr_line' id='line_1_48' title="bbox 2126 1803 3695 1872; baseline 0.006 -18"><span class='ocrx_word' id='word_1_354' title='bbox 2126 1804 2378 1872; x_wconf 88' lang='lat' dir='ltr'><strong>patebunt</strong></span> <span class='ocrx_word' id='word_1_355' title='bbox 2421 1803 2600 1872; x_wconf 86' lang='lat' dir='ltr'><strong>plures</strong></span> <span class='ocrx_word' id='word_1_356' title='bbox 2641 1819 2737 1858; x_wconf 91' lang='lat' dir='ltr'><strong>cur</strong></span> <span class='ocrx_word' id='word_1_357' title='bbox 2775 1804 2990 1870; x_wconf 58' lang='lat' dir='ltr'><strong>divinat</strong></span> <span class='ocrx_word' id='word_1_358' title='bbox 3016 1804 3295 1871; x_wconf 66' lang='lat' dir='ltr'><strong>sapientia:</strong></span> <span class='ocrx_word' id='word_1_359' title='bbox 3333 1806 3500 1860; x_wconf 87' lang='lat' dir='ltr'><strong>visum</strong></span> <span class='ocrx_word' id='word_1_360' title='bbox 3539 1809 3695 1864; x_wconf 87' lang='lat' dir='ltr'><strong>fuerit</strong></span> 
     </span>
    </p>
   </div>
   <div class='ocr_carea' id='block_1_49' title="bbox 2123 1889 3693 1967">
    <p class='ocr_par' dir='ltr' id='par_1_49' title="bbox 2123 1889 3693 1967">
     <span class='ocr_line' id='line_1_49' title="bbox 2123 1889 3693 1967; baseline 0.007 -24"><span class='ocrx_word' id='word_1_361' title='bbox 2123 1889 2386 1958; x_wconf 76' lang='lat' dir='ltr'><strong>egressun</strong></span> <span class='ocrx_word' id='word_1_362' title='bbox 2409 1907 2634 1962; x_wconf 81' lang='lat' dir='ltr'><strong>corpore</strong></span> <span class='ocrx_word' id='word_1_363' title='bbox 2656 1893 2871 1963; x_wconf 76' lang='lat' dir='ltr'><strong>virginis</strong></span> <span class='ocrx_word' id='word_1_364' title='bbox 2897 1896 3126 1947; x_wconf 86' lang='lat' dir='ltr'><strong>animam</strong></span> <span class='ocrx_word' id='word_1_365' title='bbox 3153 1895 3203 1948; x_wconf 91' lang='lat' dir='ltr'><strong>in</strong></span> <span class='ocrx_word' id='word_1_366' title='bbox 3226 1895 3487 1950; x_wconf 76' lang='lat' dir='ltr'><strong>columba:</strong></span> <span class='ocrx_word' id='word_1_367' title='bbox 3511 1901 3693 1967; x_wconf 85' lang='lat' dir='ltr'><strong>specie</strong></span> 
     </span>
    </p>
   </div>
   <div class='ocr_carea' id='block_1_50' title="bbox 2122 1973 3693 2059">
    <p class='ocr_par' dir='ltr' id='par_1_50' title="bbox 2122 1973 3693 2059">
     <span class='ocr_line' id='line_1_50' title="bbox 2122 1973 3693 2059; baseline 0.005 -23"><span class='ocrx_word' id='word_1_368' title='bbox 2122 1982 2300 2039; x_wconf 81' lang='lat' dir='ltr'><strong>fratris</strong></span> <span class='ocrx_word' id='word_1_369' title='bbox 2339 1973 2716 2052; x_wconf 80' lang='lat' dir='ltr'><strong>conspectibus</strong></span> <span class='ocrx_word' id='word_1_370' title='bbox 2754 1988 3010 2040; x_wconf 89' lang='lat' dir='ltr'><strong>revelare.</strong></span> <span class='ocrx_word' id='word_1_371' title='bbox 3062 1987 3362 2043; x_wconf 81' lang='lat' dir='ltr'><strong>Nidificavit</strong></span> <span class='ocrx_word' id='word_1_372' title='bbox 3405 1990 3563 2059; x_wconf 88' lang='lat' dir='ltr'><strong>igitur</strong></span> <span class='ocrx_word' id='word_1_373' title='bbox 3598 2005 3693 2044; x_wconf 86' lang='lat' dir='ltr'><strong>co-</strong></span> 
     </span>
    </p>
   </div>
   <div class='ocr_carea' id='block_1_51' title="bbox 2123 2071 3692 2146">
    <p class='ocr_par' dir='ltr' id='par_1_51' title="bbox 2123 2071 3692 2146">
     <span class='ocr_line' id='line_1_51' title="bbox 2123 2071 3692 2146; baseline 0.006 -20"><span class='ocrx_word' id='word_1_374' title='bbox 2123 2071 2300 2127; x_wconf 76' lang='lat' dir='ltr'><strong>lumba</strong></span> <span class='ocrx_word' id='word_1_375' title='bbox 2335 2084 2514 2128; x_wconf 85' lang='lat' dir='ltr'><strong>nostra</strong></span> <span class='ocrx_word' id='word_1_376' title='bbox 2566 2074 2616 2129; x_wconf 91' lang='lat' dir='ltr'><strong>in</strong></span> <span class='ocrx_word' id='word_1_377' title='bbox 2655 2074 3001 2130; x_wconf 89' lang='lat' dir='ltr'><strong>foraminibus</strong></span> <span class='ocrx_word' id='word_1_378' title='bbox 3032 2086 3195 2144; x_wconf 65' lang='lat' dir='ltr'><strong>petrae</strong></span> <span class='ocrx_word' id='word_1_379' title='bbox 3219 2116 3235 2143; x_wconf 92' lang='lat'><strong>,</strong></span> <span class='ocrx_word' id='word_1_380' title='bbox 3286 2092 3406 2146; x_wconf 76' lang='lat' dir='ltr'><strong>quat</strong></span> <span class='ocrx_word' id='word_1_381' title='bbox 3445 2078 3692 2146; x_wconf 85' lang='lat' dir='ltr'><strong>videlicet</strong></span> 
     </span>
    </p>
   </div>
   <div class='ocr_carea' id='block_1_52' title="bbox 2123 2167 3691 2238">
    <p class='ocr_par' dir='ltr' id='par_1_52' title="bbox 2123 2167 3691 2238">
     <span class='ocr_line' id='line_1_52' title="bbox 2123 2167 3691 2238; baseline 0.004 -18"><span class='ocrx_word' id='word_1_382' title='bbox 2123 2180 2339 2220; x_wconf 91' lang='lat' dir='ltr'><strong>omnem</strong></span> <span class='ocrx_word' id='word_1_383' title='bbox 2368 2167 2554 2221; x_wconf 89' lang='lat' dir='ltr'><strong>salutis</strong></span> <span class='ocrx_word' id='word_1_384' title='bbox 2586 2168 2814 2238; x_wconf 68' lang='lat' dir='ltr'><strong>vitatque</strong></span> <span class='ocrx_word' id='word_1_385' title='bbox 2845 2184 2952 2221; x_wconf 66' lang='lat' dir='ltr'><strong>sua:</strong></span> <span class='ocrx_word' id='word_1_386' title='bbox 2985 2168 3232 2223; x_wconf 84' lang='lat' dir='ltr'><strong>fiduciam</strong></span> <span class='ocrx_word' id='word_1_387' title='bbox 3277 2169 3328 2224; x_wconf 92' lang='lat' dir='ltr'><strong>in</strong></span> <span class='ocrx_word' id='word_1_388' title='bbox 3359 2171 3556 2226; x_wconf 81' lang='lat' dir='ltr'><strong>Christi</strong></span> <span class='ocrx_word' id='word_1_389' title='bbox 3582 2182 3691 2227; x_wconf 84' lang='lat' dir='ltr'><strong>sta-</strong></span> 
     </span>
    </p>
   </div>
   <div class='ocr_carea' id='block_1_53' title="bbox 2121 2256 3689 2325">
    <p class='ocr_par' dir='ltr' id='par_1_53' title="bbox 2121 2256 3689 2325">
     <span class='ocr_line' id='line_1_53' title="bbox 2121 2256 3689 2325; baseline 0.006 -17"><span class='ocrx_word' id='word_1_390' title='bbox 2121 2256 2216 2308; x_wconf 88' lang='lat' dir='ltr'><strong>tuit</strong></span> <span class='ocrx_word' id='word_1_391' title='bbox 2247 2256 2494 2325; x_wconf 88' lang='lat' dir='ltr'><strong>passione</strong></span> <span class='ocrx_word' id='word_1_392' title='bbox 2515 2271 2577 2310; x_wconf 90' lang='lat' dir='ltr'><strong>ac</strong></span> <span class='ocrx_word' id='word_1_393' title='bbox 2605 2267 2795 2311; x_wconf 88' lang='lat' dir='ltr'><strong>morte.</strong></span> <span class='ocrx_word' id='word_1_394' title='bbox 2850 2259 3055 2312; x_wconf 74' lang='lat' dir='ltr'><strong>Petram</strong></span> <span class='ocrx_word' id='word_1_395' title='bbox 3092 2259 3268 2313; x_wconf 90' lang='lat' dir='ltr'><strong>vocari</strong></span> <span class='ocrx_word' id='word_1_396' title='bbox 3291 2259 3559 2316; x_wconf 86' lang='lat' dir='ltr'><strong>Christum</strong></span> <span class='ocrx_word' id='word_1_397' title='bbox 3588 2263 3689 2317; x_wconf 79' lang='lat' dir='ltr'><strong>Vas</strong></span> 
     </span>
    </p>
   </div>
   <div class='ocr_carea' id='block_1_54' title="bbox 2121 2351 3689 2423">
    <p class='ocr_par' dir='ltr' id='par_1_54' title="bbox 2121 2351 3689 2423">
     <span class='ocr_line' id='line_1_54' title="bbox 2121 2351 3689 2423; baseline 0.004 -17"><span class='ocrx_word' id='word_1_398' title='bbox 2121 2351 2398 2406; x_wconf 72' lang='lat' dir='ltr'><strong>electionis</strong></span> <span class='ocrx_word' id='word_1_399' title='bbox 2447 2366 2543 2404; x_wconf 90' lang='lat' dir='ltr'><strong>vos</strong></span> <span class='ocrx_word' id='word_1_400' title='bbox 2588 2351 2788 2405; x_wconf 86' lang='lat' dir='ltr'><strong>docuit.</strong></span> <span class='ocrx_word' id='word_1_401' title='bbox 2825 2352 2947 2406; x_wconf 70' lang='lat' dir='ltr'><strong>flare</strong></span> <span class='ocrx_word' id='word_1_402' title='bbox 2995 2367 3121 2407; x_wconf 89' lang='lat' dir='ltr'><strong>vero</strong></span> <span class='ocrx_word' id='word_1_403' title='bbox 3161 2364 3309 2422; x_wconf 86' lang='lat' dir='ltr'><strong>petra</strong></span> <span class='ocrx_word' id='word_1_404' title='bbox 3340 2369 3406 2408; x_wconf 92' lang='lat' dir='ltr'><strong>eo</strong></span> <span class='ocrx_word' id='word_1_405' title='bbox 3451 2366 3689 2423; x_wconf 84' lang='lat' dir='ltr'><strong>tempore</strong></span> 
     </span>
    </p>
   </div>
   <div class='ocr_carea' id='block_1_55' title="bbox 2118 2441 3688 2515">
    <p class='ocr_par' dir='ltr' id='par_1_55' title="bbox 2118 2441 3688 2515">
     <span class='ocr_line' id='line_1_55' title="bbox 2118 2441 3688 2515; baseline 0.005 -19"><span class='ocrx_word' id='word_1_406' title='bbox 2118 2441 2286 2496; x_wconf 89' lang='lat' dir='ltr'><strong>forata</strong></span> <span class='ocrx_word' id='word_1_407' title='bbox 2315 2452 2424 2509; x_wconf 92' lang='lat' dir='ltr'><strong>est,</strong></span> <span class='ocrx_word' id='word_1_408' title='bbox 2455 2443 2666 2512; x_wconf 88' lang='lat' dir='ltr'><strong>quando</strong></span> <span class='ocrx_word' id='word_1_409' title='bbox 2692 2444 2742 2498; x_wconf 88' lang='lat' dir='ltr'><strong>itt</strong></span> <span class='ocrx_word' id='word_1_410' title='bbox 2765 2458 2924 2499; x_wconf 91' lang='lat' dir='ltr'><strong>cruce</strong></span> <span class='ocrx_word' id='word_1_411' title='bbox 2945 2445 3108 2498; x_wconf 89' lang='lat' dir='ltr'><strong>clavis</strong></span> <span class='ocrx_word' id='word_1_412' title='bbox 3135 2447 3323 2502; x_wconf 90' lang='lat' dir='ltr'><strong>ferreis</strong></span> <span class='ocrx_word' id='word_1_413' title='bbox 3355 2443 3576 2515; x_wconf 79' lang='lat' dir='ltr'><strong>pedibus</strong></span> <span class='ocrx_word' id='word_1_414' title='bbox 3603 2462 3688 2506; x_wconf 83' lang='lat' dir='ltr'><strong>est</strong></span> 
     </span>
    </p>
   </div>
   <div class='ocr_carea' id='block_1_56' title="bbox 2120 2535 3686 2608">
    <p class='ocr_par' dir='ltr' id='par_1_56' title="bbox 2120 2535 3686 2608">
     <span class='ocr_line' id='line_1_56' title="bbox 2120 2535 3686 2608; baseline 0.006 -19"><span class='ocrx_word' id='word_1_415' title='bbox 2120 2535 2465 2605; x_wconf 85' lang='lat' dir='ltr'><strong>manibusque</strong></span> <span class='ocrx_word' id='word_1_416' title='bbox 2482 2536 2705 2590; x_wconf 75' lang='lat' dir='ltr'><strong>coofixa.</strong></span> <span class='ocrx_word' id='word_1_417' title='bbox 2733 2535 2989 2590; x_wconf 87' lang='lat' dir='ltr'><strong>Foramen</strong></span> <span class='ocrx_word' id='word_1_418' title='bbox 3010 2550 3171 2605; x_wconf 64' lang='lat' dir='ltr'><strong>petrae</strong></span> <span class='ocrx_word' id='word_1_419' title='bbox 3195 2537 3349 2608; x_wconf 86' lang='lat' dir='ltr'><strong>hujus</strong></span> <span class='ocrx_word' id='word_1_420' title='bbox 3370 2540 3500 2596; x_wconf 88' lang='lat' dir='ltr'><strong>illud</strong></span> <span class='ocrx_word' id='word_1_421' title='bbox 3522 2541 3686 2598; x_wconf 88' lang='lat' dir='ltr'><strong>etiam</strong></span> 
     </span>
    </p>
   </div>
   <div class='ocr_carea' id='block_1_57' title="bbox 2118 2631 3684 2704">
    <p class='ocr_par' dir='ltr' id='par_1_57' title="bbox 2118 2631 3684 2704">
     <span class='ocr_line' id='line_1_57' title="bbox 2118 2631 3684 2704; baseline 0.004 -18"><span class='ocrx_word' id='word_1_422' title='bbox 2118 2633 2351 2696; x_wconf 82' lang='lat' dir='ltr'><strong>exstitit,</strong></span> <span class='ocrx_word' id='word_1_423' title='bbox 2383 2648 2488 2702; x_wconf 92' lang='lat' dir='ltr'><strong>quo</strong></span> <span class='ocrx_word' id='word_1_424' title='bbox 2530 2631 2666 2687; x_wconf 90' lang='lat' dir='ltr'><strong>latus</strong></span> <span class='ocrx_word' id='word_1_425' title='bbox 2709 2632 2822 2700; x_wconf 90' lang='lat' dir='ltr'><strong>ejus</strong></span> <span class='ocrx_word' id='word_1_426' title='bbox 2851 2633 3002 2686; x_wconf 91' lang='lat' dir='ltr'><strong>miles</strong></span> <span class='ocrx_word' id='word_1_427' title='bbox 3042 2633 3223 2686; x_wconf 85' lang='lat' dir='ltr'><strong>lancea</strong></span> <span class='ocrx_word' id='word_1_428' title='bbox 3271 2634 3425 2689; x_wconf 76' lang='lat' dir='ltr'><strong>infixa</strong></span> <span class='ocrx_word' id='word_1_429' title='bbox 3453 2637 3684 2704; x_wconf 88' lang='lat' dir='ltr'><strong>aperuit.</strong></span> 
     </span>
    </p>
   </div>
   <div class='ocr_carea' id='block_1_58' title="bbox 2119 2721 3685 2790">
    <p class='ocr_par' dir='ltr' id='par_1_58' title="bbox 2119 2721 3685 2790">
     <span class='ocr_line' id='line_1_58' title="bbox 2119 2721 3685 2790; baseline 0.003 -14"><span class='ocrx_word' id='word_1_430' title='bbox 2119 2722 2174 2776; x_wconf 85' lang='lat' dir='ltr'><strong>in</strong></span> <span class='ocrx_word' id='word_1_431' title='bbox 2202 2724 2282 2776; x_wconf 87' lang='lat' dir='ltr'><strong>his</strong></span> <span class='ocrx_word' id='word_1_432' title='bbox 2312 2724 2466 2790; x_wconf 84' lang='lat' dir='ltr'><strong>igitur</strong></span> <span class='ocrx_word' id='word_1_433' title='bbox 2500 2721 2843 2776; x_wconf 83' lang='lat' dir='ltr'><strong>foraminibus</strong></span> <span class='ocrx_word' id='word_1_434' title='bbox 2878 2723 3056 2777; x_wconf 91' lang='lat' dir='ltr'><strong>nidum</strong></span> <span class='ocrx_word' id='word_1_435' title='bbox 3085 2724 3184 2777; x_wconf 91' lang='lat' dir='ltr'><strong>sibi</strong></span> <span class='ocrx_word' id='word_1_436' title='bbox 3214 2724 3540 2780; x_wconf 87' lang='lat' dir='ltr'><strong>Scholastica</strong></span> <span class='ocrx_word' id='word_1_437' title='bbox 3566 2735 3685 2781; x_wconf 82' lang='lat' dir='ltr'><strong>sta-</strong></span> 
     </span>
    </p>
   </div>
   <div class='ocr_carea' id='block_1_59' title="bbox 2117 2813 3684 2885">
    <p class='ocr_par' dir='ltr' id='par_1_59' title="bbox 2117 2813 3684 2885">
     <span class='ocr_line' id='line_1_59' title="bbox 2117 2813 3684 2885; baseline 0.003 -17"><span class='ocrx_word' id='word_1_438' title='bbox 2117 2819 2236 2881; x_wconf 89' lang='lat' dir='ltr'><strong>tuit,</strong></span> <span class='ocrx_word' id='word_1_439' title='bbox 2262 2816 2378 2885; x_wconf 86' lang='lat' dir='ltr'><strong>quia</strong></span> <span class='ocrx_word' id='word_1_440' title='bbox 2408 2829 2499 2882; x_wconf 91' lang='lat' dir='ltr'><strong>per</strong></span> <span class='ocrx_word' id='word_1_441' title='bbox 2529 2814 2624 2868; x_wconf 62' lang='lat' dir='ltr'><strong>ista</strong></span> <span class='ocrx_word' id='word_1_442' title='bbox 2651 2825 2863 2869; x_wconf 72' lang='lat' dir='ltr'><strong>:uternae</strong></span> <span class='ocrx_word' id='word_1_443' title='bbox 2895 2814 2992 2867; x_wconf 83' lang='lat' dir='ltr'><strong>sibi</strong></span> <span class='ocrx_word' id='word_1_444' title='bbox 3031 2813 3082 2867; x_wconf 87' lang='lat' dir='ltr'><strong>in</strong></span> <span class='ocrx_word' id='word_1_445' title='bbox 3117 2814 3422 2872; x_wconf 70' lang='lat' dir='ltr'><strong>cmlestibus</strong></span> <span class='ocrx_word' id='word_1_446' title='bbox 3448 2818 3684 2873; x_wconf 86' lang='lat' dir='ltr'><strong>mansio-</strong></span> 
     </span>
    </p>
   </div>
   <div class='ocr_carea' id='block_1_60' title="bbox 2116 2904 3680 2972">
    <p class='ocr_par' dir='ltr' id='par_1_60' title="bbox 2116 2904 3680 2972">
     <span class='ocr_line' id='line_1_60' title="bbox 2116 2904 3680 2972; baseline 0.004 -14"><span class='ocrx_word' id='word_1_447' title='bbox 2116 2907 2196 2960; x_wconf 92' lang='lat' dir='ltr'><strong>nis</strong></span> <span class='ocrx_word' id='word_1_448' title='bbox 2224 2922 2369 2972; x_wconf 85' lang='lat' dir='ltr'><strong>spent</strong></span> <span class='ocrx_word' id='word_1_449' title='bbox 2397 2905 2747 2972; x_wconf 68' lang='lat' dir='ltr'><strong>inambiguam</strong></span> <span class='ocrx_word' id='word_1_450' title='bbox 2779 2904 3081 2959; x_wconf 90' lang='lat' dir='ltr'><strong>collocavit.</strong></span> <span class='ocrx_word' id='word_1_451' title='bbox 3124 2906 3178 2960; x_wconf 88' lang='lat' dir='ltr'><strong>in</strong></span> <span class='ocrx_word' id='word_1_452' title='bbox 3216 2907 3297 2962; x_wconf 91' lang='lat' dir='ltr'><strong>his</strong></span> <span class='ocrx_word' id='word_1_453' title='bbox 3326 2906 3680 2965; x_wconf 87' lang='lat' dir='ltr'><strong>foraminibus</strong></span> 
     </span>
    </p>
   </div>
   <div class='ocr_carea' id='block_1_61' title="bbox 2116 2995 3679 3065">
    <p class='ocr_par' dir='ltr' id='par_1_61' title="bbox 2116 2995 3679 3065">
     <span class='ocr_line' id='line_1_61' title="bbox 2116 2995 3679 3065; baseline 0.004 -16"><span class='ocrx_word' id='word_1_454' title='bbox 2116 2996 2294 3049; x_wconf 90' lang='lat' dir='ltr'><strong>nidum</strong></span> <span class='ocrx_word' id='word_1_455' title='bbox 2324 2997 2540 3058; x_wconf 88' lang='lat' dir='ltr'><strong>statuit,</strong></span> <span class='ocrx_word' id='word_1_456' title='bbox 2595 2996 2844 3065; x_wconf 81' lang='lat' dir='ltr'><strong>quoniam</strong></span> <span class='ocrx_word' id='word_1_457' title='bbox 2886 3011 2945 3050; x_wconf 88' lang='lat' dir='ltr'><strong>ea</strong></span> <span class='ocrx_word' id='word_1_458' title='bbox 2983 2995 3297 3052; x_wconf 84' lang='lat' dir='ltr'><strong>salvationis</strong></span> <span class='ocrx_word' id='word_1_459' title='bbox 3334 3012 3446 3052; x_wconf 72' lang='lat' dir='ltr'><strong>sua:</strong></span> <span class='ocrx_word' id='word_1_460' title='bbox 3487 3013 3679 3055; x_wconf 85' lang='lat' dir='ltr'><strong>causas</strong></span> 
     </span>
    </p>
   </div>
   <div class='ocr_carea' id='block_1_62' title="bbox 445 3069 3679 3166">
    <p class='ocr_par' dir='ltr' id='par_1_62' title="bbox 445 3069 3679 3166">
     <span class='ocr_line' id='line_1_62' title="bbox 445 3069 3679 3166; baseline 0.007 -42"><span class='ocrx_word' id='word_1_461' title='bbox 445 3093 724 3159; x_wconf 39' lang='lat' dir='ltr'><strong>amiculus;</strong></span> <span class='ocrx_word' id='word_1_462' title='bbox 749 3095 983 3165; x_wconf 61' lang='lat' dir='ltr'><strong>illudque</strong></span> <span class='ocrx_word' id='word_1_463' title='bbox 1006 3097 1157 3152; x_wconf 73' lang='lat' dir='ltr'><strong>nobis</strong></span> <span class='ocrx_word' id='word_1_464' title='bbox 1187 3098 1358 3166; x_wconf 65' lang='lat' dir='ltr'><strong>primo</strong></span> <span class='ocrx_word' id='word_1_465' title='bbox 1386 3096 1622 3152; x_wconf 69' lang='lat' dir='ltr'><strong>conmeri</strong></span> <span class='ocrx_word' id='word_1_466' title='bbox 1650 3098 1720 3150; x_wconf 68' lang='grc' dir='ltr'><strong>εει</strong></span> <span class='ocrx_word' id='word_1_467' title='bbox 1749 3095 2003 3159; x_wconf 54' lang='lat' dir='ltr'><strong>studium,</strong></span> <span class='ocrx_word' id='word_1_468' title='bbox 2039 3069 2083 3132; x_wconf 59' lang='grc' dir='ltr'><strong>(ἶ</strong></span> <span class='ocrx_word' id='word_1_469' title='bbox 2113 3086 2338 3140; x_wconf 79' lang='lat' dir='ltr'><strong>existere</strong></span> <span class='ocrx_word' id='word_1_470' title='bbox 2365 3096 2523 3140; x_wconf 69' lang='lat' dir='ltr'><strong>cet-ta:</strong></span> <span class='ocrx_word' id='word_1_471' title='bbox 2549 3086 2667 3140; x_wconf 90' lang='lat' dir='ltr'><strong>fidei</strong></span> <span class='ocrx_word' id='word_1_472' title='bbox 2693 3085 3059 3150; x_wconf 81' lang='lat' dir='ltr'><strong>credulitatem</strong></span> <span class='ocrx_word' id='word_1_473' title='bbox 3089 3088 3336 3158; x_wconf 74' lang='lat' dir='ltr'><strong>gestavit.</strong></span> <span class='ocrx_word' id='word_1_474' title='bbox 3370 3090 3421 3144; x_wconf 89' lang='lat' dir='ltr'><strong>ltt</strong></span> <span class='ocrx_word' id='word_1_475' title='bbox 3449 3091 3561 3154; x_wconf 82' lang='lat' dir='ltr'><strong>Itis,</strong></span> <span class='ocrx_word' id='word_1_476' title='bbox 3593 3093 3679 3146; x_wconf 79' lang='lat' dir='ltr'><strong>in-</strong></span> 
     </span>
    </p>
   </div>
   <div class='ocr_carea' id='block_1_63' title="bbox 445 3185 2008 3258">
    <p class='ocr_par' dir='ltr' id='par_1_63' title="bbox 445 3185 2008 3258">
     <span class='ocr_line' id='line_1_63' title="bbox 445 3185 2008 3258; baseline 0.003 -18"><span class='ocrx_word' id='word_1_477' title='bbox 445 3185 572 3240; x_wconf 88' lang='lat' dir='ltr'><strong>nihii</strong></span> <span class='ocrx_word' id='word_1_478' title='bbox 611 3201 794 3242; x_wconf 91' lang='lat' dir='ltr'><strong>eorum</strong></span> <span class='ocrx_word' id='word_1_479' title='bbox 833 3187 1049 3244; x_wconf 92' lang='lat' dir='ltr'><strong>omnino</strong></span> <span class='ocrx_word' id='word_1_480' title='bbox 1079 3189 1311 3244; x_wconf 88' lang='lat' dir='ltr'><strong>defuisse</strong></span> <span class='ocrx_word' id='word_1_481' title='bbox 1347 3189 1691 3244; x_wconf 61' lang='lat' dir='ltr'><strong>Scholasticis:</strong></span> <span class='ocrx_word' id='word_1_482' title='bbox 1717 3232 1732 3254; x_wconf 93' lang='lat'><strong>,</strong></span> <span class='ocrx_word' id='word_1_483' title='bbox 1775 3205 1895 3258; x_wconf 78' lang='lat' dir='ltr'><strong>qua:</strong></span> <span class='ocrx_word' id='word_1_484' title='bbox 1942 3205 2008 3244; x_wconf 75' lang='lat' dir='ltr'><strong>ex</strong></span> 
     </span>
    </p>
   </div>
   <div class='ocr_carea' id='block_1_64' title="bbox 445 3279 2009 3351">
    <p class='ocr_par' dir='ltr' id='par_1_64' title="bbox 445 3279 2009 3351">
     <span class='ocr_line' id='line_1_64' title="bbox 445 3279 2009 3351; baseline 0.004 -19"><span class='ocrx_word' id='word_1_485' title='bbox 445 3279 702 3334; x_wconf 80' lang='lat' dir='ltr'><strong>relatione</strong></span> <span class='ocrx_word' id='word_1_486' title='bbox 755 3280 1018 3336; x_wconf 86' lang='lat' dir='ltr'><strong>dominica</strong></span> <span class='ocrx_word' id='word_1_487' title='bbox 1077 3283 1363 3351; x_wconf 83' lang='lat' dir='ltr'><strong>pruden&#39;es</strong></span> <span class='ocrx_word' id='word_1_488' title='bbox 1407 3282 1721 3340; x_wconf 89' lang='lat' dir='ltr'><strong>edidicimus</strong></span> <span class='ocrx_word' id='word_1_489' title='bbox 1777 3283 2009 3351; x_wconf 81' lang='lat' dir='ltr'><strong>virgines</strong></span> 
     </span>
    </p>
   </div>
   <div class='ocr_carea' id='block_1_65' title="bbox 446 3371 2006 3444">
    <p class='ocr_par' dir='ltr' id='par_1_65' title="bbox 446 3371 2006 3444">
     <span class='ocr_line' id='line_1_65' title="bbox 446 3371 2006 3444; baseline 0.005 -22"><span class='ocrx_word' id='word_1_490' title='bbox 446 3371 712 3427; x_wconf 77' lang='lat' dir='ltr'><strong>habuisse.</strong></span> <span class='ocrx_word' id='word_1_491' title='bbox 740 3371 1050 3442; x_wconf 78' lang='lat' dir='ltr'><strong>Virginitate</strong></span> <span class='ocrx_word' id='word_1_492' title='bbox 1071 3389 1300 3444; x_wconf 84' lang='lat' dir='ltr'><strong>namque</strong></span> <span class='ocrx_word' id='word_1_493' title='bbox 1320 3373 1623 3430; x_wconf 90' lang='lat' dir='ltr'><strong>omnimoda</strong></span> <span class='ocrx_word' id='word_1_494' title='bbox 1649 3374 1859 3441; x_wconf 89' lang='lat' dir='ltr'><strong>claruit,</strong></span> <span class='ocrx_word' id='word_1_495' title='bbox 1887 3391 2006 3444; x_wconf 66' lang='lat' dir='ltr'><strong>quae</strong></span> 
     </span>
    </p>
   </div>
   <div class='ocr_carea' id='block_1_66' title="bbox 442 3465 2004 3535">
    <p class='ocr_par' dir='ltr' id='par_1_66' title="bbox 442 3465 2004 3535">
     <span class='ocr_line' id='line_1_66' title="bbox 442 3465 2004 3535; baseline 0.007 -23"><span class='ocrx_word' id='word_1_496' title='bbox 442 3472 640 3531; x_wconf 71' lang='lat' dir='ltr'><strong>prsl&#39;tcr</strong></span> <span class='ocrx_word' id='word_1_497' title='bbox 677 3477 1010 3519; x_wconf 91' lang='lat' dir='ltr'><strong>communem</strong></span> <span class='ocrx_word' id='word_1_498' title='bbox 1041 3465 1392 3535; x_wconf 77' lang='lat' dir='ltr'><strong>virginitatem</strong></span> <span class='ocrx_word' id='word_1_499' title='bbox 1442 3467 1594 3533; x_wconf 84' lang='lat' dir='ltr'><strong>fidei,</strong></span> <span class='ocrx_word' id='word_1_500' title='bbox 1627 3468 1802 3521; x_wconf 76' lang='lat' dir='ltr'><strong>carnis</strong></span> <span class='ocrx_word' id='word_1_501' title='bbox 1845 3469 2004 3523; x_wconf 91' lang='lat' dir='ltr'><strong>etiam</strong></span> 
     </span>
    </p>
   </div>
   <div class='ocr_carea' id='block_1_67' title="bbox 440 3553 2001 3624">
    <p class='ocr_par' dir='ltr' id='par_1_67' title="bbox 440 3553 2001 3624">
     <span class='ocr_line' id='line_1_67' title="bbox 440 3553 2001 3624; baseline 0.004 -21"><span class='ocrx_word' id='word_1_502' title='bbox 440 3553 746 3621; x_wconf 79' lang='lat' dir='ltr'><strong>pudicitiam</strong></span> <span class='ocrx_word' id='word_1_503' title='bbox 777 3554 1090 3610; x_wconf 77' lang='lat' dir='ltr'><strong>intemerata</strong></span> <span class='ocrx_word' id='word_1_504' title='bbox 1126 3557 1288 3612; x_wconf 90' lang='lat' dir='ltr'><strong>animi</strong></span> <span class='ocrx_word' id='word_1_505' title='bbox 1319 3557 1545 3624; x_wconf 85' lang='lat' dir='ltr'><strong>puritate</strong></span> <span class='ocrx_word' id='word_1_506' title='bbox 1585 3557 1836 3614; x_wconf 87' lang='lat' dir='ltr'><strong>servavit.</strong></span> <span class='ocrx_word' id='word_1_507' title='bbox 1869 3556 2001 3611; x_wconf 79' lang='lat' dir='ltr'><strong>Pru-</strong></span> 
     </span>
    </p>
   </div>
   <div class='ocr_carea' id='block_1_68' title="bbox 439 3645 2003 3717">
    <p class='ocr_par' dir='ltr' id='par_1_68' title="bbox 439 3645 2003 3717">
     <span class='ocr_line' id='line_1_68' title="bbox 439 3645 2003 3717; baseline 0.009 -25"><span class='ocrx_word' id='word_1_508' title='bbox 439 3646 571 3696; x_wconf 70' lang='lat' dir='ltr'><strong>ttens</strong></span> <span class='ocrx_word' id='word_1_509' title='bbox 599 3645 799 3699; x_wconf 75' lang='lat' dir='ltr'><strong>exstitit</strong></span> <span class='ocrx_word' id='word_1_510' title='bbox 825 3659 943 3714; x_wconf 73' lang='lat' dir='ltr'><strong>qua:</strong></span> <span class='ocrx_word' id='word_1_511' title='bbox 967 3646 1018 3699; x_wconf 92' lang='lat' dir='ltr'><strong>in</strong></span> <span class='ocrx_word' id='word_1_512' title='bbox 1043 3661 1216 3700; x_wconf 78' lang='lat' dir='ltr'><strong>ret-uin</strong></span> <span class='ocrx_word' id='word_1_513' title='bbox 1235 3646 1428 3701; x_wconf 88' lang='lat' dir='ltr'><strong>finibus</strong></span> <span class='ocrx_word' id='word_1_514' title='bbox 1451 3647 1616 3717; x_wconf 86' lang='lat' dir='ltr'><strong>figens</strong></span> <span class='ocrx_word' id='word_1_515' title='bbox 1639 3648 1841 3713; x_wconf 88' lang='lat' dir='ltr'><strong>oculos,</strong></span> <span class='ocrx_word' id='word_1_516' title='bbox 1868 3648 2003 3707; x_wconf 84' lang='lat' dir='ltr'><strong>bona</strong></span> 
     </span>
    </p>
   </div>
   <div class='ocr_carea' id='block_1_69' title="bbox 439 3733 2003 3811">
    <p class='ocr_par' dir='ltr' id='par_1_69' title="bbox 439 3733 2003 3811">
     <span class='ocr_line' id='line_1_69' title="bbox 439 3733 2003 3811; baseline 0.005 -23"><span class='ocrx_word' id='word_1_517' title='bbox 439 3734 539 3788; x_wconf 80' lang='lat' dir='ltr'><strong>sibi</strong></span> <span class='ocrx_word' id='word_1_518' title='bbox 572 3733 836 3792; x_wconf 85' lang='lat' dir='ltr'><strong>indefessa</strong></span> <span class='ocrx_word' id='word_1_519' title='bbox 859 3739 1208 3807; x_wconf 85' lang='lat' dir='ltr'><strong>perpetuitate</strong></span> <span class='ocrx_word' id='word_1_520' title='bbox 1227 3739 1472 3808; x_wconf 88' lang='lat' dir='ltr'><strong>providit.</strong></span> <span class='ocrx_word' id='word_1_521' title='bbox 1498 3740 1789 3797; x_wconf 85' lang='lat' dir='ltr'><strong>Lucernam</strong></span> <span class='ocrx_word' id='word_1_522' title='bbox 1806 3756 2003 3811; x_wconf 88' lang='lat' dir='ltr'><strong>sponso</strong></span> 
     </span>
    </p>
   </div>
   <div class='ocr_carea' id='block_1_70' title="bbox 438 3828 2004 3898">
    <p class='ocr_par' dir='ltr' id='par_1_70' title="bbox 438 3828 2004 3898">
     <span class='ocr_line' id='line_1_70' title="bbox 438 3828 2004 3898; baseline 0.008 -22"><span class='ocrx_word' id='word_1_523' title='bbox 438 3840 725 3880; x_wconf 88' lang='lat' dir='ltr'><strong>occursura</strong></span> <span class='ocrx_word' id='word_1_524' title='bbox 754 3828 1058 3893; x_wconf 84' lang='lat' dir='ltr'><strong>succendit,</strong></span> <span class='ocrx_word' id='word_1_525' title='bbox 1091 3845 1207 3898; x_wconf 74' lang='lat' dir='ltr'><strong>qua:</strong></span> <span class='ocrx_word' id='word_1_526' title='bbox 1231 3829 1296 3884; x_wconf 92' lang='lat' dir='ltr'><strong>ad</strong></span> <span class='ocrx_word' id='word_1_527' title='bbox 1323 3831 1516 3887; x_wconf 85' lang='lat' dir='ltr'><strong>Christi</strong></span> <span class='ocrx_word' id='word_1_528' title='bbox 1547 3831 1802 3887; x_wconf 77' lang='lat' dir='ltr'><strong>visionem</strong></span> <span class='ocrx_word' id='word_1_529' title='bbox 1841 3832 2004 3888; x_wconf 60' lang='lat' dir='ltr'><strong>anhee</strong></span> 
     </span>
    </p>
   </div>
   <div class='ocr_carea' id='block_1_71' title="bbox 439 3917 2001 3993">
    <p class='ocr_par' dir='ltr' id='par_1_71' title="bbox 439 3917 2001 3993">
     <span class='ocr_line' id='line_1_71' title="bbox 439 3917 2001 3993; baseline 0.008 -25"><span class='ocrx_word' id='word_1_530' title='bbox 439 3917 585 3980; x_wconf 79' lang='lat' dir='ltr'><strong>ians,</strong></span> <span class='ocrx_word' id='word_1_531' title='bbox 625 3918 892 3972; x_wconf 85' lang='lat' dir='ltr'><strong>actionum</strong></span> <span class='ocrx_word' id='word_1_532' title='bbox 933 3928 1236 3980; x_wconf 89' lang='lat' dir='ltr'><strong>sanctarum</strong></span> <span class='ocrx_word' id='word_1_533' title='bbox 1277 3921 1447 3978; x_wconf 90' lang='lat' dir='ltr'><strong>lucem</strong></span> <span class='ocrx_word' id='word_1_534' title='bbox 1487 3923 1617 3978; x_wconf 90' lang='lat' dir='ltr'><strong>solis</strong></span> <span class='ocrx_word' id='word_1_535' title='bbox 1668 3923 2001 3993; x_wconf 84' lang='lat' dir='ltr'><strong>fulgidioretn</strong></span> 
     </span>
    </p>
   </div>
   <div class='ocr_carea' id='block_1_72' title="bbox 440 4005 1999 4088">
    <p class='ocr_par' dir='ltr' id='par_1_72' title="bbox 440 4005 1999 4088">
     <span class='ocr_line' id='line_1_72' title="bbox 440 4005 1999 4088; baseline 0.006 -29"><span class='ocrx_word' id='word_1_536' title='bbox 440 4007 601 4067; x_wconf 80' lang='lat' dir='ltr'><strong>radiis</strong></span> <span class='ocrx_word' id='word_1_537' title='bbox 618 4005 1029 4080; x_wconf 86' lang='lat' dir='ltr'><strong>circumquaque</strong></span> <span class='ocrx_word' id='word_1_538' title='bbox 1049 4012 1314 4082; x_wconf 87' lang='lat' dir='ltr'><strong>dispersit.</strong></span> <span class='ocrx_word' id='word_1_539' title='bbox 1335 4012 1517 4068; x_wconf 90' lang='lat' dir='ltr'><strong>Oleum</strong></span> <span class='ocrx_word' id='word_1_540' title='bbox 1535 4014 1737 4083; x_wconf 89' lang='lat' dir='ltr'><strong>accepit</strong></span> <span class='ocrx_word' id='word_1_541' title='bbox 1759 4015 1810 4068; x_wconf 88' lang='lat' dir='ltr'><strong>in</strong></span> <span class='ocrx_word' id='word_1_542' title='bbox 1840 4015 1999 4088; x_wconf 85' lang='lat' dir='ltr'><strong>vasis,</strong></span> 
     </span>
    </p>
   </div>
   <div class='ocr_carea' id='block_1_73' title="bbox 440 4102 2002 4176">
    <p class='ocr_par' dir='ltr' id='par_1_73' title="bbox 440 4102 2002 4176">
     <span class='ocr_line' id='line_1_73' title="bbox 440 4102 2002 4176; baseline 0.008 -26"><span class='ocrx_word' id='word_1_543' title='bbox 440 4102 493 4151; x_wconf 89' lang='lat' dir='ltr'><strong>in</strong></span> <span class='ocrx_word' id='word_1_544' title='bbox 541 4102 886 4166; x_wconf 86' lang='lat' dir='ltr'><strong>receptaculis</strong></span> <span class='ocrx_word' id='word_1_545' title='bbox 925 4104 1086 4156; x_wconf 90' lang='lat' dir='ltr'><strong>animi</strong></span> <span class='ocrx_word' id='word_1_546' title='bbox 1116 4103 1410 4160; x_wconf 88' lang='lat' dir='ltr'><strong>fomentum</strong></span> <span class='ocrx_word' id='word_1_547' title='bbox 1440 4107 1542 4174; x_wconf 73' lang='lat' dir='ltr'><strong>pia:</strong></span> <span class='ocrx_word' id='word_1_548' title='bbox 1580 4120 1788 4176; x_wconf 88' lang='lat' dir='ltr'><strong>semper</strong></span> <span class='ocrx_word' id='word_1_549' title='bbox 1832 4105 2002 4162; x_wconf 85' lang='lat' dir='ltr'><strong>tenuit</strong></span> 
     </span>
    </p>
   </div>
   <div class='ocr_carea' id='block_1_74' title="bbox 437 4192 1998 4262">
    <p class='ocr_par' dir='ltr' id='par_1_74' title="bbox 437 4192 1998 4262">
     <span class='ocr_line' id='line_1_74' title="bbox 437 4192 1998 4262; baseline 0.007 -21"><span class='ocrx_word' id='word_1_550' title='bbox 437 4192 730 4252; x_wconf 57' lang='lat' dir='ltr'><strong>charitatis.</strong></span> <span class='ocrx_word' id='word_1_551' title='bbox 757 4194 854 4247; x_wconf 76' lang='lat' dir='ltr'><strong>l’er</strong></span> <span class='ocrx_word' id='word_1_552' title='bbox 880 4192 1031 4262; x_wconf 85' lang='lat' dir='ltr'><strong>cujus</strong></span> <span class='ocrx_word' id='word_1_553' title='bbox 1063 4194 1306 4250; x_wconf 85' lang='lat' dir='ltr'><strong>videlicet</strong></span> <span class='ocrx_word' id='word_1_554' title='bbox 1321 4195 1596 4251; x_wconf 86' lang='lat' dir='ltr'><strong>charitatis</strong></span> <span class='ocrx_word' id='word_1_555' title='bbox 1624 4198 1728 4252; x_wconf 90' lang='lat' dir='ltr'><strong>vim</strong></span> <span class='ocrx_word' id='word_1_556' title='bbox 1759 4197 1998 4252; x_wconf 88' lang='lat' dir='ltr'><strong>intimam</strong></span> 
     </span>
    </p>
   </div>
   <div class='ocr_carea' id='block_1_75' title="bbox 439 4281 2002 4357">
    <p class='ocr_par' dir='ltr' id='par_1_75' title="bbox 439 4281 2002 4357">
     <span class='ocr_line' id='line_1_75' title="bbox 439 4281 2002 4357; baseline 0.004 -22"><span class='ocrx_word' id='word_1_557' title='bbox 439 4290 640 4335; x_wconf 88' lang='lat' dir='ltr'><strong>tantum</strong></span> <span class='ocrx_word' id='word_1_558' title='bbox 668 4281 998 4338; x_wconf 85' lang='lat' dir='ltr'><strong>Scholastica</strong></span> <span class='ocrx_word' id='word_1_559' title='bbox 1029 4284 1146 4339; x_wconf 89' lang='lat' dir='ltr'><strong>valu</strong></span> <span class='ocrx_word' id='word_1_560' title='bbox 1172 4295 1208 4351; x_wconf 90' lang='lat' dir='ltr'><strong>t,</strong></span> <span class='ocrx_word' id='word_1_561' title='bbox 1242 4298 1297 4339; x_wconf 92' lang='lat' dir='ltr'><strong>ut</strong></span> <span class='ocrx_word' id='word_1_562' title='bbox 1325 4287 1443 4342; x_wconf 91' lang='lat' dir='ltr'><strong>miri</strong></span> <span class='ocrx_word' id='word_1_563' title='bbox 1473 4288 1796 4344; x_wconf 81' lang='lat' dir='ltr'><strong>exhibitione</strong></span> <span class='ocrx_word' id='word_1_564' title='bbox 1824 4289 2002 4357; x_wconf 83' lang='lat' dir='ltr'><strong>prodi-</strong></span> 
     </span>
    </p>
   </div>
   <div class='ocr_carea' id='block_1_76' title="bbox 435 4375 2000 4448">
    <p class='ocr_par' dir='ltr' id='par_1_76' title="bbox 435 4375 2000 4448">
     <span class='ocr_line' id='line_1_76' title="bbox 435 4375 2000 4448; baseline 0.003 -21"><span class='ocrx_word' id='word_1_565' title='bbox 435 4375 538 4445; x_wconf 78' lang='lat' dir='ltr'><strong>gii,</strong></span> <span class='ocrx_word' id='word_1_566' title='bbox 568 4391 668 4442; x_wconf 89' lang='lat' dir='ltr'><strong>qua</strong></span> <span class='ocrx_word' id='word_1_567' title='bbox 692 4377 990 4446; x_wconf 83' lang='lat' dir='ltr'><strong>lacrymans</strong></span> <span class='ocrx_word' id='word_1_568' title='bbox 1014 4377 1134 4430; x_wconf 78' lang='lat' dir='ltr'><strong>cmli</strong></span> <span class='ocrx_word' id='word_1_569' title='bbox 1165 4378 1345 4432; x_wconf 91' lang='lat' dir='ltr'><strong>faciem</strong></span> <span class='ocrx_word' id='word_1_570' title='bbox 1376 4379 1567 4446; x_wconf 60' lang='lat' dir='ltr'><strong>pluvius</strong></span> <span class='ocrx_word' id='word_1_571' title='bbox 1590 4378 1844 4448; x_wconf 75' lang='lat' dir='ltr'><strong>irrigavit,</strong></span> <span class='ocrx_word' id='word_1_572' title='bbox 1893 4377 2000 4433; x_wconf 85' lang='lat' dir='ltr'><strong>fra-</strong></span> 
     </span>
    </p>
   </div>
   <div class='ocr_carea' id='block_1_77' title="bbox 2108 3177 3677 3247">
    <p class='ocr_par' dir='ltr' id='par_1_77' title="bbox 2108 3177 3677 3247">
     <span class='ocr_line' id='line_1_77' title="bbox 2108 3177 3677 3247; baseline 0.008 -18"><span class='ocrx_word' id='word_1_573' title='bbox 2108 3192 2284 3247; x_wconf 88' lang='lat' dir='ltr'><strong>quam,</strong></span> <span class='ocrx_word' id='word_1_574' title='bbox 2310 3177 2655 3233; x_wconf 89' lang='lat' dir='ltr'><strong>foraminibus</strong></span> <span class='ocrx_word' id='word_1_575' title='bbox 2680 3179 2859 3232; x_wconf 89' lang='lat' dir='ltr'><strong>ttidum</strong></span> <span class='ocrx_word' id='word_1_576' title='bbox 2889 3179 3096 3247; x_wconf 85' lang='lat' dir='ltr'><strong>statuit,</strong></span> <span class='ocrx_word' id='word_1_577' title='bbox 3119 3180 3170 3234; x_wconf 92' lang='lat' dir='ltr'><strong>in</strong></span> <span class='ocrx_word' id='word_1_578' title='bbox 3207 3197 3312 3246; x_wconf 89' lang='lat' dir='ltr'><strong>quo</strong></span> <span class='ocrx_word' id='word_1_579' title='bbox 3343 3185 3591 3238; x_wconf 88' lang='lat' dir='ltr'><strong>nimirum</strong></span> <span class='ocrx_word' id='word_1_580' title='bbox 3615 3201 3677 3242; x_wconf 75' lang='lat' dir='ltr'><strong>se</strong></span> 
     </span>
    </p>
   </div>
   <div class='ocr_carea' id='block_1_78' title="bbox 2110 3266 3675 3339">
    <p class='ocr_par' dir='ltr' id='par_1_78' title="bbox 2110 3266 3675 3339">
     <span class='ocr_line' id='line_1_78' title="bbox 2110 3266 3675 3339; baseline 0.006 -17"><span class='ocrx_word' id='word_1_581' title='bbox 2110 3270 2426 3324; x_wconf 84' lang='lat' dir='ltr'><strong>tutissimam</strong></span> <span class='ocrx_word' id='word_1_582' title='bbox 2459 3271 2526 3325; x_wconf 90' lang='lat' dir='ltr'><strong>ab</strong></span> <span class='ocrx_word' id='word_1_583' title='bbox 2554 3272 2850 3326; x_wconf 88' lang='lat' dir='ltr'><strong>animarum</strong></span> <span class='ocrx_word' id='word_1_584' title='bbox 2879 3271 3130 3339; x_wconf 89' lang='lat' dir='ltr'><strong>accipitre</strong></span> <span class='ocrx_word' id='word_1_585' title='bbox 3150 3266 3363 3328; x_wconf 80' lang='lat' dir='ltr'><strong>diabolo</strong></span> <span class='ocrx_word' id='word_1_586' title='bbox 3383 3289 3675 3332; x_wconf 79' lang='lat' dir='ltr'><strong>conserva-</strong></span> 
     </span>
    </p>
   </div>
   <div class='ocr_carea' id='block_1_79' title="bbox 2106 3361 3674 3438">
    <p class='ocr_par' dir='ltr' id='par_1_79' title="bbox 2106 3361 3674 3438">
     <span class='ocr_line' id='line_1_79' title="bbox 2106 3361 3674 3438; baseline 0.005 -24"><span class='ocrx_word' id='word_1_587' title='bbox 2106 3364 2203 3415; x_wconf 88' lang='lat' dir='ltr'><strong>vit.</strong></span> <span class='ocrx_word' id='word_1_588' title='bbox 2234 3361 2370 3416; x_wconf 83' lang='lat' dir='ltr'><strong>Nihil</strong></span> <span class='ocrx_word' id='word_1_589' title='bbox 2415 3362 2589 3416; x_wconf 90' lang='lat' dir='ltr'><strong>vivum</strong></span> <span class='ocrx_word' id='word_1_590' title='bbox 2631 3362 2892 3416; x_wconf 72' lang='lat' dir='ltr'><strong>columbae</strong></span> <span class='ocrx_word' id='word_1_591' title='bbox 2942 3373 3139 3418; x_wconf 71' lang='lat' dir='ltr'><strong>nostrae</strong></span> <span class='ocrx_word' id='word_1_592' title='bbox 3183 3363 3332 3418; x_wconf 90' lang='lat' dir='ltr'><strong>cibus</strong></span> <span class='ocrx_word' id='word_1_593' title='bbox 3378 3365 3513 3430; x_wconf 92' lang='lat' dir='ltr'><strong>fuit,</strong></span> <span class='ocrx_word' id='word_1_594' title='bbox 3555 3384 3674 3438; x_wconf 71' lang='lat' dir='ltr'><strong>qua</strong></span> 
     </span>
    </p>
   </div>
   <div class='ocr_carea' id='block_1_80' title="bbox 2106 3453 3674 3523">
    <p class='ocr_par' dir='ltr' id='par_1_80' title="bbox 2106 3453 3674 3523">
     <span class='ocr_line' id='line_1_80' title="bbox 2106 3453 3674 3523; baseline 0.004 -15"><span class='ocrx_word' id='word_1_595' title='bbox 2106 3455 2417 3523; x_wconf 85' lang='lat' dir='ltr'><strong>Apostolum</strong></span> <span class='ocrx_word' id='word_1_596' title='bbox 2445 3453 2670 3508; x_wconf 88' lang='lat' dir='ltr'><strong>audiens</strong></span> <span class='ocrx_word' id='word_1_597' title='bbox 2695 3469 2909 3508; x_wconf 85' lang='lat' dir='ltr'><strong>carnem</strong></span> <span class='ocrx_word' id='word_1_598' title='bbox 2940 3471 3089 3508; x_wconf 89' lang='lat' dir='ltr'><strong>suam</strong></span> <span class='ocrx_word' id='word_1_599' title='bbox 3117 3471 3235 3510; x_wconf 91' lang='lat' dir='ltr'><strong>cum</strong></span> <span class='ocrx_word' id='word_1_600' title='bbox 3283 3458 3424 3512; x_wconf 84' lang='lat' dir='ltr'><strong>vitiis</strong></span> <span class='ocrx_word' id='word_1_601' title='bbox 3454 3468 3508 3513; x_wconf 93' lang='lat' dir='ltr'><strong>et</strong></span> <span class='ocrx_word' id='word_1_602' title='bbox 3544 3475 3674 3514; x_wconf 81' lang='lat' dir='ltr'><strong>con-</strong></span> 
     </span>
    </p>
   </div>
   <div class='ocr_carea' id='block_1_81' title="bbox 2104 3545 3674 3618">
    <p class='ocr_par' dir='ltr' id='par_1_81' title="bbox 2104 3545 3674 3618">
     <span class='ocr_line' id='line_1_81' title="bbox 2104 3545 3674 3618; baseline 0.004 -18"><span class='ocrx_word' id='word_1_603' title='bbox 2104 3547 2446 3615; x_wconf 72' lang='lat' dir='ltr'><strong>cupisci-ntiis</strong></span> <span class='ocrx_word' id='word_1_604' title='bbox 2477 3547 2797 3601; x_wconf 83' lang='lat' dir='ltr'><strong>mortiﬁcare</strong></span> <span class='ocrx_word' id='word_1_605' title='bbox 2826 3547 3034 3615; x_wconf 76' lang='lat' dir='ltr'><strong>sategit.</strong></span> <span class='ocrx_word' id='word_1_606' title='bbox 3068 3545 3181 3600; x_wconf 87' lang='lat' dir='ltr'><strong>Non</strong></span> <span class='ocrx_word' id='word_1_607' title='bbox 3215 3562 3273 3602; x_wconf 90' lang='lat' dir='ltr'><strong>se</strong></span> <span class='ocrx_word' id='word_1_608' title='bbox 3311 3549 3406 3602; x_wconf 92' lang='lat' dir='ltr'><strong>abs</strong></span> <span class='ocrx_word' id='word_1_609' title='bbox 3435 3551 3674 3618; x_wconf 84' lang='lat' dir='ltr'><strong>quolibet</strong></span> 
     </span>
    </p>
   </div>
   <div class='ocr_carea' id='block_1_82' title="bbox 2105 3637 3671 3707">
    <p class='ocr_par' dir='ltr' id='par_1_82' title="bbox 2105 3637 3671 3707">
     <span class='ocr_line' id='line_1_82' title="bbox 2105 3637 3671 3707; baseline 0.003 -17"><span class='ocrx_word' id='word_1_610' title='bbox 2105 3637 2362 3706; x_wconf 83' lang='lat' dir='ltr'><strong>unguibus</strong></span> <span class='ocrx_word' id='word_1_611' title='bbox 2385 3679 2400 3704; x_wconf 91' lang='lat'><strong>,</strong></span> <span class='ocrx_word' id='word_1_612' title='bbox 2455 3654 2559 3692; x_wconf 90' lang='lat' dir='ltr'><strong>non</strong></span> <span class='ocrx_word' id='word_1_613' title='bbox 2594 3647 2790 3700; x_wconf 91' lang='lat' dir='ltr'><strong>rostro,</strong></span> <span class='ocrx_word' id='word_1_614' title='bbox 2823 3637 2916 3690; x_wconf 88' lang='lat' dir='ltr'><strong>sed</strong></span> <span class='ocrx_word' id='word_1_615' title='bbox 2945 3639 3147 3690; x_wconf 90' lang='lat' dir='ltr'><strong>alarum</strong></span> <span class='ocrx_word' id='word_1_616' title='bbox 3181 3638 3292 3692; x_wconf 90' lang='lat' dir='ltr'><strong>sola</strong></span> <span class='ocrx_word' id='word_1_617' title='bbox 3337 3642 3671 3707; x_wconf 83' lang='lat' dir='ltr'><strong>preteetione</strong></span> 
     </span>
    </p>
   </div>
   <div class='ocr_carea' id='block_1_83' title="bbox 2101 3727 3669 3798">
    <p class='ocr_par' dir='ltr' id='par_1_83' title="bbox 2101 3727 3669 3798">
     <span class='ocr_line' id='line_1_83' title="bbox 2101 3727 3669 3798; baseline 0.002 -16"><span class='ocrx_word' id='word_1_618' title='bbox 2101 3727 2376 3787; x_wconf 91' lang='lat' dir='ltr'><strong>defendit,</strong></span> <span class='ocrx_word' id='word_1_619' title='bbox 2415 3743 2534 3796; x_wconf 72' lang='lat' dir='ltr'><strong>qua:</strong></span> <span class='ocrx_word' id='word_1_620' title='bbox 2577 3728 2714 3780; x_wconf 89' lang='lat' dir='ltr'><strong>mala</strong></span> <span class='ocrx_word' id='word_1_621' title='bbox 2745 3727 2986 3780; x_wconf 89' lang='lat' dir='ltr'><strong>nesciens</strong></span> <span class='ocrx_word' id='word_1_622' title='bbox 3023 3740 3117 3794; x_wconf 90' lang='lat' dir='ltr'><strong>pro</strong></span> <span class='ocrx_word' id='word_1_623' title='bbox 3145 3727 3295 3780; x_wconf 90' lang='lat' dir='ltr'><strong>malis</strong></span> <span class='ocrx_word' id='word_1_624' title='bbox 3331 3730 3627 3798; x_wconf 88' lang='lat' dir='ltr'><strong>rependere</strong></span> <span class='ocrx_word' id='word_1_625' title='bbox 3650 3774 3669 3798; x_wconf 93' lang='lat'><strong>,</strong></span> 
     </span>
    </p>
   </div>
   <div class='ocr_carea' id='block_1_84' title="bbox 2101 3817 3674 3891">
    <p class='ocr_par' dir='ltr' id='par_1_84' title="bbox 2101 3817 3674 3891">
     <span class='ocr_line' id='line_1_84' title="bbox 2101 3817 3674 3891; baseline 0.003 -19"><span class='ocrx_word' id='word_1_626' title='bbox 2101 3820 2215 3873; x_wconf 87' lang='lat' dir='ltr'><strong>sola</strong></span> <span class='ocrx_word' id='word_1_627' title='bbox 2242 3833 2361 3872; x_wconf 88' lang='lat' dir='ltr'><strong>sese</strong></span> <span class='ocrx_word' id='word_1_628' title='bbox 2390 3819 2456 3872; x_wconf 88' lang='lat' dir='ltr'><strong>ab</strong></span> <span class='ocrx_word' id='word_1_629' title='bbox 2484 3817 2890 3875; x_wconf 82' lang='lat' dir='ltr'><strong>adversantibus</strong></span> <span class='ocrx_word' id='word_1_630' title='bbox 2914 3819 3157 3873; x_wconf 90' lang='lat' dir='ltr'><strong>omnibus</strong></span> <span class='ocrx_word' id='word_1_631' title='bbox 3194 3818 3292 3873; x_wconf 88' lang='lat' dir='ltr'><strong>Dei</strong></span> <span class='ocrx_word' id='word_1_632' title='bbox 3331 3821 3674 3891; x_wconf 75' lang='lat' dir='ltr'><strong>proximique</strong></span> 
     </span>
    </p>
   </div>
   <div class='ocr_carea' id='block_1_85' title="bbox 2099 3911 3669 3984">
    <p class='ocr_par' dir='ltr' id='par_1_85' title="bbox 2099 3911 3669 3984">
     <span class='ocr_line' id='line_1_85' title="bbox 2099 3911 3669 3984; baseline 0.001 -17"><span class='ocrx_word' id='word_1_633' title='bbox 2099 3911 2387 3967; x_wconf 88' lang='lat' dir='ltr'><strong>dilectione</strong></span> <span class='ocrx_word' id='word_1_634' title='bbox 2447 3913 2689 3966; x_wconf 88' lang='lat' dir='ltr'><strong>munivit.</strong></span> <span class='ocrx_word' id='word_1_635' title='bbox 2727 3911 2780 3966; x_wconf 90' lang='lat' dir='ltr'><strong>In</strong></span> <span class='ocrx_word' id='word_1_636' title='bbox 2823 3912 3052 3966; x_wconf 84' lang='lat' dir='ltr'><strong>volando</strong></span> <span class='ocrx_word' id='word_1_637' title='bbox 3093 3912 3401 3968; x_wconf 80' lang='lat' dir='ltr'><strong>societatem</strong></span> <span class='ocrx_word' id='word_1_638' title='bbox 3447 3916 3669 3984; x_wconf 78' lang='lat' dir='ltr'><strong>dilexit,</strong></span> 
     </span>
    </p>
   </div>
   <div class='ocr_carea' id='block_1_86' title="bbox 2101 4006 3672 4077">
    <p class='ocr_par' dir='ltr' id='par_1_86' title="bbox 2101 4006 3672 4077">
     <span class='ocr_line' id='line_1_86' title="bbox 2101 4006 3672 4077; baseline 0.004 -19"><span class='ocrx_word' id='word_1_639' title='bbox 2101 4022 2221 4077; x_wconf 72' lang='lat' dir='ltr'><strong>quze</strong></span> <span class='ocrx_word' id='word_1_640' title='bbox 2251 4022 2429 4060; x_wconf 88' lang='lat' dir='ltr'><strong>secum</strong></span> <span class='ocrx_word' id='word_1_641' title='bbox 2459 4006 2523 4060; x_wconf 84' lang='lat' dir='ltr'><strong>ad</strong></span> <span class='ocrx_word' id='word_1_642' title='bbox 2569 4006 2802 4060; x_wconf 77' lang='lat' dir='ltr'><strong>cmlestia</strong></span> <span class='ocrx_word' id='word_1_643' title='bbox 2848 4020 3187 4075; x_wconf 83' lang='lat' dir='ltr'><strong>quascunque</strong></span> <span class='ocrx_word' id='word_1_644' title='bbox 3238 4007 3408 4074; x_wconf 91' lang='lat' dir='ltr'><strong>potuit</strong></span> <span class='ocrx_word' id='word_1_645' title='bbox 3458 4008 3672 4064; x_wconf 83' lang='lat' dir='ltr'><strong>trahere</strong></span> 
     </span>
    </p>
   </div>
   <div class='ocr_carea' id='block_1_87' title="bbox 2102 4095 3659 4167">
    <p class='ocr_par' dir='ltr' id='par_1_87' title="bbox 2102 4095 3659 4167">
     <span class='ocr_line' id='line_1_87' title="bbox 2102 4095 3659 4167; baseline 0.003 -17"><span class='ocrx_word' id='word_1_646' title='bbox 2102 4098 2418 4167; x_wconf 90' lang='lat' dir='ltr'><strong>procuravit.</strong></span> <span class='ocrx_word' id='word_1_647' title='bbox 2442 4097 2633 4151; x_wconf 89' lang='lat' dir='ltr'><strong>Oculos</strong></span> <span class='ocrx_word' id='word_1_648' title='bbox 2656 4097 2932 4166; x_wconf 84' lang='lat' dir='ltr'><strong>lippientes</strong></span> <span class='ocrx_word' id='word_1_649' title='bbox 2963 4095 3181 4161; x_wconf 91' lang='lat' dir='ltr'><strong>habuit,</strong></span> <span class='ocrx_word' id='word_1_650' title='bbox 3204 4113 3321 4165; x_wconf 66' lang='lat' dir='ltr'><strong>quae</strong></span> <span class='ocrx_word' id='word_1_651' title='bbox 3349 4099 3401 4152; x_wconf 89' lang='lat' dir='ltr'><strong>in</strong></span> <span class='ocrx_word' id='word_1_652' title='bbox 3428 4101 3525 4153; x_wconf 86' lang='lat' dir='ltr'><strong>hac</strong></span> <span class='ocrx_word' id='word_1_653' title='bbox 3549 4101 3659 4155; x_wconf 84' lang='lat' dir='ltr'><strong>vita</strong></span> 
     </span>
    </p>
   </div>
   <div class='ocr_carea' id='block_1_88' title="bbox 2105 4188 3670 4258">
    <p class='ocr_par' dir='ltr' id='par_1_88' title="bbox 2105 4188 3670 4258">
     <span class='ocr_line' id='line_1_88' title="bbox 2105 4188 3670 4258; baseline 0.003 -17"><span class='ocrx_word' id='word_1_654' title='bbox 2105 4204 2223 4243; x_wconf 89' lang='lat' dir='ltr'><strong>cum</strong></span> <span class='ocrx_word' id='word_1_655' title='bbox 2249 4189 2414 4243; x_wconf 85' lang='lat' dir='ltr'><strong>Paulo</strong></span> <span class='ocrx_word' id='word_1_656' title='bbox 2449 4204 2541 4258; x_wconf 75' lang='lat' dir='ltr'><strong>per</strong></span> <span class='ocrx_word' id='word_1_657' title='bbox 2567 4190 2842 4258; x_wconf 82' lang='lat' dir='ltr'><strong>speculum</strong></span> <span class='ocrx_word' id='word_1_658' title='bbox 2867 4197 2920 4241; x_wconf 93' lang='lat' dir='ltr'><strong>et</strong></span> <span class='ocrx_word' id='word_1_659' title='bbox 2943 4188 2992 4241; x_wconf 93' lang='lat' dir='ltr'><strong>in</strong></span> <span class='ocrx_word' id='word_1_660' title='bbox 3019 4190 3295 4257; x_wconf 70' lang='lat' dir='ltr'><strong>azttigmate</strong></span> <span class='ocrx_word' id='word_1_661' title='bbox 3317 4189 3467 4243; x_wconf 82' lang='lat' dir='ltr'><strong>vidit.</strong></span> <span class='ocrx_word' id='word_1_662' title='bbox 3495 4191 3670 4246; x_wconf 79' lang='lat' dir='ltr'><strong>Arbor</strong></span> 
     </span>
    </p>
   </div>
   <div class='ocr_carea' id='block_1_89' title="bbox 2101 4279 3669 4347">
    <p class='ocr_par' dir='ltr' id='par_1_89' title="bbox 2101 4279 3669 4347">
     <span class='ocr_line' id='line_1_89' title="bbox 2101 4279 3669 4347; baseline 0.003 -15"><span class='ocrx_word' id='word_1_663' title='bbox 2101 4293 2256 4333; x_wconf 86' lang='lat' dir='ltr'><strong>secus</strong></span> <span class='ocrx_word' id='word_1_664' title='bbox 2285 4280 2630 4334; x_wconf 89' lang='lat' dir='ltr'><strong>decurrentes</strong></span> <span class='ocrx_word' id='word_1_665' title='bbox 2659 4293 2820 4347; x_wconf 87' lang='lat' dir='ltr'><strong>aquas</strong></span> <span class='ocrx_word' id='word_1_666' title='bbox 2851 4279 3105 4347; x_wconf 88' lang='lat' dir='ltr'><strong>plantata,</strong></span> <span class='ocrx_word' id='word_1_667' title='bbox 3129 4283 3280 4345; x_wconf 86' lang='lat' dir='ltr'><strong>cujus</strong></span> <span class='ocrx_word' id='word_1_668' title='bbox 3311 4281 3546 4336; x_wconf 87' lang='lat' dir='ltr'><strong>insidere</strong></span> <span class='ocrx_word' id='word_1_669' title='bbox 3576 4297 3669 4336; x_wconf 80' lang='lat' dir='ltr'><strong>ca-</strong></span> 
     </span>
    </p>
   </div>
   <div class='ocr_carea' id='block_1_90' title="bbox 2101 4367 3670 4431">
    <p class='ocr_par' dir='ltr' id='par_1_90' title="bbox 2101 4367 3670 4431">
     <span class='ocr_line' id='line_1_90' title="bbox 2101 4367 3670 4431; baseline -0.001 -5"><span class='ocrx_word' id='word_1_670' title='bbox 2101 4370 2299 4426; x_wconf 90' lang='lat' dir='ltr'><strong>cumini</strong></span> <span class='ocrx_word' id='word_1_671' title='bbox 2325 4370 2565 4424; x_wconf 74' lang='lat' dir='ltr'><strong>(&#39;Oiltlltba</strong></span> <span class='ocrx_word' id='word_1_672' title='bbox 2595 4369 2708 4424; x_wconf 58' lang='lat' dir='ltr'><strong>haec</strong></span> <span class='ocrx_word' id='word_1_673' title='bbox 2735 4379 3116 4431; x_wconf 86' lang='lat' dir='ltr'><strong>consueverat,</strong></span> <span class='ocrx_word' id='word_1_674' title='bbox 3148 4367 3392 4423; x_wconf 88' lang='lat' dir='ltr'><strong>Christus</strong></span> <span class='ocrx_word' id='word_1_675' title='bbox 3417 4370 3670 4424; x_wconf 86' lang='lat' dir='ltr'><strong>Dominus</strong></span> 
     </span>
    </p>
   </div>
   <div class='ocr_carea' id='block_1_91' title="bbox 437 4439 3669 4538">
    <p class='ocr_par' dir='ltr' id='par_1_91' title="bbox 437 4439 3669 4538">
     <span class='ocr_line' id='line_1_91' title="bbox 437 4439 3669 4538; baseline -0.001 -20"><span class='ocrx_word' id='word_1_676' title='bbox 437 4439 532 4520; x_wconf 78' lang='lat' dir='ltr'><strong>iris</strong></span> <span class='ocrx_word' id='word_1_677' title='bbox 587 4439 906 4522; x_wconf 77' lang='lat' dir='ltr'><strong>sanctissimi</strong></span> <span class='ocrx_word' id='word_1_678' title='bbox 965 4467 1218 4521; x_wconf 87' lang='lat' dir='ltr'><strong>voluntati</strong></span> <span class='ocrx_word' id='word_1_679' title='bbox 1272 4468 1558 4523; x_wconf 80' lang='lat' dir='ltr'><strong>obsisteret</strong></span> <span class='ocrx_word' id='word_1_680' title='bbox 1587 4509 1600 4531; x_wconf 94' lang='lat'><strong>,</strong></span> <span class='ocrx_word' id='word_1_681' title='bbox 1656 4439 1884 4538; x_wconf 67' lang='lat' dir='ltr'><strong>euntque</strong></span> <span class='ocrx_word' id='word_1_682' title='bbox 1933 4468 1999 4523; x_wconf 90' lang='lat' dir='ltr'><strong>ad</strong></span> <span class='ocrx_word' id='word_1_683' title='bbox 2026 4439 2080 4506; x_wconf 79' lang='grc' dir='ltr'><strong>Ῐ)</strong></span> <span class='ocrx_word' id='word_1_684' title='bbox 2105 4473 2204 4526; x_wconf 88' lang='lat' dir='ltr'><strong>est,</strong></span> <span class='ocrx_word' id='word_1_685' title='bbox 2239 4464 2289 4516; x_wconf 92' lang='lat' dir='ltr'><strong>in</strong></span> <span class='ocrx_word' id='word_1_686' title='bbox 2320 4461 2470 4531; x_wconf 90' lang='lat' dir='ltr'><strong>cujus</strong></span> <span class='ocrx_word' id='word_1_687' title='bbox 2499 4461 2694 4530; x_wconf 87' lang='lat' dir='ltr'><strong>capite,</strong></span> <span class='ocrx_word' id='word_1_688' title='bbox 2725 4459 2863 4529; x_wconf 90' lang='lat' dir='ltr'><strong>quod</strong></span> <span class='ocrx_word' id='word_1_689' title='bbox 2895 4461 3076 4529; x_wconf 90' lang='lat' dir='ltr'><strong>utique</strong></span> <span class='ocrx_word' id='word_1_690' title='bbox 3113 4456 3282 4516; x_wconf 88' lang='lat' dir='ltr'><strong>Deum</strong></span> <span class='ocrx_word' id='word_1_691' title='bbox 3306 4476 3425 4515; x_wconf 89' lang='lat' dir='ltr'><strong>esse</strong></span> <span class='ocrx_word' id='word_1_692' title='bbox 3448 4470 3669 4516; x_wconf 87' lang='lat' dir='ltr'><strong>testatur</strong></span> 
     </span>
    </p>
   </div>
   <div class='ocr_carea' id='block_1_92' title="bbox 438 4560 2002 4631">
    <p class='ocr_par' dir='ltr' id='par_1_92' title="bbox 438 4560 2002 4631">
     <span class='ocr_line' id='line_1_92' title="bbox 438 4560 2002 4631; baseline 0.001 -19"><span class='ocrx_word' id='word_1_693' title='bbox 438 4560 630 4614; x_wconf 89' lang='lat' dir='ltr'><strong>fratres</strong></span> <span class='ocrx_word' id='word_1_694' title='bbox 649 4575 803 4629; x_wconf 89' lang='lat' dir='ltr'><strong>quem</strong></span> <span class='ocrx_word' id='word_1_695' title='bbox 827 4560 1162 4630; x_wconf 90' lang='lat' dir='ltr'><strong>disposuerat</strong></span> <span class='ocrx_word' id='word_1_696' title='bbox 1187 4561 1436 4624; x_wconf 86' lang='lat' dir='ltr'><strong>reditum,</strong></span> <span class='ocrx_word' id='word_1_697' title='bbox 1468 4562 1605 4617; x_wconf 65' lang='lat' dir='ltr'><strong>caelo</strong></span> <span class='ocrx_word' id='word_1_698' title='bbox 1636 4577 1730 4631; x_wconf 91' lang='lat' dir='ltr'><strong>pro</strong></span> <span class='ocrx_word' id='word_1_699' title='bbox 1755 4577 1815 4616; x_wconf 88' lang='lat' dir='ltr'><strong>ea</strong></span> <span class='ocrx_word' id='word_1_700' title='bbox 1847 4561 2002 4616; x_wconf 87' lang='lat' dir='ltr'><strong>dimi-</strong></span> 
     </span>
    </p>
   </div>
   <div class='ocr_carea' id='block_1_93' title="bbox 435 4650 2004 4724">
    <p class='ocr_par' dir='ltr' id='par_1_93' title="bbox 435 4650 2004 4724">
     <span class='ocr_line' id='line_1_93' title="bbox 435 4650 2004 4724; baseline 0.003 -22"><span class='ocrx_word' id='word_1_701' title='bbox 435 4659 631 4714; x_wconf 89' lang='lat' dir='ltr'><strong>cante,</strong></span> <span class='ocrx_word' id='word_1_702' title='bbox 673 4651 887 4719; x_wconf 85' lang='lat' dir='ltr'><strong>aggredi</strong></span> <span class='ocrx_word' id='word_1_703' title='bbox 937 4651 1261 4720; x_wconf 87' lang='lat' dir='ltr'><strong>prohiberet.</strong></span> <span class='ocrx_word' id='word_1_704' title='bbox 1315 4652 1498 4706; x_wconf 86' lang='lat' dir='ltr'><strong>Parata</strong></span> <span class='ocrx_word' id='word_1_705' title='bbox 1552 4653 1709 4724; x_wconf 84' lang='lat' dir='ltr'><strong>igitur</strong></span> <span class='ocrx_word' id='word_1_706' title='bbox 1759 4650 2004 4708; x_wconf 87' lang='lat' dir='ltr'><strong>accensis</strong></span> 
     </span>
    </p>
   </div>
   <div class='ocr_carea' id='block_1_94' title="bbox 437 4738 2001 4812">
    <p class='ocr_par' dir='ltr' id='par_1_94' title="bbox 437 4738 2001 4812">
     <span class='ocr_line' id='line_1_94' title="bbox 437 4738 2001 4812; baseline 0.004 -22"><span class='ocrx_word' id='word_1_707' title='bbox 437 4738 767 4809; x_wconf 85' lang='lat' dir='ltr'><strong>lampadibus</strong></span> <span class='ocrx_word' id='word_1_708' title='bbox 815 4741 1044 4794; x_wconf 88' lang='lat' dir='ltr'><strong>venienti</strong></span> <span class='ocrx_word' id='word_1_709' title='bbox 1095 4755 1292 4812; x_wconf 80' lang='lat' dir='ltr'><strong>Sponso</strong></span> <span class='ocrx_word' id='word_1_710' title='bbox 1349 4742 1558 4794; x_wconf 89' lang='lat' dir='ltr'><strong>obviam</strong></span> <span class='ocrx_word' id='word_1_711' title='bbox 1607 4742 1693 4795; x_wconf 82' lang='lat' dir='ltr'><strong>die</strong></span> <span class='ocrx_word' id='word_1_712' title='bbox 1742 4741 2001 4798; x_wconf 87' lang='lat' dir='ltr'><strong>hodierna</strong></span> 
     </span>
    </p>
   </div>
   <div class='ocr_carea' id='block_1_95' title="bbox 434 4828 2004 4900">
    <p class='ocr_par' dir='ltr' id='par_1_95' title="bbox 434 4828 2004 4900">
     <span class='ocr_line' id='line_1_95' title="bbox 434 4828 2004 4900; baseline 0.005 -22"><span class='ocrx_word' id='word_1_713' title='bbox 434 4828 620 4891; x_wconf 66' lang='lat' dir='ltr'><strong>exivit,</strong></span> <span class='ocrx_word' id='word_1_714' title='bbox 666 4837 823 4900; x_wconf 87' lang='lat' dir='ltr'><strong>atque</strong></span> <span class='ocrx_word' id='word_1_715' title='bbox 848 4828 1143 4894; x_wconf 66' lang='lat' dir='ltr'><strong>laetabunda</strong></span> <span class='ocrx_word' id='word_1_716' title='bbox 1166 4844 1285 4886; x_wconf 91' lang='lat' dir='ltr'><strong>cum</strong></span> <span class='ocrx_word' id='word_1_717' title='bbox 1315 4828 1431 4899; x_wconf 88' lang='lat' dir='ltr'><strong>ipso</strong></span> <span class='ocrx_word' id='word_1_718' title='bbox 1451 4830 1514 4884; x_wconf 89' lang='lat' dir='ltr'><strong>ad</strong></span> <span class='ocrx_word' id='word_1_719' title='bbox 1540 4831 1800 4898; x_wconf 86' lang='lat' dir='ltr'><strong>nuptiales</strong></span> <span class='ocrx_word' id='word_1_720' title='bbox 1821 4831 2004 4900; x_wconf 87' lang='lat' dir='ltr'><strong>epulas</strong></span> 
     </span>
    </p>
   </div>
   <div class='ocr_carea' id='block_1_96' title="bbox 435 4918 699 4976">
    <p class='ocr_par' dir='ltr' id='par_1_96' title="bbox 435 4918 699 4976">
     <span class='ocr_line' id='line_1_96' title="bbox 435 4918 699 4976; baseline 0 -5"><span class='ocrx_word' id='word_1_721' title='bbox 435 4918 699 4976; x_wconf 85' lang='lat' dir='ltr'><strong>introivit.</strong></span> 
     </span>
    </p>
   </div>
   <div class='ocr_carea' id='block_1_97' title="bbox 502 5007 2006 5081">
    <p class='ocr_par' dir='ltr' id='par_1_97' title="bbox 502 5007 2006 5081">
     <span class='ocr_line' id='line_1_97' title="bbox 502 5007 2006 5081; baseline 0.002 -19"><span class='ocrx_word' id='word_1_722' title='bbox 502 5007 665 5077; x_wconf 87' lang='lat' dir='ltr'><strong>Cujus</strong></span> <span class='ocrx_word' id='word_1_723' title='bbox 717 5018 863 5068; x_wconf 87' lang='lat' dir='ltr'><strong>artus</strong></span> <span class='ocrx_word' id='word_1_724' title='bbox 909 5024 1100 5081; x_wconf 86' lang='lat' dir='ltr'><strong>regens</strong></span> <span class='ocrx_word' id='word_1_725' title='bbox 1147 5025 1434 5080; x_wconf 78' lang='lat' dir='ltr'><strong>curporeos</strong></span> <span class='ocrx_word' id='word_1_726' title='bbox 1480 5023 1689 5081; x_wconf 74' lang='lat' dir='ltr'><strong>quanta:</strong></span> <span class='ocrx_word' id='word_1_727' title='bbox 1740 5013 2006 5072; x_wconf 74' lang='lat' dir='ltr'><strong>exstiterit</strong></span> 
     </span>
    </p>
   </div>
   <div class='ocr_carea' id='block_1_98' title="bbox 435 5101 1996 5169">
    <p class='ocr_par' dir='ltr' id='par_1_98' title="bbox 435 5101 1996 5169">
     <span class='ocr_line' id='line_1_98' title="bbox 435 5101 1996 5169; baseline 0.002 -16"><span class='ocrx_word' id='word_1_728' title='bbox 435 5101 859 5162; x_wconf 84' lang='lat' dir='ltr'><strong>mansuetudinis</strong></span> <span class='ocrx_word' id='word_1_729' title='bbox 886 5104 1059 5158; x_wconf 84' lang='lat' dir='ltr'><strong>anima</strong></span> <span class='ocrx_word' id='word_1_730' title='bbox 1083 5142 1097 5165; x_wconf 94' lang='lat'><strong>,</strong></span> <span class='ocrx_word' id='word_1_731' title='bbox 1129 5104 1244 5158; x_wconf 90' lang='lat' dir='ltr'><strong>orbi</strong></span> <span class='ocrx_word' id='word_1_732' title='bbox 1298 5104 1405 5158; x_wconf 92' lang='lat' dir='ltr'><strong>Deo</strong></span> <span class='ocrx_word' id='word_1_733' title='bbox 1432 5105 1698 5158; x_wconf 81' lang='lat' dir='ltr'><strong>revelante</strong></span> <span class='ocrx_word' id='word_1_734' title='bbox 1740 5105 1996 5169; x_wconf 90' lang='lat' dir='ltr'><strong>innotuit,</strong></span> 
     </span>
    </p>
   </div>
   <div class='ocr_carea' id='block_1_99' title="bbox 430 5195 1999 5265">
    <p class='ocr_par' dir='ltr' id='par_1_99' title="bbox 430 5195 1999 5265">
     <span class='ocr_line' id='line_1_99' title="bbox 430 5195 1999 5265; baseline 0.003 -19"><span class='ocrx_word' id='word_1_735' title='bbox 430 5195 644 5256; x_wconf 74' lang='lat' dir='ltr'><strong>quindo</strong></span> <span class='ocrx_word' id='word_1_736' title='bbox 671 5196 912 5263; x_wconf 86' lang='lat' dir='ltr'><strong>corporis</strong></span> <span class='ocrx_word' id='word_1_737' title='bbox 941 5197 1119 5265; x_wconf 81' lang='lat' dir='ltr'><strong>egredi</strong></span> <span class='ocrx_word' id='word_1_738' title='bbox 1138 5197 1353 5265; x_wconf 82' lang='lat' dir='ltr'><strong>jubetur</strong></span> <span class='ocrx_word' id='word_1_739' title='bbox 1380 5197 1669 5265; x_wconf 83' lang='lat' dir='ltr'><strong>ergastulo,</strong></span> <span class='ocrx_word' id='word_1_740' title='bbox 1701 5211 1821 5250; x_wconf 84' lang='lat' dir='ltr'><strong>cum</strong></span> <span class='ocrx_word' id='word_1_741' title='bbox 1849 5196 1999 5250; x_wconf 83' lang='lat' dir='ltr'><strong>vide-.-</strong></span> 
     </span>
    </p>
   </div>
   <div class='ocr_carea' id='block_1_100' title="bbox 431 5286 1996 5355">
    <p class='ocr_par' dir='ltr' id='par_1_100' title="bbox 431 5286 1996 5355">
     <span class='ocr_line' id='line_1_100' title="bbox 431 5286 1996 5355; baseline 0.002 -18"><span class='ocrx_word' id='word_1_742' title='bbox 431 5286 554 5338; x_wconf 88' lang='lat' dir='ltr'><strong>licet</strong></span> <span class='ocrx_word' id='word_1_743' title='bbox 586 5287 637 5339; x_wconf 91' lang='lat' dir='ltr'><strong>in</strong></span> <span class='ocrx_word' id='word_1_744' title='bbox 683 5287 862 5355; x_wconf 87' lang='lat' dir='ltr'><strong>specie</strong></span> <span class='ocrx_word' id='word_1_745' title='bbox 887 5289 999 5340; x_wconf 85' lang='lat' dir='ltr'><strong>avis</strong></span> <span class='ocrx_word' id='word_1_746' title='bbox 1030 5288 1262 5344; x_wconf 82' lang='lat' dir='ltr'><strong>carentis</strong></span> <span class='ocrx_word' id='word_1_747' title='bbox 1293 5288 1414 5342; x_wconf 77' lang='lat' dir='ltr'><strong>fcile</strong></span> <span class='ocrx_word' id='word_1_748' title='bbox 1442 5288 1561 5342; x_wconf 75' lang='lat' dir='ltr'><strong>coeli</strong></span> <span class='ocrx_word' id='word_1_749' title='bbox 1601 5296 1878 5355; x_wconf 87' lang='lat' dir='ltr'><strong>penetrare</strong></span> <span class='ocrx_word' id='word_1_750' title='bbox 1907 5301 1996 5354; x_wconf 52' lang='lat' dir='ltr'><strong>see</strong></span> 
     </span>
    </p>
   </div>
   <div class='ocr_carea' id='block_1_101' title="bbox 431 5379 1999 5438">
    <p class='ocr_par' dir='ltr' id='par_1_101' title="bbox 431 5379 1999 5438">
     <span class='ocr_line' id='line_1_101' title="bbox 431 5379 1999 5438; baseline 0.003 -7"><span class='ocrx_word' id='word_1_751' title='bbox 431 5390 575 5438; x_wconf 83' lang='lat' dir='ltr'><strong>creta</strong></span> <span class='ocrx_word' id='word_1_752' title='bbox 606 5379 850 5434; x_wconf 87' lang='lat' dir='ltr'><strong>fraternis</strong></span> <span class='ocrx_word' id='word_1_753' title='bbox 887 5390 970 5434; x_wconf 89' lang='lat' dir='ltr'><strong>est</strong></span> <span class='ocrx_word' id='word_1_754' title='bbox 1009 5379 1279 5434; x_wconf 85' lang='lat' dir='ltr'><strong>obtutibus</strong></span> <span class='ocrx_word' id='word_1_755' title='bbox 1309 5381 1690 5434; x_wconf 87' lang='lat' dir='ltr'><strong>demonstrata.</strong></span> <span class='ocrx_word' id='word_1_756' title='bbox 1740 5381 1999 5436; x_wconf 81' lang='lat' dir='ltr'><strong>Dicuntur</strong></span> 
     </span>
    </p>
   </div>
   <div class='ocr_carea' id='block_1_102' title="bbox 431 5471 2000 5539">
    <p class='ocr_par' dir='ltr' id='par_1_102' title="bbox 431 5471 2000 5539">
     <span class='ocr_line' id='line_1_102' title="bbox 431 5471 2000 5539; baseline 0.001 -13"><span class='ocrx_word' id='word_1_757' title='bbox 431 5483 480 5526; x_wconf 83' lang='lat' dir='ltr'><strong>et</strong></span> <span class='ocrx_word' id='word_1_758' title='bbox 521 5471 678 5534; x_wconf 66' lang='lat' dir='ltr'><strong>alite,</strong></span> <span class='ocrx_word' id='word_1_759' title='bbox 728 5473 916 5525; x_wconf 87' lang='lat' dir='ltr'><strong>fratres</strong></span> <span class='ocrx_word' id='word_1_760' title='bbox 959 5473 1292 5536; x_wconf 86' lang='lat' dir='ltr'><strong>charissimi,</strong></span> <span class='ocrx_word' id='word_1_761' title='bbox 1343 5471 1602 5525; x_wconf 77' lang='lat' dir='ltr'><strong>culumbze</strong></span> <span class='ocrx_word' id='word_1_762' title='bbox 1650 5473 2000 5539; x_wconf 87' lang='lat' dir='ltr'><strong>proprietates</strong></span> 
     </span>
    </p>
   </div>
   <div class='ocr_carea' id='block_1_103' title="bbox 431 5563 1999 5632">
    <p class='ocr_par' dir='ltr' id='par_1_103' title="bbox 431 5563 1999 5632">
     <span class='ocr_line' id='line_1_103' title="bbox 431 5563 1999 5632; baseline 0.003 -20"><span class='ocrx_word' id='word_1_763' title='bbox 431 5564 687 5620; x_wconf 61' lang='lat' dir='ltr'><strong>existere,</strong></span> <span class='ocrx_word' id='word_1_764' title='bbox 742 5578 961 5628; x_wconf 89' lang='lat' dir='ltr'><strong>quarum</strong></span> <span class='ocrx_word' id='word_1_765' title='bbox 995 5564 1242 5632; x_wconf 68' lang='lat' dir='ltr'><strong>mysteria</strong></span> <span class='ocrx_word' id='word_1_766' title='bbox 1286 5563 1658 5616; x_wconf 70' lang='lat' dir='ltr'><strong>Sacratissimm</strong></span> <span class='ocrx_word' id='word_1_767' title='bbox 1698 5564 1883 5629; x_wconf 73' lang='lat' dir='ltr'><strong>virgini</strong></span> <span class='ocrx_word' id='word_1_768' title='bbox 1919 5563 1999 5617; x_wconf 83' lang='lat' dir='ltr'><strong>di-</strong></span> 
     </span>
    </p>
   </div>
   <div class='ocr_carea' id='block_1_104' title="bbox 433 5654 1996 5733">
    <p class='ocr_par' dir='ltr' id='par_1_104' title="bbox 433 5654 1996 5733">
     <span class='ocr_line' id='line_1_104' title="bbox 433 5654 1996 5733; baseline 0.004 -27"><span class='ocrx_word' id='word_1_769' title='bbox 433 5654 681 5718; x_wconf 61' lang='lat' dir='ltr'><strong>Gltjaiilllt‘.</strong></span> <span class='ocrx_word' id='word_1_770' title='bbox 711 5666 936 5728; x_wconf 72' lang='lat' dir='ltr'><strong>pssunt</strong></span> <span class='ocrx_word' id='word_1_771' title='bbox 965 5670 1012 5725; x_wconf 81' lang='lat' dir='ltr'><strong>et</strong></span> <span class='ocrx_word' id='word_1_772' title='bbox 1055 5658 1326 5724; x_wconf 57' lang='lat' dir='ltr'><strong>vicus-stuc</strong></span> <span class='ocrx_word' id='word_1_773' title='bbox 1369 5657 1622 5733; x_wconf 71' lang='lat' dir='ltr'><strong>co.tjttat&#39;i.</strong></span> <span class='ocrx_word' id='word_1_774' title='bbox 1687 5655 1996 5716; x_wconf 71' lang='lat' dir='ltr'><strong>Perhibetur</strong></span> 
     </span>
    </p>
   </div>
   <div class='ocr_carea' id='block_1_105' title="bbox 2105 4555 3670 4628">
    <p class='ocr_par' dir='ltr' id='par_1_105' title="bbox 2105 4555 3670 4628">
     <span class='ocr_line' id='line_1_105' title="bbox 2105 4555 3670 4628; baseline -0.002 -14"><span class='ocrx_word' id='word_1_775' title='bbox 2105 4559 2410 4628; x_wconf 76' lang='lat' dir='ltr'><strong>Apostolus,</strong></span> <span class='ocrx_word' id='word_1_776' title='bbox 2437 4557 2616 4612; x_wconf 89' lang='lat' dir='ltr'><strong>sedem</strong></span> <span class='ocrx_word' id='word_1_777' title='bbox 2647 4555 2744 4610; x_wconf 90' lang='lat' dir='ltr'><strong>sibi</strong></span> <span class='ocrx_word' id='word_1_778' title='bbox 2779 4555 3135 4609; x_wconf 84' lang='lat' dir='ltr'><strong>firmissimam</strong></span> <span class='ocrx_word' id='word_1_779' title='bbox 3171 4569 3234 4610; x_wconf 88' lang='lat' dir='ltr'><strong>ac</strong></span> <span class='ocrx_word' id='word_1_780' title='bbox 3261 4555 3670 4611; x_wconf 84' lang='lat' dir='ltr'><strong>munitissimam</strong></span> 
     </span>
    </p>
   </div>
   <div class='ocr_carea' id='block_1_106' title="bbox 2105 4646 3672 4716">
    <p class='ocr_par' dir='ltr' id='par_1_106' title="bbox 2105 4646 3672 4716">
     <span class='ocr_line' id='line_1_106' title="bbox 2105 4646 3672 4716; baseline -0.004 -11"><span class='ocrx_word' id='word_1_781' title='bbox 2105 4647 2573 4705; x_wconf 71' lang='lat' dir='ltr'><strong>stabiliehatJiaac</strong></span> <span class='ocrx_word' id='word_1_782' title='bbox 2599 4646 2778 4712; x_wconf 91' lang='lat' dir='ltr'><strong>arbor,</strong></span> <span class='ocrx_word' id='word_1_783' title='bbox 2804 4648 2949 4711; x_wconf 76' lang='lat' dir='ltr'><strong>juxta</strong></span> <span class='ocrx_word' id='word_1_784' title='bbox 2981 4655 3152 4698; x_wconf 86' lang='lat' dir='ltr'><strong>vatem</strong></span> <span class='ocrx_word' id='word_1_785' title='bbox 3183 4646 3672 4716; x_wconf 88' lang='lat' dir='ltr'><strong>psalmographum,</strong></span> 
     </span>
    </p>
   </div>
   <div class='ocr_carea' id='block_1_107' title="bbox 2106 4736 3670 4805">
    <p class='ocr_par' dir='ltr' id='par_1_107' title="bbox 2106 4736 3670 4805">
     <span class='ocr_line' id='line_1_107' title="bbox 2106 4736 3670 4805; baseline -0.007 -8"><span class='ocrx_word' id='word_1_786' title='bbox 2106 4755 2262 4796; x_wconf 85' lang='lat' dir='ltr'><strong>secus</strong></span> <span class='ocrx_word' id='word_1_787' title='bbox 2313 4739 2569 4794; x_wconf 85' lang='lat' dir='ltr'><strong>decursus</strong></span> <span class='ocrx_word' id='word_1_788' title='bbox 2620 4746 2704 4792; x_wconf 85' lang='lat' dir='ltr'><strong>est</strong></span> <span class='ocrx_word' id='word_1_789' title='bbox 2761 4736 2988 4805; x_wconf 85' lang='lat' dir='ltr'><strong>plantata</strong></span> <span class='ocrx_word' id='word_1_790' title='bbox 3057 4750 3313 4804; x_wconf 90' lang='lat' dir='ltr'><strong>aquarum</strong></span> <span class='ocrx_word' id='word_1_791' title='bbox 3347 4774 3365 4799; x_wconf 94' lang='lat'><strong>,</strong></span> <span class='ocrx_word' id='word_1_792' title='bbox 3419 4738 3670 4805; x_wconf 84' lang='lat' dir='ltr'><strong>quoniam</strong></span> 
     </span>
    </p>
   </div>
   <div class='ocr_carea' id='block_1_108' title="bbox 2107 4827 3673 4900">
    <p class='ocr_par' dir='ltr' id='par_1_108' title="bbox 2107 4827 3673 4900">
     <span class='ocr_line' id='line_1_108' title="bbox 2107 4827 3673 4900; baseline 0.003 -19"><span class='ocrx_word' id='word_1_793' title='bbox 2107 4830 2360 4900; x_wconf 81' lang='lat' dir='ltr'><strong>quidquid</strong></span> <span class='ocrx_word' id='word_1_794' title='bbox 2403 4831 2471 4884; x_wconf 88' lang='lat' dir='ltr'><strong>de</strong></span> <span class='ocrx_word' id='word_1_795' title='bbox 2499 4829 2616 4898; x_wconf 84' lang='lat' dir='ltr'><strong>ipso</strong></span> <span class='ocrx_word' id='word_1_796' title='bbox 2646 4829 2831 4882; x_wconf 88' lang='lat' dir='ltr'><strong>fideles</strong></span> <span class='ocrx_word' id='word_1_797' title='bbox 2860 4827 3104 4892; x_wconf 90' lang='lat' dir='ltr'><strong>credunt,</strong></span> <span class='ocrx_word' id='word_1_798' title='bbox 3136 4829 3264 4882; x_wconf 87' lang='lat' dir='ltr'><strong>satis</strong></span> <span class='ocrx_word' id='word_1_799' title='bbox 3294 4829 3558 4882; x_wconf 85' lang='lat' dir='ltr'><strong>firmatum</strong></span> <span class='ocrx_word' id='word_1_800' title='bbox 3586 4839 3673 4886; x_wconf 87' lang='lat' dir='ltr'><strong>est</strong></span> 
     </span>
    </p>
   </div>
   <div class='ocr_carea' id='block_1_109' title="bbox 2104 4919 3674 4988">
    <p class='ocr_par' dir='ltr' id='par_1_109' title="bbox 2104 4919 3674 4988">
     <span class='ocr_line' id='line_1_109' title="bbox 2104 4919 3674 4988; baseline -0.002 -13"><span class='ocrx_word' id='word_1_801' title='bbox 2104 4920 2505 4975; x_wconf 81' lang='lat' dir='ltr'><strong>auctoritatibus</strong></span> <span class='ocrx_word' id='word_1_802' title='bbox 2543 4919 2955 4986; x_wconf 84' lang='lat' dir='ltr'><strong>Scripturarum.</strong></span> <span class='ocrx_word' id='word_1_803' title='bbox 2996 4919 3140 4986; x_wconf 84' lang='lat' dir='ltr'><strong>Aqua</strong></span> <span class='ocrx_word' id='word_1_804' title='bbox 3185 4919 3328 4972; x_wconf 89' lang='lat' dir='ltr'><strong>enim</strong></span> <span class='ocrx_word' id='word_1_805' title='bbox 3381 4919 3674 4988; x_wconf 73' lang='lat' dir='ltr'><strong>profunda,</strong></span> 
     </span>
    </p>
   </div>
   <div class='ocr_carea' id='block_1_110' title="bbox 2107 5010 3674 5083">
    <p class='ocr_par' dir='ltr' id='par_1_110' title="bbox 2107 5010 3674 5083">
     <span class='ocr_line' id='line_1_110' title="bbox 2107 5010 3674 5083; baseline -0.006 -12"><span class='ocrx_word' id='word_1_806' title='bbox 2107 5016 2277 5081; x_wconf 82' lang='lat' dir='ltr'><strong>inquit</strong></span> <span class='ocrx_word' id='word_1_807' title='bbox 2297 5013 2716 5083; x_wconf 88' lang='lat' dir='ltr'><strong>sapientissimus</strong></span> <span class='ocrx_word' id='word_1_808' title='bbox 2748 5010 3016 5066; x_wconf 89' lang='lat' dir='ltr'><strong>hominum</strong></span> <span class='ocrx_word' id='word_1_809' title='bbox 3037 5048 3052 5071; x_wconf 97' lang='lat'><strong>,</strong></span> <span class='ocrx_word' id='word_1_810' title='bbox 3077 5010 3223 5061; x_wconf 75' lang='lat' dir='ltr'><strong>verba</strong></span> <span class='ocrx_word' id='word_1_811' title='bbox 3254 5024 3315 5060; x_wconf 75' lang='lat' dir='ltr'><strong>ex</strong></span> <span class='ocrx_word' id='word_1_812' title='bbox 3345 5024 3432 5062; x_wconf 90' lang='lat' dir='ltr'><strong>ore</strong></span> <span class='ocrx_word' id='word_1_813' title='bbox 3457 5011 3578 5075; x_wconf 70' lang='lat' dir='ltr'><strong>tari,</strong></span> <span class='ocrx_word' id='word_1_814' title='bbox 3624 5023 3674 5062; x_wconf 85' lang='lat' dir='ltr'><strong>et</strong></span> 
     </span>
    </p>
   </div>
   <div class='ocr_carea' id='block_1_111' title="bbox 2107 5098 3675 5171">
    <p class='ocr_par' dir='ltr' id='par_1_111' title="bbox 2107 5098 3675 5171">
     <span class='ocr_line' id='line_1_111' title="bbox 2107 5098 3675 5171; baseline -0.008 -12"><span class='ocrx_word' id='word_1_815' title='bbox 2107 5116 2300 5159; x_wconf 79' lang='lat' dir='ltr'><strong>torrens</strong></span> <span class='ocrx_word' id='word_1_816' title='bbox 2323 5103 2578 5159; x_wconf 84' lang='lat' dir='ltr'><strong>inundans</strong></span> <span class='ocrx_word' id='word_1_817' title='bbox 2602 5102 2716 5171; x_wconf 78' lang='lat' dir='ltr'><strong>fons</strong></span> <span class='ocrx_word' id='word_1_818' title='bbox 2741 5100 3023 5165; x_wconf 68' lang='lat' dir='ltr'><strong>sapientiae.</strong></span> <span class='ocrx_word' id='word_1_819' title='bbox 3059 5098 3111 5156; x_wconf 91' lang='lat' dir='ltr'><strong>In</strong></span> <span class='ocrx_word' id='word_1_820' title='bbox 3142 5098 3235 5150; x_wconf 93' lang='lat' dir='ltr'><strong>has</strong></span> <span class='ocrx_word' id='word_1_821' title='bbox 3264 5111 3429 5165; x_wconf 83' lang='lat' dir='ltr'><strong>aquas</strong></span> <span class='ocrx_word' id='word_1_822' title='bbox 3455 5099 3675 5152; x_wconf 88' lang='lat' dir='ltr'><strong>obtutus</strong></span> 
     </span>
    </p>
   </div>
   <div class='ocr_carea' id='block_1_112' title="bbox 2105 5189 3673 5274">
    <p class='ocr_par' dir='ltr' id='par_1_112' title="bbox 2105 5189 3673 5274">
     <span class='ocr_line' id='line_1_112' title="bbox 2105 5189 3673 5274; baseline -0.006 -21"><span class='ocrx_word' id='word_1_823' title='bbox 2105 5198 2270 5268; x_wconf 84' lang='lat' dir='ltr'><strong>figens</strong></span> <span class='ocrx_word' id='word_1_824' title='bbox 2293 5196 2590 5251; x_wconf 87' lang='lat' dir='ltr'><strong>venientem</strong></span> <span class='ocrx_word' id='word_1_825' title='bbox 2612 5194 2914 5262; x_wconf 89' lang='lat' dir='ltr'><strong>accipitrem</strong></span> <span class='ocrx_word' id='word_1_826' title='bbox 2941 5189 3307 5259; x_wconf 67' lang='lat' dir='ltr'><strong>deprehendit,</strong></span> <span class='ocrx_word' id='word_1_827' title='bbox 3353 5189 3474 5258; x_wconf 89' lang='lat' dir='ltr'><strong>quia</strong></span> <span class='ocrx_word' id='word_1_828' title='bbox 3529 5190 3673 5274; x_wconf 60' lang='lat' dir='ltr'><strong>Seri-</strong></span> 
     </span>
    </p>
   </div>
   <div class='ocr_carea' id='block_1_113' title="bbox 2105 5281 3674 5362">
    <p class='ocr_par' dir='ltr' id='par_1_113' title="bbox 2105 5281 3674 5362">
     <span class='ocr_line' id='line_1_113' title="bbox 2105 5281 3674 5362; baseline -0.009 -18"><span class='ocrx_word' id='word_1_829' title='bbox 2105 5289 2276 5362; x_wconf 91' lang='lat' dir='ltr'><strong>pturis</strong></span> <span class='ocrx_word' id='word_1_830' title='bbox 2299 5289 2496 5342; x_wconf 88' lang='lat' dir='ltr'><strong>intenta</strong></span> <span class='ocrx_word' id='word_1_831' title='bbox 2528 5287 2714 5348; x_wconf 89' lang='lat' dir='ltr'><strong>sacris,</strong></span> <span class='ocrx_word' id='word_1_832' title='bbox 2758 5282 2922 5339; x_wconf 87' lang='lat' dir='ltr'><strong>hostis</strong></span> <span class='ocrx_word' id='word_1_833' title='bbox 2948 5281 3242 5351; x_wconf 87' lang='lat' dir='ltr'><strong>versipellis</strong></span> <span class='ocrx_word' id='word_1_834' title='bbox 3273 5282 3492 5335; x_wconf 88' lang='lat' dir='ltr'><strong>insidias</strong></span> <span class='ocrx_word' id='word_1_835' title='bbox 3539 5297 3674 5336; x_wconf 79' lang='lat' dir='ltr'><strong>cun-</strong></span> 
     </span>
    </p>
   </div>
   <div class='ocr_carea' id='block_1_114' title="bbox 2107 5377 3676 5453">
    <p class='ocr_par' dir='ltr' id='par_1_114' title="bbox 2107 5377 3676 5453">
     <span class='ocr_line' id='line_1_114' title="bbox 2107 5377 3676 5453; baseline -0.006 -13"><span class='ocrx_word' id='word_1_836' title='bbox 2107 5386 2335 5453; x_wconf 81' lang='lat' dir='ltr'><strong>spiciens</strong></span> <span class='ocrx_word' id='word_1_837' title='bbox 2361 5381 2662 5438; x_wconf 81' lang='lat' dir='ltr'><strong>declinavit.</strong></span> <span class='ocrx_word' id='word_1_838' title='bbox 2692 5377 2888 5434; x_wconf 88' lang='lat' dir='ltr'><strong>Cantus</strong></span> <span class='ocrx_word' id='word_1_839' title='bbox 2934 5377 3192 5434; x_wconf 66' lang='lat' dir='ltr'><strong>columba:</strong></span> <span class='ocrx_word' id='word_1_840' title='bbox 3221 5387 3418 5431; x_wconf 58' lang='lat' dir='ltr'><strong>nostra!</strong></span> <span class='ocrx_word' id='word_1_841' title='bbox 3443 5377 3676 5443; x_wconf 81' lang='lat' dir='ltr'><strong>gemitus</strong></span> 
     </span>
    </p>
   </div>
   <div class='ocr_carea' id='block_1_115' title="bbox 2106 5466 3674 5544">
    <p class='ocr_par' dir='ltr' id='par_1_115' title="bbox 2106 5466 3674 5544">
     <span class='ocr_line' id='line_1_115' title="bbox 2106 5466 3674 5544; baseline -0.008 -13"><span class='ocrx_word' id='word_1_842' title='bbox 2106 5477 2227 5539; x_wconf 91' lang='lat' dir='ltr'><strong>fuit,</strong></span> <span class='ocrx_word' id='word_1_843' title='bbox 2275 5491 2390 5544; x_wconf 69' lang='lat' dir='ltr'><strong>qua:</strong></span> <span class='ocrx_word' id='word_1_844' title='bbox 2420 5473 2642 5527; x_wconf 90' lang='lat' dir='ltr'><strong>actionis</strong></span> <span class='ocrx_word' id='word_1_845' title='bbox 2672 5468 2990 5538; x_wconf 68' lang='lat' dir='ltr'><strong>prophetica:</strong></span> <span class='ocrx_word' id='word_1_846' title='bbox 3036 5468 3322 5527; x_wconf 73' lang='lat' dir='ltr'><strong>imitatrix,</strong></span> <span class='ocrx_word' id='word_1_847' title='bbox 3358 5466 3407 5520; x_wconf 90' lang='lat' dir='ltr'><strong>in</strong></span> <span class='ocrx_word' id='word_1_848' title='bbox 3433 5481 3531 5519; x_wconf 92' lang='lat' dir='ltr'><strong>suo</strong></span> <span class='ocrx_word' id='word_1_849' title='bbox 3576 5481 3674 5534; x_wconf 83' lang='lat' dir='ltr'><strong>ge-</strong></span> 
     </span>
    </p>
   </div>
   <div class='ocr_carea' id='block_1_116' title="bbox 2108 5558 3674 5630">
    <p class='ocr_par' dir='ltr' id='par_1_116' title="bbox 2108 5558 3674 5630">
     <span class='ocr_line' id='line_1_116' title="bbox 2108 5558 3674 5630; baseline -0.01 -9"><span class='ocrx_word' id='word_1_850' title='bbox 2108 5569 2236 5621; x_wconf 89' lang='lat' dir='ltr'><strong>mitu</strong></span> <span class='ocrx_word' id='word_1_851' title='bbox 2265 5565 2550 5625; x_wconf 82' lang='lat' dir='ltr'><strong>laboravit,</strong></span> <span class='ocrx_word' id='word_1_852' title='bbox 2581 5573 2634 5617; x_wconf 88' lang='lat' dir='ltr'><strong>et</strong></span> <span class='ocrx_word' id='word_1_853' title='bbox 2663 5577 2754 5630; x_wconf 89' lang='lat' dir='ltr'><strong>per</strong></span> <span class='ocrx_word' id='word_1_854' title='bbox 2783 5561 3016 5630; x_wconf 84' lang='lat' dir='ltr'><strong>singulas</strong></span> <span class='ocrx_word' id='word_1_855' title='bbox 3046 5568 3226 5613; x_wconf 86' lang='lat' dir='ltr'><strong>noctes</strong></span> <span class='ocrx_word' id='word_1_856' title='bbox 3270 5558 3394 5610; x_wconf 80' lang='lat' dir='ltr'><strong>lavit</strong></span> <span class='ocrx_word' id='word_1_857' title='bbox 3436 5559 3630 5609; x_wconf 75' lang='lat' dir='ltr'><strong>lectum</strong></span> <span class='ocrx_word' id='word_1_858' title='bbox 3656 5599 3674 5621; x_wconf 82' lang='grc'><em>,</em></span> 
     </span>
    </p>
   </div>
   <div class='ocr_carea' id='block_1_117' title="bbox 2107 5647 3670 5727">
    <p class='ocr_par' dir='ltr' id='par_1_117' title="bbox 2107 5647 3670 5727">
     <span class='ocr_line' id='line_1_117' title="bbox 2107 5647 3670 5727; baseline -0.008 -15"><span class='ocrx_word' id='word_1_859' title='bbox 2107 5667 2327 5720; x_wconf 79' lang='lat' dir='ltr'><strong>stratum</strong></span> <span class='ocrx_word' id='word_1_860' title='bbox 2358 5653 2602 5727; x_wconf 67' lang='lat' dir='ltr'><strong>lacrj‘mis</strong></span> <span class='ocrx_word' id='word_1_861' title='bbox 2625 5653 2882 5718; x_wconf 80' lang='lat' dir='ltr'><strong>irrigavit,</strong></span> <span class='ocrx_word' id='word_1_862' title='bbox 2908 5661 3060 5720; x_wconf 87' lang='lat' dir='ltr'><strong>atque</strong></span> <span class='ocrx_word' id='word_1_863' title='bbox 3085 5666 3112 5702; x_wconf 86' lang='lat' dir='ltr'><strong>a</strong></span> <span class='ocrx_word' id='word_1_864' title='bbox 3142 5664 3268 5710; x_wconf 78' lang='lat' dir='ltr'><strong>voce</strong></span> <span class='ocrx_word' id='word_1_865' title='bbox 3300 5649 3522 5726; x_wconf 72' lang='lat' dir='ltr'><strong>gemitus</strong></span> <span class='ocrx_word' id='word_1_866' title='bbox 3551 5647 3598 5724; x_wconf 74' lang='lat' dir='ltr'><strong>ej</strong></span> <span class='ocrx_word' id='word_1_867' title='bbox 3629 5665 3670 5704; x_wconf 60' lang='lat' dir='ltr'><strong>is</strong></span> 
     </span>
    </p>
   </div>
  </div>
