4034 6166
373 240 476 295 949

1143 241 1238 297 SS.
1283 241 1480 298 PAULI
1521 242 1605 297 ΕΤ
1645 238 1981 298 STEPHANI
2026 239 2299 297 REGULA
2340 240 2431 298 ΛΒ
2472 241 2866 301 ΜΟΝΑσιιυε.

3512 243 3623 301 950

375 355 710 409 adtueserunt
740 369 860 409 ossa
888 355 1007 424 pelli
1039 356 1173 423 ejus.
1209 355 1276 411 Ut
1305 367 1479 411 autem
1524 358 1587 409 ad
1619 366 1941 420 extremum,
1970 361 2017 417 Α
2046 364 2127 410 tus
2152 362 2227 406 est
2254 352 2322 406 ad
2352 354 2730 423 ignoscendum.
2770 354 2954 410 llonor
2985 354 3291 410 amittitur?
3316 360 3617 427 recuperari

380 450 569 505 fratres
598 452 721 514 mei,
752 452 1005 523 virginem
1033 451 1451 506 sacratissimum
1481 451 1660 507 verbis
1690 450 1950 520 paucissi‘

380 540 481 593 niis
529 552 581 595 et
631 540 1103 596 sufficientissimis
1161 541 1630 605 commendemus,
1679 539 1950 595 Benedicti

382 645 537 684 soror
573 632 776 686 esstitit
801 648 961 704 quam
994 635 1253 703 sanguine
1297 643 1402 687 tam
1447 633 1609 687 etiam
1647 633 1949 687 sanctitate.

461 724 552 777 llis
580 723 632 777 in
679 723 863 778 laudes
891 724 1110 794 virginis
1152 725 1532 791 compendiosa
1561 726 1819 779 brevitate
1858 725 1952 779 de-

389 814 590 877 cursis,
632 813 699 867 ad
743 815 1165 869 exhortationem
1199 828 1454 883 vestram,
1487 817 1675 871 fratres
1716 817 1951 873 dilectis-

383 907 522 965 simi.
556 906 850 961 redeamus.
876 906 1019 961 Illam
1048 908 1288 964 lectionis
1311 910 1629 978 evangelica:
1656 909 1949 965 clausulam

386 997 577 1052 iterum
608 1008 764 1068 atque
797 1000 985 1052 iterum
1017 1000 1211 1054 vestris
1238 1013 1291 1055 et
1332 1002 1552 1055 auribus
1594 1011 1649 1055 et
1688 1000 1956 1056 mentibus

385 1088 687 1157 ingerentes
717 1107 729 1141 :
762 1088 982 1161 Vigilate
1007 1090 1198 1158 itaque.
1219 1091 1340 1160 quia
1378 1092 1581 1146 nescitis
1620 1092 1756 1146 diem
1800 1107 1957 1161 neque

387 1180 586 1231 noram.
616 1177 864 1248 Vigilate,
909 1179 1118 1246 fratres,
1162 1182 1435 1244 cohortor,
1471 1181 1699 1247 suadeo,
1734 1198 1954 1245 ninneo;

387 1270 634 1338 vigilate,
688 1270 934 1338 quoniam
982 1272 1313 1340 migrationis
1342 1284 1537 1328 vestrae
1572 1283 1627 1328 ct
1664 1274 1803 1329 diem
1850 1289 1957 1330 non

386 1361 573 1415 nostis.
599 1369 655 1413 et
684 1366 866 1415 horam
906 1363 1179 1433 ignoratis.
1209 1364 1419 1419 Currite
1438 1366 1563 1420 dum
1591 1366 1759 1422 lucem
1792 1367 1958 1423 habe-

386 1453 483 1516 tis,
518 1468 585 1508 ne
617 1454 852 1509 tenebras
897 1457 1084 1510 mortis
1114 1472 1205 1511 vos
1233 1458 1708 1528 comprehendant.
1754 1459 1957 1530 Opera-

389 1545 516 1598 tnini
545 1545 671 1601 dum
698 1555 885 1608 vacat,
911 1546 1035 1600 dum
1069 1548 1212 1613 licet,
1236 1548 1359 1602 dum
1388 1550 1703 1603 sententiam
1734 1565 1959 1621 suspen-

388 1638 466 1692 dit
488 1637 674 1705 index.
706 1638 887 1695 Veniet
910 1639 1050 1695 enim
1080 1640 1206 1696 hora
1231 1642 1284 1695 in
1305 1654 1405 1711 qua
1434 1656 1591 1695 nemo
1620 1640 1812 1711 poterit
1832 1650 1957 1709 ope-

2055 455 2250 514 potest.
2279 445 2548 499 Amittitnr
2573 445 2837 517 dignitas?
2882 437 3185 518 recuperari
3214 458 3411 518 potest.
3448 452 3618 503 Amit-

2051 544 2233 590 tuntur
2249 535 2415 606 opes?
2445 538 2745 606 recuperari
2778 548 3017 605 possunt.
3046 538 3325 594 lnnumera
3355 547 3477 594 sunt
3503 552 3622 609 qua:

2053 633 2247 684 amissa
2278 640 2503 700 possunt
2523 632 2847 699 recuperari.
2872 632 3102 702 Tempus
3118 630 3397 702 operaudi,
3416 642 3624 701 tempus

2054 722 2367 792 paenitendi,
2398 730 2606 791 tempus
2628 724 2738 779 Deo
2765 723 3038 793 placendi,
3067 724 3112 778 si
3144 722 3313 779 semel
3340 720 3621 782 amittitur.

2052 829 2321 881 nunquam
2358 816 2409 868 itt
2446 813 2827 883 sempiternum
2869 816 3005 869 ultra
3057 816 3420 880 recuperatur.
3469 813 3623 879 Quod

2051 906 2226 960 adhuc
2283 907 2438 961 nobis
2467 906 2623 960 liceat
2659 906 2726 960 ad
2753 907 2918 961 Deum
2949 908 3184 963 converti
3216 920 3311 976 per
3359 908 3625 976 pmoiten-

2055 998 2201 1060 tiam,
2237 998 2425 1051 lratres
2447 998 2809 1064 dilectissimi,
2833 1001 3070 1064 scimus;
3108 999 3205 1054 sed
3235 998 3409 1054 utrum
3460 1015 3628 1067 usque

2056 1086 2122 1140 ad
2155 1102 2429 1157 vesperam
2463 1089 2576 1144 haec
2611 1104 2711 1145 nos
2748 1089 2962 1146 licentia
3000 1099 3212 1145 manest
3234 1133 3247 1159 ,
3296 1091 3624 1160 ignoramus.

2055 1179 2302 1235 Scientes
2331 1181 2512 1251 igitur,
2558 1181 2928 1249 dilectissimi,
2964 1184 3213 1253 quoniam
3243 1184 3494 1254 patientia
3531 1183 3627 1238 Dei

2055 1273 2122 1325 ad
2147 1272 2508 1341 pteniteutiam
2541 1287 2637 1328 nos
2658 1273 2906 1341 adducit,
2932 1290 3039 1331 non
3080 1274 3357 1328 secundum
3388 1274 3630 1329 duritiam

2057 1375 2281 1416 nostram
2319 1375 2366 1418 et
2414 1380 2501 1418 cor
2527 1365 2842 1432 impaenitens
2871 1366 3268 1421 thesaurisemus
3301 1366 3443 1421 nobis
3487 1368 3623 1420 iram

2057 1457 2111 1511 in
2136 1458 2218 1511 die
2248 1456 2340 1511 εγω
2378 1465 2426 1510 et
2463 1458 2782 1513 reuelationis
2796 1456 2927 1529 justi
2957 1456 3150 1526 judicii
3178 1454 3307 1523 Dei,
3334 1455 3628 1524 qui'reddct

2061 1549 2333 1619 unicuique
2354 1550 2509 1620 juxta
2540 1566 2693 1616 opera
2723 1565 2837 1603 sua.
2867 1548 3093 1618 Vigilate
3119 1547 3299 1617 igitur,
3328 1548 3522 1601 fratres
3549 1548 3627 1599 di-

2061 1639 2352 1709 lectissimi,
2382 1640 2633 1710 vigilate;
2656 1641 2902 1711 quouiam
2929 1652 2984 1696 et
3010 1641 3151 1696 diem
3184 1641 3425 1710 nescitis,
3453 1649 3507 1694 et
3534 1638 3630 1692 hn-

389 1730 515 1783 rari.
548 1731 833 1785 Hortamur
860 1748 979 1787 cum
1016 1734 1273 1804 Apostolo
1302 1748 1368 1788 ne
1407 1733 1459 1788 in
1492 1748 1713 1788 vacuum
1739 1736 1959 1804 gratiam
1993 1731 2037 1791 Β
2066 1746 2177 1785 ram
2207 1731 2481 1801 ignoratis.
2524 1729 2671 1786 Beati
2694 1732 2824 1785 servi
2852 1730 2963 1796 illi,
2999 1731 3072 1785 ait
3099 1731 3331 1796 Veritas,
3371 1747 3494 1799 quos
3517 1748 3632 1784 cum

394 1822 484 1876 Dei
506 1825 793 1893 recipiatis.
820 1827 905 1880 Ait
927 1826 1066 1881 enim
1099 1843 1113 1881 :
1138 1824 1383 1898 Tempore
1404 1836 1608 1897 accepto
1635 1825 1871 1881 exaudiui
1891 1837 1959 1891 te,

390 1924 434 1967 et
454 1916 506 1966 in
535 1915 616 1969 die
638 1917 816 1971 salutis
854 1918 1032 1991 adjuvi
1073 1926 1142 1974 te.
1174 1918 1306 1974 Ecce
1335 1935 1469 1975 nunc
1508 1926 1704 1989 tempus
1732 1927 1963 1990 accepta-

392 2005 508 2067 bile,
535 2020 647 2060 ecce
682 2008 787 2062 dies
817 2009 1014 2061 salutis.
1046 2010 1282 2075 Quaerite
1311 2011 1489 2078 igitur,
1515 2008 1707 2063 fratres
1746 2008 1849 2062 mei
1879 2008 1961 2062 di-

392 2094 683 2160 lectissimi,
723 2098 1002 2154 Dominum
1028 2099 1153 2154 dum
1200 2099 1424 2155 inveniri
1454 2107 1668 2169 potest,
1713 2098 1958 2155 invocata

390 2201 511 2239 eum
534 2186 659 2242 dum
691 2203 852 2257 prope
873 2200 975 2244 est.
1002 2188 1328 2257 Derelinquat
1348 2191 1538 2258 iMpius
1565 2188 1699 2243 viam
1719 2205 1886 2256 suam,
1910 2197 1958 2242 et

391 2280 468 2331 t-ir
487 2281 687 2349 iniquus
698 2284 1025 2353 cogitationes
1053 2301 1196 2353 suas,
1210 2294 1255 2338 et
1270 2292 1541 2337 revertatur
1560 2282 1628 2336 ad
1651 2280 1952 2346 Dominum,

386 2377 435 2420 et
457 2370 766 2425 miserebitur
780 2374 911 2441 ejus,
936 2384 981 2427 et
1007 2375 1074 2427 ad
1094 2374 1258 2427 Deum
1279 2382 1525 2440 nostrum,
1552 2372 1791 2443 quoniam
1818 2372 1947 2425 mul-

394 2517 1157 2546 ΜΝ

2064 1824 2249 1877 venerit
2274 1825 2529 1891 dominus,
2555 1818 2798 1877 invenerit
2828 1823 3129 1894 vigilantes!
3154 1823 3311 1877 Amen
3341 1820 3454 1875 dico
3496 1823 3632 1875 vobis

2060 1915 2302 1984 quoniam
2326 1930 2479 1983 super
2504 1915 2678 1968 omnia
2699 1914 2826 1968 bona
2849 1931 2941 1968 sua
2969 1908 3232 1967 constituet
3260 1930 3366 1968 eos.
3396 1914 3631 1980 Quorum

2059 2006 2319 2061 bonorum
2348 2021 2446 2061 nos
2476 2005 2763 2076 participes
2793 2004 2952 2060 faciat
2990 1998 3233 2060 Christus
3259 2002 3414 2061 Jesus
3449 2003 3633 2058 Domi-

2060 2113 2159 2153 nus
2180 2107 2382 2164 noster,
2408 2100 2495 2154 cui
2517 2113 2636 2152 cum
2664 2098 2816 2153 Patre
2839 2106 2893 2153 et
2914 2097 3126 2152 viviftco
3149 2096 3348 2165 Spiritu
3371 2104 3629 2165 potestas,

2064 2187 2357 2245 dominatio
2382 2200 2436 2245 et
2466 2189 2747 2257 imperium
2778 2189 2894 2245 sine
2923 2187 3029 2243 line
3061 2186 3335 2259 permanet
3354 2185 3408 2243 in
3441 2186 3636 2244 saecula

2060 2279 2403 2336 saeculorum.
2438 2277 2627 2334 Amen.

1076 2626 1163 2684 DE
1202 2624 1308 2685 SS.
1354 2625 1587 2687 PAULI
1631 2623 1733 2684 ET
1777 2622 2170 2684 STEPHANI
2214 2621 2597 2683 ABBATUM
2640 2619 2965 2683 REGULA

1642 2763 1937 2806 VETERUM
1972 2762 2313 2806 TBSTIMONI
2324 2767 2359 2807 Δ
2369 2789 2382 2805 .

462 2959 519 3012 S.
555 2957 870 3012 Benedictus
900 2957 1121 3013 Anionm
1144 2957 1309 3011 abbas
1333 2956 1386 3010 in
1416 2955 1712 3011 Concordia
1743 2958 1952 3027 regula-

392 3063 508 3102 rum
539 3046 835 3114 saepissime
864 3046 1020 3102 all‘ert
1052 3047 1354 3102 testimonia
1380 3060 1446 3102 ex
1496 3046 1693 3117 Regula
1730 3046 1876 3102 Pauli
1904 3058 1959 3103 et

389 3141 671 3209 Stephani,
704 3141 836 3206 sive,
868 3151 925 3195 ut
964 3155 1084 3211 pag.
1109 3140 1213 3195 388
1254 3150 1307 3194 et
1329 3139 1473 3195 619:
1504 3136 1590 3193 Ea:
1622 3139 1815 3209 Regula
1840 3155 1963 3194 san-

387 3245 584 3286 ctorum
632 3232 783 3285 Pauli
811 3242 857 3285 et
880 3232 1147 3301 Stephani,
1168 3246 1326 3301 quam
1352 3230 1512 3286 etiam
1547 3232 1706 3285 solius
1737 3231 1961 3303 Stepha-

392 3324 444 3378 ni
472 3334 525 3378 et
554 3327 714 3378 sancti
740 3324 995 3389 Stephani
1020 3322 1237 3377 nomine
1256 3321 1541 3391 aliquando
1572 3325 1722 3375 citat.

2136 2957 2464 3027 Sutaragdus
2508 2954 2674 3011 abbas
2721 2952 3067 3025 Expositione
3116 2950 3333 3023 Regulae
3379 2950 3437 3005 S.
3470 2950 3636 3007 Bene-

2064 3047 2210 3112 dicti,
2242 3062 2362 3115 cap.
2391 3047 2465 3103 23
2495 3062 2509 3099 :
2546 3045 2621 3100 De
2648 3044 2743 3099 hoc
2775 3044 2999 3113 capitulo
3026 3042 3223 3098 Paulus
3271 3049 3320 3096 et
3346 3040 3637 3112 Stephanus

2064 3139 2267 3194 abbatcs
2313 3139 2387 3193 ita
2431 3137 2743 3209 scripserunt
2771 3150 2792 3191 :
2820 3134 2879 3192 Si
2920 3134 3044 3206 quis
3080 3134 3309 3190 alterum
3335 3174 3353 3201 ,
3387 3140 3495 3190 etc.
3520 3171 3538 3198 ,
3579 3139 3639 3188 ut

2063 3247 2181 3301 cap.
2225 3231 2315 3286 56.

1158 3474 1593 3531 OBSERVATIO
1628 3474 1898 3530 CRITICA
1935 3475 2003 3530 IN
2042 3476 2368 3533 REGULAM
2405 3475 2845 3542 SEQUENTEM.

469 3586 683 3640 Etiamsi
708 3587 997 3657 ignoremus
1021 3586 1239 3655 patriam
1263 3595 1313 3641 et
1333 3594 1519 3640 statum
1543 3584 1963 3639 ltorumduorum
1993 3588 2037 3650 C
2066 3586 2278 3641 exsertis
2304 3587 2466 3641 verbis
2488 3586 2551 3641 S.
2582 3587 2896 3659 Augustinus
2920 3586 3154 3639 laudetur
3178 3584 3385 3654 ibidem,
3410 3594 3521 3653 cap.
3542 3585 3637 3655 M,

397 3681 503 3737 SS.
534 3681 758 3734 virorum
777 3721 792 3743 ,
825 3696 985 3749 neque
1004 3680 1073 3732 ad
1101 3679 1331 3733 notitiam
1355 3679 1717 3733 monachorum
1744 3694 1835 3745 pro
1855 3679 1967 3748 qui-

392 3771 619 3825 bus'hwc
653 3772 831 3839 regula
857 3772 1136 3839 composita
1164 3780 1237 3825 est
1270 3771 1530 3841 pervenire
1555 3769 1843 3833 valeamus,
1883 3780 1966 3823 ta-

393 3881 508 3916 men
528 3863 758 3916 videntur
784 3863 969 3916 vixisse
989 3863 1042 3915 in
1063 3862 1235 3931 aliqua
1256 3863 1461 3933 regione
1482 3861 1565 3915 ubi
1587 3862 1841 3932 frumenta
1859 3860 1968 3914 ruri

393 3965 437 4007 et
468 3956 519 4007 in
547 3954 735 4022 campis
760 3954 1158 4021 excutiebantur,
1176 3953 1613 4023 quemadmodum
1644 3951 1783 4019 apud
1803 3949 1967 4006 Italos

394 4055 441 4098 et
470 4043 729 4115 Hispanos
765 4044 923 4098 moris
969 4052 1064 4098 est.
1097 4041 1377 4098 Existimat
1410 4058 1545 4111 serpe
1570 4043 1809 4097 laudatus
1839 4041 1959 4097 Cal-

2068 3690 2222 3749 atque
2260 3677 2531 3747 Scriptura
2567 3687 2745 3733 sancta
2788 3677 2937 3731 citari
2962 3676 3133 3731 soleat
3168 3674 3325 3747 jitafta
3368 3673 3644 3747 Vulgatan‘t

2069 3773 2368 3839 antiquam,
2419 3786 2522 3825 non
2565 3771 2844 3825 secundum
2890 3769 2951 3825 S.
3008 3767 3306 3839 Hieronymi
3341 3769 3640 3823 versionem;

2070 3862 2307 3931 Adeoque
2325 3861 2528 3931 difﬁcile
2553 3863 2650 3916 erit
2678 3862 3003 3928 proscribere
3022 3861 3102 3914 Itis
3129 3859 3316 3913 sanctis
3343 3858 3643 3916 determinat

2071 3960 2173 4005 tam
2206 3958 2446 4018 (etatem;
2472 3952 2699 4021 quamvis
2725 3951 2805 4006 illi
2834 3952 2985 4013 huius
3014 3950 3235 4024 Regula!
3256 3948 3359 4007 veri
3404 3953 3505 4006 sint
3542 3958 3643 4004 an;

2068 4055 2231 4100 etores
2250 4046 2342 4100 sub
2368 4061 2584 4117 quorum
2629 4045 2832 4103 nomine
2850 4052 2901 4102 et
2925 4044 3070 4101 illam
3099 4048 3218 4099 citat
3256 4041 3317 4100 S.
3351 4042 3647 4100 Benedictus

396 4147 555 4191 ntetus
582 4136 674 4191 Iros
701 4148 905 4191 sanctos
945 4137 1077 4190 hanc
1104 4153 1251 4191 suam
1288 4136 1520 4207 regulam
1542 4136 1800 4206 scripsisse
1830 4136 1966 4189 circa
2065 4135 2219 4195 abbas
2243 4137 2463 4197 Aniante
2486 4144 2541 4196 in
2568 4158 2662 4196 sua
2693 4139 2981 4195 Concordia
3005 4136 3320 4209 regularum:

395 4238 620 4297 tempora
651 4227 713 4283 S.
765 4227 1042 4282 Benedicti.
1076 4227 1189 4282 Hoc
1233 4243 1393 4282 unum
1436 4239 1628 4280 certum
1672 4236 1781 4295 est,
1827 4228 1969 4303 quod

444 4334 2787 4363 W

3282 4340 3285 4345 ,
3630 4340 3633 4341 ,

645 4496 859 4607 SS.
932 4501 1392 4609 PAULI
1479 4501 1684 4607 ET
1783 4499 2567 4610 STEPHANI
2639 4504 3393 4615 ABBATUM

1096 4742 1729 4875 REGULA
1774 4742 1980 4870 AD
2025 4746 2923 4881 MONACHOS.

1705 5044 1841 5117 CA
1852 5044 2267 5119 PITULA.

466 5199 515 5251 1.
563 5197 792 5250 Primum
824 5199 885 5251 de
924 5199 1100 5252 timore
1138 5198 1231 5251 Dei
1262 5207 1309 5251 et
1342 5197 1590 5252 charitate
1635 5209 1812 5253 mutua
1846 5202 1961 5269 puri
1993 5203 2037 5262 ι)
2134 5202 2186 5257 5.
2232 5203 2300 5257 Ut
2328 5204 2527 5256 initium
2553 5219 2725 5257 versus
2754 5205 2806 5257 in
2836 5207 2993 5258 choro
3021 5206 3296 5276 incipiatur
3323 5209 3389 5262 ab
3412 5224 3533 5266 uno.

392 5290 514 5344 cord
538 5306 559 5340 ς
588 5300 633 5342 et
657 5290 989 5343 unanimitate
1016 5290 1273 5344 habenda.

458 5381 512 5434 ‘2.
558 5381 742 5447 Quales
765 5382 1140 5445 circa'iuvenes
1168 5397 1274 5435 esse
1301 5382 1479 5435 debent
1504 5381 1617 5436 seni
1645 5398 1745 5436 res.

459 5473 511 5526 5.
556 5473 786 5539 Qualiter
820 5472 958 5526 circa
997 5472 1216 5527 seniores
1254 5489 1307 5527 se
1341 5475 1549 5542 juvenes
1580 5474 1791 5529 debeant
1817 5474 1959 5529 exhi-

393 5565 520 5618 bere.

457 5654 510 5708 4.
556 5652 622 5709 Ut
649 5654 713 5708 ab
742 5669 888 5724 opere
921 5651 1013 5709 Dei
1038 5654 1209 5710 nullus
1241 5658 1338 5709 utsi
1363 5672 1634 5726 permissus
1667 5655 1914 5713 discedat.

2136 5292 2189 5346 6.
2235 5292 2303 5345 Ut
2321 5292 2520 5363 jngiter
2547 5296 2902 5361 pronuntietur
2927 5311 3017 5363 per
3053 5296 3254 5350 choros.

2133 5383 2185 5434 7.
2230 5380 2303 5436 De
2329 5382 2478 5435 modo
2507 5384 2761 5447 psallendi
2786 5395 2832 5439 et
2860 5386 3119 5440 seniorum
3148 5388 3373 5445 arbitrio.

2134 5473 2185 5527 8.
2231 5470 2297 5526 Ut
2326 5481 2587 5526 cantantes
2612 5490 2714 5528 non
2743 5476 3038 5530 dortnitent.

2132 5563 2187 5616 9.
2230 5559 2297 5615 Ut
2336 5564 2648 5616 cantantium
2700 5574 2744 5619 et
2793 5566 3047 5621 orantium
3100 5566 3269 5623 nullus
3310 5569 3391 5625 vel
3423 5570 3642 5629 tamth

2059 5654 2249 5724 fabulis
2279 5663 2566 5719 occupetur.
