4034 6166
427 233 518 301 95!

495 353 582 423 10.
626 353 692 407 Ut
720 354 857 409 dicta
888 357 1049 423 prima
1079 357 1251 410 nullus
1280 373 1331 411 se
1359 359 1410 411 in
1439 360 1567 410 lecto
1594 360 1851 414 recubitet.

494 457 579 515 11.
624 452 690 510 Ut
721 455 998 509 meridiane
1029 465 1251 523 tempore
1279 458 1622 525 unusquisque
1654 458 1706 509 in
1739 474 1832 509 suo
1861 458 1989 510 lecto

422 546 639 615 dormiat
670 548 915 601 mediante
940 556 1159 618 tempore
1185 548 1411 615 deﬁnito.

494 646 577 701 12.
622 645 689 699 Ut
729 663 856 716 opus
895 648 1117 701 divinum
1154 664 1267 700 cum
1295 647 1564 715 disciplina
1605 648 1657 699 in
1699 648 1990 717 operatione

422 740 706 797 decantent.

492 839 576 893 1⁸3.
620 838 686 894 Ut
724 857 827 910 qua
864 841 992 893 liora
1031 840 1504 894 communicandum
1547 852 1642 907 est,
1684 858 1856 896 omnes
1900 843 1986 912 qui

412 929 552 984 intra
575 929 756 988 cellam
779 943 896 986 sunt
924 949 1100 996 unam,
1130 936 1363 987 studeant
1387 950 1493 987 esse
1519 945 1809 1004 pra’sentes.

491 1028 577 1083 H.
621 1030 687 1085 Ut
716 1033 1043 1089 decantentur
1066 1049 1179 1101 quae
1197 1035 1346 1102 jussu
1376 1045 1494 1087 sunt
1520 1035 1737 1089 cantari.

490 1126 578 1183 15.
621 1128 696 1181 De
727 1128 806 1183 Itis
828 1129 916 1198 qui
942 1131 1162 1198 psalmos
1190 1132 1410 1197 discunt,
1454 1141 1507 1185 ut
1538 1132 1868 1187 dictatoribus
1897 1134 1985 1187 de-

416 1223 568 1289 legati
592 1223 873 1275 observent.

492 1320 574 1375 i6.
618 1321 687 1375 Ut
721 1332 927 1391 accepta
963 1339 996 1375 a
1033 1322 1312 1376 minoribus
1340 1339 1403 1377 ex
1428 1339 1569 1378 more
1602 1324 1884 1379 reddantur
1916 1326 1984 1378 ad

416 1427 641 1465 mensam
648 1450 662 1464 .

490 1511 575 1563 l7.
620 1508 688 1564 Ut
732 1512 907 1565 nullus
952 1527 1109 1581 supra
1153 1520 1396 1566 statutum
1443 1513 1650 1569 modum
1688 1518 1741 1568 in
1771 1516 1879 1571 cibo
1909 1517 1985 1571 vel

418 1614 535 1674 potu
562 1613 853 1671 prtesumat.

1364 238 1696 295 APPENDIX
1738 239 1831 297 AD
1867 241 2088 299 OPERA
2132 243 2189 299 S.
2231 244 2291 299 P.
2335 244 2682 301 BENEDIGTI

3564 246 3670 305 93!

2021 367 2069 423 Α
2096 361 2341 416 charitate
2368 364 2670 425 deserviant,
2707 376 2794 415 nec
2830 363 2921 432 ipsi
2963 374 3166 415 econ‘ra
3207 362 3429 430 improbe
3466 366 3666 417 centri.-

2091 463 2303 508 stentur.

2162 544 2249 598 26.
2293 545 2358 599 Ut
2396 547 2449 598 in
2481 546 2688 600 cellario
2731 556 2777 599 et
2815 547 3067 614 artiﬁcum
3107 548 3315 615 ofﬁcinis
3357 548 3527 599 nullus
3560 548 3663 600 ins-

2092 648 2306 706 portune
2332 655 2431 692 non
2447 643 2626 710 jussus
2648 641 2831 693 audeat
2859 642 3063 693 intrare.

2160 729 2248 782 27.
2293 728 2360 783 Ut
2401 732 2463 783 de
2506 732 2649 785 rebus
2690 733 2901 785 alterius
2948 733 3118 784 nullus
3160 732 3255 783 sibi
3298 733 3368 785 ad
3416 731 3664 786 utendum

2088 830 2383 889 praesumat,
2416 836 2505 873 nec
2534 821 2665 873 inter
2688 838 2739 874 se
2765 820 2914 874 liceat
2941 829 3252 874 commutare

2158 911 2249 966 28.
2292 912 2366 965 De
2399 915 2702 967 vestimentis
2730 923 2778 967 et
2808 913 3102 967 lectualibus
3128 915 3408 969 servandis.

2157 1002 2245 1056 29.
2291 1000 2410 1056 Nisi
2438 1004 2501 1057 de
2530 1020 2624 1056 usu
2653 1004 2835 1071 prioris
2861 1006 3028 1057 nullus
3056 1014 3300 1059 tonsuret.

2157 1094 2248 1148 30.
2292 1092 2365 1148 De
2393 1110 2450 1146 eo
2472 1096 2608 1162 quod
2637 1095 2741 1148 alio
2766 1097 3151 1163 perdente‘alter
3170 1097 3329 1165 frater
3355 1098 3619 1151 invenerit.

2157 1183 2243 1237 5i.
2281 1182 2358 1238 De
2395 1186 2473 1238 his
2509 1187 2595 1254 qui
2634 1186 3029 1257 qualemcunque
3068 1196 3228 1240 artem
3256 1188 3446 1241 discere
3479 1190 3659 1242 uolue-

2084 1275 2207 1327 rint.

2156 1366 2243 1420 52.
2290 1366 2357 1422 Ut
2411 1367 2463 1420 in
2519 1368 2755 1436 pistrino,
2803 1368 2882 1420 vel
2923 1368 2990 1419 ad
3029 1384 3174 1421 omne
3223 1384 3349 1438 Opus
3399 1378 3655 1423 terrenum

2085 1459 2423 1527 unusquisque
2450 1470 2680 1529 prompte
2706 1470 2959 1513 occurrat.

2158 1548 2246 1602 533.
2291 1550 2363 1603 De
2400 1550 2575 1603 labore
2610 1550 2850 1620 praeteriti
2891 1552 3149 1620 temporis,
3192 1560 3253 1623 et.
3278 1552 3411 1618 quod
3448 1568 3535 1605 nec
3572 1554 3654 1607 Itis

2085 1644 2171 1708 qui
2206 1640 2509 1713 negligentes
2551 1652 2669 1696 sunt
2700 1644 2976 1713 quidquam
3012 1645 3077 1698 de
3111 1646 3405 1699 necessariis
3449 1646 3656 1699 subtra-

486 1702 573 1757 18.
612 1701 681 1757 Ut
710 1703 990 1771 reﬁcientes
1015 1720 1128 1757 cum
1154 1706 1315 1772 quiete
1340 1706 1553 1760 audiant
1581 1723 1694 1778 quae
1720 1708 1977 1779 leguntur.
2011 1725 2057 1786 Β
2084 1701 2219 1786 (Eum
2246 1701 2333 1791 δξι,

486 1806 569 1860 i9.
614 1804 682 1859 Ut
727 1807 795 1859 ad
832 1823 1059 1860 mensam
1097 1806 1265 1860 nullus
1307 1807 1403 1861 sibi
1444 1807 1767 1878 peculiariter
1786 1810 1982 1880 aliquid

412 1896 778 1967 comedendum
803 1908 1057 1967 procuret.

481 1996 569 2054 ΞΟ.
615 1997 681 2053 Ut
708 2000 880 2054 nullus
911 2016 964 2054 se
991 2017 1023 2055 a
1048 2016 1219 2055 mensa
1240 2002 1482 2073 deputata
1510 2004 1687 2074 migret
1717 2005 1769 2060 in
1799 2006 1977 2063 aliam.

480 2098 569 2151 2i.
613 2096 680 2152 Ut
710 2097 848 2150 calix
874 2097 1243 2167 superfundeus
1274 2114 1375 2152 non
1406 2102 1693 2155 misceatur.

479 2186 568 2253 22.
609 2186 682 2241 De
710 2187 899 2239 vicibus
928 2188 1298 2243 ministrorum.

480 2278 568 2334 25.
611 2270 674 2333 Si
708 2279 770 2332 de
809 2280 986 2333 ordine
1018 2280 1287 2350 juniorum
1363 2281 1596 2353 uisquam
1636 2301 1667 2337 a
1703 2287 1980 2343 ministerio

404 2370 562 2457 fuerit
589 2380 895 2438 segregatus.

477 2464 567 2519 25.
612 2462 679 2517 Ut
709 2463 880 2519 nullus
909 2464 970 2517 de
996 2464 1257 2533 assignato
1286 2477 1560 2535 pra'sumat
1589 2469 1815 2524 alterius.

474 2555 563 2624 25.
609 2554 677 2611 Ut
732 2555 787 2609 lii
831 2554 1011 2625 quibus
1056 2556 1287 2609 custodia
1334 2558 1600 2611 commissa
1646 2570 1755 2626 est,
1802 2563 1980 2618 devota

2155 1823 2243 1877 3i.
2283 1825 2364 1877 Ad
2388 1826 2662 1878 orationem
2686 1834 2740 1877 ut
2760 1834 3000 1878 consueta
3021 1826 3286 1878 amittatur
3315 1828 3540 1897 pigritia.

2154 1913 2240 1967 55.
2282 1912 2362 1968 De
2388 1915 2807 1983 ferramentorum
2834 1916 2888 1969 in
2915 1918 3207 1987 Operatione
3231 1919 3481 1973 custodia.

2152 2003 2241 2058 56.
2285 2004 2353 2058 Ut
2378 2015 2667 2072 peccantem
2694 2004 2867 2059 nullus
2896 2014 3050 2077 tegat.

2154 2098 2243 2149 57.
2280 2094 2352 2149 Ab
2379 2096 2706 2149 immoderato
2719 2096 2840 2165 joco
2869 2105 2914 2149 et
2936 2099 3043 2150 risu
3070 2096 3441 2151 abstinendum.

2157 2186 2245 2240 58.
2291 2186 2356 2240 Ut
2387 2186 2503 2239 aliis
2530 2186 2843 2255 litigantibus
2869 2202 2970 2239 non
2996 2188 3315 2241 commiscent
3342 2190 3488 2246 alter.

2158 2288 2246 2342 59.
2290 2286 2357 2339 Ut
2382 2285 2538 2339 nullis
2568 2285 2732 2339 causis
2760 2285 3010 2339 extraneis
3037 2286 3303 2354 quisquam
3333 2302 3387 2339 se
3408 2286 3617 2354 inferat.

2156 2379 2244 2433 ΛΟ.
2291 2376 2356 2431 Ut
2377 2385 2555 2429 contra
2578 2376 2880 2427 rusticorum
2905 2391 3087 2445 pravos
3107 2392 3341 2430 excessus
3363 2378 3534 2431 nullus
3556 2378 3657 2431 Itu-

2089 2487 2238 2523 mana
2260 2469 2438 2522 uirtute
2458 2483 2509 2520 se
2535 2466 2718 2519 audeat
2739 2466 3011 2521 vindicare.

2160 2563 2247 2618 41,
2292 2559 2436 2624 Quod
2466 2569 2511 2610 et
2534 2555 2746 2611 Patrum
2776 2557 2963 2628 regula:
2991 2558 3222 2628 legantur
3250 2560 3468 2614 assidue.

1569 2690 2492 2717 ψ

476 2770 521 2825 l.
560 2770 824 2841 Imprimis
869 2785 996 2841 ergo
1043 2772 1341 2840 hortamur,
1388 2782 1445 2829 ut
1498 2774 1742 2829 timorem
1782 2771 1881 2827 Dei
1925 2780 1980 2826 et

408 2872 642 2918 mutuam
669 2861 978 2917 charitatem
1008 2872 1063 2918 et
1086 2865 1490 2920 unanimitatem
1517 2879 1706 2921 omnes
1733 2865 1787 2918 in
1818 2864 1976 2920 bonis

405 2954 595 3029 studiis
620 2952 925 3008 habeamus.

480 3045 545 3100 li.
586 3045 836 3103 Seniores
866 3045 1163 3115 junioribus
1189 3045 1435 3102 allectum
1462 3056 1735 3116 paternum
1769 3046 1976 3116 impen-
2006 3078 2052 3139 Ο

412 3141 566 3212 dant:
598 3146 653 3195 et
679 3153 799 3207 cum
831 3138 1125 3212 imperandi
1157 3139 1517 3193 necessarium
1551 3138 1726 3197 fuerit.
1760 3152 1863 3191 non
1898 3146 1981 3190 tu-

411 3218 573 3286 menti
614 3227 954 3284 animositate
991 3238 1044 3283 et
1079 3229 1328 3284 clamosis
1362 3229 1604 3295 vocibus,
1636 3228 1729 3283 sed
1758 3227 1982 3282 ﬁducia-

410 3322 533 3376 liter
561 3319 840 3390 tranquilla
869 3319 1205 3387 simplicitate
1252 3330 1306 3375 et
1334 3323 1649 3376 auctoritate
1678 3322 1831 3375 bona:
1859 3322 1981 3375 vita:

411 3411 478 3467 ad
510 3412 865 3481 peragendam
911 3426 1249 3468 communem
1300 3413 1582 3468 utilitatem
1625 3429 1743 3485 qua:
1784 3414 1983 3469 fuerint

410 3513 708 3574 opportuna
741 3505 1035 3574 iniungunt.

483 3595 571 3652 lll.
602 3595 851 3652 Iuniores
892 3596 1191 3657 senioribus
1232 3610 1439 3666 smcera
1484 3596 1816 3667 subjectione
1856 3598 1983 3653 obe-

412 3686 583 3755 diant,
622 3700 723 3745 nec
773 3687 992 3756 tumenti
1037 3689 1248 3744 cervice
1294 3689 1349 3743 in
1396 3703 1714 3760 quocunque
1762 3704 1982 3759 respon-

412 3783 592 3855 deant,
622 3794 711 3849 aut
742 3781 1029 3839 fastidienti
1068 3785 1248 3853 animo
1275 3794 1331 3840 et
1371 3786 1840 3857 negligenteaure
1877 3788 1980 3842 im-

410 3874 721 3940 perantibus
758 3874 977 3929 obedire
1021 3875 1320 3931 detrectent
1366 3894 1381 3935 :
1431 3876 1525 3932 sed
1568 3878 1892 3933 unanimiter
1926 3888 1983 3934 et

412 3963 745 4029 concorditer
784 3973 890 4019 tam
932 3965 983 4028 in
1011 3966 1234 4032 spiritali
1277 3982 1441 4037 opere
1468 3983 1626 4036 quam
1669 3969 1722 4024 in
1768 3981 1981 4029 terreno

412 4052 595 4128 labore
622 4068 808 4131 omnes
836 4054 975 4117 ﬁdeli
1008 4057 1301 4121 intentione
1322 4067 1625 4123 occurrant.
1976 4106 1981 4115 .

486 4146 571 4201 ιν.
612 4146 752 4201 Nulli
784 4148 940 4204 liceat
978 4148 1181 4218 absque
1213 4153 1403 4217 prioris
1430 4150 1692 4220 permissu
1728 4151 1795 4216 ab
1819 4166 1982 4222 opere

412 4238 506 4295 Dei
538 4238 838 4307 discedere,
870 4240 965 4296 sed
1005 4257 1162 4311 quem
1202 4258 1363 4297 eausa
1403 4243 1677 4299 manifesta
1719 4245 1983 4315 compuleo

412 4333 503 4402 rit,
554 4333 794 4389 oratione
837 4350 869 4388 a
907 4336 1082 4403 priore
1127 4346 1338 4405 sperata
1367 4343 1421 4392 et
1446 4352 1697 4392 concessa
1721 4338 1977 4393 discedat.

2083 2780 2224 2835 rant,
2261 2771 2311 2824 hi
2347 2772 2585 2840 iuniores
2622 2775 2712 2844 qui
2747 2775 2856 2844 jam
2888 2773 3204 2830 Psalterium
3247 2777 3515 2843 ﬁnierunt,
3556 2794 3647 2849 per

2082 2861 2323 2916 ordinem
2362 2864 2462 2917 sibi
2502 2865 2551 2917 in
2592 2866 2843 2920 dictando
2882 2868 3199 2933 succedant;
3242 2880 3296 2923 ut
3334 2873 3479 2925 omni
3518 2881 3660 2926 tetu-

2081 2967 2209 3020 pore
2234 2955 2603 3021 pronuntiandi
2635 2972 2760 3011 usus
2790 2973 2893 3011 non
2918 2958 3073 3013 desit.

2156 3046 2265 3103 VII.
2304 3046 2570 3103 Psallendi
2620 3064 2827 3119 quoque
2868 3049 3087 3115 mo‘dus,
3135 3052 3180 3105 si
3243 3053 3502 3119 possibile
3545 3063 3647 3123 est,

2084 3142 2227 3192 omni
2279 3149 2516 3209 tempore
2558 3157 2679 3197 cum
2725 3153 3145 3211 temperamento
3194 3146 3346 3200 nobis
3393 3146 3659 3202 tenendus

2081 3237 2207 3282 est:
2241 3238 2296 3281 nt
2340 3245 2439 3284 nec
2481 3231 2701 3286 nimium
2744 3241 3033 3301 protracte,
3086 3248 3186 3288 nec
3228 3250 3388 3305 supra
3436 3235 3654 3290 modum

2080 3330 2347 3390 correpte,
2368 3321 2486 3389 sed,
2517 3332 2574 3376 ut
2599 3323 2796 3377 dictum
2827 3334 2931 3389 est,
2964 3334 3254 3393 temperata
3293 3341 3505 3395 semper
3538 3341 3656 3381 mo-

2080 3409 2353 3466 dulatione
2379 3411 2602 3466 dicatur.
2646 3412 2871 3468 Servate
2914 3423 3092 3468 tamen
3134 3423 3191 3469 ut
3227 3414 3519 3470 secundum
3558 3429 3656 3472 vo-

2082 3503 2332 3557 luntatem
2356 3513 2408 3558 et
2424 3504 2696 3560 arbitrium
2720 3506 2929 3574 prioris,
2946 3506 3030 3559 cui
3051 3520 3264 3574 semper
3281 3507 3659 3565 considerandi

2081 3604 2134 3648 et
2167 3594 2525 3663 perpendendi
2565 3605 2795 3663 tempus,
2826 3597 3034 3660 horam,
3073 3612 3287 3651 causam
3332 3614 3431 3665 per
3475 3598 3658 3655 omnia

2086 3686 2350 3755 imminet,
2383 3688 2497 3744 sive
2526 3688 2784 3759 protrahi,
2818 3691 2931 3744 sive
2960 3690 3262 3746 accelerare
3295 3691 3444 3760 justo
3470 3694 3657 3748 consi-

2082 3781 2373 3837 derationis
2396 3781 2596 3851 judicio
2619 3782 2858 3851 jusserit,
2882 3782 2949 3837 ad
2979 3784 3094 3852 ejus
3123 3793 3332 3848 nutum,
3354 3787 3467 3839 sive
3493 3785 3658 3839 etiam

2081 3874 2375 3939 elevatius,
2425 3876 2538 3930 sive
2586 3875 2839 3930 humilius
2888 3875 3152 3941 voluerit,
3194 3891 3425 3931 consona
3477 3886 3657 3932 tamen

2080 3965 2232 4034 quasi
2259 3981 2324 4020 ex
2356 3981 2461 4020 uno
2489 3981 2583 4021 ore
2610 3981 2741 4021 voce
2777 3967 3006 4021 dicatur.
3048 3966 3157 4022 Nec
3195 3969 3473 4038 quisquam
3514 3984 3659 4038 prm-

2082 4067 2259 4111 sumat
2293 4057 2493 4127 absque
2524 4058 2715 4125 prioris
2745 4059 3030 4127 permissu,
3072 4059 3155 4113 vel
3194 4060 3337 4113 elata
3376 4060 3521 4114 vocis
3560 4075 3657 4114 ex-

2083 4147 2341 4211 tollentia,
2372 4163 2493 4217 qua:
2529 4149 2724 4218 saepius
2762 4148 3052 4204 inﬂationis
3085 4151 3393 4218 iactantiam
3420 4160 3475 4205 et
3501 4166 3658 4205 arro-

2082 4236 2313 4309 gantiam
2333 4238 2576 4293 elationis
2598 4238 2771 4294 minus
2790 4240 2961 4293 cautis
2976 4249 3217 4310 generat,
3237 4249 3329 4294 aut
3353 4242 3658 4297 turbulenta

2083 4328 2419 4384 festinatione
2470 4330 2873 4397 temperamenti
2929 4331 3147 4385 modum
3212 4334 3515 4397 excedere,
3571 4332 3657 4390 vel

411 4424 523 4480 Nec
550 4424 663 4479 bini
691 4433 783 4480 aut
820 4427 986 4493 terni,
1017 4426 1108 4481 sed
1140 4428 1446 4500 singillatim
1487 4440 1743 4485 exeuntes
1785 4431 1982 4486 oratio-
2009 4456 2061 4515 Β
2085 4431 2310 4477 mutare.
2348 4421 2457 4476 Nec
2485 4422 2631 4491 prior
2675 4436 2987 4478 concessam
3021 4423 3461 4478 considerationis
3491 4425 3658 4479 licen-

412 4534 536 4573 nem
576 4527 795 4592 sperent
835 4535 849 4572 :
886 4518 959 4573 ita
999 4521 1173 4595 utqui
1212 4522 1325 4587 sani
1364 4530 1489 4576 sunt
1528 4524 1767 4593 protinus
1804 4537 1982 4589 rever-

414 4620 626 4673 tantur;
658 4609 746 4680 qui
779 4625 903 4668 vero
933 4610 1130 4669 inlirmi
1159 4626 1223 4666 ex
1253 4615 1514 4681 permissu
1546 4613 1767 4668 redeant
1793 4613 1859 4669 ad
1889 4630 1982 4668 cn-

413 4705 543 4757 ltile.

488 4796 553 4849 γ.
594 4796 804 4855 Initium
837 4809 1086 4855 versuum
1117 4796 1458 4871 psallentium
1504 4798 1555 4851 in
1584 4798 1752 4867 choro
1778 4798 1982 4867 priores

415 4888 502 4954 qui
533 4886 585 4940 in
614 4888 694 4943 eis
722 4895 865 4943 stant
893 4884 1177 4955 incipiant:
1208 4899 1299 4941 aut
1327 4887 1369 4941 si
1397 4889 1477 4941 eis
1500 4888 1811 4943 adversatur
1839 4890 1981 4944 infir-

414 4978 595 5044 mitas,
630 4976 681 5029 hi
714 4977 969 5046 incipiant
998 4977 1189 5046 quibus
1214 4976 1436 5051 jusserit
1461 4979 1638 5035 Pater.
1670 4980 1875 5046 Quibus
1903 4980 1983 5034 in-

412 5067 731 5133 cipientibus
761 5081 883 5121 mox
912 5082 1119 5131 omnes,
1152 5069 1195 5120 si
1226 5060 1403 5137 potest
1433 5068 1546 5123 ﬁeri
1566 5110 1581 5133 ,
1614 5070 1663 5124 in
1697 5070 1860 5139 prima
1892 5080 1985 5133 aut

412 5158 647 5213 secunda
685 5159 889 5229 syllaba
918 5162 1117 5228 pariter
1154 5163 1476 5237 unanimiter
1501 5171 1557 5216 et
1598 5177 1703 5215 uno
1730 5178 1824 5217 ore
1853 5162 1982 5217 sub-

410 5250 638 5320 jungant
677 5266 691 5304 :
743 5259 804 5304 ut
840 5266 946 5305 non
986 5254 1054 5305 sit
1090 5250 1418 5305 dissonantia
1460 5252 1785 5306 cantantium
1810 5293 1824 5317 ,
1864 5268 1984 5320 qua:

414 5343 645 5399 maxime
673 5341 742 5396 ab
780 5341 1085 5396 inordinata
1120 5342 1294 5409 initio,
1336 5352 1392 5396 et
1427 5342 1819 5418 quodammodo
1856 5359 1983 5416 con-

416 5434 644 5497 tentiosa
670 5434 929 5488 varietate
955 5435 1091 5493 solet
1121 5435 1381 5509 accidere.

487 5524 574 5580 Vl.
592 5525 861 5595 Juniores,
883 5533 938 5581 et
962 5526 1190 5599 maxime
1213 5529 1301 5597 qui
1333 5527 1503 5581 adhuc
1527 5527 1758 5596 psalmos
1779 5527 1984 5583 discere

416 5618 759 5683 meditantur,
792 5632 887 5687 per
910 5615 1103 5672 choros
1131 5631 1198 5674 ex
1232 5617 1420 5672 ordine
1448 5628 1501 5673 et
1523 5619 1638 5695 sine
1667 5618 1983 5689 negligentia

419 5708 618 5776 distent
643 5726 655 5763 :
683 5712 753 5769 ita
777 5720 827 5764 ut
852 5710 915 5765 ab
955 5724 1017 5766 eo
1053 5710 1166 5773 loco
1191 5724 1215 5768 a
1250 5724 1350 5791 quo
1373 5708 1540 5777 adhuc
1567 5710 1795 5783 minores
1835 5711 1981 5785 iano:

2087 4518 2216 4576 tiam
2254 4518 2307 4571 in
2346 4532 2442 4577 usu
2481 4517 2683 4586 absque
2720 4528 2864 4573 certa
2903 4519 3226 4573 necessitate
3262 4518 3459 4573 audeat
3502 4532 3661 4571 usur-

2090 4623 2258 4678 pare:
2301 4609 2476 4664 sciens
2513 4624 2571 4664 se
2603 4610 2825 4663 Domino
2866 4610 3195 4663 redditurum
3236 4610 3519 4679 ratioaem,
3564 4608 3657 4677 qui

2087 4702 2221 4757 dixit
2249 4719 2262 4754 :
2295 4700 2511 4755 Psallite
2538 4703 2789 4772 sapienter
2821 4700 2988 4772 (Psal.
3015 4700 3191 4769 ηνι).

2159 4788 2295 4844 ἫΙΙ.
2337 4772 2586 4853 Somnus,
2617 4803 2735 4845 cum
2767 4804 2899 4857 opus
2924 4788 3015 4843 Dei
3046 4789 3259 4856 dicitur,
3286 4803 3406 4842 cum
3436 4787 3526 4842 Dei
3565 4788 3663 4841 ad-

2085 4878 2283 4947 jutorio
2306 4881 2523 4933 omnino
2562 4896 2591 4933 a
2623 4879 2776 4933 nobis
2802 4878 3064 4949 fugandus
3093 4887 3176 4934 est
3208 4897 3221 4933 :
3254 4880 3502 4933 timentes
3528 4878 3658 4933 illud

2084 4969 2364 5037 Propheta:
2404 4986 2418 5021 :
2460 4968 2763 5023 Maledictus
2791 4971 2878 5039 qui
2908 4970 3190 5045 facit'Opus
3224 4967 3317 5021 Dei
3344 4967 3656 5038 negligenter

2090 5061 2222 5130 (Jer.
2253 5063 2457 5132 XLVIII).
2493 5064 2557 5115 Et
2586 5062 2712 5116 illud
2746 5079 2759 5114 2
2791 5061 3118 5115 Dormierunt
3146 5078 3373 5115 somnum
3413 5077 3581 5124 suum,
3609 5070 3658 5114 et

2085 5152 2215 5205 nihil
2242 5152 2535 5205 invenerunt
2578 5169 2747 5225 omnes
2772 5153 2866 5206 viri
2894 5153 3188 5207 divitiarum
3217 5154 3268 5206 in
3298 5154 3527 5207 manibus
3552 5155 3660 5207 suis

2086 5242 2255 5314 (Psal.
2279 5242 2464 5312 Lxxv).

2161 5344 2251 5409 IX.
2291 5344 2426 5399 Nulli
2480 5345 2637 5399 liceat
2682 5354 2921 5413 tempore
2969 5361 3077 5418 quo
3123 5361 3257 5416 opus
3287 5347 3381 5401 Det
3428 5346 3658 5408 canitur,

2088 5437 2320 5505 qualibet
2355 5438 2636 5491 occasione
2675 5453 2978 5494 sermonem
3017 5447 3200 5493 contra
3240 5438 3403 5492 alium
3444 5439 3661 5494 fratrem

2091 5526 2354 5597 proferre,
2387 5528 2486 5582 nisi
2516 5527 2714 5582 seniori
2748 5537 2985 5592 tantum;
3026 5529 3110 5583 cui
3142 5527 3258 5582 sine
3287 5528 3448 5582 dubio
3486 5537 3665 5582 solent

2088 5635 2261 5673 causa:
2281 5619 2639 5688 cujuscunque
2655 5619 2729 5672 rei
2746 5628 2836 5673 aut
2858 5618 3184 5695 ordinandtc.
3200 5626 3290 5674 aut
3310 5620 3660 5695 corrigenda,

2091 5698 2462 5782 nonnunquam
2491 5724 2784 5782 emergere.
