4034 6166
376 331 476 387 955

1150 331 1243 388 SS.
1286 331 1480 388 I‘AULI
1526 331 1609 388 ET
1648 331 1985 389 STEPHANI
2031 333 2299 391 REGULA
2343 338 2434 391 AD
2470 337 2849 397 MONACHOS.

3521 349 3623 407 954

446 446 511 500 Χ.
553 444 704 500 Mane
731 444 869 502 dicta
903 446 1063 515 prima
1097 447 1267 499 nullus
1297 461 1356 500 se
1386 446 1437 500 in
1469 448 1606 502 lecto
1634 448 1937 508 recubitet;
1972 453 2014 505 Α
2046 457 2097 499 et
2120 463 2182 501 ea
2213 461 2427 505 cantare
2453 450 2715 508 debemus
2745 468 2887 524 quae,
2923 456 3058 509 sicut
3081 456 3266 513 beatus
3296 461 3621 530 Augustinus

374 546 597 605 excepto
633 536 717 590 die
753 536 1040 601 dominico,
1080 548 1170 591 aut
1208 537 1357 592 festis
1396 539 1605 602 diebus,
1646 539 1697 593 in
1736 539 1931 607 quibus

374 626 663 693 vigiliarum
715 625 894 679 labore
944 637 998 681 et
1044 629 1305 695 prmteriti
1360 629 1462 682 diei
1510 629 1669 682 solito
1712 631 1938 695 amplius

371 719 568 785 fatigati
608 718 876 786 paululum
915 733 1033 788 post
1074 720 1322 787 primam,
1354 721 1441 787 qui
1482 735 1545 774 ex
1577 720 1728 774 vobis
1758 720 1940 773 volue-

370 811 495 875 rint,
540 810 782 865 membra
832 821 1026 878 ponant
1076 814 1127 864 in
1171 813 1400 867 lectulis.
1446 813 1596 879 Quod
1642 828 1748 866 non
1794 814 1936 867 omni

370 914 611 969 tempore
647 903 697 956 id
734 901 927 970 ipsum,
966 902 1058 956 sed
1098 911 1303 957 tantum
1332 903 1532 957 aestivis
1570 903 1840 958 mensibus
1873 903 1938 957 li-

368 1006 515 1060 neat;
563 996 763 1065 reliquo
809 1009 936 1049 vero
972 995 1117 1048 omni
1162 1005 1404 1065 tempore
1435 1011 1529 1065 per
1556 996 1791 1065 singulos
1816 996 1935 1050 dies

368 1101 488 1140 mox
520 1086 877 1154 unusquisque
908 1096 1021 1154 post
1056 1087 1298 1153 primam,
1330 1086 1454 1140 dum
1496 1097 1726 1156 accepta:
1767 1088 1932 1141 mino.

367 1181 515 1234 ribus
555 1179 923 1243 emendantur,
963 1180 1162 1235 calceet
1192 1194 1273 1247 se,
1307 1190 1358 1234 et
1397 1194 1612 1248 paratus
1649 1181 1717 1233 sit
1754 1183 1817 1234 ad
1858 1182 1931 1235 si-

366 1288 523 1339 gnum
581 1272 719 1342 quod
751 1287 844 1340 per
873 1287 1060 1326 sonum
1092 1272 1281 1326 tabulae
1310 1273 1427 1326 fieri
1456 1274 1592 1326 solet
1625 1290 1638 1325 :
1670 1281 1933 1341 quatenus

363 1380 551 1418 omnes
587 1366 703 1420 sine
743 1364 1009 1431 tarditate,
1048 1364 1113 1418 ad
1150 1363 1541 1433 agnoscendum
1603 1364 1932 1419 imminentis

361 1457 467 1515 diei,
497 1454 733 1509 futurum
760 1470 914 1525 opus,
948 1454 1001 1509 in
1034 1454 1206 1510 locum
1236 1458 1551 1510 conveniant
1578 1454 1911 1523 deputatum.

430 1549 521 1602 XI.
561 1548 781 1603 IEstatis
808 1558 1045 1617 tempore
1069 1548 1195 1602 nulli
1226 1548 1384 1603 liceat
1410 1548 1633 1603 meridie
1660 1558 1853 1617 praeter
1878 1550 1929 1602 in

359 1657 456 1697 sito
487 1643 680 1698 lectulo
704 1640 957 1705 dormire,
990 1640 1091 1695 nisi
1123 1639 1259 1695 forte
1284 1640 1504 1709 jubente
1534 1640 1712 1708 priore
1739 1640 1803 1693 ad
1837 1657 1928 1693 nu-

360 1734 461 1787 bila
495 1749 587 1802 pro
619 1733 858 1789 custodia
884 1748 1027 1787 area:
1048 1743 1194 1787 extra
1219 1747 1372 1786 suum
1397 1732 1649 1786 lectulum
1672 1731 1923 1786 dormiat.

2044 540 2197 607 dicit,
2230 544 2298 596 ita
2329 545 2521 613 scripta
2545 554 2689 610 sunt,
2734 560 2787 600 ut
2817 558 3133 604 cantentttr:
3164 567 3282 620 qua:
3305 564 3479 608 autem
3512 572 3616 610 non

2047 633 2116 685 ita
2148 636 2341 701 scripta
2366 646 2507 698 sunt,
2545 652 2648 691 non
2676 649 2974 693 cantemus.
3009 641 3117 695 Nec
3140 644 3246 696 alio
3278 646 3435 701 modo
3456 664 3615 716 quam

2040 737 2146 790 quo
2192 724 2306 791 ipse
2334 723 2589 779 Dominus
2633 726 2792 796 jussit
2825 744 2918 796 per
2950 731 3234 798 prepltetas
3266 743 3319 786 et
3344 737 3615 802 apostolos

2041 829 2165 867 suos
2194 817 2522 871 manifestari
2566 833 2626 872 ea
2678 820 2996 884 hominibus,
3050 823 3245 877 debent
3286 840 3313 877 a
3366 826 3517 879 nobis
3561 829 3611 881 in

2039 904 2194 959 laude
2224 906 2387 973 ipsius
2416 908 2517 961 dici
2554 926 2567 962 :
2601 924 2667 963 ne
2695 926 2812 978 quae
2840 914 3096 967 cantanda
3125 928 3249 969 sunt
3306 918 3356 970 in
3393 926 3607 973 modum

2040 1010 2210 1063 prosae
2243 1005 2295 1050 et
2322 999 2472 1065 quasi
2514 999 2567 1052 in
2595 999 2878 1055 lcetionem
2910 1015 3173 1059 mutemus
3198 1048 3213 1070 ,
3267 1017 3358 1061 aut
3393 1023 3510 1076 qua:
3538 1009 3609 1063 ita

2036 1086 2228 1155 scripta
2260 1102 2383 1142 sunt
2448 1102 2503 1144 ut
2531 1092 2581 1145 in
2612 1093 2799 1149 ordine
2830 1096 3111 1151 lectionum
3142 1110 3371 1165 utamur,
3416 1103 3466 1155 in
3500 1115 3609 1156 tro-

2038 1178 2117 1244 pis
2143 1190 2198 1233 et
2218 1182 2501 1235 cantilena:
2530 1195 2644 1238 arte
2665 1196 2841 1240 nostra
2872 1192 3284 1258 praesumptione
3308 1201 3603 1252 vertamus.

2033 1269 2090 1322 st
2115 1270 2258 1324 enim
2283 1274 2599 1329 sacrificium
2627 1277 2734 1330 Deo
2762 1282 3114 1334 confessionis
3136 1292 3188 1334 et
3218 1282 3385 1351 laudis
3408 1286 3605 1342 offerre

2035 1362 2318 1429 debemus,
2336 1367 2603 1433 quomodo
2629 1369 2741 1436 ipse
2764 1373 3011 1439 praeepit
3029 1373 3129 1426 sibi
3153 1373 3367 1440 offerre,
3399 1391 3427 1429 a
3450 1377 3603 1432 nobis

2034 1452 2285 1508 Dominus
2315 1457 2481 1524 magis
2509 1459 2826 1514 obedientia:
2878 1477 3036 1533 quam
3076 1465 3409 1521 victimarum
3435 1471 3601 1523 sacri-

2033 1542 2209 1599 ﬁcium
2260 1548 2488 1616 quzcrit;
2549 1565 2647 1604 nec
2692 1553 2971 1608 cantilenae
3014 1556 3355 1611 artificiorum
3400 1562 3595 1629 studio,

2029 1644 2282 1700 quantum
2304 1637 2640 1693 observantia
2664 1642 3029 1699 mandatorum
3060 1655 3113 1700 et
3143 1650 3318 1703 cordis
3338 1651 3596 1707 munditia

2031 1722 2343 1780 delectatur.

359 1825 415 1880 In
452 1839 643 1895 campo
667 1840 815 1890 vero,
846 1823 1058 1893 quando
1085 1823 1277 1879 messis
1306 1824 1595 1895 colligitur,
1627 1825 1672 1879 si
1702 1823 1920 1879 meridie
1951 1810 1998 1872 Β
2099 1812 2214 1871 XV.
2261 1814 2354 1869 His
2383 1817 2473 1886 qui
2503 1817 2712 1873 litteras
2737 1821 2819 1876 vel
2853 1822 3083 1890 psalmos
3113 1824 3342 1888 discunt,
3368 1827 3472 1881 illis
3501 1829 3595 1882 ob-

355 1917 588 1971 dormire
635 1916 862 1983 licuerit,
908 1931 1013 1971 non
1055 1915 1232 1980 divisi,
1276 1914 1368 1969 sed
1412 1915 1464 1970 itt
1506 1931 1611 1970 uno
1654 1912 1773 1970 loco
1826 1923 1919 1970 aut

356 2008 564 2063 duobus
614 2007 745 2063 locis
786 2007 1071 2061 dormiant.
1127 2006 1257 2074 Quia
1313 2020 1419 2060 non
1467 2017 1547 2060 est
1597 2005 1918 2075 incognitum

354 2109 609 2169 quantum
658 2098 780 2153 mali
829 2111 896 2153 ex
941 2097 1040 2153 bac
1080 2096 1364 2153 occasione
1415 2095 1659 2151 diabolus
1710 2096 1915 2151 fecerit.

354 2190 615 2259 Tempora
645 2204 773 2244 vero
803 2190 851 2243 in
880 2188 1091 2258 quibus,
1133 2189 1176 2241 si
1214 2187 1505 2254 vacaverit,
1537 2187 1758 2242 meridie
1788 2187 1916 2241 dor-

354 2281 619 2334 miendum
653 2279 805 2339 nobis
833 2291 945 2347 est,
980 2296 1008 2333 a
1040 2280 1125 2334 die
1164 2279 1344 2333 iduum
1369 2279 1621 2333 Maiarum
1660 2293 1827 2349 usque
1861 2279 1914 2333 in

348 2373 489 2426 diem
521 2371 700 2436 iduum
726 2370 1113 2439 Septembrium
1146 2370 1509 2425 observemus.

427 2462 541 2517 XII.
579 2464 725 2531 Opus
758 2461 871 2525 Dei,
901 2462 1042 2533 quod
1080 2476 1172 2530 per
1194 2460 1334 2516 diem
1380 2460 1431 2514 in
1458 2474 1770 2530 quocunque
1799 2459 1916 2513 loco

346 2565 631 2627 operantes
662 2556 852 2609 fratres
880 2569 973 2624 per
1004 2553 1162 2610 horas
1206 2554 1525 2609 constitutas
1554 2554 1764 2619 dicent,
1794 2566 1914 2607 cutn

348 2649 624 2717 disciplina
655 2657 706 2703 et
747 2647 934 2703 timore
955 2646 1052 2709 Dei
1089 2661 1323 2701 consona
1364 2662 1494 2701 voce
1521 2646 1728 2701 dicatur
1758 2665 1770 2699 :
1808 2662 1912 2700 nun

347 2749 507 2809 prout
546 2740 909 2807 unusquisque
951 2738 1129 2807 cperis
1163 2738 1512 2795 excusatione
1554 2747 1643 2791 aut
1686 2752 1914 2806 occupa-

348 2833 493 2886 tione
521 2832 748 2886 voluerit
778 2831 1024 2888 obruere.
1058 2832 1162 2885 Nec
1194 2831 1564 2899 prmsumendo
1585 2833 1760 2899 junior
1791 2842 1914 2887 ante

345 2924 610 2987 seniorem
651 2923 910 2994 prosiliat,
948 2930 1004 2977 et
1044 2921 1322 2985 immatura
1362 2923 1699 2981 festinatione
1731 2939 1915 2992 proce-

344 3020 469 3085 dat;
511 3028 568 3075 et
611 3019 845 3078 divinum
885 3034 1040 3087 opus,
1079 3018 1219 3088 quod
1258 3035 1377 3075 cum
1424 3020 1612 3075 timore
1649 3021 1909 3089 agendum

343 3122 447 3177 est,
498 3127 590 3181 per
636 3110 985 3177 inordinatam
1028 3111 1299 3181 audaciam
1347 3112 1659 3181 insipienter
1701 3123 1756 3166 et
1802 3128 1908 3167 non

2029 1918 2246 1962 servent
2273 1909 2338 1962 ad
2387 1911 2786 1981 excipiendum,
2833 1916 3026 1983 quibus
3070 1918 3266 1971 fuerint
3305 1919 3539 1987 deputati
3576 1938 3592 1974 :

2026 1997 2117 2067 qui
2148 2013 2246 2067 pro
2271 2001 2349 2055 eis
2375 2010 2469 2055 aut
2513 2002 2581 2058 de
2607 2003 2924 2075 negligentia
2956 2008 3205 2076 arguendi
3228 2020 3371 2073 sunt,
3415 2022 3504 2062 aut
3538 2010 3592 2065 in

2021 2101 2206 2141 eorum
2249 2090 2552 2147 eruditione
2605 2104 2656 2148 et
2706 2096 2883 2149 studio
2911 2098 3260 2166 approbandi.
3312 2100 3366 2152 Si
3409 2109 3587 2154 autem

2020 2179 2300 2234 discedens
2325 2182 2555 2237 dictator
2584 2199 2679 2253 per
2698 2200 2757 2240 se
2777 2186 3031 2255 deputare
3055 2190 3368 2258 neglexerit,
3396 2192 3459 2245 ad
3486 2192 3591 2245 Pa-

2021 2281 2157 2325 trem
2190 2284 2487 2328 revertatur
2516 2276 2562 2327 is
2600 2276 2687 2344 qui
2736 2278 2949 2346 excipit,
2992 2289 3047 2331 ut
3097 2282 3209 2345 ipse
3253 2281 3468 2349 deputet
3494 2297 3590 2349 pro

2020 2362 2261 2428 absente,
2293 2365 2382 2432 qni
2427 2366 2475 2418 ei
2520 2365 2723 2422 dictare
2749 2368 2957 2422 debeat.
3012 2369 3147 2423 Dum
3180 2370 3373 2424 absens
3401 2387 3583 2426 rever-

2021 2466 2185 2522 tetur,
2211 2458 2274 2510 ad
2303 2473 2458 2513 suum
2484 2460 2664 2513 redeat
2690 2460 3025 2515 dictatorem.

2088 2548 2229 2605 XVI.
2262 2552 2493 2620 Accepta
2523 2553 2574 2606 in
2605 2552 2732 2608 bora
2767 2553 3068 2609 refectionis
3086 2556 3234 2609 omni
3262 2567 3497 2626 tempore
3518 2557 3585 2613 ab

2022 2639 2106 2693 bis
2127 2641 2214 2708 qui
2243 2656 2305 2697 ea
2332 2643 2570 2711 quotidie
2610 2645 2678 2697 de
2713 2644 2931 2711 psalmis
2964 2646 3247 2713 accipiunt,
3290 2647 3584 2701 reddantur

2016 2731 2081 2786 ad
2112 2747 2349 2787 mensam
2386 2734 2608 2803 primam
2655 2733 2880 2788 fratrum
2910 2750 2974 2788 ex
3005 2750 3171 2789 more.
3199 2735 3300 2801 Qui
3340 2735 3581 2792 meditari

2017 2825 2332 2892 neglexerit,
2357 2836 2409 2879 et
2432 2842 2539 2880 non
2564 2826 2871 2892 reddiderit,
2897 2842 2994 2881 nec
3020 2828 3303 2881 manducet
3325 2843 3491 2899 usque
3514 2829 3580 2884 ad

2016 2914 2202 2968 horam
2238 2915 2540 2970 refectionis
2570 2920 2776 2971 venturi
2808 2918 2930 2971 diei.

2087 3006 2246 3060 XVII.
2279 3006 2417 3061 Nulli
2454 3008 2611 3061 liceat
2634 3023 2793 3077 supra
2823 3018 3071 3063 statutam
3112 3009 3577 3075 consuetudinem,

2013 3098 2125 3153 sive
2156 3098 2208 3151 in
2258 3108 2404 3168 potu,
2437 3100 2553 3155 sive
2599 3103 2651 3154 in
2696 3103 2815 3154 cibo
2864 3116 3205 3168 praesumere,
3254 3105 3353 3157 nisi
3387 3105 3578 3173 prioris

343 3203 610 3273 sapienter
640 3202 911 3271 psallatur.
954 3201 1067 3256 Tali
1098 3203 1238 3267 enim
1268 3204 1649 3258 consuetudine
1672 3204 1780 3272 jam
1826 3205 1905 3258 in-
1933 3181 1983 3247 Ο
2018 3190 2304 3256 permissu:
2329 3191 2412 3244 cui
2444 3191 2720 3245 ordinandi
2743 3203 2798 3246 et
2825 3193 3194 3249 considerandi
3215 3193 3576 3253 facultasest;

340 3293 492 3346 lecta
522 3302 725 3345 mentes
752 3299 806 3345 et
836 3290 1007 3352 fauces
1030 3291 1324 3358 aliquorum
1352 3292 1594 3358 fratrum,
1621 3293 1685 3347 ad
1712 3308 1905 3348 conso-

340 3384 575 3438 nantiam
616 3383 749 3439 intra
778 3384 1065 3439 oratorium
1096 3383 1196 3437 nisi
1226 3399 1344 3437 cum
1375 3400 1564 3455 magno
1593 3388 1907 3441 commotio-

339 3476 424 3529 nis
454 3473 605 3527 freno
647 3486 751 3526 non
782 3482 983 3541 queunt
1012 3472 1247 3528 retineri.
1300 3473 1368 3529 Ut
1397 3490 1524 3545 ergo
1556 3475 1655 3530 hoc
1687 3492 1909 3546 usurpa-

339 3566 499 3622 tionis
526 3565 707 3619 vitium
729 3565 988 3634 abjiciatis
1016 3580 1045 3619 a
1072 3566 1241 3631 vobis,
1270 3567 1544 3623 charitatis
1571 3568 1908 3636 simplicitate

339 3657 611 3713 hortamur
648 3674 661 3708 :
697 3655 874 3710 talium
904 3655 1044 3711 enim
1073 3656 1212 3711 Deus
1233 3658 1466 3712 omnium
1496 3659 1768 3714 exauditur
1795 3671 1903 3715 est:

338 3747 459 3819 Ipse
492 3746 627 3800 misit
654 3746 887 3816 angelum
925 3762 1105 3811 suum,
1136 3756 1181 3801 et
1212 3749 1325 3801 tulit
1356 3765 1432 3802 me
1459 3749 1523 3803 de
1551 3750 1720 3805 avibus
1747 3753 1907 3821 patris

339 3839 436 3893 luci
461 3836 631 3909 (l’sal.
662 3852 764 3902 cu,
788 3839 939 3907 juxta
967 3835 1160 3907 LXX).

409 3929 548 3984 Xlll.
596 3928 652 3982 In
691 3927 819 3981 hora
854 3943 959 3997 qua
990 3939 1230 3983 sanctum
1274 3944 1465 3998 corpus
1505 3939 1561 3986 et
1593 3933 1903 4003 sanguinem

340 4022 551 4080 Domini
582 4021 1017 4075 communicaturi
1046 4035 1249 4087 sumus,
1282 4033 1572 4092 prtesentes
1602 4039 1722 4079 esse
1753 4028 1903 4081 festi-

340 4128 527 4167 nemus
572 4113 637 4165 ad
681 4110 958 4165 dicendum
1004 4111 1230 4166 :Libera
1275 4129 1367 4167 nos
1411 4131 1442 4167 α
1486 4118 1669 4171 malo:
1711 4127 1903 4185 praeter

338 4219 470 4275 quos
496 4220 573 4258 cet
590 4212 639 4256 ta
667 4219 844 4267 causa,
872 4219 990 4257 cum
1020 4204 1202 4257 notitia
1232 4207 1476 4271 senioris,
1504 4223 1609 4262 non
1635 4209 1757 4263 sinit
1783 4225 1903 4266 esse

338 4307 647 4365 praesentes.
688 4296 840 4350 Omni
892 4296 1050 4351 modo
1093 4299 1380 4352 cavendum
1424 4310 1506 4353 est
1551 4316 1617 4355 ne
1660 4314 1899 4359 sanctum

337 4401 527 4454 corpus
552 4396 605 4439 et
630 4390 935 4455 sanguinein
978 4388 1191 4458 indigne
1224 4390 1291 4442 ad
1315 4389 1574 4457 judicium
1603 4409 1895 4450 sumamus.

410 4475 544 4528 XIV.
595 4475 775 4529 Nullus
824 4486 1107 4544 praesumat
1145 4486 1478 4545 reSponsoria
1521 4484 1601 4536 vel
1649 4485 1896 4552 antiphn-

2011 3283 2079 3337 ita
2132 3293 2189 3337 ut
2225 3284 2271 3336 si
2300 3285 2446 3354 gravi
2498 3286 2809 3352 operatione
2851 3285 3078 3355 fatigatis
3123 3286 3372 3340 fratribus
3414 3301 3575 3355 supra

2010 3377 2448 3431 consuetudinem
2479 3386 2691 3444 oportet
2713 3377 2999 3446 quidquam
3029 3376 3267 3447 adjungi,
3306 3385 3573 3431 annuente

2008 3477 2061 3521 et
2089 3469 2427 3537 permittente
2459 3469 2653 3534 priore,
2694 3479 2747 3523 et
2776 3483 2879 3523 non
2916 3469 3153 3539 quolibet
3195 3480 3573 3538 prmsumente,

2011 3557 2111 3613 huc
2139 3559 2306 3625 ipsum
2338 3559 2449 3612 fieri
2481 3559 2657 3613 liceat.

2083 3648 2263 3703 XVIII.
2300 3648 2615 3705 Relicientes
2665 3663 2783 3704 cum
2830 3650 3116 3719 gratiarum
3159 3650 3366 3704 actione
3411 3659 3467 3704 et
3502 3650 3573 3704 ti-

2008 3756 2157 3795 more
2188 3741 2280 3795 Dei
2309 3742 2562 3796 lectiones
2588 3742 2885 3795 audiamus.
2916 3742 3031 3795 Non
3058 3756 3178 3795 cum
3208 3742 3570 3806 contentione,

2005 3842 2061 3887 et
2091 3837 2527 3897 nmrmuratione,
2557 3845 2610 3889 et
2638 3835 3028 3904 indignatione,
3067 3846 3123 3891 et
3144 3835 3397 3890 clamosis
3426 3836 3568 3891 voci-

2007 3931 2123 3995 bus,
2168 3941 2221 3986 et
2256 3931 2477 3999 strepitu
2507 3930 2721 4000 pedum,
2773 3944 2825 3984 et
2868 3944 3005 3985 sono
3054 3945 3321 3995 vasorum,
3370 3931 3568 3984 donum

2007 4021 2121 4084 Dei,
2168 4023 2259 4076 sed
2290 4037 2409 4077 cum
2438 4025 2693 4076 cna-ritate
2737 4036 2788 4077 et
2817 4022 3014 4091 quiete,
3045 4032 3098 4077 et
3125 4023 3438 4078 dulcissimo
3479 4022 3569 4077 di-

2006 4110 2244 4180 sciplina:
2294 4110 2444 4165 freno
2494 4126 2767 4166 sumamus
2802 4131 2819 4166 :
2862 4124 3155 4169 metuentes
3206 4114 3566 4170 lsraelitarum

2003 4205 2243 4272 exempla
2273 4204 2561 4257 carnalium
2595 4203 2783 4274 (Num.
2832 4216 2931 4269 xv,
2963 4206 3157 4274 quibus
3188 4208 3566 4261 manducanti-

2004 4296 2101 4349 bus
2121 4297 2184 4349 ad
2206 4298 2537 4351 saturitatem
2577 4299 2884 4367 angelorum
2916 4314 3103 4366 panem
3136 4297 3304 4370 (Psal.
3345 4299 3568 4368 Luvtt),

2003 4399 2055 4442 et
2097 4390 2428 4443 coturnicum
2456 4403 2648 4443 carnes
2701 4403 2867 4458 usque
2917 4389 2979 4442 ad
3033 4404 3305 4453 nauseam,
3354 4403 3447 4443 ore
3487 4405 3569 4443 re-

2003 4481 2145 4548 pleto
2172 4481 2625 4536 murmurantibus
2654 4482 2731 4535 ira
2765 4481 2859 4536 Dei
2895 4481 2961 4534 ad
2988 4481 3448 4537 exterminandum
3477 4481 3568 4536 di-

338 4582 452 4629 nas,
478 4582 595 4637 qua:
616 4572 789 4621 solent
808 4566 968 4635 aliqui
987 4569 1279 4635 composito
1300 4584 1449 4629 sono.
1481 4587 1577 4640 pro
1602 4588 1698 4628 suo
1721 4575 1893 4644 libitu,
1926 4556 1980 4617 D
2008 4577 2211 4648 rigitur.

337 4671 389 4714 et
417 4676 519 4713 non
555 4675 619 4713 ex
658 4661 911 4713 canonica
960 4659 1229 4728 Scriptura
1278 4675 1548 4731 assumpta
1596 4679 1810 4731 canere,
1845 4668 1899 4723 in

336 4754 745 4821 congregatione
796 4756 893 4803 ista
936 4750 1019 4803 vel
1050 4752 1288 4805 meditari
1327 4754 1410 4806 vel
1451 4755 1650 4810 dicere.
1693 4757 1799 4812 Nec
1832 4759 1900 4813 ab

334 4844 654 4896 adveniente
686 4841 894 4908 hospite
948 4841 1064 4896 sine
1107 4842 1255 4911 jussu
1285 4845 1478 4912 prioris
1506 4848 1791 4917 quidquam
1817 4859 1901 4903 ta-

337 4936 461 4986 liutn
489 4949 663 4988 rerum
695 4933 884 5001 aliquis
933 4935 1125 4989 audeat
1167 4938 1404 4991 meditari
1445 4955 1557 4995 :ne
1607 4945 1897 5012 peregrinis

335 5025 649 5081 varietalum
679 5027 956 5092 doctrinis,
1002 5038 1053 5082 et
1092 5030 1481 5097 quodammodo
1522 5033 1898 5092 delirantento-

339 5133 454 5170 rum
506 5116 854 5170 suavitatibus
907 5119 1116 5183 irretiti,
1168 5120 1526 5189 simplicitatis
1560 5137 1613 5179 et
1662 5128 1897 5183 veritatis

336 5210 691 5263 maturitatem
738 5209 1031 5273 fastidiant;
1063 5221 1113 5264 et
1145 5225 1241 5278 per
1262 5213 1539 5268 cantilena:
1576 5230 1736 5271 sonos
1766 5218 1891 5272 levi-

345 5304 468 5356 tatis
496 5310 550 5355 et
579 5301 860 5354 otiositatis
885 5301 1231 5370 compedibus
1253 5303 1454 5373 illigati,
1480 5315 1572 5360 aut
1595 5310 1659 5361 de
1676 5324 1898 5379 congre-

341 5394 555 5464 gatione
577 5394 787 5446 avolare
816 5391 1029 5445 diabolo
1054 5395 1308 5449 suadente
1330 5394 1608 5463 festinent;
1638 5411 1729 5453 aut
1756 5400 1895 5457 intra

341 5483 720 5541 monasterium
753 5480 919 5535 inflati
956 5483 1105 5551 quasi
1146 5485 1395 5552 singulari
1422 5487 1638 5543 scientia
1679 5504 1897 5551 cunctos

337 5576 650 5645 despiciant.
702 5577 923 5641 Oportet
950 5585 1128 5627 autem
1174 5591 1271 5630 nos
1303 5593 1459 5631 unam
1507 5591 1564 5635 et
1600 5583 1893 5651 simplicem

335 5666 677 5732 apostolicam
709 5673 763 5717 et
791 5674 995 5725 patrum
1021 5673 1320 5719 nostrorum
1353 5668 1542 5724 imitari
1571 5672 1887 5745 doctrinam,

336 5770 389 5822 et
409 5757 577 5825 gratia
608 5753 864 5823 statiiliti,
887 5766 976 5808 cor
1007 5768 1286 5826 moresque
1317 5758 1542 5821 subdere
1572 5764 1882 5843 disciplin,“

2080 4668 2219 4724 XIX.
2249 4667 2389 4723 Nulli
2435 4668 2662 4724 fratrum
2698 4670 2856 4725 liceat
2902 4669 2984 4723 vel
3015 4682 3256 4738 pomum,
3298 4666 3383 4721 vel
3409 4665 3568 4736 quod-

2006 4774 2213 4828 cunque
2240 4764 2442 4814 olerum
2490 4761 2554 4814 ad
2599 4761 3023 4823 condimentum,
3057 4759 3140 4812 vel
3170 4757 3314 4811 aliud
3344 4757 3566 4825 aliquid,

2002 4853 2067 4906 ad
2101 4867 2227 4907 usus
2256 4867 2380 4906 suos
2410 4853 2562 4923 quasi
2591 4850 2841 4923 peculiari
2869 4861 3121 4919 apparatu
3150 4851 3200 4903 in
3232 4863 3467 4903 mensam
3502 4848 3566 4901 ad

2004 4944 2425 4998 manducandum
2479 4944 2690 4998 deferre
2735 4962 2747 4995 :
2808 4956 2875 4997 ne
2932 4940 3242 5010 parvissima
3287 4940 3568 4994 occasione

2001 5045 2093 5087 aut
2165 5050 2355 5089 rancor
2408 5035 2548 5090 inter
2604 5035 2796 5089 fratres
2857 5034 2924 5087 de
2982 5033 3228 5101 injustitia
3289 5041 3380 5085 aut
3440 5032 3567 5085 lior-

2001 5125 2196 5180 rendus
2270 5129 2445 5180 aditus
2532 5125 2813 5195 peculiaris
2859 5126 3127 5195 aperiatur
3198 5122 3407 5183 studii:
3472 5121 3563 5177 sed

2000 5235 2325 5289 quaecunque
2360 5221 2543 5273 ltarutn
2577 5235 2753 5272 rerum
2784 5220 3014 5273 donante
3037 5217 3145 5273 Deo
3173 5231 3201 5269 a
3231 5216 3467 5286 quolibet
3488 5215 3571 5268 itt-

2003 5323 2157 5364 venta
2187 5311 2405 5375 fuerint,
2438 5310 2653 5365 cellario
2683 5309 2907 5365 fideliter
2930 5308 3330 5371 contradantur,
3365 5315 3421 5358 ut
3451 5307 3563 5374 ipso

2005 5401 2376 5468 distribuenie,
2409 5401 2490 5454 vel
2522 5416 2616 5469 per
2643 5415 2854 5455 menses
2879 5400 3139 5470 singulos,
3167 5398 3247 5453 vel
3278 5405 3434 5468 prout
3453 5397 3563 5452 cui-

2002 5507 2103 5561 que
2129 5509 2257 5560 opus
2292 5491 2467 5556 fuerit,
2496 5489 2881 5545 ministrentur.

2070 5582 2186 5636 XX.
2219 5580 2404 5636 Nullus
2427 5597 2750 5649 pra-sumere
2777 5582 2967 5635 audeat
2992 5581 3060 5635 de
3086 5595 3146 5634 ea
3172 5594 3354 5634 mensa
3382 5580 3432 5632 in
3457 5594 3559 5645 qua

1998 5676 2277 5728 comedere
2301 5674 2530 5740 scriptus
2554 5684 2657 5738 est,
2691 5674 2918 5728 transire
2944 5674 3009 5727 ad
3045 5675 3234 5735 aliam;
3267 5686 3363 5725 nec
3405 5671 3558 5723 liceat

1995 5767 2240 5839 cuiquam
2270 5767 2492 5826 alterum
2526 5766 2588 5823 ad
2623 5781 2681 5823 se
2708 5767 2774 5824 de
2804 5768 2902 5826 alia
2934 5782 3115 5824 mensa
3164 5767 3458 5825 venientem
3489 5770 3557 5825 ad
