4034 6166
445 299 547 353 9³⁵5

485 340 489 348 ,

1384 287 1716 347 APPENDIX
1756 289 1845 344 AD
1883 286 2106 342 OPERA
2148 288 2204 344 S.
2250 289 2309 343 P.
2353 287 2729 346 BENEDICTI.

3586 285 3691 339 956

445 413 870 467 manducandum
901 410 1172 475 suscipere
1195 425 1210 462 :
1233 405 1327 460 sed
1358 404 1717 472 unusquisque
1750 400 1800 455 iu
1829 413 2011 469 mensa
2045 407 2093 458 Α
2120 397 2186 452 de
2211 400 2480 454 communi
2508 400 2786 468 quisquam
2819 400 3107 465 acceperit.
3132 398 3234 452 nisi
3263 399 3521 467 permissu
3546 417 3695 469 prio-

445 511 695 571 tlepntata
720 502 996 567 comedat;
1021 501 1090 555 ita
1113 509 1170 553 ut
1189 499 1235 555 si
1255 500 1308 553 in
1339 511 1517 552 mensa
1546 494 1717 565 major
1746 507 1867 564 pars
1902 492 2012 544 Ira-

447 608 584 652 tium
611 598 802 650 absens
827 593 1006 658 fuerit,
1040 590 1242 646 residui
1275 603 1440 657 usque
1465 587 1531 641 ad
1564 596 1672 641 tres
1706 586 1757 638 in
1791 597 2012 637 numero

445 695 511 743 ad
543 705 691 743 suam
722 688 959 741 sedeam.
991 684 1129 738 Infra
1155 692 1330 737 autem
1362 684 1500 736 hunc
1527 695 1805 734 numerum
1836 693 2011 733 rema-

449 794 632 832 uenies
663 779 715 831 in
744 776 846 831 alia
889 789 1071 831 mensa
1110 774 1409 838 comedam,
1438 769 1726 826 secundum
1768 771 2012 825 ordinem

447 872 779 937 deputatum.

522 962 659 1017 XXI.
682 961 815 1015 Nulli
843 960 998 1015 liccat
1019 960 1390 1027 pincernarum
1414 957 1634 1011 calicem
1660 956 1738 1009 sic
1768 952 2011 1018 implere,

451 1066 510 1108 ut
541 1052 961 1108 transfundatur.
985 1050 1091 1105 Sed
1119 1065 1215 1104 nec
1240 1050 1483 1117 cuiquam
1517 1047 1691 1113 liceat,
1723 1056 1781 1099 ut
1806 1046 1847 1098 si
1876 1045 1924 1099 ei
1947 1045 2015 1096 ab

453 1145 709 1199 infrunito
742 1145 985 1197 ministro
1025 1140 1399 1195 transfundens
1427 1138 1636 1191 oblatus
1666 1135 1847 1199 fuerit,
1876 1133 2017 1188 acci-

452 1251 617 1303 pere:
646 1235 738 1290 sed
768 1248 890 1289 cum
922 1232 1287 1287 moderatione
1317 1230 1538 1297 implere
1571 1228 1750 1292 debet,
1780 1237 1831 1282 et
1864 1240 2017 1280 cistu-

454 1335 732 1397 peteuzer:
762 1325 971 1378 dicente
995 1323 1282 1388 Apostolo:
1315 1320 1498 1373 Onmia
1540 1329 1700 1372 vestra
1725 1317 1931 1370 honeste
1969 1325 2018 1368 et

449 1417 727 1472 secundum
748 1416 975 1470 ordinem
1009 1415 1134 1483 ﬁant
1161 1411 1211 1484 (I
1234 1413 1351 1467 Cor.
1382 1411 1516 1481 ιιιν).

528 1506 687 1562 XXII.
725 1507 778 1561 lit
813 1505 1058 1561 omnibus
1092 1504 1364 1572 obsequiis
1384 1512 1437 1557 et
1468 1499 1797 1567 ministeriis,
1822 1498 1873 1553 in
1900 1498 2018 1568 qui-

450 1593 548 1649 bus
567 1595 754 1649 fratres
772 1594 1008 1661 iuniores
1033 1593 1136 1648 sibi
1156 1593 1385 1647 vicissim
1405 1592 1717 1654 succedunt,
1732 1587 2016 1658 unusquis-

451 1700 555 1754 que
584 1686 717 1738 bona
738 1686 1005 1738 voluntate
1022 1697 1317 1753 susceptain
1346 1681 1732 1739 hebdomadam
1754 1680 1884 1735 vicis
1905 1695 2017 1735 sum

460 1778 511 1830 iu
560 1777 798 1846 quolibet
843 1776 1138 1830 ministerio
1184 1775 1420 1829 hilariter
1463 1773 1663 1842 absque
1715 1786 2017 1827 murmura-

455 1871 599 1925 tione
623 1885 742 1924 cum
783 1870 949 1940 gratia
986 1868 1077 1922 Dei
1122 1868 1361 1935 impleat.
1395 1866 1547 1932 Quod
1576 1867 1621 1921 si
1651 1868 1721 1919 ita
1744 1864 2018 1931 contingat

456 1974 513 2015 ut
539 1962 585 2016 is
612 1961 700 2029 qui
726 1962 961 2029 suscepit
985 1959 1260 2031 quodlibet
1289 1959 1625 2027 obsequium,
1658 1959 1710 2012 in
1738 1958 1843 2012 alia
1873 1955 2018 2011 utili-

453 2060 585 2118 tate,
611 2052 691 2107 vel
722 2052 933 2115 itinere,
973 2060 1064 2106 aut
1094 2050 1409 2106 necessitate
1438 2049 1757 2104 infirmitatis
1786 2061 2017 2116 occupe-

455 2154 574 2210 tur,
605 2145 773 2199 vicem
803 2144 922 2214 ejus
969 2143 1061 2214 qui
1106 2143 1308 2198 inloco
1337 2150 1455 2211 post
1505 2141 1678 2209 ipsum
1728 2140 1780 2195 iu
1829 2139 2019 2194 ordine

453 2251 583 2290 esse
606 2237 812 2291 videtur
844 2235 1147 2303 adimpleat,
1191 2244 1246 2290 et
1271 2234 1315 2290 si
1366 2234 1613 2299 defuerit,
1659 2234 1865 2298 tertius,
1907 2232 2020 2288 sive

452 2337 672 2397 quartus
693 2336 749 2381 et
774 2328 991 2393 quimus
1010 2326 1165 2381 abeo
1195 2340 1430 2395 praesens
1459 2335 1513 2380 et
1554 2339 1748 2379 vacans
1777 2324 2021 2379 inventus

456 2419 635 2483 fuerit,
664 2418 780 2487 ejus
798 2418 1111 2486 obsequium
1135 2423 1480 2485 reprzesentet
1501 2432 1515 2468 :
1535 2423 1592 2469 ut
1619 2415 1751 2468 ordo
1782 2415 2021 2469 ministe-

454 2513 520 2567 rii
550 2512 863 2581 dispositus,
894 2511 1033 2579 quotI
1072 2510 1355 2565 cbaritatis
1397 2520 1451 2563 et
1498 2506 1791 2564 devotionis
1836 2521 2021 2563 amore

452 2601 736 2657 exhibetur
762 2613 968 2668 mutuo,
997 2612 1343 2657 conservatus
1370 2602 1517 2656 nullo
1554 2600 1714 2656 modo
1741 2615 1820 2671 pet
1837 2601 2020 2656 turbe-

455 2703 559 2750 ιιπ.

530 2786 714 2844 XXIII.
741 2788 795 2844 Si
823 2789 877 2842 in
907 2787 1025 2856 ipso
1048 2787 1320 2858 juniorum
1348 2787 1557 2852 ordine,
1581 2787 1670 2858 qui
1697 2786 1798 2841 sibi
1830 2786 1882 2841 in
1920 2787 2018 2842 mi.

458 2880 692 2935 uisteriis
733 2881 959 2950 singulis
1004 2896 1097 2950 per
1125 2883 1268 2936 vices
1297 2879 1611 2943 succedunt,
1644 2879 1769 2934 talis
1796 2879 2019 2934 forsitan

460 2984 682 3039 persona
710 2969 762 3024 in
793 2970 984 3025 ordine
1012 2971 1319 3032 misceatur,
1344 2970 1433 3040 qui
1454 2969 1653 3038 judicio
1679 2967 1906 3024 senioris
1931 2968 2025 3024 dc-

461 3066 634 3119 beata
663 3064 778 3119 vice
809 3063 1089 3119 ministerii
1118 3064 1400 3128 removeri,
1440 3063 1617 3116 nullus
1665 3076 1785 3116 eum
1829 3062 2023 3116 audeat

2119 490 2211 552 ris,
2239 506 2357 544 cum
2385 492 2490 544 alio
2510 490 2695 554 fratre,
2726 490 2878 556 quasi
2908 490 3163 559 peculiari
3190 505 3375 544 amore
3403 499 3647 544 mutuare
3672 506 3694 543 :

2118 596 2183 634 ne
2215 580 2314 636 hac
2340 581 2624 636 occasione
2649 593 2896 635 nascatur
2933 596 3082 636 amor
3111 581 3346 635 illicitos.
3383 580 3489 635 Sed
3523 596 3694 635 unus-

2116 673 2362 740 quisque,
2392 672 2532 741 quod
2564 673 2614 727 ei
2642 673 2915 727 charitatis
2946 672 3322 728 distributione
3359 673 3533 738 datur,
3587 673 3695 730 hoc

2118 763 2291 817 libens
2344 774 2397 819 et
2427 766 2563 819 bona
2615 767 2885 821 voluntate
2926 766 3175 837 accipiat,
3229 776 3285 821 et
3325 766 3392 820 ad
3434 767 3693 821 utendum

2116 854 2407 909 delectetur
2436 858 2655 911 habere.
3164 904 3169 910 .

2192 942 2425 998 XXVIII.
2489 946 2812 1001 Vestimenta
2891 947 2972 1001 vel
3035 948 3279 1003 Iectualia
3349 948 3523 1003 nullus
3586 947 3693 1003 sibi

2118 1032 2292 1088 lavare
2324 1035 2539 1099 audeat,
2577 1036 2778 1107 absque
2803 1038 3050 1093 oratione
3075 1051 3126 1095 et
3171 1041 3437 1109 permissu
3475 1040 3691 1109 prioris.

2191 1124 2385 1181 XXIX.
2415 1126 2601 1182 Nullus
2627 1128 2853 1183 fratrum
2883 1130 3077 1185 audeat
3123 1134 3386 1187 tonsurari
3412 1133 3529 1188 sine
3558 1148 3688 1187 ora-

2121 1219 2263 1274 tione
2283 1220 2515 1287 abbatis;
2546 1236 2645 1277 nec
2672 1222 2773 1276 alia
2807 1232 3023 1278 tonsura
3052 1223 3358 1295 quisquam,
3404 1225 3506 1280 nisi
3532 1226 3695 1281 nobis

2120 1311 2294 1377 solita,
2357 1315 2619 1368 tonsurari
2665 1314 2879 1371 affectet
2918 1333 2932 1370 :
2966 1319 3204 1387 exceptis
3255 1318 3503 1384 infirmis,
3552 1334 3695 1387 quos

2119 1403 2354 1457 dictante
2384 1405 2592 1459 medico
2617 1422 2711 1475 pro
2741 1406 2964 1463 humore
3000 1409 3277 1464 contrario
3306 1412 3543 1479 pressius
3583 1410 3696 1466 for-

2119 1495 2257 1547 sitan
2286 1495 2501 1560 expedit
2525 1498 2813 1552 tonsurari.

2188 1584 2357 1640 XXX.
2399 1586 2457 1642 Si
2512 1588 2632 1656 quis
2682 1589 2976 1660 invenerit,
3028 1589 3381 1662 quodcunque
3408 1592 3536 1648 illud
3577 1602 3694 1662 est,

2126 1677 2267 1745 quod
2288 1678 2423 1731 alter
2443 1678 2605 1732 frater
2626 1679 2873 1749 perdidit,
2901 1683 2985 1737 vel
3006 1681 3145 1738 intra
3173 1684 3391 1750 cellam,
3425 1686 3507 1738 vel
3532 1684 3689 1749 foris,

2046 1770 2094 1833 Β
2120 1783 2224 1822 non
2253 1770 2390 1839 apud
2417 1785 2477 1825 se
2505 1786 2611 1826 uno
2640 1772 2750 1837 die,
2786 1773 2894 1839 vel,
2925 1774 2968 1828 si
3007 1775 3260 1839 possibile
3282 1785 3384 1842 est,
3430 1792 3531 1833 una
3564 1777 3698 1834 hora

2121 1859 2389 1917 retineat:
2419 1861 2513 1917 sed
2545 1864 2596 1917 in
2624 1863 2739 1918 loco
2757 1864 3008 1933 deputato
3037 1866 3174 1934 quod
3209 1867 3474 1922 invenerit
3499 1878 3700 1938 ponat;

2120 1960 2175 2005 et
2204 1951 2295 2019 qui
2326 1951 2555 2020 perdidit
2582 1952 2636 2007 in
2680 1968 2746 2009 eo
2794 1954 2911 2010 loco
2936 1958 3205 2025 requirat:
3233 1967 3291 2010 ut
3324 1974 3426 2012 non
3468 1959 3700 2027 patiatur

2122 2054 2361 2096 errorem
2411 2050 2467 2097 et
2502 2042 2739 2099 laborem
2781 2045 2869 2115 qui
2897 2046 3125 2116 perdidit
3153 2047 3422 2118 qua-reudi
3450 2064 3549 2119 per
3587 2052 3692 2105 sino

2119 2130 2292 2200 gulos.

2191 2224 2381 2280 XXXI.
2400 2225 2537 2282 Nulli
2560 2227 2717 2283 liceat
2736 2230 2802 2285 ad
2824 2229 3136 2286 discendam
3163 2232 3585 2304 qualemcunque
3603 2250 3698 2290 ar-

2122 2325 2227 2371 tem
2278 2316 2483 2384 absque
2527 2321 2770 2376 oratione
2815 2323 3068 2389 senioris,
3096 2326 3182 2379 vel
3224 2327 3309 2380 cui
3339 2326 3406 2380 ab
3442 2341 3512 2381 eo
3552 2327 3698 2382 ordi-

2123 2408 2284 2464 nandi
2309 2419 2365 2465 et
2395 2410 2715 2481 disponendi
2742 2427 2998 2469 concessa
3027 2423 3112 2469 est
3141 2425 3394 2484 potestas,
3425 2430 3527 2470 suo
3561 2432 3699 2475 ausu

2124 2517 2483 2573 praesumere;
2515 2504 2617 2560 nisi
2649 2506 2702 2561 hi
2752 2515 2957 2562 tantum
2990 2507 3081 2577 qui
3126 2509 3178 2562 in
3224 2507 3445 2578 singulis
3489 2509 3697 2566 artibus

2124 2596 2319 2667 prioris
2337 2596 2541 2668 judicio
2569 2612 2671 2653 suo
2706 2598 2895 2653 ordine
2941 2613 3062 2653 cum
3108 2601 3372 2655 orationis
3401 2602 3568 2670 gratia
3599 2603 3698 2657 de-

2125 2696 2398 2756 putantur.
2444 2687 2553 2743 Sed
2602 2703 2774 2759 neque
2817 2688 2883 2743 ad
2939 2689 3273 2751 meditandas
3330 2690 3553 2755 litteras,
3606 2692 3698 2746 vel

2127 2777 2383 2847 psalmos,
2431 2786 2522 2831 aut
2570 2777 2825 2834 lectiones
2852 2777 3131 2848 quisquam
3163 2794 3228 2834 ex
3275 2794 3369 2834 sua
3417 2779 3568 2851 quasi
3601 2794 3699 2848 po-

2126 2876 2319 2923 testate
2349 2877 2666 2938 prazsumat;
2698 2876 2752 2923 et
2779 2869 3119 2937 praebendum
3162 2869 3387 2938 Spiritali
3419 2870 3559 2924 bono
3602 2884 3699 2924 su-

2125 2960 2322 3033 perbia:
2352 2962 2574 3027 malum,
2615 2972 2669 3015 et
2698 2960 2969 3016 dissoluta:
2992 2961 3277 3016 voluntatis
3305 2961 3601 3026 arbitrium,
3638 2968 3701 3017 et

2128 3053 2395 3120 peculiare
2420 3052 2653 3107 studium
2690 3062 2961 3117 oneretur.
3003 3051 3108 3106 Sed
3137 3052 3181 3107 si
3210 3052 3331 3121 quis
3364 3067 3462 3121 per
3498 3053 3699 3107 bonam

459 3172 777 3226 provocare;
811 3173 909 3211 nec
931 3156 981 3210 ei
1010 3173 1102 3226 per
1123 3156 1304 3225 jocum
1332 3155 1605 3210 stimulqu
1628 3153 1944 3222 suspicionis
1970 3162 2025 3208 et
2053 3135 2098 3199 C
2131 3144 2455 3199 voluntatem
2502 3143 2925 3214 qualemcunque
2971 3154 3138 3198 artem
3185 3155 3475 3210 terrenam,
3518 3142 3606 3197 vel
3642 3144 3700 3198 in

456 3251 782 3308 eoufusiouis
815 3253 1087 3322 impingat.

531 3344 718 3398 XXlV.
751 3342 885 3398 Nulli
915 3344 1069 3400 liceat
1119 3343 1186 3399 de
1233 3342 1452 3399 cellario
1498 3341 1805 3411 quidquam,
1839 3342 1919 3395 vel
1952 3342 2020 3394 de

460 3449 777 3504 quacunque
822 3436 1087 3489 artificum
1115 3436 1349 3499 officina,
1383 3434 1463 3487 vel
1496 3436 1895 3499 ferramentum,
1938 3433 2022 3486 vel

457 3538 828 3590 quamcunque
847 3539 979 3592 rem,
996 3539 1113 3591 quin
1140 3524 1359 3593 singulis
1376 3522 1624 3576 fratribus
1640 3523 1703 3575 ad
1721 3523 2023 3576 custodien-

455 3619 579 3667 dum
630 3615 895 3683 assignata
938 3625 1039 3677 est,
1095 3630 1421 3683 praesumere
1472 3630 1566 3683 pro
1611 3628 1709 3667 suo
1751 3614 2018 3667 arbitrio:

456 3707 558 3761 nisi
587 3706 722 3761 forte
749 3716 841 3760 aut
864 3717 1006 3760 tanta
1053 3720 1213 3760 causa
1253 3706 1517 3760 absentia:
1552 3716 1643 3760 aut
1699 3704 2020 3760 inﬁrmitatis

453 3801 595 3865 eius,
642 3798 726 3853 cui
774 3799 1007 3868 qualibet
1050 3810 1200 3869 parte
1240 3812 1367 3852 cura
1416 3800 1701 3853 commissa
1741 3806 1843 3863 est,
1870 3811 2023 3851 coar-

450 3894 803 3956 ctaverit,.ut,
830 3892 1047 3959 jubente
1074 3890 1288 3958 abbate,
1313 3900 1404 3944 aut
1442 3900 1588 3945 certe
1633 3889 1749 3957 ipso
1797 3888 2018 3958 permit-

455 3993 621 4047 tente,
651 3983 735 4036 cui
762 3983 1082 4053 assignatum
1115 3992 1216 4045 est,
1248 3982 1314 4035 ab
1346 3981 1451 4035 alio
1477 3981 1833 4051 contingatur.

529 4072 689 4127 XXV.
725 4072 790 4126 Hi
815 4087 1049 4142 quoque,
1079 4072 1269 4140 quibus
1312 4071 1365 4125 in
1393 4071 1614 4141 singulis
1642 4071 1802 4126 rebus
1828 4079 2016 4127 custo-

452 4166 537 4219 dia
574 4167 855 4219 commissa
878 4175 979 4228 est,
1007 4164 1340 4219 convenienti
1367 4163 1648 4219 devotione
1670 4173 1726 4220 et
1761 4163 2015 4219 charissi-

448 4273 533 4310 tua
566 4255 885 4320 humilitate,
916 4270 1035 4324 qua:
1083 4256 1378 4309 necessaria
1424 4264 1566 4319 sunt,
1602 4255 1719 4309 sine
1758 4268 1910 4308 mora
1963 4261 2022 4306 ct

448 4345 665 4399 fastidio
690 4344 909 4415 iubente
937 4346 1148 4400 seniore
1188 4346 1523 4399 ministrent:
1552 4359 1650 4400 nec
1688 4359 1783 4413 per
1820 4358 2015 4412 super-

447 4438 581 4491 baiu.
603 4437 928 4492 inflationem
952 4435 1273 4503 vdiﬂ’erendo,
1304 4438 1611 4492 occasiones
1640 4435 1836 4489 faciant
1862 4451 2007 4505 que-

2127 3234 2456 3304 spiritalibus
2510 3235 2671 3291 rebus
2700 3251 2861 3305 super
2910 3235 2962 3291 id
3006 3235 3147 3306 quod
3189 3251 3218 3289 a
3261 3237 3415 3291 nobis
3458 3236 3703 3307 quotidie

2126 3326 2368 3392 traditur,
2396 3326 2606 3382 discere
2642 3327 2990 3395 concupiscit,
3033 3327 3352 3382 charissima
3400 3327 3702 3383 humilitate

2123 3418 2223 3471 sibi
2254 3417 2657 3473 concedendum
2701 3434 2729 3471 a
2760 3420 2936 3488 priore
2964 3429 3262 3489 exspectet.
3314 3421 3378 3474 Et
3419 3422 3463 3473 si
3496 3421 3544 3475 ei
3574 3435 3678 3475 con

2122 3523 2331 3562 cessum
2363 3509 2544 3573 fuerit,
2572 3518 2787 3578 accepta
2814 3509 3053 3564 oratione
3081 3511 3159 3565 sic
3187 3510 3331 3580 quod
3374 3512 3517 3577 cupit
3562 3512 3699 3564 inci-

2123 3601 2250 3670 piat.
2295 3600 2391 3655 Cui
2443 3601 2545 3655 etsi
2593 3601 2914 3671 denegatum
2947 3601 3124 3667 fuerit,
3149 3603 3276 3672 quia
3323 3601 3458 3656 forte
3492 3603 3539 3656 ei
3587 3618 3694 3656 non

2123 3690 2359 3759 expedit,
2388 3690 2649 3759 gaudens,
2672 3703 2725 3745 et
2748 3706 2853 3746 non
2900 3692 3068 3746 tristis
3098 3703 3426 3761 permaneat.
3457 3693 3562 3747 Sed
3595 3707 3697 3747 nec

2123 3783 2366 3849 cuiquam
2394 3781 2549 3835 liceat
2576 3782 2777 3850 absque
2808 3781 3002 3851 prioris
3039 3786 3224 3838 notitia
3256 3784 3567 3853 etjussione
3601 3785 3697 3839 alii

2124 3870 2327 3925 litteras
2352 3874 2434 3925 vel
2459 3871 2805 3941 qualemlibet
2832 3882 3001 3928 artem
3031 3875 3241 3930 occulte
3262 3883 3317 3929 et
3339 3876 3489 3945 quasi
3513 3875 3695 3928 furtim

2122 3961 2428 4018 ostendere.
2479 3962 2632 4031 Quod
2688 3964 2734 4019 si
2785 3966 2905 4035 quis
2972 3966 3411 4035 praesumpserit,
3467 3967 3698 4036 geminae

2122 4054 2312 4123 culpae,
2346 4054 2447 4109 hoc
2478 4065 2583 4122 est,
2613 4065 2667 4110 et
2693 4055 2819 4110 furti
2847 4065 2904 4112 et
2929 4056 3197 4127 superbire
3222 4058 3336 4111 siue
3373 4057 3536 4111 dubio
3577 4058 3700 4111 sub-

2117 4143 2335 4215 jacebit.

2196 4235 2411 4292 XXXII.
2440 4238 2758 4309 Maguopere
2782 4249 2960 4296 autem
2998 4240 3065 4296 ab
3100 4242 3351 4297 omnibus
3387 4251 3469 4296 est
3508 4255 3699 4297 caven-

2122 4326 2247 4382 dum
2292 4343 2360 4384 ne
2379 4338 2470 4384 aut
2498 4331 2549 4383 in
2580 4332 2830 4399 pistrino,
2857 4342 2947 4386 aut
2998 4332 3051 4388 in
3091 4347 3407 4403 quacunque
3442 4348 3698 4387 manuum

2123 4422 2451 4489 operatione,
2479 4420 2673 4491 aliquis
2697 4421 2918 4479 fratrum
2943 4424 3089 4494 pigre
3110 4435 3295 4479 etnon
3326 4426 3464 4479 inter
3487 4426 3691 4493 primos

447 4530 673 4583 relarum
693 4570 707 4593 ,
746 4544 839 4597 per
865 4543 999 4597 quas
1046 4531 1394 4583 murmuratio
1424 4538 1604 4582 contra
1633 4542 1821 4582 eorum
1870 4527 2017 4581 Iabo-
2043 4502 2097 4563 Β
2120 4521 2389 4567 "ccum"-

446 4636 556 4675 rem
585 4622 672 4691 qui
706 4622 857 4675 nobis
884 4621 935 4674 in
957 4619 1238 4690 assignatis
1253 4619 1687 4675 rebusicharitate
1698 4618 2014 4673 deserviunt

446 4729 550 4768 non
578 4714 739 4768 debet
766 4714 1009 4770 excitari.

525 4805 709 4859 XXVI.
762 4805 900 4859 Nulli
939 4805 1094 4859 liceat
1122 4813 1226 4858 tam
1256 4805 1308 4859 in
1338 4804 1556 4859 cellario
1587 4818 1744 4873 quam
1799 4804 1854 4857 in
1907 4804 2018 4856 sin-

447 4901 585 4967 gulis
609 4901 835 4954 ofiicinis
853 4902 1115 4955 artificum
1138 4900 1375 4969 improba
1402 4912 1458 4955 et
1482 4902 1777 4969 importunus
1807 4901 2010 4968 absque

450 4991 678 5045 senioris
697 4992 850 5059 jussu
880 4992 1095 5045 audacia
1122 4992 1344 5047 introire
1371 5010 1383 5045 :
1413 4994 1532 5061 quia
1576 5003 1629 5047 et
1672 5008 2015 5048 communem

448 5081 725 5136 utilitatem
771 5083 930 5137 valde
969 5084 1187 5151 impelit
1219 5084 1332 5139 hmc
1364 5084 1727 5151 praesumptio,
1777 5094 1831 5138 et
1880 5085 2014 5153 ipsis

445 5171 736 5227 artificibus
762 5186 1040 5229 rancorem
1069 5174 1367 5228 animorum
1391 5189 1454 5228 ex
1487 5174 1753 5242 superﬂua
1802 5174 2014 5241 impor-

444 5262 673 5317 tunitate
701 5260 964 5332 impingit.

519 5350 729 5408 XXVII.
754 5353 894 5408 Nulli
924 5355 1080 5409 lict-at
1113 5355 1197 5411 vel
1228 5357 1622 5422 vestimentum,
1672 5359 1753 5411 vel
1799 5356 2005 5409 calcea-

443 5458 705 5515 mentuiu,
748 5456 842 5503 aut
884 5449 1111 5513 tabulas,
1149 5450 1233 5505 vel
1264 5450 1625 5521 cujuscunque
1672 5448 1748 5504 rei
1800 5448 2016 5514 parvis.

443 5539 726 5594 siuiaeiam
767 5555 983 5608 novum,
1011 5556 1172 5611 quam
1196 5551 1350 5596 vetus
1392 5541 1701 5613 quidquam,
1748 5539 1887 5609 quod
1919 5538 2009 5592 alii

445 5622 591 5679 fratri
623 5630 802 5685 datum
832 5631 1007 5694 fuerit,
1041 5648 1196 5701 prava
1238 5632 1655 5702 prtesutnptione
1694 5635 2005 5700 contingere

440 5717 509 5772 ad
537 5722 808 5777 utendum.
840 5722 944 5779 Nec
968 5724 1104 5783 inter
1132 5740 1189 5781 se
1209 5720 1461 5781 fratribus
1492 5725 1662 5793 liceat,
1696 5734 1753 5782 ut
1779 5726 1829 5783 id
1861 5724 2005 5795 quod

2196 4603 2432 4659 XXXIII.
2479 4603 2610 4659 Nam
2640 4603 2941 4661 adhortatio
2970 4606 3269 4671 laborandi,
3292 4623 3410 4675 qua:
3438 4607 3703 4664 hactenus

2124 4710 2245 4750 cum
2296 4705 2443 4751 tanto
2490 4706 2911 4765 temperamento
2949 4713 2979 4752 a
3022 4699 3177 4753 nobis
3219 4700 3464 4753 charitati
3504 4712 3703 4755 vestra

2129 4786 2390 4840 insinuata
2431 4797 2536 4852 est,
2568 4788 2635 4843 ab
2671 4790 2760 4843 illa
2793 4792 3086 4859 apostolica
3131 4791 3273 4846 beati
3308 4793 3452 4846 Pauli
3479 4792 3701 4863 (Ephes.

2136 4873 2713 4939 insinuataest,abilla
2750 4877 3044 4944 aposmlica
3078 4877 3216 4930 beati
3252 4878 3403 4933 Pauli
3442 4884 3697 4941 instantia

2135 4972 2342 5016 tantum
2394 4975 2477 5018 est
2516 4966 2787 5021 debilitata
2835 4978 2890 5020 et
2937 4968 3188 5036 remissa,
3235 4981 3498 5039 quantum
3526 4987 3605 5029 est
3639 4987 3700 5031 ct

2132 5056 2427 5111 differentia
2460 5076 2833 5126 personarum.
2874 5062 3005 5117 Cum
3038 5064 3129 5119 ille
3163 5068 3323 5122 nobis
3350 5067 3529 5136 jubra'
3563 5068 3698 5123 liac-

2136 5156 2290 5201 tenus
2324 5151 2572 5205 inanibus
2607 5151 2874 5220 laborare,
2904 5154 3279 5211 uthabeamus
3311 5160 3453 5214 unde
3483 5160 3697 5215 tribue-

2136 5253 2194 5291 re
2218 5243 2486 5296 uossimus
2511 5244 2880 5300 necessitatem
2915 5252 3134 5314 patienti
3172 5250 3380 5317 (Ephes.
3418 5255 3502 5318 tv)
3540 5268 3553 5304 :
3594 5267 3700 5306 nos

2125 5334 2273 5398 dicit,
2300 5333 2534 5392 seiusum
2563 5336 2614 5388 in
2655 5336 2793 5391 fame
2838 5343 2893 5390 et
2917 5337 3025 5401 siti,
3072 5337 3125 5390 in
3156 5338 3349 5407 frigore
3378 5347 3433 5392 et
3461 5338 3707 5393 nuditate

2122 5436 2281 5481 nocte
2310 5438 2367 5480 et
2393 5427 2479 5483 die
2510 5427 2623 5481 suis
2664 5428 2906 5481 manibus
2937 5427 3236 5491 laborasse,
3270 5439 3329 5483 ut
3355 5428 3455 5482 sibi
3504 5439 3558 5482 et
3605 5428 3704 5497 qui

2120 5533 2240 5573 cum
2278 5533 2344 5573 eo
2372 5529 2525 5572 erant
2585 5521 2885 5573 necessaria
2918 5535 3020 5572 non
3049 5517 3299 5573 deessent
3343 5516 3429 5586 (II
3454 5517 3570 5571 Cor.
3604 5534 3697 5585 si;

2123 5608 2150 5664 Ι
2184 5610 2360 5667 Thess.
2386 5626 2466 5677 iv;
2516 5608 2578 5663 ΙΙ
2622 5611 2796 5665 Thess.
2824 5613 2907 5679 ιιι)
2937 5630 2949 5664 ;
2977 5627 3073 5665 nos
3103 5623 3319 5666 econtra
3349 5611 3579 5680 duplicia
3611 5614 3702 5665 ha-

2121 5704 2304 5766 bentes
2336 5706 2390 5762 in
2422 5705 2622 5762 nostris
2653 5704 2838 5761 usibus
2874 5703 3188 5760 vestimenta
3224 5713 3278 5758 ct
3309 5704 3699 5766 calceameita.
