4034 6166
218 1479 349 1551 6:"

368 308 462 370 957
1159 308 1255 368 SS.
1298 310 1499 368 PAULI
1541 308 1630 367 ετ
1667 307 1997 366 STEPHANI
2036 308 2310 368 REGULA
2349 314 2439 369 AD
2477 313 2858 380 MONACIIOS.
3492 310 3593 366 958

377 448 424 491 at
445 431 735 505 quotidiani
761 429 928 485 victus
951 427 1019 484 de
1047 426 1206 482 domo
1234 429 1326 483 Dei
1351 427 1421 483 ad
1442 428 1769 482 saturitatem
1800 426 1909 494 ple-
1958 425 2011 486 Α
2035 427 2356 495 perniciosos
2382 430 2534 486 cibos
2576 431 2786 487 misera:
2827 431 3023 486 anima:
3050 429 3292 485 diabolus
3323 428 3591 486 subtiliter

374 528 644 582 nissimum
675 529 1008 591 apparatum,
1040 519 1314 578 hortamur
1337 530 1393 575 ttt
1419 520 1586 575 otium
1624 534 1728 573 non
1768 532 1916 571 ame-

374 622 464 686 tis,
489 617 582 672 sed
614 629 709 682 per
735 614 999 668 sincerum
1028 611 1384 666 unanimitntis
1422 625 1737 671 consensum
1768 624 1926 665 unus-

373 712 594 781 quisque
618 714 673 759 ut
697 702 965 774 praevalet,
997 704 1075 757 sic
1109 701 1333 756 laboret.
1366 701 1457 756 Ille
1490 700 1741 769 praecepit
1769 716 1783 752 :
1829 703 1930 768 Qui

377 816 471 853 non
493 798 707 861 laborat,
724 812 823 847 non
850 789 1213 861 manducet“!
1239 790 1413 849 Thess.
1437 794 1546 861 ut);
1567 807 1662 845 uos
1681 792 1933 863 fragilita-

375 901 481 946 tem
512 896 744 942 nostram
774 883 827 938 in
852 882 1000 937 vobis
1028 891 1327 948 pensantes,
1361 883 1489 937 nulli
1521 891 1780 948 vestrum,
1832 884 1919 952 qui

377 979 632 1035 hactenus
655 973 872 1029 subdola
898 982 949 1027 et
980 972 1176 1026 lubrica
1205 972 1471 1027 voluntate
1510 973 1754 1027 laborare
1798 972 1923 1029 iide-

375 1072 496 1129 liter
523 1066 819 1131 distulistis,
860 1064 927 1119 de
970 1063 1283 1118 necessariis
1317 1064 1475 1118 rebus
1497 1078 1524 1115 a
1555 1064 1786 1117 lidclium
1806 1058 1927 1118 'fra-

380 1172 519 1216 trum
548 1158 733 1213 ordine
756 1155 1040 1225 quidquam
1072 1155 1429 1211 subtraximus
1453 1173 1465 1209 :
1502 1155 1760 1225 patienter
1789 1155 1934 1211 hac-

380 1263 535 1306 tenus
560 1250 869 1315 tolerantes,
885 1254 954 1301 ‘ttt
982 1262 1085 1300 non
1108 1247 1443 1302 vinceremur
1464 1263 1493 1301 a
1520 1248 1681 1315 malo,
1707 1248 1801 1304 sed
1824 1250 1938 1304 vin-

379 1356 619 1402 ceremus
644 1341 841 1398 malum
868 1342 920 1396 in
950 1339 1092 1397 bono
1129 1341 1306 1412 (Rom.
1339 1347 1453 1413 xu).

453 1453 688 1511 XXXIV.
722 1455 833 1509 Hoc
879 1453 1126 1520 scientes,
1172 1452 1384 1520 fratres,
1424 1454 1545 1523 quia
1586 1455 1788 1511 otiosus
1822 1470 1941 1511 cor-

382 1561 511 1617 pore
539 1546 829 1601 monachus
856 1555 1033 1600 mente
1057 1560 1085 1599 a
1116 1546 1347 1601 sordidis
1374 1548 1784 1616 cogitationibus
1805 1566 1944 1604 nun-

384 1654 540 1708 quam
567 1654 684 1693 esse
712 1640 903 1707 poterit
931 1638 1152 1699 otiosus,
1182 1638 1389 1693 dicente
1417 1638 1735 1695 Salomone:
1760 1638 1825 1693 In
1847 1641 1938 1695 de-

383 1730 582 1784 sideriis
607 1740 679 1783 est
707 1730 869 1782 omnis
909 1729 1098 1782 otiosus
1122 1728 1309 1799 (Prov.
1372 1744 1463 1783 xxi
1512 1737 1550 1798 ).
1602 1729 1669 1784 Et
1710 1730 1937 1785 iterum:

2032 518 2433 575 sulttttinistrat?

2104 605 2385 664 XXXVIIL
2413 609 2470 664 Si
2494 626 2629 667 unus
2651 622 2967 679 provocatus
2995 612 3063 665 ab
3087 612 3257 668 altero
3284 623 3469 669 contra
3497 632 3592 672 ve-

2034 698 2207 764 titum.
2222 701 2549 768 respondens
2560 704 2624 756 ad
2641 707 3029 759 contentionem
3041 719 3251 759 causam
3272 707 3596 777 perduxerit,

2034 790 2209 846 nullus
2225 804 2284 846 se
2303 793 2354 846 in
2376 807 2565 847 eorum
2582 796 2948 857 contentione,
2974 795 3023 848 id
3053 804 3137 851 est
3160 798 3212 850 in
3236 796 3409 852 aliena
3437 814 3595 855 causa

2036 880 2479 949 permisceatzne
2523 883 2659 938 inter
2705 885 2896 941 fratres
2921 888 3068 956 quasi
3118 886 3444 943 diversarum
3475 905 3600 958 par-

2038 969 2166 1023 tium
2195 970 2367 1025 studia
2398 971 2713 1041 litigantium
2760 976 3083 1042 nutriantur;
3119 978 3220 1033 nisi
3253 979 3387 1034 forte
3421 980 3469 1034 is
3514 994 3600 1037 sc-

2038 1058 2175 1126 nior,
2196 1060 2286 1130 qui
2316 1061 2454 1115 inter
2480 1078 2573 1117 eos
2596 1063 2912 1121 discordiam
2940 1068 3233 1136 mitigando
3263 1071 3409 1138 pacis
3439 1072 3601 1125 verba

2038 1163 2159 1203 cum
2188 1149 2547 1208 moderatione
2580 1163 2634 1209 et
2658 1155 2940 1225 disciplina
2980 1166 3036 1213 et
3059 1158 3267 1214 sincera
3296 1159 3402 1215 lide
3431 1161 3599 1216 inter-

2039 1246 2202 1295 serat.
3055 1248 3058 1252 λ

2110 1327 2351 1385 XXXIX.
2384 1330 2571 1388 Nullus
2600 1344 2885 1403 praesumat
2912 1336 2966 1392 in
2992 1337 3455 1408 qualibuscunque
3476 1354 3600 1395 cau-

2040 1418 2115 1474 sis
2135 1420 2341 1489 alienis,
2367 1423 2479 1478 sive
2507 1437 2804 1495 parentum,
2835 1427 2949 1484 sive
2978 1429 3297 1495 carnalium,
3329 1433 3409 1484 vel
3435 1430 3602 1499 quali-

2043 1512 2349 1582 buscuuque
2378 1517 2660 1572 mundanis
2692 1521 3062 1575 occasionibus
3097 1536 3155 1574 se
3195 1524 3421 1577 miscere
3462 1538 3595 1593 prte-

2044 1616 2125 1661 ter
2144 1606 2435 1675 jussionem
2467 1612 2658 1679 prioris
2701 1629 2715 1667 :
2760 1628 2915 1682 quem
2962 1614 3274 1682 plerumque
3316 1629 3601 1682 pauperum

2043 1707 2098 1753 et
2124 1714 2498 1770 oppressorum
2526 1704 2774 1776 lacrymte
2804 1717 3137 1775 permovent,
3172 1717 3228 1761 ut
3250 1719 3335 1761 aut
3365 1710 3500 1773 apcd
3521 1708 3606 1777 ju-

386 1818 553 1874 Multa
583 1819 716 1872 mala
742 1819 987 1891 ercegitat
1008 1792 1257 1873 otiositas.
1290 1820 1510 1888 Abjecto
1538 1835 1662 1890 ergo
1682 1835 1710 1874 a
1738 1836 1816 1885 se,
1850 1822 1938 1891 qui

2043 1792 2208 1855 dices.
2241 1803 2329 1848 aut
2353 1795 2490 1864 apud
2513 1811 2646 1865 quos
2666 1799 3021 1852 necessarium
3046 1799 3222 1859 fuerit.
3250 1811 3492 1868 precator
3511 1815 3605 1854 ac-

384 1915 656 1980 bncusque
678 1913 795 1968 talis
822 1913 938 1978 fuit,
962 1913 1060 1967 hoc
1081 1914 1229 1977 vitio,
1254 1922 1523 1981 promptus
1544 1914 1608 1968 ad
1633 1930 1789 1969 omne
1812 1931 1944 1983 opus

383 2016 662 2060 acmirt'at:
701 2008 819 2075 quia
867 2006 1117 2073 scriptum
1161 2014 1281 2060 est:
1316 2004 1435 2060 Non
1485 2008 1649 2061 oderis
1693 2009 1943 2064 laboriosa

386 2114 559 2169 opera,
573 2106 618 2149 ct
637 2096 1007 2149 rusticationem
1022 2095 1083 2149 ab
1101 2096 1352 2152 Altissimo
1371 2097 1786 2171 creatam(Eccli.
1815 2098 1939 2170 vn),

387 2199 447 2244 ut
482 2190 711 2247 donante
751 2188 973 2243 Domino
1000 2190 1065 2244 de
1102 2190 1326 2259 propriis
1367 2190 1654 2258 laboribus,
1692 2203 1743 2245 et
1784 2195 1945 2250 rebus

386 2281 705 2349 quatidianis
755 2291 811 2335 et
852 2280 1166 2335 necessariis
1192 2280 1554 2346 abundamus,
1604 2294 1656 2338 et
1688 2284 1768 2337 his
1811 2300 1944 2353 quos

386 2387 538 2427 amor
569 2372 820 2441 spiritalis
846 2370 910 2424 ad
950 2370 1237 2425 visitandos
1284 2387 1381 2426 nos
1429 2374 1634 2437 invitat,
1683 2376 1946 2442 possimus

386 2462 723 2518 convenienli
754 2460 1116 2517 mediocritate
1144 2477 1462 2517 occurrere:
1496 2475 1582 2517 aut
1612 2480 1744 2531 quos
1769 2466 1946 2536 gravis

389 2566 542 2625 urget
572 2555 883 2621 necessitas,
908 2554 1087 2608 debito
1117 2553 1410 2609 ministerio
1440 2555 1705 2610 valeamus
1736 2557 1801 2611 de
1830 2571 1949 2625 pro-

388 2650 506 2719 prio
552 2648 732 2703 labore
780 2648 998 2713 servire,
1044 2648 1165 2716 quia
1213 2648 1493 2702 Dominum
1539 2648 1947 2719 Redemptorem

388 2748 649 2800 nostrum,
691 2735 898 2791 Beatius
940 2752 1046 2791 esse
1084 2737 1209 2792 dare
1232 2754 1384 2807 quam
1409 2741 1636 2809 accipere
1663 2741 1800 2811 (Act.
1832 2743 1947 2811 xx),

385 2837 589 2884 certum
617 2836 698 2882 est
729 2828 1057 2897 lirtecepisse.

462 2940 676 2996 XXXV.
712 2940 909 2996 Euntes
952 2942 1003 2995 in
1033 2942 1397 3013 qualecunque
1444 2958 1599 3012 opus,
1631 2944 1949 3003 ferramenta

386 3032 685 3087 necessaria
716 3030 761 3086 is
802 3032 889 3101 qui
935 3031 1072 3087 inter
1099 3031 1242 3100 ipsos
1289 3032 1434 3087 vadit
1476 3033 1622 3104 prior
1660 3049 1689 3087 a
1732 3037 1951 3093 custode

384 3121 825 3178 ferramentorum
848 3137 1001 3177 mane
1023 3133 1372 3178 annumerata
1395 3124 1664 3193 suscipiat,
1692 3135 1747 3180 ct
1767 3125 1860 3181 uni
1881 3128 1949 3182 de

384 3212 701 3275 minoribus,
723 3227 788 3267 ex
815 3212 898 3267 his
923 3211 1151 3283 quicum
1177 3228 1242 3268 eo
1272 3213 1391 3268 ituri
1418 3224 1561 3278 sunt,
1578 3230 1734 3284 quem
1756 3216 1820 3271 ad
1846 3218 1947 3271 hoc

384 3305 635 3362 idoneum
687 3306 884 3360 viderit
924 3306 1267 3360 custodienda
1295 3306 1527 3375 assignet
1569 3324 1583 3361 :
1628 3323 1734 3377 quo
1784 3323 1946 3377 opere

383 3401 648 3470 completo
690 3400 755 3453 ab
801 3402 915 3467 ipso
957 3400 1182 3454 sollicite
1223 3401 1334 3467 ipse
1376 3400 1613 3467 recipiat,
1642 3409 1698 3452 et
1740 3401 1946 3455 custodi

383 3492 698 3557 contradat;
728 3502 784 3545 ot
812 3491 938 3545 nihil
976 3491 1231 3560 depereat
1275 3491 1545 3547 oblivione
1579 3492 1732 3547 Solita
1770 3503 1824 3548 et
1855 3509 1947 3550 ne-

381 3583 629 3654 gligentia
663 3584 1028 3651 plurimorum.

456 3693 689 3748 XXXVI.
731 3694 787 3749 Si
816 3695 932 3762 quis
961 3696 1183 3749 alterum
1222 3695 1273 3747 in
1315 3709 1630 3765 quacunque
1661 3706 1811 3767 parte
1862 3698 1944 3754 vi-

380 3786 514 3840 derit
544 3786 779 3839 illicitum
811 3787 1094 3855 quidquam
1134 3787 1214 3840 vel
1258 3801 1507 3841 sermone
1537 3787 1619 3842 vel
1662 3802 1824 3856 opere
1864 3790 1944 3844 fa-

378 3880 628 3941 cientem,
662 3887 716 3931 ct
746 3878 907 3945 priori
935 3878 1200 3931 distulerit
1248 3878 1538 3943 publicare,
1571 3889 1856 3947 cognoscat
1887 3896 1945 3934 se

380 3984 502 4023 esse
530 3970 838 4022 nutritor-em
874 3970 1098 4035 peccati,
1123 3980 1175 4023 et
1206 3984 1295 4037 per
1327 3971 1501 4022 omnia
1532 3971 1785 4039 aequalem
1823 3986 1946 4040 pec-

378 4059 541 4112 canti.
578 4059 639 4111 Et
671 4060 791 4124 quia
823 4066 876 4112 et
904 4060 1099 4112 anima:
1129 4075 1237 4112 sua:
1279 4070 1333 4115 et
1372 4060 1444 4114 illi
1490 4070 1572 4115 est
1613 4077 1766 4130 quem
1816 4064 1946 4133 tegit

376 4146 983 4210 durissimusiuimicus,
1024 4162 1088 4202 ex
1133 4146 1234 4202 hoc
1273 4150 1410 4217 apud
1440 4149 1628 4212 Deum,
1664 4149 1754 4218 qui
1803 4152 1941 4207 mala

375 4236 507 4299 odit,
535 4245 588 4288 et
614 4236 750 4304 apud
796 4246 1037 4288 cunctam
1091 4234 1475 4291 fraternitatem
1507 4240 1857 4293 exsecrabilis
1887 4250 1943 4296 et

376 4322 607 4377 infidelis
648 4325 969 4381 habebitur:
1002 4324 1137 4392 quia
1164 4341 1258 4392 per
1299 4325 1679 4382 abundantiam
1726 4330 1940 4385 malitia:

374 4412 543 4466 noluit
568 4412 817 4482 prodere,
850 4423 906 4465 ut
934 4416 1200 4483 corrig--re
1234 4416 1509 4483 potuisset,
1549 4428 1848 4485 errantem;
1889 4428 1944 4476 et

373 4502 498 4555 odio
526 4502 814 4571 disciplima
843 4501 1028 4557 dilexit
1056 4504 1328 4573 malitiam,

372 4609 474 4646 non
501 4594 642 4647 bona:
671 4592 844 4660 (Psol.
878 4595 1085 4664 xxxv),

446 4702 705 4759 XXXVII.
756 4704 1041 4771 Propterea
1092 4707 1325 4762 cavenda
1373 4718 1451 4764 est
1492 4712 1738 4768 omnibus
1784 4715 1951 4774 nobis.

369 4791 475 4861 joci
503 4802 554 4845 et
580 4794 720 4847 risus
749 4794 1092 4849 immoderata
1120 4797 1320 4851 luxuria
1340 4838 1355 4863 ,
1385 4814 1481 4875 per
1501 4817 1660 4871 quam
1703 4804 1942 4872 plerum-

371 4896 476 4949 que
521 4882 850 4938 auiarissima
912 4885 1050 4941 inter
1096 4886 1286 4944 fratres
1332 4904 1618 4948 nascuntur
1663 4897 1936 4958 scandala.

371 4972 481 5026 Nec
523 4971 682 5028 debet
708 4990 770 5027 ex
802 4976 899 5030 hac
945 4992 1003 5031 re
1056 4980 1264 5034 occasio
1309 4980 1589 5039 discordiae
1628 4990 1932 5058 provenire,

372 5077 468 5131 per
491 5078 648 5131 quam
678 5067 777 5119 etsi
806 5082 910 5121 non
937 5078 1248 5125 nasceretur
1274 5070 1516 5141 litigium,
1538 5078 1811 5134 cavendus
1856 5090 1935 5136 la-

369 5171 493 5212 men
512 5157 663 5214 nobis
681 5161 872 5214 eratad
892 5162 1292 5218 aediﬁcationem
1316 5180 1491 5221 sermo
1513 5184 1616 5224 non
1640 5173 1934 5238 pertinens.

370 5250 438 5304 Et
465 5250 696 5307 scientes
722 5254 843 5323 quia
869 5265 923 5309 et
948 5256 1014 5309 de
1040 5256 1212 5312 otioso
1251 5273 1495 5315 sermone
1525 5261 1659 5315 ratio
1707 5263 1929 5322 Domino

367 5350 450 5398 est
480 5341 763 5397 reddenda.
807 5343 936 5398 Nam
969 5345 1133 5401 risum
1158 5361 1318 5415 supra
1349 5349 1561 5405 tnodutn
1585 5354 1705 5423 quis
1731 5358 1931 5415 nesciat

369 5429 857 5503 indisciplinatiouis
881 5443 937 5498 et
956 5434 1182 5493 levitatis
1207 5453 1326 5494 esse
1348 5440 1558 5511 ianuam
1579 5482 1595 5509 ,
1636 5459 1730 5514 per
1768 5462 1926 5517 quam

2047 1886 2216 1942 cedat.
2251 1887 2357 1942 Nec
2384 1889 2611 1958 amplius
2635 1905 2791 1958 quam
2820 1890 3033 1959 jubetur
3059 1892 3139 1946 vel
3180 1907 3480 1945 sermonem
3512 1907 3608 1945 au-

2047 1977 2135 2031 det
2163 1979 2397 2033 directus
2427 1996 2769 2049 praesumere.
2814 1982 3076 2049 Scriptqu
3101 1993 3179 2035 cst
3207 1983 3370 2041 enim.
3397 1993 3454 2035 ut
3490 1985 3607 2035 ual-

2048 2071 2127 2123 ltts
2152 2071 2379 2125 militans
2419 2071 2526 2125 Deo
2550 2074 2769 2141 implicet
2808 2091 2860 2128 se
2901 2073 3108 2146 negotiis
3136 2076 3462 2127 swculwilas
3495 2091 3526 2147 ξ,
3552 2085 3608 2127 ut

2047 2162 2127 2216 illi
2151 2163 2347 2230 placeat
2375 2166 2458 2217 cui
2476 2181 2529 2219 se
2552 2167 2775 2234 probavit
2806 2165 2891 2238 (II
2915 2166 3045 2219 Tim.
3078 2165 3157 2235 tt).
3193 2168 3256 2220 Et
3284 2168 3326 2221 si
3359 2183 3606 2221 necessa-

2049 2254 2148 2318 ria,
2195 2254 2295 2308 boc
2339 2264 2423 2309 est
2467 2258 2773 2311 monasterii
2825 2258 3052 2326 negotia,
3094 2274 3212 2327 quae
3259 2259 3410 2311 [mltis
3459 2259 3608 2311 valde

2048 2358 2273 2399 onerosa
2300 2355 2445 2412 sunt,
2467 2347 2645 2417 lugere
2674 2349 2916 2417 cupimus
2937 2358 2989 2402 et
3014 2351 3201 2412 vitare,
3225 2357 3422 2416 quanto
3443 2350 3609 2417 magis

2048 2435 2219 2490 aliena
2247 2444 2300 2491 et
2329 2450 2447 2504 quae
2482 2450 2636 2492 extra
2677 2439 2985 2492 monasterii
3018 2438 3299 2493 utilitatem
3337 2448 3477 2500 sunt,
3510 2442 3609 2492 ab-

2051 2525 2271 2582 horrere
2285 2508 2550 2585 'debemtts
2576 2538 2630 2584 et
2660 2518 2875 2599 fugere?

2120 2618 2231 2675 XL.
2255 2619 2438 2676 Nullus
2468 2631 2704 2677 vestrum
2732 2635 2917 2677 contra
2947 2622 3263 2677 rusticorum
3310 2622 3508 2679 rabiem
3555 2632 3615 2683 et

2051 2723 2240 2779 pravos
2265 2726 2541 2780 excessus,
2573 2727 2706 2784 quos
2732 2713 3043 2784 plerumque
3063 2725 3249 2767 contra
3281 2727 3378 2766 nos
3397 2712 3609 2768 diabolo

2051 2810 2290 2858 armante
2341 2811 2612 2868 exercent,
2663 2804 2877 2874 propria
2925 2818 2985 2859 se
3027 2803 3220 2859 audeat
3264 2805 3481 2868 virtute,
3519 2811 3607 2859 aut

2052 2894 2267 2949 brachio
2295 2894 2525 2950 humano
2572 2903 2897 2967 repugnante
2935 2894 3244 2960 defendere,
3274 2909 3396 2949 cum
3427 2905 3605 2949 noster

2051 2986 2301 3042 defensor
2346 2987 2495 3043 solus
2526 2986 2663 3043 Deus
2704 2988 2796 3054 sit,
2841 2997 2896 3044 et
2939 2986 3288 3058 patrocinium
3334 2975 3614 3043 beatorum

2053 3079 2409 3147 apostolorum
2441 3087 2599 3149 atque
2625 3079 2859 3134 omnium
2893 3090 3196 3134 sanctorum
3231 3079 3344 3137 Dei.

1973 3162 2021 3228 C
2120 3168 2252 3223 XLI.
2300 3168 2512 3238 Regula:
2557 3184 2766 3239 quoque
2803 3168 3017 3224 Patrum
3063 3169 3183 3223 ideo
3214 3170 3364 3223 nobis
3401 3167 3614 3223 assidue

2050 3257 2313 3328 leguntur,
2352 3269 2411 3314 ut
2441 3274 2626 3314 eorum
2656 3260 2853 3314 sanctis
2892 3259 3347 3315 exhortationibus
3389 3256 3610 3313 interio.

2048 3367 2160 3417 rem
2188 3352 2650 3405 accommodantes
2692 3353 2953 3419 auditum,
3002 3364 3057 3407 et
3091 3352 3381 3419 disciplina:
3427 3356 3608 3407 conci-

2048 3441 2256 3511 piamus
2283 3456 2516 3494 amorem
2548 3441 2931 3504 dulcissimum,
2971 3451 3026 3496 et
3060 3442 3282 3497 Domino
3309 3459 3401 3513 per
3435 3444 3610 3501 omnia

2047 3531 2327 3598 adjuvante
2370 3532 2489 3584 vita:
2514 3532 2743 3599 ipsorum
2781 3534 3019 3600 exempla
3044 3549 3347 3602 sequamur.
3387 3535 3613 3599 Propter

2046 3621 2187 3691 quod
2228 3620 2579 3675 festinandum
2628 3622 2780 3676 nobis
2809 3633 2908 3684 est,
2941 3634 2997 3675 ut
3033 3639 3061 3675 τι
3113 3624 3310 3677 nostris
3348 3624 3610 3677 mentibus

2051 3722 2203 3781 tepor
2235 3712 2541 3769 excludatur
2569 3713 2806 3767 inclitus.
2836 3713 2961 3767 Nam
2990 3725 3041 3768 ct
3069 3715 3186 3769 hanc
3205 3732 3319 3783 qua:
3350 3716 3495 3769 vobis
3520 3732 3615 3784 per

2047 3803 2251 3873 singula
2285 3805 2529 3872 pra-senti
2574 3803 2838 3874 loquimur
2867 3805 3148 3874 scriptura,
3186 3823 3286 3858 non
3316 3808 3367 3861 in
3394 3809 3611 3874 sugilla-

2049 3898 2191 3951 tione
2235 3907 2536 3952 sanctorum
2591 3906 2646 3953 et
2693 3899 3114 3953 beatissimorum
3161 3899 3370 3955 Patrum
3420 3902 3610 3970 regula:

2048 4004 2178 4043 ausu
2229 3990 2509 4045 temerario
2547 3991 2610 4043 ad
2643 4006 2737 4044 vos
2785 3990 3098 4059 proferenda
3150 3994 3611 4059 praesumpsiuius;

2047 4081 2139 4133 sed
2171 4096 2232 4136 ea
2265 4090 2467 4136 tantum
2498 4076 2800 4150 specialiter
2825 4098 2890 4135 ex
2932 4098 3115 4137 eorum
3147 4083 3609 4135 constitutionibus

2046 4170 2197 4224 vobis
2224 4172 2416 4225 litteris
2447 4172 2732 4238 ingerenda
2763 4174 3086 4227 curavimus.
3128 4174 3400 4228 Plenitudo
3432 4183 3609 4227 autem

2046 4270 2242 4315 sanctae
2288 4262 2749 4328 conversationis,
2798 4273 2853 4317 ct
2898 4263 3159 4335 Spit‘italis
3202 4268 3322 4318 vim!
3377 4269 3605 4333 perlecta

2046 4352 2288 4417 doctrina
2316 4354 2368 4408 in
2399 4368 2585 4412 eorum
2626 4357 3173 4410 sanctorumi’strom
3216 4358 3411 4425 regulis
3457 4358 3610 4411 nobis

2049 4448 2281 4515 quotidie
2326 4448 2597 4512 recitatur,
2652 4463 2876 4517 quorum
2922 4459 2976 4505 et
3016 4451 3231 4521 probata
3278 4452 3377 4505 vita
3425 4451 3610 4504 divino

1360 4514 1414 4562 οι
1439 4507 1641 4562 “Imm
1676 4513 1813 4565 omni
1842 4512 1938 4568 νέω
1964 4538 2017 4599 D
2041 4507 2263 4593 munere
2289 4548 2343 4593 et
2372 4538 2596 4593 docendi
2628 4507 2709 4594 est
2735 4541 2986 4597 attributa
3016 4507 3323 4595 auctoritas.

2115 4628 2253 4684 Deus
2279 4640 2453 4685 autem
2480 4632 2840 4702 omnipotens,
2870 4635 2959 4702 qui
2990 4635 3135 4703 pacis
3157 4644 3342 4687 auctor
3382 4643 3486 4696 cst,
3518 4633 3607 4700 qui

2041 4721 2186 4776 solus
2208 4731 2383 4791 potest
2405 4723 2576 4778 facere
2603 4724 2880 4779 unanimes
2915 4725 3154 4783 habitare
3177 4726 3230 4779 in
3259 4725 3439 4789 domo,
3462 4735 3609 4793 aptet

2038 4828 2134 4868 vos
2158 4827 2343 4871 omnes
2362 4812 2427 4867 ad
2445 4812 2736 4869 faciendam
2764 4814 3087 4873 voluntatem
3109 4830 3257 4869 suam
3281 4831 3296 4869 :
3320 4815 3527 4870 iaciens.
3548 4815 3611 4869 in

2039 4905 2193 4963 nobis
2234 4906 2376 4975 quod
2417 4907 2622 4975 placeat
2665 4922 2844 4965 coram
2889 4922 2949 4963 se
2989 4923 3085 4974 per
3133 4907 3607 4965 lesumerislttm

1948 5054 1951 5057 _
2038 4996 2318 5063 Dominum
2341 5007 2613 5065 nostrum;
2639 5009 2696 5054 et
2722 4998 3352 5067 hujnsadhortationiset
3369 5014 3608 5055 commo-

2037 5088 2259 5143 nitionis
2295 5102 2476 5144 semen
2533 5088 2589 5144 in
2632 5098 2810 5145 vestro
2851 5090 3017 5151 corde
3058 5105 3152 5158 per
3177 5090 3403 5160 gratiam
3434 5091 3604 5146 sancti

2042 5177 2274 5248 Spiritus
2294 5180 2496 5249 plautet
2523 5188 2581 5236 et
2624 5181 2820 5246 foveat,
2844 5190 2900 5237 et
2926 5181 2991 5236 ad
3035 5192 3303 5239 maturam
3345 5184 3600 5243 hortorum

2034 5284 2254 5337 operum
2286 5268 2661 5337 perfectionem
2692 5273 2968 5341 perducat,
3007 5277 3213 5341 Amen;
3247 5284 3301 5329 et
3329 5273 3481 5328 nobis
3509 5290 3595 5327 ro-

2035 5361 2341 5419 missionem
2370 5372 2709 5430 peccatorum
2751 5365 3061 5425 condemns
3106 5367 3158 5425 in
3187 5377 3384 5427 aeterna
3414 5367 3597 5437 requie

2039 5466 2159 5508 cum
2188 5466 2280 5507 sua
2309 5467 2435 5524 pace
2463 5453 2744 5510 custodiat.
2785 5458 2957 5514 Amen
