4034 6166
355 284 456 340 959

1284 278 1618 336 APPENDIX
1657 280 1748 333 Al)
1784 278 2010 334 OPERA
2054 278 2109 334 S.
2154 278 2212 332 P.
2254 274 2642 333 BENEDICTI.

3505 218 3645 323 ςδῦῢ⁵

524 387 3585 414 ___________________________________________._______

1072 481 1170 539 DE
1213 479 1273 538 S.
1321 478 1741 538 FERREOLO
1786 478 2161 539 EPISCOl‘O
2209 476 2545 550 EJUSQUE
2591 474 2899 536 REGULA

1613 620 1913 661 VETEBUM
1959 619 2367 662 TBSTIMONIA.

1834 719 2146 736 *-

444 808 719 877 Cregorius
745 809 942 862 Turon.
988 808 1121 861 llist.
1176 807 1362 861 Franc.
1423 786 1515 862 lib.
1567 822 1637 871 vt,
1688 822 1804 875 cap.
1854 806 1884 859 7
1917 824 1930 859 :
1962 806 2152 877 Aejus
2202 816 2400 872 partem
2441 802 2494 857 in
2552 800 2898 858 Concordiam
2954 800 3256 868 regularum
3318 800 3616 853 transtulit.

377 905 449 957 Eo
485 915 703 970 tempore
749 898 1017 953 Ferreolus
1065 897 1341 953 Ucetiensis
1391 898 1678 965 episcOpus.
1729 911 1925 968 magna!

372 998 445 1049 vir
478 993 773 1056 sanctitatis,
803 990 949 1053 obiit,
998 990 1180 1058 plenus
1229 988 1481 1056 sapientia
1527 996 1576 1039 et
1619 987 1878 1041 intellectu
1914 1002 1934 1040 :

371 1088 458 1158 qui
497 1086 646 1139 libros
689 1086 885 1149 aliquos
929 1081 1276 1149 epistolarum,
1307 1081 1452 1146 quasi
1484 1080 1760 1135 Sidonium
1786 1096 1933 1133 secu-

377 1191 477 1243 tus,
512 1177 811 1242 composuit.

2108 896 2425 963 Smnragdus
2452 894 2610 947 etiam
2642 893 2802 946 multa
2839 906 2904 947 ex
2929 905 2989 945 ea
3021 889 3178 945 affert
3206 889 3270 943 ad
3303 889 3610 959 Eapositio-

2039 1006 2158 1045 netn
2191 987 2402 1056 liegulze
2427 986 2485 1042 S.
2514 984 2808 1039 Benedicti.

2108 1082 2261 1136 Joan.
2312 1080 2652 1143 Trithemius,
2690 1078 2783 1132 lib.
2845 1075 2911 1130 de
2933 1074 3269 1142 Proprietate
3323 1073 3619 1126 monacho-

2038 1189 2177 1238 rum,
2207 1188 2323 1240 cap.
2348 1172 2380 1225 5
2410 1188 2423 1223 :
2462 1170 2685 1243 Denique
2713 1170 2764 1222 in
2799 1168 2994 1238 Regula
3033 1166 3251 1221 canobii
3282 1166 3439 1219 sancti
3471 1162 3615 1217 Fer-

446 1270 504 1324 S.
551 1266 861 1321 Benedictus
885 1264 1102 1318 Anianas
1124 1262 1289 1316 abbas
1322 1263 1456 1315 hanc
1482 1276 1692 1331 quoque
1716 1261 1773 1316 S.
1803 1260 1939 1315 Fer-
2039 1264 2163 1318 reoli
2191 1264 2411 1329 episcopi
2458 1272 2505 1315 et
2551 1259 2789 1328 martyris
2824 1260 3019 1312 decimo
3067 1258 3301 1326 capitulo
3329 1257 3401 1310 sic
3440 1256 3623 1308 scribi-

382 1360 508 1415 reo'i
536 1355 783 1430 episcopi
805 1357 1054 1426 Regulam
1083 1354 1276 1422 stepius
1323 1354 1520 1417 laudat,
1553 1363 1606 1407 et
1646 1353 1937 1407 maximam

2053 1366 2134 1408 tur
2164 1371 2182 1408 :
2213 1354 2337 1409 Illud
2366 1355 2522 1408 etiam
2547 1353 2705 1406 statui
2733 1353 2929 1406 debere
2959 1352 3353 1419 prospeximus,
3383 1358 3481 1404 etc.

1156 1543 1585 1601 OBSERVA'HO
1621 1546 1887 1601 ClllTlCA
1931 1546 1992 1601 IN
2034 1547 2359 1602 REGULAM
2398 1546 2836 1613 SEQUENTE“.

458 1665 519 1721 S.
552 1660 1103 1719 FerreolusUzeticnsis
1132 1660 1184 1713 in
1211 1660 1475 1712 Uccitania
1503 1660 1787 1729 episcopus,
1814 1663 1953 1713 circa
2050 1661 2135 1713 cit.
2170 1659 2336 1714 Multa
2374 1659 2520 1712 habet
2544 1658 2603 1712 ab
2631 1660 2746 1713 aliis
2773 1660 2997 1727 antiquis
3039 1661 3231 1731 regulis
3276 1660 3500 1720 diversa,
3533 1676 3629 1717 nec

388 1774 575 1813 annum
622 1756 726 1811 558
764 1754 1123 1809 monasterium
1172 1769 1265 1821 pro
1319 1752 1578 1805 monac/tis
1627 1753 1908 1805 construxit
1936 1792 1952 1816 ,

2052 1753 2260 1806 illarum
2290 1753 2591 1806 mentionem
2618 1752 2760 1819 facit.
2798 1750 3089 1804 Praesertim
3128 1751 3220 1804 hoc
3257 1752 3512 1804 simulare
3554 1752 3632 1802 ci-

388 1850 521 1915 quod
551 1848 824 1899 etiamnum
867 1860 898 1895 a
936 1859 1031 1895 suo
1075 1844 1276 1895 nomine
1323 1841 1733 1896 Ferreolacense
1760 1840 1956 1896 Cmno-
1987 1876 2030 1932 Β
2057 1846 2235 1907 detur,
2252 1845 2388 1912 quod
2408 1846 2572 1911 capite
2600 1844 2667 1899 38
2702 1844 2964 1910 pracipiat
2996 1854 3049 1896 ut
3078 1841 3234 1895 abbas
3259 1841 3445 1895 culina
3465 1844 3631 1894 inser-

391 1938 530 1992 bium
564 1947 907 2004 nuncupatur.
941 1934 1046 1988 Pro
1081 1932 1344 1987 monachis
1373 1948 1492 2003 ergo
1544 1933 1698 2004 hujus
1742 1934 1952 1988 canobii

393 2032 522 2085 hanc
552 2040 844 2095 prmsentem
889 2027 1137 2097 Regulam
1179 2026 1476 2094 conscripsit
1505 2026 1763 2093 piissimus
1791 2027 1962 2092 ponti-

397 2126 495 2189 fex.
530 2122 733 2192 triginta
763 2134 935 2173 novem
964 2116 1213 2183 capitibus
1235 2123 1544 2179 contentam,
1576 2130 1727 2183 quam
1770 2112 1959 2169 Lucre-

396 2216 465 2266 tio
496 2212 697 2267 Dicensi
716 2212 953 2278 episcopo
974 2208 1251 2274 dedicauit,
1294 2208 1503 2278 ejusque
1530 2222 1760 2260 censurae
1797 2209 1965 2272 subie-

542 2332 870 2345 ﬂ

2063 1937 2163 1988 viat
2194 1935 2349 1988 tribus
2370 1933 2753 1989 solemnioribus
2778 1934 3064 1988 monasterii
3089 1936 3246 2000 festis,
3290 1936 3529 1988 nimirum
3573 1935 3632 1988 its

2071 2026 2350 2081 Natiritate
2383 2026 2603 2091 Domini,
2626 2026 2680 2080 in
2704 2024 2971 2088 Paschate,
3001 2037 3149 2095 atque
3175 2027 3229 2079 in
3255 2026 3380 2095 festo
3411 2024 3473 2082 S.
3498 2022 3635 2081 Fer-

2069 2117 2194 2171 reoli
2220 2118 2475 2187 martyris,
2506 2119 2591 2186 qui
2618 2119 2714 2187 fuit
2737 2127 2983 2188 patronus
3013 2118 3324 2172 monasterii.

1246 2412 1611 2471 PREFATIO
1646 2416 1946 2474 REGULE
1984 2418 2040 2475 S.
2085 2419 2429 2475 FERREOLI
2472 2420 2770 2476 EPlSCOPl

472 2528 692 2583 Domino
720 2536 902 2582 sancto
935 2537 991 2584 et
1025 2537 1339 2584 czeterorum
1388 2530 1786 2596 comparatione
1832 2544 1961 2584 san-

401 2623 656 2685 ctissime,
685 2636 747 2676 ac
770 2622 914 2676 socio
934 2621 1318 2688 apostolorum,
1350 2620 1652 2691 Christique
1682 2622 1961 2692 discipulo,

404 2714 649 2771 Lucretio
680 2729 826 2783 papae
857 2714 1139 2769 Ferreolus
1171 2716 1469 2784 episc0pus.

474 2806 721 2859 Hortalus
743 2804 1005 2874 quondam
1035 2815 1288 2872 operante
1313 2806 1441 2872 Deo,
1477 2807 1529 2860 in
1560 2822 1661 2859 una
1685 2806 1965 2861 devotione

405 2914 674 2961 accen~us,
705 2899 755 2951 in
781 2912 882 2963 qua
903 2912 1177 2951 servorum
1212 2897 1301 2950 Dei
1331 2897 1684 2951 habitacvilum
1711 2898 1829 2963 ipsa
1854 2897 1955 2952 sibi

402 2990 653 3043 divinitas
693 2988 998 3048 collocaret,
1046 2987 1160 3055 ipse
1205 2997 1343 3042 terra
1374 2989 1540 3041 obtuli
1581 2988 1736 3042 aliam
1772 2999 1964 3042 terram

407 3079 703 3135 conferens.
757 3078 907 3145 Quod
938 3078 1134 3144 deputo
1165 3088 1363 3132 sanctre
1395 3080 1816 3149 congregationi,
1870 3078 1970 3133 hoc

409 3173 514 3226 mei
543 3171 727 3225 donari
750 3170 903 3223 saluti
933 3169 1092 3224 Credo
1126 3188 1136 3222 :
1171 3179 1228 3223 ut
1251 3170 1300 3223 in
1331 3185 1490 3224 unum
1525 3186 1671 3225 more
1697 3186 1854 3239 apum
1885 3186 1971 3225 re-

2066 2532 2302 2587 scientiaa
2358 2530 2809 2600 atljudicaveritis,
2866 2545 3142 2585 censuram
3200 2546 3385 2585 manus
3442 2544 3636 2587 vestris

2066 2625 2256 2692 pagina
2283 2624 2469 2677 melius
2502 2625 2554 2678 in
2580 2638 2684 2693 quo
2709 2623 2954 2693 diligetur
2994 2624 3247 2693 placitura
3286 2625 3523 2689 recipiat.
3561 2625 3629 2681 Ut

2069 2715 2171 2770 hoc
2217 2717 2381 2770 multo
2419 2718 2585 2787 magis
2622 2715 2805 2786 gloria:
2846 2715 3022 2781 detur,
3074 2716 3212 2785 quod
3244 2716 3397 2783 digna
3429 2717 3643 2772 inventa

2067 2813 2150 2860 est
2176 2806 2374 2877 regula,
2405 2822 2559 2873 quam
2582 2821 2676 2874 per
2692 2822 2786 2860 vos
2812 2805 3141 2870 correxistis,
3172 2806 3420 2875 fugiendo
3450 2822 3477 2859 a
3503 2807 3646 2863 facie

2070 2898 2424 2952 verecundiae.
2468 2897 2523 2951 Si
2578 2913 2724 2961 vero,
2784 2907 2841 2951 ut
2894 2896 3077 2961 credo,
3129 2896 3388 2965 judicium
3437 2899 3645 2953 amoris

2069 3003 2282 3058 operam
2314 3003 2489 3043 verum
2526 2988 2762 3057 inﬂigere
2787 2990 3034 3058 dignetur
3061 2989 3395 3043 correctione
3426 2988 3648 3052 litterae,

2070 3076 2320 3147 quidquid
2348 3077 2557 3132 demum
2589 3080 2823 3147 ineptum
2864 3080 3025 3133 lectio
3068 3078 3381 3147 incastigata
3411 3081 3651 3148 protule-

2072 3168 2163 3233 rit,
2196 3169 2414 3224 liberum
2434 3186 2463 3223 a
2492 3170 2648 3238 culpa
2671 3170 2777 3225 erit
2804 3172 3023 3236 erroris,
3051 3186 3172 3226 cum
3198 3171 3427 3224 libellum
3451 3179 3652 3226 vestra

411 3261 716 3332 ligiosorum
749 3260 898 3315 turba
924 3260 1165 3325 collecta,
1199 3261 1321 3314 dum
1347 3276 1443 3327 pro
1482 3262 1615 3315 meis
1656 3262 1809 3329 plene
1845 3276 1969 3331 pec-
2000 3252 2164 3315 C'me
2193 3269 2402 3315 constat
2440 3261 2740 3315 subdidisse
2784 3275 3044 3315 censurte.
3092 3260 3216 3314 Mihi
3266 3269 3440 3314 tamen
3481 3274 3650 3314 oran-

409 3355 540 3406 eatis
566 3352 864 3405 orationum
888 3366 1101 3404 suarum
1134 3350 1292 3406 liores
1318 3352 1563 3419 oli'erant,
1598 3369 1760 3419 quam
1793 3355 1964 3409 dulcia

412 3445 462 3497 in
492 3443 871 3498 intercessione
894 3444 1044 3496 mella
1062 3444 1361 3497 conficient.
1393 3444 1459 3498 Et
1482 3446 1729 3512 quoniam
1752 3461 1971 3502 necesse

410 3533 508 3589 [nit
536 3548 672 3586 novo
716 3534 836 3587 huic
877 3535 1072 3603 populo
1097 3535 1236 3588 velut
1284 3533 1469 3605 jugum
1515 3550 1668 3590 novat
1701 3537 1833 3606 legis
1874 3538 1973 3592 im-

413 3628 569 3694 poni.
609 3644 712 3681 non
761 3642 865 3692 quo
918 3644 1102 3682 eorum
1156 3628 1291 3683 colla
1348 3628 1722 3696 deprimerem,
1774 3630 1869 3687 sed
1921 3641 1981 3687 ut.

413 3718 668 3772 mentium
715 3719 953 3774 cervices
1002 3721 1177 3787 potius
1226 3719 1564 3786 inclinarem;
1597 3723 1831 3791 regulam
1860 3739 1979 3793 qua;

410 3811 479 3864 ab
506 3811 585 3865 eis
611 3825 704 3877 pro
733 3811 845 3881 lege
870 3819 1131 3873 servetur,
1172 3809 1389 3866 licentia
1418 3827 1445 3863 a
1472 3813 1624 3867 vobis
1670 3822 1774 3867 tam
1818 3818 1976 3881 petita

412 3916 568 3966 quam
590 3913 831 3969 accepta,
860 3902 1297 3970 conscripsimus.
1334 3904 1387 3956 In
1414 3918 1515 3972 qua
1543 3903 1586 3957 si
1629 3903 1753 3973 quid
1780 3905 1983 3959 severi-

414 3997 521 4044 tate
558 3992 777 4055 durum,
809 3992 852 4046 si
881 3993 1005 4062 quid
1037 3992 1349 4046 remissione
1377 3993 1741 4048 mollissimum
1781 3993 1983 4063 judicio

2084 3351 2208 3406 dum
2231 3363 2332 3418 est,
2358 3363 2414 3407 ut
2443 3351 2700 3419 imprimis
2724 3353 2853 3416 Deo,
2877 3353 3071 3407 deinde
3098 3353 3245 3407 vobis
3289 3353 3412 3407 illud
3445 3352 3653 3422 placeat

2083 3442 2223 3508 quod
2240 3442 2574 3511 scripsimus,
2592 3453 2646 3498 et
2664 3442 2762 3497 illis
2786 3443 2977 3511 quibus
2994 3443 3105 3498 haec
3136 3443 3393 3498 servanda
3424 3443 3652 3497 manda-

2086 3550 2222 3590 mus.
2247 3535 2314 3591 Ut
2342 3536 2393 3589 in
2426 3535 2641 3590 n0niine
2669 3534 2872 3590 Domini
2893 3535 3017 3590 Iesu
3038 3535 3231 3590 Christi
3259 3534 3569 3590 obedientes
3596 3534 3663 3589 in.

2085 3629 2329 3683 omnibus
2353 3628 2545 3691 divinis
2571 3630 2869 3697 praeceptis,
2899 3640 3094 3684 :eterna
3124 3629 3194 3681 ab
3221 3630 3299 3682 eis
3329 3626 3569 3696 prmmia,
3596 3634 3655 3680 et

2086 3720 2253 3789 gloria
2293 3721 2411 3775 sine
2442 3722 2567 3786 line,
2599 3721 2749 3775 bona:
2783 3730 2958 3776 tamen
2988 3720 3109 3776 vitze
3138 3729 3313 3785 empta
3342 3718 3511 3786 pretio
3534 3720 3659 3774 vin-.

2078 3812 2303 3874 dicetur,
2332 3819 2617 3880 praestante
2646 3812 2872 3867 Domino
2900 3827 2965 3867 ac
2984 3812 3095 3866 Deo
3125 3821 3307 3866 nostro
3334 3812 3460 3868 Jesu
3493 3808 3655 3865 Chri-

2079 3915 2185 3970 sto,
2211 3904 2298 3973 qui
2327 3919 2444 3958 cum
2478 3904 2632 3960 Patre
2658 3914 2711 3959 et
2747 3904 2946 3973 Spiritu
2983 3911 3167 3957 sancto
3199 3903 3345 3966 vivit,
3374 3901 3629 3957 domina—_

2083 4006 2169 4049 tur
2192 4005 2246 4049 et
2273 4006 2457 4065 regnat
2487 3998 2539 4050 in
2568 3996 2762 4050 saecula
2789 3996 3105 4050 saeculorum
3126 4036 3141 4059 ,
3169 3994 3358 4050 Amen.

595 4280 732 4388 S.
819 4286 1580 4393 FERREOLI
1675 4289 2615 4437 ‘UCETIENSIS
2734 4288 3445 4399 EPISCOPI

1066 4505 1702 4636 REGULA
1792 4506 1998 4632 AD
2092 4506 2989 4638 MONACHOS.

487 4719 702 4789 Regulae
732 4718 1046 4786 principium
1072 4717 1243 4772 dehis
1268 4733 1387 4786 quae
1415 4719 1771 4781 observanda,
1804 4720 1990 4771 mona-
2017 4717 2066 4775 D
2095 4719 2144 4772 in
2174 4734 2233 4773 se
2278 4719 2499 4774 virtutes
2527 4720 2812 4782 aediﬁcare,
2874 4718 3195 4773 obedientiaa
3246 4720 3296 4772 in
3344 4733 3402 4773 se
3429 4721 3664 4777 collocet

418 4810 536 4865 chis
591 4808 1008 4865 Ferriolacensis
1080 4809 1387 4863 monasterii
1460 4810 1618 4862 statui
1678 4811 1983 4875 institutor;

416 4917 599 4966 orans,
642 4911 700 4956 ut
728 4903 1012 4971 adjuvante
1060 4903 1285 4957 Domino
1314 4902 1365 4955 hi
1423 4903 1512 4956 ﬁlii
1546 4920 1678 4972 quos
1730 4904 1831 4958 fide
1885 4905 1986 4959 Do-

423 4997 564 5051 mino
590 4995 769 5065 genui,
802 4995 913 5049 bare
939 5004 1045 5049 tota
1077 4996 1235 5049 animi
1263 5004 1315 5049 et
1337 5007 1516 5050 sancta
1548 4998 1836 5051 intentione
1870 5011 1986 5051 scr-

422 5098 630 5153 vantes,
652 5088 854 5158 optimo
881 5089 1219 5159 perfectoque
1250 5089 1372 5143 vitae
1402 5102 1558 5143 cursu
1586 5089 1743 5151 C(BIO,
1775 5099 1830 5143 ut
1856 5092 1988 5145 scri-

422 5197 565 5250 ptum
591 5194 695 5246 est,
741 5181 848 5235 vim
898 5180 1112 5245 faciant,
1138 5192 1192 5235 et
1242 5183 1547 5236 mansiones
1580 5193 1874 5251 pra-parent
1904 5184 1985 5236 di-

422 5277 538 5342 gnis
598 5289 657 5329 se
705 5272 1089 5327 habitatoribus
1134 5284 1472 5342 praeparatas.
1527 5272 1720 5341 Sicque
1767 5274 1857 5326 iiat
1900 5283 1980 5338 ut,

422 5368 691 5438 sequendo
718 5368 923 5436 Agnum
953 5380 1267 5434 quocunque
1307 5366 1445 5433 ierit,
1479 5365 1542 5419 ad
1578 5366 1674 5421 hoc
1704 5366 1987 5436 praesentia

424 5470 784 5527 contemnant,
809 5468 865 5514 ut
895 5458 1068 5513 futura
1099 5456 1369 5526 diripiant.

754 5575 930 5631 Csrur
959 5587 1181 5627 ratuuu.
1223 5569 1300 5625 De
1330 5571 1628 5626 obedientia.

501 5691 729 5747 Primum
762 5701 817 5747 ut
847 5690 1153 5757 monachus,
1179 5702 1334 5759 quem
1363 5688 1569 5758 proprie
1601 5694 1772 5741 manet
1804 5684 1992 5741 multas

2095 4812 2537 4867 fundamentum:
2590 4822 2648 4864 ut
2694 4810 2912 4878 impleat
2954 4810 3042 4864 illa
3087 4825 3207 4880 quin
3265 4810 3323 4865 Β.
3367 4812 3662 4879 Apostolus

2094 4920 2193 4957 nos
2217 4904 2467 4958 admonet
2502 4901 2851 4965 observanda,
2891 4900 3104 4971 quando
3136 4902 3388 4970 praeepit
3426 4901 3613 4956 dicens
3642 4921 3657 4955 :

2098 4997 2306 5053 Obedite
2347 4995 2631 5065 praepositis
2676 4994 2936 5060 vestris,et
2977 4992 3233 5065 subjacete
3252 4994 3326 5048 eis
3353 5008 3373 5046 :
3404 4995 3499 5063 ipsi
3524 4996 3662 5047 enim

2093 5090 2420 5158 pervigilant,
2450 5089 2597 5156 quasi
2623 5089 2865 5141 rationem
2911 5102 3001 5155 pro
3046 5086 3311 5140 animabus
3337 5087 3507 5140 vestris
3534 5087 3667 5142 red-.

2093 5181 2250 5231 ditari
2275 5218 2290 5243 ,
2319 5189 2372 5232 ut
2401 5195 2515 5232 cum
2543 5179 2731 5248 gaudio
2760 5182 2853 5230 hoc
2881 5177 3107 5248 faciant,
3155 5188 3202 5229 et
3243 5193 3341 5229 non
3377 5186 3662 5245 gementes;

2092 5269 2188 5323 hoc
2215 5271 2347 5324 enim
2376 5268 2574 5338 expedit
2598 5268 2733 5321 vobis
2764 5266 2947 5338 (Hebr.
2986 5272 3125 5336 xm).

2286 5377 2419 5445 Cap.
2455 5395 2513 5435 tt.
2555 5378 2634 5432 De
2668 5380 2963 5445 reverentia,
3002 5388 3190 5447 quanta
3226 5388 3465 5437 servatur.

2166 5492 2231 5548 Ut
2261 5492 2437 5545 abbati
2478 5490 2796 5546 omnimodis
2820 5491 3118 5545 reverentia
3165 5505 3195 5543 a
3227 5490 3431 5544 uinetis
3475 5503 3669 5544 amore

2097 5572 2369 5648 servetur;
2397 5594 2454 5637 ut
2486 5592 2540 5637 et
2581 5597 2732 5637 amor
2759 5584 3006 5637 ostendat
3036 5582 3394 5646 coocordiam,
3418 5592 3469 5635 et
3502 5582 3664 5634 timor

2103 5681 2311 5739 no‘verit
2336 5677 2685 5749 disciplinam.
2716 5677 2877 5737 Recte
2900 5679 3040 5733 enim
3072 5677 3285 5730 timetur
3311 5686 3364 5729 ut
3384 5674 3661 5739 dominus.
