4034 6166
370 290 463 342 961

1325 288 1380 341 5.
1425 285 1756 341 FERREOLI
1799 284 2072 344 REGULA
2130 288 2219 342 ΔΙ)
2262 285 2650 344 MONACIIOS.

3509 291 3610 345 96?.

369 408 422 448 et
448 405 653 448 amatur
680 407 733 447 ut
762 405 927 464 pater,
959 394 1044 451 cui
1074 405 1268 451 sancta:
1311 397 1735 466 congregationis
1763 412 1924 465 grege
1960 428 2004 483 Α
2032 400 2076 451 si
2108 400 2281 452 abbati
2313 402 2481 454 visum
2523 400 2679 454 fuerit
2724 400 3109 471 aliquantulum
3143 412 3462 471 temperare,
3510 423 3605 457 an-

364 503 655 543 comunsso
678 492 969 543 animarum
1003 492 1213 560 proprie
1246 507 1368 544 cura
1413 491 1690 544 mandatur
1723 508 1736 544 :
1769 507 1929 560 quem

370 582 668 635 sollicitudo
706 587 984 637 Commissa
1031 583 1263 652 quotidie
1316 600 1409 651 per
1460 585 1582 637 illntl
1645 585 1763 650 iter,
1796 582 1937 651 quod

370 684 454 726 est
493 674 794 728 inevitabile
837 677 1135 739 morituris,
1183 689 1273 727 aut
1298 675 1457 727 traliit
1487 675 1551 728 ad
1582 690 1818 744 prenam,
1850 684 1939 727 aut

372 766 614 833 perdtnit
653 768 716 817 ad
775 767 1027 835 gloriam;
1070 768 1276 821 dicente
1330 769 1643 835 Scriptura:
1682 766 1775 819 Cui
1822 768 1938 837 plus

371 861 777 927 commendatur,
836 863 1007 929 utique
1030 863 1141 931 plus
1165 861 1240 918 :ab
1265 877 1322 913 eo
1362 861 1582 930 exigitur
1620 858 1769 931 (Luc.
1815 862 1933 927 xu).

368 953 629 1005 Similiter
660 954 818 1005 etiam
845 958 1115 1021 aperiente
1141 952 1290 1005 nobis
1337 952 1627 1021 Evangelio
1672 967 1763 1020 per
1788 951 1937 1004 simi-

366 1042 646 1096 litudinem
685 1042 948 1111 parabolas
975 1044 1286 1107 veritatem,
1335 1043 1419 1095 tibi
1467 1042 1658 1109 legitur
1709 1043 1939 1109 quinque

371 1146 530 1186 servo
576 1137 769 1187 talenta
814 1132 1069 1187 Dominus
1095 1133 1407 1199 tradidisse;
1439 1148 1491 1186 et
1542 1135 1659 1201 quia
1697 1134 1939 1201 superla-

370 1232 549 1276 cratus
598 1223 705 1277 alia
747 1224 1012 1293 quinque,
1057 1239 1086 1277 a
1149 1224 1373 1278 Domino
1424 1235 1659 1278 meretur
1687 1225 1875 1279 audire
1920 1241 1934 1278 :

372 1313 539 1386 Euge,
568 1331 708 1369 serae
737 1316 863 1369 boue
886 1327 931 1371 et
957 1317 1148 1385 ﬁdelis,
1182 1318 1303 1381 quia
1329 1333 1479 1383 super
1516 1333 1675 1385 pauca
1702 1318 1848 1386 fuisti
1875 1317 1939 1385 ﬁ-

365 1410 499 1464 delis
534 1409 676 1474 mihi,
724 1425 875 1480 super
903 1413 1062 1463 multa
1092 1419 1140 1463 te
1163 1410 1465 1463 constituant
1496 1425 1514 1463 :
1546 1411 1680 1463 intra
1707 1411 1763 1464 in
1808 1425 1938 1480 gau-

363 1501 510 1555 dium
559 1498 764 1555 Domini
814 1504 887 1553 tui
936 1500 1147 1570 (Matth.
1183 1510 1345 1571 xxv).

816 1614 943 1670 (ΞΑΡ.
984 1632 1061 1671 ut.
1107 1616 1179 1670 De
1215 1619 1479 1671 charitate.

443 1726 625 1781 Tertio
663 1727 715 1781 in
759 1728 876 1782 loco
905 1738 1117 1797 pr0pter
1148 1730 1316 1801 ipsum
1346 1736 1503 1786 etiam
1542 1743 1805 1787 sacratum
1839 1749 1936 1788 nu-

374 1835 578 1874 merum
618 1820 911 1883 Trinitatis,
956 1836 1176 1877 matrem
1225 1826 1461 1879 omnium
1507 1826 1757 1880 virtutum
1794 1828 1933 1883 inse-

374 1910 591 1965 rendam
624 1912 917 1979 putavimus
945 1912 1258 1969 cbaritatem
1292 1933 1304 1969 :
1337 1932 1492 1985 quam
1526 1918 1811 1987 ApOstolus
1846 1919 1934 1973 tali

372 2016 500 2058 ante
552 2018 739 2058 onmes
783 2007 1002 2065 virtutes
1056 2007 1209 2062 laude
1258 2011 1592 2078 prosequitur
1635 2029 1647 2063 :
1701 2010 1934 2067 Charitas

375 2107 472 2146 non
498 2094 601 2163 agit
624 2109 888 2163 perperam
916 2110 933 2147 :
963 2097 1183 2149 charitas
1219 2113 1479 2165 nunquam
1505 2086 1690 2153 excidit
1714 2098 1765 2168 (Ι
1812 2102 1930 2155 Cor.

376 2183 538 2251 xm);
591 2193 646 2239 et
718 2184 909 2238 iterum
963 2202 976 2237 :
1025 2184 1258 2241 Charitas
1294 2192 1519 2254 conperit
1565 2192 1935 2245 multitudinem

346 2296 347 2301 η
374 2284 693 2342 peccatorum
741 2273 793 2345 (Ι
826 2275 969 2329 Petr.
1002 2277 1102 2343 iv).
1134 2277 1266 2331 Huic
1300 2294 1427 2348 ergo
1455 2290 1720 2348 prmeepto
1747 2299 1934 2337 mona-

376 2364 495 2417 chis
522 2364 771 2419 convenit
797 2365 1087 2429 inita-rere,
1116 2368 1186 2419 ita
1214 2379 1272 2421 ut
1310 2369 1456 2423 multi
1496 2373 1784 2424 secundum
1814 2373 1937 2426 hea-

375 2464 488 2507 tum
520 2457 825 2524 Apostolum
871 2473 1032 2510 unum
1061 2473 1254 2527 corpus
1296 2462 1595 2516 efficiantur
1636 2479 1684 2516 tu
1727 2464 1935 2518 Christo

373 2544 426 2614 (Ι
456 2543 576 2600 Cor.
601 2546 693 2614 xu)
714 2590 729 2614 ,
753 2559 807 2602 et
835 2548 1115 2616 impleatur
1143 2551 1193 2604 in
1220 2551 1326 2604 illis
1352 2552 1491 2621 quod
1523 2553 1680 2607 lectio
1712 2557 1934 2610 Actttum

373 2636 774 2702 apostolorum,
822 2637 973 2706 quasi
1018 2639 1263 2693 omnibus
1312 2643 1558 2709 exemplo
1616 2644 1889 2710 praemisso
1917 2687 1931 2710 ,

366 2727 677 2792 specialiter
725 2739 898 2782 tamen
949 2728 1337 2799 Religiosorum
1386 2734 1554 2785 oculis
1615 2736 1935 2799 anteponit:

375 2816 504 2870 Erat
531 2818 631 2872 illis
658 2833 744 2871 cor
773 2835 928 2872 unum
966 2831 1012 2874 et
1038 2822 1211 2873 anima
1255 2838 1359 2875 una
1389 2823 1525 2891 (Act.
1557 2824 1653 2892 tv).
1687 2826 1751 2877 Et
1805 2826 1936 2879 illud

374 2913 425 2963 in
472 2910 606 2964 libro
648 2912 1008 2967 l’salmorum:
1062 2912 1215 2979 Deus,
1247 2916 1335 2981 qui
1382 2915 1607 2969 habitare
1650 2918 1777 2986 faris
1809 2934 1936 2970 una-

372 3004 532 3055 nimes
561 3003 613 3055 in
659 3002 809 3055 domo
855 3004 873 3072 (
898 3004 1040 3057 νισι.
1090 3004 1290 3075 vau).
1340 3005 1646 3061 Cavendum
1687 3018 1770 3062 est
1810 3023 1936 3077 ergo

369 3107 469 3162 per
492 3094 667 3146 omnia
699 3096 959 3149 monacho
1007 3112 1074 3149 ue
1122 3096 1321 3165 aliquid
1371 3098 1658 3151 simultatis
1707 3110 1797 3152 aut
1824 3100 1932 3154 odii

372 3188 453 3242 vel
477 3188 638 3241 corde
657 3198 828 3258 gelat,
853 3190 936 3243 vel
980 3205 1142 3259 Opere
1192 3192 1446 3260 proferat,
1504 3196 1583 3247 vel
1642 3195 1718 3247 ira
1767 3196 1934 3251 victus

366 3283 616 3336 ostendat
647 3300 661 3337 :
699 3295 912 3351 propter
956 3283 1087 3336 illud
1128 3284 1266 3352 quod
1310 3286 1439 3341 dicit
1470 3286 1795 3355 Apostolus:
1844 3285 1935 3338 Ira

368 3372 454 3425 cui
477 3394 499 3420 ε.
524 3372 618 3424 uiri
636 3372 891 3442 justitiam
923 3371 1015 3425 Dei
1046 3388 1146 3426 non
1183 3387 1421 3443 operatur
1443 3375 1579 3446 (Jac.
1612 3381 1705 3445 t);
1734 3385 1786 3429 ct
1811 3377 1935 3431 illud

368 3461 749 3531 sapientissimi
796 3464 1141 3519 Salomonis:
1192 3465 1284 3518 Ira
1333 3469 1386 3519 in
1437 3477 1603 3521 ventre
1672 3469 1936 3538 requiescit

366 3556 513 3608 stulti
543 3554 872 3626 (Eccls.vn);
919 3571 1019 3611 nec
1061 3571 1166 3610 non
1192 3566 1247 3611 et
1276 3557 1400 3612 illud
1432 3560 1669 3628 Apostoli
1702 3577 1714 3611 :
1757 3559 1934 3613 Omnis

364 3647 679 3709 amaritudo.
708 3657 758 3701 et
798 3648 897 3711 ira,
929 3656 976 3701 et
1018 3649 1325 3719 indignatio,
1356 3659 1406 3703 et
1451 3653 1667 3715 clamor,
1713 3662 1758 3705 et
1800 3652 1935 3705 blas-

369 3738 570 3804 phemia
596 3740 803 3792 tollatur
829 3755 861 3792 a
889 3738 1026 3792 vobis
1053 3754 1167 3792 cunt
1195 3740 1331 3793 omni
1369 3742 1562 3795 malitia
1589 3741 1804 3812 (Ep/tes.
1830 3747 1930 3812 tv).

362 3850 495 3907 Car.
538 3867 608 3906 iv.
651 3850 735 3906 Ne
761 3851 868 3905 ulla
896 3853 1077 3906 mulier
1111 3853 1164 3907 in
1202 3856 1562 3908 monasterium
1591 3856 1929 3929 ingrediatur.

438 3962 572 4017 Illud
615 3978 841 4033 namque
870 3963 1205 4018 statuendum
1233 3973 1529 4035 opportune
1558 3968 1844 4034 credimus,
1876 3980 1932 4024 ut

366 4055 508 4108 nulla
557 4056 765 4124 penitus
814 4056 1003 4110 mulier
1041 4058 1104 4110 ad
1147 4067 1548 4123 monastenum,
1582 4061 1786 4114 etiamsi
1832 4077 1929 4130 pro

362 4149 452 4203 dit.
474 4149 650 4203 ctione
678 4159 928 4215 expetere
964 4150 1226 4219 videatur,
1255 4152 1491 4207 accedat.
1522 4153 1784 4209 Similiter
1809 4173 1926 4211 eam

360 4256 393 4294 e
420 4242 520 4292 iam
552 4239 815 4307 religiosis
846 4241 1056 4296 feminis
1081 4243 1163 4295 vel
1191 4245 1399 4312 puellis,
1435 4261 1498 4299 ne
1519 4261 1621 4313 qua
1661 4247 1797 4301 forte
1827 4264 1924 4302 ex-

361 4333 565 4385 cusatio
603 4332 778 4386 minus
806 4333 1217 4399 intelligentibus
1253 4336 1604 4407 relinquatur,
1638 4340 1925 4394 accedendi

361 4422 631 4478 [centiam
660 4433 990 4491 amputamus
1022 4443 1033 4477 :
1067 4427 1185 4494 quia
1231 4443 1335 4481 non
1365 4439 1539 4497 potest
1584 4430 1840 4484 habitatio
1871 4434 1922 4487 in

361 4515 574 4582 longum
609 4529 728 4568 esse
755 4530 959 4579 secura,
994 4516 1206 4571 inimico
1253 4522 1512 4587 proximo,
1547 4522 1630 4575 vel
1666 4525 1816 4578 ltOSle
1845 4525 1922 4578 vi-

360 4622 482 4661 ctno
512 4624 525 4663 :
577 4611 865 4675 prie-enim
895 4623 1012 4662 cum
1060 4610 1112 4663 in
1144 4612 1359 4665 dubium
1385 4617 1583 4676 veniat,
1614 4619 1730 4684 quis
1772 4616 1926 4672 hoste

361 4701 569 4765 [mltlif‘tt
606 4714 659 4755 et
699 4711 904 4756 secreta
948 4718 1116 4767 pugna
1166 4706 1454 4757 vincatur:
1508 4709 1595 4759 ubi
1639 4706 1749 4776 jam
1795 4710 1924 4763 nihil

356 4791 405 4846 Il
430 4792 496 4844 ad
529 4808 683 4859 quam
724 4803 815 4847 aut
856 4810 1065 4849 vincere
1094 4797 1161 4848 sit
1198 4805 1289 4849 aut
1335 4796 1526 4864 perire.
1573 4798 1677 4853 Sed
1712 4804 1866 4868 longe
1896 4818 1923 4853 a

358 4881 700 4949 monasterio,
728 4888 1013 4955 quemlibet
1050 4887 1272 4943 fratrum
1318 4893 1538 4943 evidens
1569 4906 1727 4945 causa
1760 4895 1921 4947 collo-

355 4992 535 5041 quium
565 4991 683 5029 cum
730 4980 937 5031 lemiuis
976 4979 1232 5032 duntaxat
1278 4980 1517 5035 honestis
1548 4982 1749 5035 habere
1776 4968 1923 5036 coin-

354 5067 568 5135 pulerit,
601 5067 801 5121 sciente
832 5071 913 5122 vel
948 5073 1283 5137 permittente
1322 5072 1534 5135 abbate,
1577 5082 1633 5124 et
1662 5072 1921 5128 adhibitis

354 5161 595 5221 testibus,
638 5160 687 5213 id
712 5167 814 5225 est,
837 5160 1034 5229 junctis
1080 5176 1258 5217 secum
1290 5163 1497 5217 duobus
1536 5180 1598 5218 ex
1634 5164 1912 5231 fratribus,

350 5253 611 5319 accipiant
642 5251 906 5304 licentiam
933 5251 1267 5320 colloquendi
1300 5269 1313 5303 :
1349 5255 1417 5306 ita
1449 5265 1626 5307 tamen
1657 5266 1713 5308 ut
1742 5255 1910 5311 abbas

350 5353 564 5392 causam
586 5340 653 5393 de
681 5355 781 5408 qua
808 5342 1089 5393 collocatio
1110 5341 1393 5403 exstiterit,
1426 5359 1531 5396 non
1574 5343 1785 5413 ignoret
1803 5384 1817 5397 .

421 5450 548 5507 Car.
592 5469 641 5507 ν.
686 5451 762 5507 De
806 5470 864 5508 eo
892 5456 979 5524 qui
1017 5456 1290 5527 minuchus
1316 5473 1420 5510 esse
1457 5458 1588 5523 vult,
1626 5458 1849 5527 qualiter

995 5526 1281 5593 recipiatur.

424 5617 625 5685 Siquis
674 5619 848 5670 veniat
877 5618 1182 5687 religionevn
1226 5627 1481 5684 expetens
1525 5619 1904 5673 illllltailt’l‘illlll

354 5710 661 5769 inmaturus.
697 5710 792 5764 nisi
834 5711 1011 5771 elapso
1036 5715 1185 5773 prius
1258 5712 1344 5764 uni
1371 5713 1601 5774 circulo;
1638 5713 1715 5764 VcI
1740 5723 1907 5777 certe,

2042 501 2252 559 tequam
2282 508 2376 546 sex
2422 495 2681 548 mensium
2724 496 2929 549 dierum
2977 513 3227 553 numerus
3255 499 3611 568 compleatur.

2042 585 2422 637 monachorum
2447 588 2798 640 Contubernio
2836 603 2938 640 non
2963 587 3248 658 jungatur:
3288 600 3346 643 ut
3376 592 3426 644 in
3455 601 3607 645 tanto

2039 674 2209 740 spatio
2244 672 2605 742 ignorantibus
2651 678 2822 744 qualis
2861 678 2929 730 sit
2977 678 3179 731 futurus
3229 681 3506 741 ostendat;
3554 691 3610 734 et

2039 763 2286 817 diuturna
2318 766 2688 821 observatione
2725 768 2931 822 clarere
2978 771 3162 837 possit.
3196 770 3239 824 si
3266 772 3386 839 quid
3428 787 3608 826 secum

2037 854 2368 909 crudelitatis
2389 857 2640 911 attulerit.
2674 858 2741 911 At
2762 874 2887 913 vero
2915 860 3127 929 quando
3154 860 3299 929 prius
3329 865 3392 915 ad
3426 878 3612 916 mutn-

2039 949 2259 1002 sterium
2286 950 2446 1015 venit,
2479 961 2532 1003 et
2561 952 2723 1018 recipi
2749 966 2806 1004 se
2831 952 2882 1005 in
2913 969 3135 1006 numero
3169 954 3399 1021 postulat
3422 942 3602 1008 numa-

2038 1040 2295 1105 cboruin,
2347 1042 2700 1110 interrogetur
2744 1052 2918 1096 utrum
2965 1045 3097 1097 liber
3143 1048 3212 1099 sit
3249 1062 3262 1098 :
3299 1060 3397 1099 nec
3435 1047 3613 1099 abbati

2040 1132 2211 1200 prima
2240 1146 2360 1187 cum
2390 1134 2726 1198 satisfecerit,
2748 1134 3030 1189 subsecuta
3058 1136 3331 1204 reSpousio
3360 1136 3573 1204 adjiciat
3598 1153 3610 1187 :

2037 1223 2085 1277 si
2116 1224 2258 1278 nulla
2290 1234 2483 1294 praeter
2512 1228 2807 1282 devouonis
2831 1242 3044 1281 causam
3084 1232 3384 1296 compulsus
3412 1245 3609 1283 mona-

2037 1315 2259 1369 sterium
2309 1317 2519 1370 duxerit
2565 1317 2943 1386 expetendum.
2993 1318 3118 1371 Post
3162 1319 3261 1371 hoc
3291 1320 3603 1372 moaastcrii

2038 1404 2224 1474 regula
2268 1405 2477 1460 abbatis
2528 1406 2575 1460 ei
2621 1407 2859 1474 iussione
2893 1407 3097 1476 legatur
3131 1425 3142 1458 :
3178 1417 3234 1460 ut
3262 1409 3607 1476 imp0sterum

2038 1496 2171 1550 nihil
2198 1512 2389 1551 novum
2418 1498 2501 1551 vel
2531 1499 2860 1562 inusitatum,
2893 1511 2984 1552 aut
3020 1498 3064 1552 si
3108 1499 3442 1553 discessurus
3474 1516 3609 1567 pia:-

2038 1598 2241 1654 tereat;
2291 1599 2390 1662 aut.
2422 1591 2464 1645 si
2504 1606 2814 1655 mansurus,
2865 1602 3142 1661 agnoscat.
3199 1591 3435 1646 Vicinam
3487 1603 3611 1645 tunc

2037 1684 2362 1737 monasterio
2398 1683 2667 1745 cellulam.
2708 1685 2833 1737 dum
2863 1693 3232 1753 pernoctatum
3279 1693 3486 1753 tempus
3516 1687 3610 1737 ob-

1965 1798 2010 1860 B
2034 1784 2233 1837 servat,
2263 1772 2506 1842 accipiat,
2539 1778 2843 1844 victumque
2865 1775 3230 1841 quotidianum
3267 1787 3296 1826 a
3342 1783 3609 1827 monaste-

2040 1866 2141 1930 rio,
2185 1868 2232 1919 si
2278 1867 2418 1920 inter
2462 1865 2696 1935 reliquos
2730 1875 3002 1933 operetur,
3044 1873 3361 1934 exspectet:
3394 1863 3609 1918 lectioni

2037 1965 2159 2009 ante
2180 1957 2354 2008 omnia
2381 1965 2435 2009 et
2458 1956 2682 2010 orationi
2712 1955 2843 2009 dans
2869 1969 3107 2024 operam,
3138 1967 3189 2008 ut
3212 1954 3460 2023 dignetur
3480 1966 3601 2007 eum

2038 2047 2129 2101 ille
2180 2049 2520 2116 mnuipotens
2566 2058 2834 2102 scrutator
2881 2048 3073 2100 auinue
3121 2047 3467 2116 cognitorque
3521 2063 3608 2098 se-

2035 2148 2193 2191 creta:
2232 2140 2443 2193 familia:
2470 2153 2581 2192 suae
2621 2140 2825 2194 meritis
2850 2154 3015 2193 sacra:
3042 2139 3474 2207 congregationis
3514 2153 3608 2187 au-

2037 2242 2340 2292 numerare.
2372 2237 2426 2283 et
2457 2229 2566 2297 flat,
2614 2231 2749 2284 sicut
2778 2230 3033 2297 scripturn
3081 2239 3185 2295 est,
3216 2245 3346 2282 unus
3388 2244 3509 2299 grex
3559 2237 3602 2281 et

2035 2336 2165 2375 unus
2196 2321 2379 2375 Pastor
2409 2322 2588 2392 (.Ioan.
2619 2323 2699 2393 ι).

2034 2428 2181 2493 Cir.
2205 2448 2274 2484 vt.
2321 2432 2387 2487 Ut
2422 2433 2592 2486 nullus
2630 2434 2904 2487 monachus
2944 2434 3021 2487 vel
3065 2434 3276 2488 clericus
3319 2434 3607 2489 retinendus

2664 2523 2965 2586 recipiatur.

2105 2635 2415 2689 Monachum
2453 2636 2671 2689 omnino
2703 2636 2820 2689 sive
2847 2635 3100 2691 clericum
3128 2635 3350 2690 alterius
3384 2635 3480 2688 loci
3519 2637 3601 2687 vel

2035 2727 2343 2782 monaSterii
2374 2727 2536 2794 recipi
2568 2727 2665 2780 sub
2690 2727 2918 2793 qualibet
2948 2741 3104 2781 causa
3132 2727 3379 2782 nolumus
3406 2769 3419 2791 ,
3449 2730 3607 2779 inter-

2034 2817 2298 2880 dicimus,
2352 2817 2692 2885 prohibemus
2740 2834 2751 2870 :
2810 2800 3201 2886 prospicientes
3258 2817 3380 2871 talia
3436 2818 3607 2871 studia

2035 2909 2333 2971 cltaritatis,
2384 2924 2451 2962 ne
2491 2922 2686 2962 novum
2732 2907 2943 2975 aliquod
2977 2908 3111 2960 forte
3146 2907 3454 2960 scandalum
3493 2920 3607 2960 Sur-

2034 3011 2218 3071 gentes
2244 3000 2515 3054 inducant.
2548 2998 2684 3074 Dicit
2708 2998 2848 3051 enim
2878 2998 3148 3066 Scriptura
3180 3015 3191 3050 :
3230 2996 3493 3066 Quidquid
3521 3000 3608 3048 tibi

2035 3111 2135 3147 non
2161 3093 2254 3158 vis,
2286 3093 2375 3147 alii
2397 3109 2495 3145 non
2525 3091 2700 3161 feceris
2732 3090 2882 3158 (Tob.
2912 3107 3006 3159 IV).
3040 3090 3171 3143 Hinc
3197 3089 3337 3143 enim
3372 3091 3569 3155 plerum
3590 3118 3607 3128 -

1964 3165 2008 3226 (ἶ
2038 3201 2142 3255 que
2182 3202 2287 3240 non
2322 3194 2522 3238 tantum
2554 3185 2690 3238 inter
2722 3183 2965 3247 abbates,
2996 3184 3089 3237 sed
3118 3183 3275 3236 etiam
3324 3183 3461 3236 inter
3497 3198 3607 3234 ntu-

2038 3277 2268 3331 nasteria
2296 3278 2413 3332 lites
2445 3277 2764 3330 insanabiles
2793 3276 3072 3338 oriuntur;
3104 3274 3227 3328 dum
3264 3288 3398 3328 unus
3426 3272 3607 3326 nititur

2034 3367 2318 3439 defendeie
2350 3382 2504 3435 quem
2535 3366 2788 3434 suscepit,
2819 3366 2956 3420 alter
2994 3378 3241 3419 revocare
3289 3379 3444 3428 quem
3485 3379 3608 3432 per-

2016 3458 2166 3531 .didit
2196 3476 2209 3510 :
2242 3469 2295 3513 et
2338 3458 2401 3511 ad
2444 3466 2761 3518 extremum,
2823 3456 2920 3509 nisi
2973 3455 3226 3509 reddatur
3275 3455 3350 3509 illi
3396 3456 3608 3524 petitori

2035 3552 2246 3620 petitus,
2275 3560 2329 3604 et
2358 3549 2442 3604 isti
2474 3548 2790 3603 restauratio
2817 3549 3013 3614 recepti
3036 3547 3323 3614 placaverit
3351 3547 3641 3614 injuriam._

2032 3651 2322 3710 aeceptam,
2355 3657 2509 3711 quam
2552 3650 2744 3708 potest,
2798 3641 2875 3705 fit,
2927 3651 3115 3693 utnon
3147 3640 3437 3693 secundum
3483 3642 3607 3693 bene

2035 3744 2143 3788 tum
2176 3734 2482 3795 Apost-ilum
2533 3732 2709 3802 (liam.
2750 3740 2868 3797 xu),
2904 3732 3115 3807 vincant
3140 3731 3193 3785 in
3221 3732 3361 3785 bono
3383 3733 3603 3796 malum,

2032 3828 2123 3882 sed
2171 3830 2352 3897 utique
2399 3826 2524 3881 mali
2568 3826 2846 3881 vincantur
2887 3841 2992 3880 uno
3033 3826 3194 3880 malo.
3227 3827 3473 3880 Attamen
3505 3842 3604 3879 nec

2033 3922 2161 3977 illud
2194 3921 2618 3993 przetereundum
2655 3920 2979 3984 cenSuimns,
3024 3928 3081 3972 ut
3107 3920 3151 3972 si
3198 3917 3334 3972 forte
3381 3918 3597 3971 alterius

2030 4013 2152 4077 loci,
2194 4024 2251 4067 ut
2297 4029 2455 4080 supra
2505 4011 2633 4075 dixi,
2683 4010 2976 4063 monachus
3022 4008 3135 4064 sive
3159 4008 3384 4063 clericus
3411 4011 3603 4075 scripta

2026 4105 2236 4159 abbatis
2271 4105 2352 4159 vel
2398 4103 2633 4172 episcopi
2664 4103 2744 4155 sui
2795 4101 3020 4163 deferat,
3054 4100 3108 4154 iu
3135 4100 3288 4170 queis
3330 4100 3607 4154 manifeste

2028 4194 2300 4263 probetur,
2331 4209 2435 4248 non
2474 4203 2692 4263 promer
2739 4192 2867 4246 vitia
2913 4192 3200 4254 cavendus,
3252 4191 3345 4245 sed
3389 4197 3605 4261 propter

2025 4290 2336 4344 cbaritatem
2371 4288 2462 4343 Dei
2494 4288 2707 4353 missus,
2750 4288 2863 4356 ipse
2894 4296 3096 4340 tantum
3122 4285 3302 4340 socius
3334 4284 3447 4340 fieri
3470 4298 3599 4337 cou-

2026 4379 2348 4450 grcgationis
2377 4379 2633 4433 obtineat.
2668 4378 2722 4433 Si
2770 4389 2946 4432 tamen
2992 4378 3134 4432 Credi
3170 4378 3277 4430 ullo
3324 4376 3482 4429 modo
3504 4391 3593 4443 po.

2028 4480 2155 4534 test,
2208 4471 2346 4523 bono
2386 4485 2483 4524 suo
2534 4485 2799 4538 quemque
2847 4470 2982 4523 velle
3022 4467 3329 4536 exspoliari.
3361 4475 3414 4521 et
3441 4468 3600 4519 alium

1952 4544 2001 4603 D
2027 4578 2117 4615 sua
2151 4562 2384 4615 nuditate
2410 4562 2618 4615 chtiri.

2028 4678 2154 4732 CAP.
2199 4693 2288 4730 vlt.
2334 4675 2409 4729 De
2458 4675 2859 4728 ttturmttratione
2909 4675 3011 4727 sive.
3059 4671 3368 4726 deiractione
3425 4686 3601 4722 mona-

2692 4769 2925 4820 chorum.

2104 4884 2171 4940 Ut
2191 4884 2387 4938 nullius
2416 4882 2469 4937 in
2499 4880 2914 4951 congregatione
2938 4892 3178 4932 murtnur
3200 4890 3292 4930 seu
3320 4874 3596 4931 detractio,

2028 4977 2167 5045 quod
2194 4976 2662 5031 familiari~simum
2694 4973 2894 5026 habent
2923 4970 3193 5033 monachi,
3229 4978 3414 5022 contra
3439 4969 3599 5018 abba-

2029 5080 2136 5124 tem
2161 5079 2252 5122 aut
2289 5067 2578 5137 quemlibet
2614 5066 2774 5119 alium
2802 5063 2873 5118 de
2935 5063 3187 5117 fratribus
3217 5062 3458 5116 audiatur
3490 5077 3501 5111 :
3534 5075 3600 5114 ne

2029 5164 2105 5215 ira
2141 5161 2253 5223 Dei.
2289 5174 2409 5229 quae
2434 5173 2575 5227 saepe
2603 5158 2673 5212 ob
2719 5157 2856 5210 hanc
2887 5157 3095 5225 culpam
3129 5153 3480 5208 miserabi'em
3515 5166 3600 5218 po.

2030 5251 2211 5319 pulum
2251 5248 2649 5313 condemnavit,
2693 5250 2743 5302 in
2785 5247 3135 5314 perditionem
3174 5242 3418 5298 similiter
3456 5257 3599 5295 mur-

2031 5340 2347 5394 murantium
2383 5340 2552 5391 turba:
2579 5338 2840 5391 excitetur
2868 5355 2880 5388 :
2910 5349 2958 5391 et
2992 5346 3187 5390 terram
3228 5332 3598 5403 repromissio-

2031 5434 2132 5491 nis.
2164 5448 2319 5503 quam
2361 5446 2458 5485 nos
2488 5439 2630 5486 recte
2660 5430 2949 5497 accipimus
2986 5430 3159 5484 locum
3201 5429 3388 5481 futurae
3430 5424 3599 5478 beati-

2029 5523 2245 5585 tudinis,
2281 5524 2467 5589 perdat
2510 5525 2858 5575 tuurmuratin
2902 5523 3136 5589 propria,
3183 5536 3301 5587 qua:
3340 5517 3597 5570 debeatur

2026 5617 2315 5680 Sponsione
2346 5615 2545 5669 divina.
2594 5614 2688 5669 Hic
2732 5616 2872 5669 enim
2918 5613 3248 5667 damnandos
3292 5612 3446 5678 hujus
3484 5611 3594 5663 vitii

2025 5716 2315 5760 sectatores
2342 5709 2573 5777 psalmus
2604 5709 2921 5763 annuntiat:
2960 5706 3314 5761 Detrah‘ntem
3349 5709 3595 5758 adversus
