4034 6166
450 377 549 436 9ῧῦ

1378 364 1712 421 ΑΡΡΕΝΒΙ(
1754 367 1841 418 ΑΒ
1879 361 2105 419 OPERA
2145 364 2199 420 S.
2245 365 2302 420 P.
2346 362 2729 420 BENEDICTI.

3586 365 3695 416 ﬁlii

453 493 738 564 proximum
796 502 938 540 suum
995 483 1186 537 occulte
1213 525 1227 547 ,
1281 480 1416 534 hunc
1465 479 1793 549 persequebar
1842 475 2011 548 (Psal.
2045 481 2089 540 Α
2123 475 2315 531 militer
2337 477 2497 530 etiam
2529 477 2613 530 his
2634 477 2722 546 qui
2745 482 2988 547 pastores
3011 487 3286 544 pecorum,
3315 483 3370 526 ut
3399 481 3479 527 est
3506 479 3695 534 moris.

445 592 558 652 cx).
605 585 667 638 Et
711 583 900 635 iterum
944 592 1169 644 arguens
1213 573 1495 642 Apostolus
1541 571 1712 626 diett:
1757 568 2015 624 Susurro~

452 696 558 744 nes,
592 678 916 736 detructores,
965 668 1072 722 Deo
1117 667 1327 721 odibiles
1359 665 1534 736 (Rom.
1597 664 1660 732 ι).
1695 662 1762 716 Et
1799 662 2014 728 iterum,

452 770 524 826 Ili
562 777 677 824 sunt
721 770 1118 819 murmuratores
1146 758 1423 827 querulosi,
1455 755 1731 810 secundum
1761 753 2020 807 desideria

454 875 544 913 sua
583 858 931 922 ambulantes,
999 866 1046 908 et
1084 869 1138 907 os
1184 855 1390 906 illorum
1459 850 1682 919 loquitur
1728 845 2014 915 superbiam

477 954 606 1007 Jud.
644 951 748 1021 16).

455 957 606 1024 (Iud.
644 957 748 1021 is).

594 1065 721 1120 Car.
761 1079 874 1117 vui.
914 1059 988 1113 De
1023 1059 1256 1128 superbia
1295 1057 1372 1110 vel
1401 1056 1616 1110 elatione
1649 1052 1876 1107 vitanda.

531 1180 597 1235 Ut
629 1179 788 1233 elatio
817 1176 1166 1244 superbiaque
1205 1171 1475 1226 monachis
1515 1171 1732 1225 omnino
1761 1171 2018 1234 vitentur,

460 1288 525 1326 ne
547 1272 797 1341 jactantia
823 1270 978 1322 cadat
1011 1267 1114 1330 sui,
1147 1279 1363 1334 prop'er
1397 1265 1558 1318 Deum
1588 1262 1892 1317 sublimitas
1925 1262 2023 1314 de-

460 1375 709 1433 ponatur.
738 1361 979 1428 Alijectio
1019 1370 1071 1412 et
1111 1357 1382 1410 humilitas
1407 1353 1623 1424 grandis
1664 1353 1889 1406 altitudo
1920 1360 2020 1406 est.

461 1459 606 1512 Alias
637 1469 762 1508 vero
795 1451 916 1518 quid
943 1450 1042 1504 erit
1070 1449 1350 1516 reliquisse
1383 1446 1654 1509 saeculum,
1684 1446 1725 1498 si
1757 1461 1784 1496 ιι
1816 1459 1872 1497 se
1910 1442 2026 1511 ejus

462 1565 566 1602 non
598 1545 882 1600 absciderit
919 1541 1243 1595 vanitatem?
1275 1539 1409 1606 Quid
1461 1538 1749 1590 solitariam
1799 1539 2025 1604 elegisse

461 1642 648 1705 vitam,
679 1637 721 1691 si
746 1636 1060 1690 intrinsecus
1091 1641 1289 1685 tumeat
1325 1629 1525 1683 corde"
1551 1628 1685 1694 Quid
1721 1626 1918 1680 humile
1949 1627 2027 1679 in-

461 1745 544 1787 est
594 1731 858 1801 profectus
900 1729 955 1780 in
1004 1726 1194 1794 capite,
1241 1725 1282 1776 si
1330 1724 1437 1775 cito
1464 1735 1491 1772 a
1521 1735 1580 1774 se
1615 1721 1726 1772 hinc
1757 1719 1890 1771 maia
1923 1733 2026 1770 non

461 1825 684 1896 rejiciet.
732 1823 962 1893 quivult
999 1822 1237 1873 invenire
1280 1830 1384 1886 quo
1429 1813 1602 1878 cadat,
1653 1826 1844 1866 cavens
1875 1810 2029 1864 terri-

2119 566 2186 622 de
2213 568 2625 637 coogregatione
2657 568 2955 632 mittentur,
2989 581 3131 619 cura:
3175 567 3277 620 erit
3324 579 3516 620 vacare
3555 568 3698 634 psal-

2122 662 2224 714 mis
2248 672 2302 715 ut
2330 661 2512 716 caeteri
2540 675 2553 712 :
2582 675 2650 716 ne
2688 659 2741 714 in
2773 660 2822 713 id
2864 660 3008 730 quod
3047 660 3217 726 majus
3241 667 3324 712 est
3352 658 3588 712 minores
3622 660 3700 710 in-

2121 753 2422 816 veniantur,
2449 760 2504 807 et
2534 751 2586 805 in
2644 750 3010 805 confusionem
3053 749 3136 803 sui
3185 747 3314 802 illud
3369 749 3451 802 eis
3489 757 3700 814 aptetur

2120 844 2422 912 exemplum
2450 863 2463 898 :
2489 844 2741 896 Animalis
2761 851 2931 896 autem
2951 840 3100 895 homo
3127 855 3229 894 non
3261 839 3472 908 percipit
3498 855 3558 892 ea
3586 854 3700 909 qua!

2119 942 2234 987 sunt
2267 934 2491 1002 Spiritus
2525 933 2616 987 Dei
2647 930 2700 1002 (I
2728 930 2847 985 Cor.
2892 932 2973 1001 ιι).

2190 1046 2318 1101 Car.
2359 1062 2452 1101 xu.
2497 1045 2564 1101 Ut
2592 1045 2776 1116 psalmi
2805 1046 3002 1099 cunctis
3032 1043 3207 1098 diebus
3246 1043 3300 1096 in
3341 1043 3520 1096 ordine
3556 1041 3700 1110 psal-

2816 1137 3009 1190 lantur.

2195 1250 2264 1305 Ut
2284 1250 2430 1304 omni
2463 1259 2703 1317 tempore
2731 1250 2919 1318 psalmi
2954 1263 3119 1318 usque
3161 1247 3227 1302 ad
3263 1247 3418 1302 ﬁnem
3455 1247 3702 1302 Psalterii

2125 1341 2176 1394 in
2204 1342 2389 1394 ordine
2417 1339 2766 1394 decantentur
2793 1356 2806 1392 :
2851 1337 2954 1392 sibi
2986 1349 3163 1392 tamen
3191 1336 3453 1392 secretius
3481 1353 3706 1407 propter

2126 1435 2392 1502 propriam
2419 1432 2756 1507 mercedem;
2778 1438 3004 1500 excepto
3023 1429 3232 1495 publico
3261 1430 3518 1498 psallendi
3541 1445 3703 1485 cursu

2126 1525 2414 1588 dominico,
2468 1534 2725 1592 quantum
2777 1537 2870 1590 per
2916 1521 3155 1591 singulos
3202 1520 3339 1584 dies,
3388 1520 3495 1574 Deo
3525 1533 3702 1574 tamen

2126 1620 2356 1675 scienter
2385 1618 2566 1672 laudes
2592 1617 2781 1670 offerat
2803 1617 3008 1670 occulta
3041 1617 3416 1668 ruminatione.
3448 1613 3705 1669 Similiter

2125 1710 2284 1763 etiam
2311 1709 2628 1762 convenerit
2662 1705 2906 1760 oratione
2951 1704 3232 1773 subjuncta
3276 1704 3523 1757 noctibus
3565 1704 3707 1772 psal-

2126 1814 2334 1853 morum
2381 1798 2674 1868 frequentia
2726 1797 2969 1865 vigilare,
3004 1806 3060 1848 ιιι
3103 1795 3386 1864 impleatur
3427 1793 3594 1848 illud:
3641 1795 3708 1847 In

461 1873 1076 1981 bile-villitd‘rScripturx
1119 1873 1312 1964 divina;
1340 1927 1352 1962 :
1387 1905 1520 1960 Deus
1561 1873 1784 1976 superbis
1817 1906 2025 1969 resistit,

2138 1890 2215 1943 die
2235 1891 2447 1943 clamavi
2475 1900 2522 1942 et
2552 1899 2696 1943 nocte
2724 1903 2894 1941 coram
2923 1897 2968 1940 te
3005 1885 3176 1957 (Psal.
3229 1887 3500 1949 Lxxxvnl;
3541 1897 3594 1940 et
3640 1886 3707 1939 il-

462 2007 737 2061 huntilibus
785 2015 954 2056 autem
1003 2004 1087 2054 dat
1119 2001 1335 2069 gratiam
1387 2000 1436 2068 (l
1472 1997 1586 2051 Pet.
1618 1998 1694 2064 v).
1749 1996 1814 2050 Et
1857 1997 2027 2048 illud:

463 2102 694 2171 Superbo
735 2097 880 2150 oculo
913 2107 955 2148 et
980 2094 1258 2147 insatiabili
1288 2092 1463 2154 corde,
1493 2105 1606 2141 cum
1631 2087 1725 2140 hoc
1748 2085 1903 2140 simul
1932 2103 2030 2139 non

465 2193 675 2248 edebam
733 2188 901 2263 (Psal.
934 2190 1008 2257 ο).
1057 2187 1121 2239 Et
1161 2184 1283 2237 illttd
1318 2180 1556 2250 Apostoli
1597 2193 1701 2232 non
1741 2176 2032 2232 obliviosos

462 2284 691 2343 auditor,
718 2281 805 2350 qui
834 2279 959 2331 dicit
993 2295 1005 2329 :
1039 2275 1147 2328 Hoc
1172 2275 1365 2337 scitote,
1389 2272 1507 2343 quia
1533 2271 1583 2324 in
1609 2269 1892 2322 novissimis
1915 2269 2031 2320 die-

462 2377 554 2427 bus
606 2371 861 2425 instabunt
909 2380 1135 2438 tempora
1179 2364 1500 2434 periculosa;
1552 2369 1598 2414 et
1628 2368 1769 2413 erunt
1809 2358 2034 2411 homines

462 2468 651 2534 seipsos
701 2471 973 2525 amantes,
1023 2457 1216 2526 cupidi,
1262 2454 1412 2518 elati,
1459 2452 1708 2520 superbi,
1753 2447 2035 2518 blasphemi

461 2555 546 2628 (ll
581 2555 715 2610 'l'im.
746 2553 847 2619 tu),
881 2560 937 2605 et
965 2551 1164 2617 reliqua
1193 2561 1308 2616 qua:
1332 2554 1644 2615 sequuntur.

950 2660 1078 2714 CAP.
1121 2673 1194 2712 Ix.
1237 2655 1313 2710 De
1350 2655 1559 2709 invidia.

537 2778 812 2840 Invidiam,
841 2774 982 2844 quod
1012 2783 1096 2828 est
1122 2771 1409 2825 maximum
1441 2769 1648 2835 vitium,
1693 2775 1818 2823 ante
1850 2767 2028 2822 omnia

463 2871 756 2926 monachus
800 2868 1000 2921 foribus
1058 2863 1252 2918 mentis
1311 2861 1594 2926 excludat,
1659 2875 1757 2916 nec
1804 2860 2034 2929 patiatur

461 2961 819 3032 virginitatem
861 2957 1021 3011 animi
1047 2955 1258 3009 occulto
1303 2954 1475 3009 livore
1520 2953 1834 3022 corrumpi:
1887 2968 1953 3006 ne
1982 2952 2036 3005 in

467 3061 648 3107 mente
677 3067 771 3104 sua
803 3051 998 3104 bonum
1027 3061 1207 3101 semen
1237 3058 1484 3116 sparsum
1507 3053 1698 3100 enecet
1736 3044 2036 3098 adulterina

463 3142 772 3214 permixtio.
803 3141 907 3196 Sed
934 3149 1040 3194 stet
1062 3152 1273 3207 semper
1304 3137 1454 3206 quasi
1485 3135 1636 3190 fortis
1679 3134 1732 3190 in
1778 3136 1915 3201 acie,
1952 3150 2038 3188 re-

462 3251 701 3307 pugnans
755 3243 904 3287 scuto
947 3230 1224 3284 cbaritatis
1264 3229 1427 3283 armis
1477 3225 1726 3291 invidiae;
1803 3236 1858 3281 et
1911 3225 2108 3308 indec

464 3333 695 3384 maxime
722 3334 938 3396 superet
977 3324 1242 3386 invidum,
1269 3322 1394 3391 quia
1439 3336 1546 3376 non
1574 3328 1856 3388 superatur
1902 3318 2038 3372 invi-

461 3422 590 3474 dia:
626 3435 729 3472 non
781 3419 1030 3487 ignorans
1076 3416 1428 3484 Scripturam,
1483 3427 1602 3482 qua:
1631 3411 1755 3466 dicit
1785 3429 1797 3463 :
1832 3409 2039 3464 Invidia

459 3512 652 3564 diaboli
683 3526 819 3563 mn's
860 3510 1067 3562 intravit
1115 3509 1169 3561 in
1216 3508 1388 3560 orbem
1427 3503 1892 3574 terrarumlSap.
1936 3501 2035 3571 ιι).

463 3604 742 3659 imitantur
766 3613 943 3655 autem
967 3617 1087 3654 eum
1111 3601 1204 3671 qui
1234 3609 1356 3652 suul
1380 3615 1445 3653 ett
1472 3608 1622 3666 parte
1649 3597 1787 3665 eju~.

463 3719 586 3772 Car.
639 3733 692 3770 ς.
742 3717 818 3769 De
860 3732 919 3770 eo
957 3757 972 3783 ,
1025 3733 1085 3769 ne
1129 3713 1326 3784 aliquid
1377 3714 1570 3782 praprii
1620 3713 1716 3766 sibi
1763 3712 2038 3766 monachus

1137 3809 1369 3862 vindicet.

537 3921 668 3976 Illud
711 3923 870 3977 etiam
902 3921 1061 3975 statui
1093 3920 1290 3976 debere
1327 3918 1720 3990 prOSpeximus.
1778 3927 1834 3972 ut
1863 3919 2038 3974 nullus

465 4012 848 4066 monachorum
871 4011 1067 4080 aliquid
1098 4011 1200 4065 sibi
1237 4011 1506 4079 proprium
1556 4010 1757 4079 absque
1782 4011 2040 4064 societate

459 4103 680 4158 {rati-uin
711 4103 903 4156 audeat
933 4103 1235 4166 vindicare;
1264 4101 1332 4153 ita
1379 4109 1437 4153 ut
1481 4100 1641 4154 etiam
1687 4100 1738 4153 itt
1786 4099 1870 4154 his
1921 4116 2040 4169 quae

453 4208 556 4248 sua
604 4201 728 4246 sunt
768 4191 899 4245 nihil
943 4191 1168 4261 amplius
1208 4192 1391 4245 credat
1423 4191 1522 4244 sibi
1549 4191 1686 4260 juris
1727 4206 1848 4246 esse
1878 4207 2038 4261 quam

461 4283 688 4336 caneris.
721 4281 853 4348 Quia
884 4297 1002 4336 cum
1045 4296 1104 4336 se
1148 4281 1318 4350 ipsum
1365 4281 1585 4336 alterius
1629 4281 1864 4336 subdidit
1893 4293 2043 4352 pote-

460 4377 609 4441 stati,
649 4377 824 4431 omnia
857 4391 1036 4430 secum
1070 4376 1122 4429 in
1153 4375 1379 4430 alienam
1427 4385 1747 4445 potestatem
1791 4378 2040 4430 transmi-

457 4466 547 4518 sit.
589 4465 852 4534 Quidquid
884 4480 1012 4534 ergo
1042 4479 1227 4520 secum
1265 4480 1442 4520 rerum
1480 4463 1753 4532 detulerit,
1795 4466 2039 4533 expetito

459 4557 732 4610 consortio
761 4560 1165 4620 monachorum,
1196 4569 1262 4609 ac
1293 4555 1378 4609 ubi
1416 4556 1628 4625 corpori
1665 4560 2039 4627 congregatio-

457 4646 545 4701 nis
594 4647 890 4700 membrum
942 4645 1116 4701 factus
1160 4645 1469 4714 adhaeserit,
1514 4611 1707 4701 .statim
1753 4611 2042 4718 ὧςπῖοεςει
2074 4628 2119 4686 D
2146 4611 2560 4718 έξξθῗίξθξηυξο

455 4737 637 4790 omnia
685 4735 738 4790 in
783 4737 1213 4790 communionem
1259 4737 1556 4802 transiisse,
1580 4747 1634 4792 et
1681 4736 1785 4793 hoc
1833 4747 2036 4792 tantum

455 4823 659 4898 indicet
696 4828 984 4897 pr0priutn,
1013 4827 1268 4897 quidquid
1295 4841 1416 4883 cum
1452 4826 1707 4884 fratribus
1737 4829 2038 4899 possederit

457 4917 766 4972 indivisum.
809 4919 939 4973 Nam
983 4929 1037 4971 et
1064 4919 1219 4971 lectio
1245 4922 1470 4973 Actuum
1503 4919 1867 4988 apostolorum
1900 4929 2038 4976 tem-

456 5023 591 5076 pore
613 5011 876 5077 surgentis
909 5009 1158 5062 Ecclesi:e
1186 5008 1364 5063 taliter
1395 5009 1583 5064 ﬁdeles
1609 5009 1813 5064 Christi
1837 5010 2036 5066 vixisse

454 5110 880 5154 cottnnetnorat:
930 5098 1140 5163 Nullus,
1195 5100 1383 5168 inquit,
1432 5117 1493 5154 ea:
1531 5100 1677 5153 bonis
1701 5102 1808 5154 suis
1838 5102 2034 5155 dicebat

455 5191 654 5258 aliquid
694 5207 840 5243 suum
882 5207 1016 5256 esse;
1061 5193 1148 5245 sed
1178 5201 1324 5246 erant
1374 5192 1480 5246 illis
1527 5194 1704 5246 omnia
1739 5193 2034 5246 communia

455 5283 598 5348 (Act.
629 5283 729 5351 tv).

560 5399 686 5450 (jar.
729 5415 798 5451 χι.
846 5396 912 5452 Ut
950 5399 1119 5451 nullus
1158 5399 1439 5454 monachus
1480 5401 1678 5454 litteras
1716 5403 1932 5472 ignoret.

532 5515 713 5567 Omnis
738 5516 822 5582 qui
851 5531 1043 5568 nomen
1078 5516 1186 5569 Vult
1216 5518 1459 5569 monachi
1492 5518 1788 5584 vindicare,
1826 5517 2030 5573 litteras

459 5621 510 5659 et
558 5609 797 5671 ignorare
845 5623 952 5660 non
995 5608 1174 5660 liceat.
1224 5608 1361 5674 Quin
1406 5610 1565 5662 etiam
1605 5610 1838 5678 psalmos
1888 5619 2028 5665 totos

460 5698 772 5750 memoriter
805 5709 1013 5751 teneat:
1062 5690 1230 5766 neque
1258 5699 1316 5753 Se
1341 5716 1650 5769 quacunque
1686 5703 2030 5756 excusatione

461 5786 766 5870 uelendat._
798 5791 1080 5847 ovontittus
1116 5801 1298 5846 sancto
1324 5795 1421 5846 hoc
1451 5795 1623 5848 studio
1656 5796 1909 5863 capiatur.
1942 5797 2028 5851 Si-

2133 1983 2221 2037 lud
2254 2000 2268 2038 :
2298 1981 2362 2036 ln
2392 1983 2499 2053 lege
2526 1985 2639 2052 ejus
2671 1981 2994 2034 meditabitur
3039 1980 3122 2033 die
3156 1995 3215 2031 ac
3263 1990 3406 2032 nocte
3440 1977 3609 2031 ’Psal.
3647 1980 3706 2046 t).

2609 2095 2736 2149 CAP.
2770 2108 2884 2147 xm.
2918 2090 2995 2145 De
3023 2091 3231 2162 vigiliis.

2204 2206 2630 2276 Quotiescunque
2681 2205 2857 2275 vigilia
2906 2215 3163 2259 noeturna
3212 2211 3427 2272 propter
3476 2217 3706 2256 exoran-

2141 2295 2268 2350 dum
2302 2296 2466 2351 Deum
2495 2339 2510 2364 ,
2562 2305 2655 2350 aut
2691 2295 2974 2350 devotione
3023 2293 3220 2362 petitur
3243 2332 3258 2356 ,
3307 2302 3397 2346 aut
3427 2294 3714 2347 festivitate

2138 2387 2401 2453 debetur,
2436 2387 2612 2441 nullus
2661 2384 3069 2453 monachorum,
3106 2395 3299 2454 praeter
3345 2383 3713 2451 aegritudinem

2140 2487 2343 2534 certam
2389 2485 2479 2530 aut
2509 2476 2902 2539 necessitatem,
2951 2475 2997 2528 si
3043 2488 3278 2543 praesens
3306 2472 3486 2538 fuerit,
3517 2476 3715 2528 absens

2139 2581 2266 2624 esse
2295 2577 2602 2638 praesumat.
2651 2567 2728 2622 Ne
2758 2565 2996 2620 interiori
3047 2564 3206 2619 twdio
3232 2565 3441 2633 gravius
3471 2565 3716 2618 laborare

2143 2671 2504 2715 consuescens
2519 2657 2731 2712 vivente
2759 2670 2921 2711 carne
2939 2653 3198 2726 spiritalis
3226 2655 3399 2708 anima
3421 2654 3714 2709 moriatur:

2144 2751 2240 2806 sed
2272 2751 2448 2820 potius
2477 2749 2726 2820 promissi
2765 2749 2907 2803 illius
2954 2747 3179 2816 cupidus
3205 2761 3448 2814 querere
3473 2747 3632 2801 simul
3663 2759 3718 2802 et

2140 2841 2383 2896 invenire
2409 2839 2720 2906 contendat,
2737 2840 2827 2910 qui
2849 2839 3014 2895 dixit:
3037 2837 3259 2910 Diligam
3287 2853 3372 2892 eos
3385 2839 3471 2908 qui
3494 2837 3718 2908 diligunt

2141 2949 2221 2987 nte
2251 2949 2269 2987 :
2299 2941 2346 2986 et
2386 2933 2473 3003 qui
2517 2949 2664 2986 mane
2692 2933 2902 3002 vigilant
2929 2931 2997 2985 ad
3040 2945 3118 2984 me
3146 2930 3396 2983 invenient
3423 2945 3502 2984 me
3532 2928 3716 3000 (Prov.

2143 3025 2282 3094 vin).
2308 3023 2373 3078 Et
2402 3025 2456 3077 in
2490 3025 2694 3092 psalmo
2722 3023 2884 3077 etiam
2911 3018 3408 3075 contineturzTunc
3425 3020 3718 3086 gemebant

2145 3130 2281 3179 eum,
2306 3123 2352 3167 et
2381 3113 2818 3178 convertebantur,
2843 3122 2888 3165 et
2911 3122 3028 3165 ante
3052 3112 3212 3164 lucem
3238 3109 3494 3164 veniebant
3516 3112 3585 3163 ad
3603 3127 3719 3163 eum

2143 3205 2313 3276 (Paul.
2342 3211 2563 3274 Lxxvtt).
2597 3204 2728 3259 Nam
2760 3215 2817 3258 ut
2838 3203 3072 3274 quotidie
3113 3205 3180 3257 ad
3207 3204 3490 3258 matutinas
3529 3219 3719 3258 omnes

2146 3296 2366 3349 omnino
2394 3305 2635 3365 surgant,
2668 3295 2713 3348 si
2744 3308 2847 3348 non
2895 3302 3142 3349 censetur
3171 3294 3524 3362 superﬂuum,
3573 3311 3720 3348 com-

2147 3403 2428 3443 monemus
2445 3405 2461 3441 :
2479 3388 2543 3442 ad
2567 3397 2853 3442 nocturnas
2866 3401 2994 3441 vero
3009 3387 3216 3441 cunctis
3233 3387 3422 3441 diebus
3445 3388 3513 3441 ita
3532 3403 3720 3441 omnes

2144 3479 2394 3534 celeriter
2444 3479 2746 3548 pariterque
2789 3489 3150 3548 consurgant,
3202 3490 3259 3531 ut
3305 3480 3513 3532 cunctis
3561 3480 3718 3532 simul

2147 3571 2588 3625 concurrentibus
2632 3570 2808 3624 nullus
2840 3572 3143 3623 inveniatur
3171 3572 3383 3624 venisse
3433 3571 3715 3637 posterior.

2141 3666 2211 3716 At
2251 3676 2376 3716 vero
2405 3661 2497 3730 qui
2527 3661 2828 3715 contrarius
2881 3659 3004 3713 huic
3031 3660 3452 3729 deprehenditur
3498 3674 3720 3723 Stautto,

2145 3761 2224 3805 tot
2267 3750 2456 3806 diebus
2499 3752 2645 3806 solus
2685 3749 2892 3821 jejunet
2918 3790 2934 3816 ,
2967 3761 3094 3819 quot
3140 3749 3288 3803 horis
3317 3764 3438 3803 eum
3469 3749 3720 3806 fratribus

2142 3839 2359 3911 vigilare
2388 3856 2493 3896 non
2523 3842 2706 3896 voluit.

2365 3953 2494 4009 CAP.
2534 3969 2640 4008 ειν.
2675 3952 2752 4008 De
2778 3951 3082 4006 vestimentis
3112 3951 3492 4004 monachorum.

2216 4063 2542 4118 Vestimenta
2595 4062 3081 4132 supersuflicientia
3139 4061 3431 4115 monachus
3483 4076 3585 4114 non
3636 4077 3721 4113 ro.

2150 4155 2326 4223 quirat
2358 4171 2372 4210 :
2406 4157 2495 4225 qui
2527 4170 2629 4208 non
2656 4153 2884 4224 amplius
2907 4170 3063 4224 quam
3092 4155 3231 4223 quod
3261 4153 3326 4206 ad
3354 4154 3718 4222 quotidianum

2151 4261 2304 4300 usum
2351 4246 2516 4298 abbas
2563 4246 2922 4300 necessarium
2955 4244 3166 4309 viderit,
3215 4252 3608 4312 consequatur;
3641 4246 3721 4298 di-

2145 4346 2304 4390 ct-nte
2355 4335 2579 4390 Domino
2628 4335 2694 4389 ad
2743 4335 3032 4402 discipulos
3065 4351 3080 4388 :
3113 4333 3294 4403 Neque
3346 4336 3472 4387 duas
3522 4335 3721 4388 tunicas

2147 4429 2377 4482 habeatis
2426 4427 2597 4498 (Luc.
2667 4429 2748 4498 ix)
2782 4446 2797 4483 :
2827 4443 2960 4497 quas
2989 4428 3121 4481 duas
3173 4430 3375 4482 tunitas
3424 4429 3722 4497 intelligere

2146 4520 2404 4574 debemus
2427 4535 2531 4574 non
2561 4535 2808 4589 numero,
2845 4521 2890 4573 si
2919 4529 3138 4589 propter
3155 4520 3382 4574 hiemem
3403 4524 3721 4574 necessaria:

2592 4611 2686 4666 sed
2714 4625 2874 4679 supra
2905 4626 3058 4665 usum
3097 4611 3143 4664 si
3186 4619 3470 4665 reservata:
3500 4611 3716 4677 fuerint,

2144 4701 2462 4769 computari.
2503 4703 2675 4768 Super
2701 4715 2830 4773 ergo
2859 4703 2901 4756 si
2930 4703 3056 4771 quid
3087 4702 3266 4766 fuerit,
3294 4701 3562 4772 potabitur
3588 4703 3722 4756 alie-

2145 4809 2269 4848 num
2304 4812 2317 4846 :
2349 4796 2475 4848 dum
2503 4794 2758 4864 quidquid
2789 4809 3066 4863 possessor
3091 4809 3284 4850 avarus
3327 4793 3572 4859 includit,
3606 4811 3721 4849 ιιηο

2142 4883 2224 4952 gis
2244 4884 2408 4939 utitur
2429 4899 2550 4938 arca
2579 4899 2736 4952 quam
2763 4883 3200 4951 dominuszquod
3231 4891 3288 4937 ut
3316 4885 3534 4947 vitetur,
3552 4886 3720 4938 maxi-

2143 4989 2262 5028 mus
2289 4973 2443 5028 nobis
2471 4975 2656 5030 beatus
2670 4974 2956 5044 Apostolus
2984 4973 3134 5028 teins
3164 4973 3417 5042 assurgit,
3448 4973 3536 5043 qui
3558 4973 3714 5026 dicit:

2145 5066 2400 5120 Habentes
2440 5067 2624 5120 victum
2646 5077 2692 5120 et
2731 5067 2963 5119 vestitum
3003 5065 3080 5118 his
3106 5066 3321 5118 contenti
3363 5080 3554 5117 sumus.
3581 5063 3719 5116 Nam

2140 5160 2226 5224 qui
2267 5159 2440 5210 volunt
2460 5157 2636 5210 divites
2675 5156 2787 5225 ﬁeri
2810 5196 2826 5221 ,
2858 5154 3086 5208 incidunt
3126 5155 3522 5208 intentationem
3560 5165 3607 5207 et
3635 5155 3720 5206 la-

2135 5267 2319 5321 queum
2341 5251 2554 5312 diaboli,
2573 5262 2619 5304 et
2641 5250 2890 5304 desideria
2913 5249 3095 5314 multa,
3121 5258 3166 5301 et
3186 5247 3408 5310 inutilia,
3432 5256 3480 5301 et
3504 5249 3720 5300 nociva:

2136 5359 2251 5412 qua?
2268 5353 2502 5414 mergunt
2518 5343 2741 5396 homines
2759 5343 2812 5396 in
2833 5342 3086 5395 interitum
3102 5350 3148 5393 et
3166 5341 3522 5409 perditionem.
3551 5339 3722 5393 Radix

2138 5437 2362 5488 omnium
2391 5434 2640 5486 malorum
2662 5446 2732 5486 est
2756 5434 3006 5504 cupiditas
3033 5450 3051 5486 :
3069 5447 3220 5501 quam
3253 5440 3564 5501 appetentes,
3590 5447 3722 5481 nau-

2135 5528 2460 5597 fragaverunt
2501 5543 2531 5576 a
2576 5527 2694 5593 ﬁde,
2727 5537 2773 5578 et
2803 5529 3123 5577 iurauerunt
3154 5541 3205 5576 se
3232 5524 3492 5575 doloribus
3521 5523 3718 5575 multis.

2136 5618 2212 5672 Tu
2243 5629 2430 5680 autem,
2465 5635 2493 5667 θ
2523 5619 2672 5670 homo
2706 5618 2814 5684 Dei,
2843 5617 2949 5671 hch
2980 5619 3097 5687 fuge
3127 5633 3146 5668 :
3177 5627 3365 5669 sectare
3411 5631 3527 5667 vero
3562 5614 3722 5682 justi-

2137 5711 2278 5771 tiam,
2307 5715 2555 5776 pietatem,
2580 5709 2752 5775 [it/cut,
2785 5710 3103 5770 charitutettt,
3137 5708 3453 5772 patientium.
3484 5724 3723 5758 mansuro

2139 5802 2380 5854 tudinem.
2399 5799 2543 5853 Certa
2577 5801 3022 5853 bsnszntt‘ertrmtan
3041 5801 3159 5868 ﬁdei
3179 5816 3195 5851 .'
3218 5800 3537 5869 apprehende
3564 5799 3719 5850 riam
