4034 6166
326 315 426 373 ΒίΊί

1278 311 1333 366 S.
1376 308 1711 365 FERREOLI
1780 308 2061 364 llEGtJLA
2103 306 2195 361 AD
2234 303 2619 359 MONACHOS.

3473 303 3574 358 966

324 445 585 492 «tamen,
629 445 677 481 tn
707 445 806 496 qua
836 436 1039 483 vocatus
1082 443 1151 483 es.
1185 435 1233 480 et
1258 428 1518 496 confessus
1559 426 1739 478 bonaut
1782 440 1903 478 can-

2062 440 2190 494 CAP.
2215 454 2321 493 xIx.
2348 437 2417 492 Ut
2440 440 2488 490 in
2514 437 2745 491 manibus
2767 436 2999 491 monachi
3020 438 3253 508 frequens
3271 438 3336 492 sit
3364 440 3524 495 'ectio.

324 524 591 593 fessionem
630 537 801 573 coram
830 521 1003 573 multis
1049 519 1271 572 testibus.
1320 517 1571 587 Principio
1611 518 1701 572 tibi
1729 532 1901 571 coram

327 616 456 677 Deo,
474 615 560 683 qui
575 614 787 681 viviﬁcat
806 614 995 675 omnia,
1015 624 1059 666 et
1081 609 1439 672 Christolesu,
1455 611 1544 680 qui
1565 610 1902 664 testimonium

324 707 545 758 reddidit
563 704 652 757 sub
676 704 859 755 Pontio
882 702 1050 756 Pilato
1069 702 1250 754 bonum
1269 702 1657 773 confessionem,
1675 713 1725 753 ut
1742 715 1902 754 serves

326 799 621 850 mandatum
657 795 765 848 sine
792 794 993 847 macula
1029 794 1489 863 irrepreltensibtle,
1535 808 1691 857 usque
1718 793 1771 845 in
1808 792 1904 844 ad-

324 904 525 946 ventum
556 889 758 943 Domini
790 891 948 943 nostri
963 888 1089 942 Jesu
1106 888 1291 941 Christi
1319 885 1372 957 (ι
1402 886 1539 940 Tim.
1572 888 1666 953 vt).
1686 885 1904 940 Studete

323 1002 474 1056 ergo,
508 984 721 1047 fratres,
751 994 810 1038 ut
836 983 977 1051 quod
1005 983 1071 1035 ad
1102 997 1262 1034 tmttm
1289 980 1583 1042 hominem,
1614 979 1664 1033 id
1698 990 1804 1045 est,
1836 979 1902 1032 ad

326 1079 667 1133 Timotheum
717 1075 1006 1139 scribitur,
1056 1074 1123 1129 ab
1169 1088 1270 1127 una
1328 1071 1741 1141 congregatione
1788 1085 1902 1125 ser-

328 1184 505 1225 VCllll'.

458 1284 587 1337 Car.
621 1298 711 1336 xv.
747 1280 816 1335 Ut
844 1282 897 1334 in
928 1281 1234 1333 monasterio
1263 1278 1438 1332 nullus
1469 1278 1771 1348 baptizetur.

398 1393 663 1462 Baptizari
697 1392 748 1446 in
783 1392 1105 1447 monasterio
1146 1392 1402 1462 partlulos
1431 1390 1775 1445 tractavimus
1814 1407 1904 1445 ne-

323 1488 617 1541 cessarium
650 1500 754 1538 non
782 1500 923 1549 esse,
948 1485 1086 1539 sicut
1113 1484 1165 1538 in
1198 1483 1418 1555 reliquis
1447 1484 1787 1538 monasteriis
1815 1486 1910 1539 ob-

325 1587 607 1640 servatur;
643 1590 814 1645 neque
842 1574 1103 1629 monacho
1130 1574 1236 1628 ullo
1268 1578 1384 1628 loco
1403 1578 1468 1628 de
1496 1574 1707 1629 lavacro
1723 1587 1907 1629 sancto

328 1667 466 1721 ﬁlios
510 1665 801 1737 cujuslibet
843 1667 1090 1737 excipere
1123 1684 1134 1718 :
1172 1683 1239 1721 ne
1279 1668 1588 1736 parentibus
1638 1667 1776 1721 illius
1803 1709 1818 1733 ,
1853 1676 1910 1721 ttt

327 1760 439 1814 ﬁeri
467 1763 622 1823 solet,
649 1759 832 1813 illicita
854 1759 1108 1828 paulatim
1130 1759 1213 1812 vel
1240 1758 1380 1828 turpi
1405 1759 1907 1830 familiaritatejuu-

2076 571 2299 641 Propter
2345 572 2520 640 pigras
2567 577 2775 623 mentes
2825 568 3199 638 quorumpiam
3250 569 3582 634 excitandas,

2005 665 2195 732 quibus
2240 678 2383 732 smpe
2408 671 2627 731 generat
2657 662 2814 715 lectio
2852 661 3035 715 divina
3076 661 3372 724 fastidiunt,
3421 663 3493 715 ita
3527 672 3582 716 ut

2006 754 2172 823 magis
2203 753 2311 807 otio
2338 753 2535 822 eligant
2566 751 2839 818 occupari,
2865 765 3022 821 qnam
3051 750 3118 805 de
3142 750 3431 819 Scripturi.
3463 752 3585 803 sau-

2005 848 2106 901 ctis
2130 846 2355 899 salutem
2393 846 2595 906 btbere,
2620 851 2676 896 ttt
2696 841 3044 912 spiritualiter
3082 843 3441 907 inardescunt,
3464 842 3586 896 τιιιιί

2005 939 2222 990 omnino
2254 937 2471 1004 placuit,
2491 945 2546 986 ιιι.
2575 934 2939 1002 unusquisque
2968 936 3283 998 monachus,
3304 933 3414 987 sive
3443 934 3581 987 intra

2006 1030 2384 1083 monasterium
2408 1042 2502 1082 seu
2531 1025 2661 1080 t‘oris
2680 1026 2877 1094 aliquid
2908 1026 3084 1093 operis
3113 1025 3287 1089 iaciat,
3308 1039 3334 1075 a
3356 1023 3590 1077 lectione

2006 1123 2179 1175 divina
2199 1135 2266 1175 ne
2294 1136 2394 1173 una
2409 1120 2623 1187 quidem
2646 1116 2731 1171 die
2746 1134 2804 1171 se
2823 1117 3052 1185 patiatur
3076 1114 3581 1184 transirejrjuntun.

2007 1213 2113 1266 Seu
2143 1226 2261 1264 cum
2304 1211 2597 1265 cessaverit
2638 1223 2825 1262 manus
2860 1209 2927 1261 ab
2951 1222 3135 1276 apere,
3163 1208 3370 1261 colatur
3410 1208 3585 1262 anima

2006 1304 2235 1359 lectione
2265 1318 2281 1358 :
2314 1302 2647 1356 audientibus
2692 1302 2896 1354 cunctis
2928 1302 3128 1353 monita
3161 1300 3296 1353 beati
3343 1300 3490 1354 Pauli
3518 1302 3583 1353 ad

2008 1396 2345 1450 Timotheum
2377 1396 2693 1463 discipulum
2719 1434 2735 1459 ,
2780 1393 3008 1447 dicentis
3040 1410 3052 1445 :
3088 1393 3300 1447 Attende
3342 1394 3586 1459 lectioni,

2009 1487 2370 1548 rahortatioui,
2409 1486 2652 1539 doctrinm
2674 1484 2724 1556 (l
2755 1483 2886 1538 Tim.
2915 1487 3009 1553 tv).
3041 1485 3106 1538 Et
3143 1485 3332 1538 iterum
3365 1502 3378 1536 :
3411 1484 3587 1536 Omnit

2007 1580 2261 1641 scriptura
2298 1577 2535 1629 divinitus
2559 1577 2809 1644 inspirata
2837 1577 2977 1629 utilis
3004 1585 3076 1630 est
3104 1578 3171 1628 ad
3196 1577 3497 1640 docendum,
3522 1577 3589 1630 ad

2009 1670 2346 1736 arguentium,
2366 1676 2429 1719 att
2449 1670 2626 1737 (οι-νίς.
2646 1669 2822 1731 udum,
2848 1668 2914 1718 ad
2933 1667 3265 1720 erudiendum
3284 1668 3335 1720 in
3351 1668 3551 1737 justitia
3569 1681 3589 1719 :

2012 1774 2066 1811 ut
2103 1765 2359 1830 perfectus
2379 1763 2443 1813 sit
2482 1760 2631 1813 homo
2654 1759 2769 1826 Dei,
2793 1758 2860 1810 ad
2901 1776 3047 1813 onme
3066 1764 3247 1813 bonum
3273 1772 3481 1826 paratus
3504 1758 3585 1831 (Il

326 1861 497 1921 gatur.
530 1850 680 1919 Quod
730 1851 775 1904 si
806 1854 924 1920 quis
963 1852 1404 1923 praesumpserit,
1457 1859 1516 1904 ut
1546 1859 1905 1921 transgressor

2011 1817 2209 1904 "imbtlt:
2242 1854 2345 1915 ιιι).

326 1942 524 2013 regula:
553 1944 869 2012 corrigatur.

327 2055 455 2111 Car.
486 2069 592 2108 xvi.
629 2052 696 2108 Ut
737 2054 919 2109 cellam
946 2055 1221 2126 separatim
1261 2063 1443 2126 printer
1472 2053 1703 2109 abbatem
1730 2056 1901 2112 nullus

1001 2145 1211 2202 habeat.

398 2237 598 2292 Cellam
646 2235 969 2307 singularem
995 2278 1010 2302 ,
1060 2249 1255 2309 prater
1292 2240 1539 2295 abbatem
1564 2282 1579 2303 ,
1626 2253 1798 2309 neque
1837 2239 1900 2294 ad

329 2330 672 2394 manendum,
706 2348 875 2401 neque
903 2332 969 2386 ad
999 2334 1157 2387 alium
1188 2349 1558 2405 quemcunque
1604 2349 1778 2399 usum,
1809 2333 1904 2388 ulli

329 2421 529 2477 habere
555 2422 713 2476 liceat
750 2424 1156 2478 monachorum.
1189 2424 1435 2479 Artiﬁces
1463 2437 1636 2479 tamen
1665 2428 1731 2478 ad
1775 2440 1905 2493 ope-

330 2514 556 2568 randam
600 2522 801 2567 tantum
835 2514 1087 2581 habeant,
1120 2515 1174 2571 bi
1219 2516 1565 2571 nihilominus
1593 2517 1785 2588 quibus
1813 2519 1906 2571 ab-

333 2605 472 2659 batis
500 2604 835 2661 ordinatione
872 2606 1184 2661 conceditur
1215 2622 1228 2661 :
1267 2623 1388 2663 nam
1420 2620 1583 2663 t0tam
1612 2623 1905 2680 congrega-

332 2697 531 2751 tionem
576 2696 780 2751 mansio
822 2709 874 2752 et
903 2697 1096 2765 domus
1137 2714 1237 2753 una
1284 2700 1589 2755 concludat.
1619 2700 1743 2755 illos
1778 2714 1915 2755 vero

332 2804 467 2857 quos
494 2804 750 2855 corporea
800 2790 1054 2860 iragilitas
1082 2790 1344 2854 debilitat.
1374 2793 1585 2863 cognita
1616 2793 1717 2848 sibi
1762 2792 1908 2847 inbr-

332 2882 519 2936 mitate
564 2881 788 2952 languor
817 2883 1130 2950 obsederit,
1183 2884 1307 2938 dum
1341 2885 1574 2955 vigorem
1620 2885 1906 2955 pristinum

333 2974 574 3041 corporis
599 2974 905 3046 integritate
933 2986 1173 3041 sumunt,
1204 2976 1453 3045 deputata
1483 2977 1619 3031 intra
1643 2987 1911 3032 monaste-

334 3064 469 3117 rium
497 3073 551 3119 et
585 3081 691 3120 non
712 3066 825 3121 nisi
854 3082 1086 3138 congrua
1130 3072 1407 3124 mansione
1436 3083 1467 3123 a
1497 3073 1909 3140 congregatione

2181 1991 2313 2048 CAP.
2346 2008 2431 2047 xx.
2467 1989 2545 2046 De
2572 1992 2714 2063 rogis
2741 1994 2845 2046 sive
2875 1991 3102 2062 fugitivis
3131 1994 3411 2046 monachis.

2076 2133 2266 2202 Vagari
2317 2148 2411 2202 per
2436 2133 2550 2187 loca
2597 2132 2918 2187 monachum
2964 2132 3104 2186 sicut
3140 2149 3243 2186 non
3287 2132 3478 2198 decet,
3514 2134 3587 2187 ita

2005 2238 2111 2277 non
2157 2225 2439 2289 convenit;
2477 2239 2544 2279 nc
2586 2222 2639 2278 in
2682 2238 2998 2293 quocunque
3028 2225 3157 2278 vitio
3185 2233 3374 2293 captus
3409 2226 3588 2279 saeculi

2005 2316 2360 2370 delectatione
2391 2316 2654 2381 elabetur,
2685 2327 2740 2367 ut
2772 2314 2951 2369 redeat
2994 2315 3059 2367 ad
3104 2318 3358 2368 vomitum
3392 2330 3542 2368 suum
3570 2334 3586 2371 :

2004 2408 2127 2460 dum
2160 2407 2387 2461 recidiva
2418 2407 2581 2460 animi
2626 2407 2900 2461 Voluntate
2944 2407 3124 2460 mundi
3175 2417 3326 2462 vetus
3352 2418 3587 2462 contem-

2006 2511 2147 2565 ptor,
2196 2511 2365 2551 novus
2391 2498 2604 2566 quidam
2634 2509 2843 2551 amator
2887 2511 3198 2566 assurgens,
3224 2514 3252 2551 a
3280 2498 3361 2552 via
3398 2498 3586 2554 salutis

2004 2588 2262 2643 distortus
2290 2589 2575 2644 exorbitat.
2599 2589 2933 2657 Quapmpter
2960 2591 3008 2643 id
3035 2588 3374 2643 delinivimus
3399 2591 3587 2647 obser-

2006 2681 2260 2748 vandum,
2289 2688 2350 2735 ut
2392 2690 2588 2750 praeter
2615 2680 2737 2735 illos
2764 2681 2855 2748 qui
2885 2695 2981 2748 pro
3025 2682 3251 2735 utilitate
3279 2683 3586 2740 monasterii

2006 2774 2075 2827 ab
2118 2773 2311 2826 abbate
2339 2771 2443 2825 huc
2490 2772 2719 2840 illucque
2751 2770 2948 2826 habere
2992 2770 3244 2840 iubentur
3286 2786 3585 2838 excursus,

2007 2863 2190 2917 nullus
2230 2863 2416 2933 egredi
2462 2863 2843 2918 monasterium
2874 2864 2993 2917 loco
3018 2863 3124 2918 alio
3147 2874 3449 2918 moraturus
3478 2866 3587 2917 abso

2009 2969 2111 3024 que
2140 2954 2411 3008 voluntate
2452 2954 2661 3009 abbatis
2690 2969 2785 3024 pro
2810 2953 3045 3025 qualibet
3072 2971 3133 3010 re
3157 2954 3238 3009 vel
3271 2937 3588 3011 necessitate

2011 3056 2319 3116 praesumat,
2370 3062 2437 3101 ne
2482 3046 2549 3101 ad
2592 3061 2714 3102 eum
2762 3047 3013 3117 respiciat
3039 3047 3179 3118 quod
3208 3049 3493 3118 Apostolus
3518 3050 3584 3103 de

335 3156 548 3213 interim
578 3169 923 3229 separentur:
947 3137 1005 3213 ut
1026 3158 1257 3216 celerius
1281 3161 1505 3216 salutem
1534 3137 1774 3217 conferat
1794 3162 1906 3231 ipsa
1936 3188 1980 3250 ρ
2012 3137 2527 3250 ³ξ¹⁰ξξ⁵³⁰θ¹¹ξίξ¹τίδ¹¹⁸
2553 3137 2996 3250 ξίίίυίῆδετξδθηθ
3019 3138 3146 3194 die“
3177 3156 3191 3192 ³
3227 3139 3398 3250 simul
3422 3150 3589 3243 ⁰ξ⁴¹⁶²⁷¹

337 3266 455 3322 qua:
485 3250 543 3305 lit
571 3267 599 3305 a
630 3260 1038 3322 congregatione
1070 3254 1315 3309 remotio.

337 3361 467 3420 Car.
500 3378 628 3421 xvu.
663 3362 729 3421 Ut
760 3367 1086 3434 prwpositum
1115 3365 1192 3419 vel
1220 3366 1522 3435 [armarium
1550 3366 1789 3423 monachi
1814 3367 1908 3421 sub

763 3454 955 3506 abbatis
981 3463 1225 3535 pogstate
1251 3455 1485 3510 habeant.

408 3566 522 3622 Sub
561 3566 752 3621 abbate
814 3580 1093 3635 personam
1144 3577 1416 3621 strenuam
1482 3576 1536 3621 et
1575 3566 1909 3637 disciplinam

338 3661 489 3717 Valde
512 3670 803 3723 amantem,
836 3660 926 3729 qui
949 3659 1161 3728 dignam
1188 3674 1371 3715 curam
1395 3661 1661 3728 praepositi
1690 3677 1913 3716 nomen-

338 3769 440 3823 que
460 3756 732 3819 suscipiat,
752 3752 1088 3807 decrevimus
1106 3766 1201 3821 pro
1225 3753 1417 3807 solatio
1442 3752 1649 3807 abbatis
1668 3753 1865 3809 institui
1893 3773 1906 3808 :

338 3853 394 3896 ut
418 3844 586 3896 honor
616 3843 686 3895 illi
720 3844 894 3896 minus
923 3842 993 3894 sit
1019 3855 1297 3903 onerosus,
1327 3843 1451 3895 dum
1484 3844 1663 3897 labore
1689 3844 1855 3898 diviso
1879 3860 1908 3898 a

338 3934 547 3989 duobus
596 3935 901 4004 quotidiana
954 3934 1258 3988 sollicitudo
1308 3935 1616 4006 suscipitur.
1672 3937 1735 3989 Et
1790 3936 1911 3989 ideo

340 4040 549 4094 aequum
580 4025 686 4079 erit
737 4033 793 4077 ttt
817 4039 937 4077 cum
975 4022 1220 4093 jussione
1245 4023 1448 4079 abbatis
1478 4025 1526 4078 ei
1556 4030 1828 4080 veneratio
1858 4037 1912 4080 et

339 4115 641 4172 obedientia
672 4116 1011 4171 exltibeatur.
1044 4115 1173 4171 Nam
1206 4127 1261 4170 et
1290 4126 1409 4183 post
1437 4116 1608 4184 ipsutn
1637 4132 1793 4186 quem
1825 4132 1913 4171 su-

343 4222 438 4279 pra
486 4207 720 4263 diximus
751 4208 1091 4278 praepositum
1116 4246 1132 4273 ,
1181 4206 1274 4278 qui
1318 4207 1369 4261 in
1418 4209 1569 4262 bonis
1599 4209 1671 4262 sit
1701 4207 1869 4262 forma
1892 4251 1908 4276 ,

342 4299 625 4353 statuimus
654 4297 951 4367 regularem
980 4297 1208 4351 formare
1233 4298 1540 4352 lormarium
1574 4314 1588 4351 ζ
1623 4308 1678 4352 ut
1705 4297 1912 4353 faci'ius

343 4391 611 4457 adjutorio
641 4390 741 4443 isto
768 4388 1048 4459 subjuncto
1071 4388 1257 4453 abbas,
1288 4391 1371 4444 cui
1401 4406 1593 4445 nomen
1624 4390 1779 4446 Pater
1807 4400 1910 4458 est,

346 4483 539 4537 uberes
564 4481 765 4536 lructus
787 4491 950 4535 metat
966 4481 1033 4535 de
1056 4481 1381 4549 perfectione
1405 4482 1635 4537 dulcium
1658 4482 1911 4548 ﬁliorum,

2010 3241 2056 3284 et
2082 3234 2257 3285 otiosae
2294 3232 2499 3284 discunt
2528 3232 2795 3287 circumire
2821 3232 3038 3294 domus;
3067 3248 3169 3285 non
3197 3233 3360 3285 solum
3398 3234 3589 3295 otiosw,

2007 3320 2096 3373 sed
2116 3322 2268 3372 etiam
2299 3319 2519 3372 verbosa
2538 3328 2583 3372 et
2606 3320 2842 3383 curiosis,
2863 3320 3118 3389 loquentes
3139 3336 3251 3390 qua:
3276 3337 3375 3373 non
3398 3334 3591 3390 Oportet

2009 3409 2065 3481 (1
2096 3410 2227 3464 'l‘im.
2255 3419 2336 3479 ν).
2367 3410 2434 3463 Et
2459 3410 2580 3465 ideo
2606 3410 2696 3479 qui
2727 3411 3085 3477 pra‘termissa
3122 3411 3388 3467 sententia
3414 3411 3589 3482 aliqua

2010 3502 2391 3556 contrarietate
2407 3501 2737 3568 discesserit,
2769 3502 2823 3556 in
2851 3510 3049 3555 tantum
3071 3513 3127 3555 ut
3150 3502 3267 3571 ejus
3292 3504 3590 3557 inveninur

2010 3593 2178 3648 fuisse
2227 3603 2626 3663 transgressor;
2655 3594 2829 3663 spatio
2864 3593 2956 3647 illo
2999 3594 3254 3664 temporis
3278 3609 3383 3662 quo
3408 3609 3592 3649 mona-

2009 3685 2178 3738 sterio
2205 3683 2373 3738 deluit
2417 3693 2742 3753 computato,
2777 3683 2970 3752 duplici
2998 3682 3202 3738 dierum
3246 3699 3470 3739 numero
3508 3686 3592 3752 je-

2005 3774 2180 3845 junet,
2208 3785 2263 3833 et
2280 3776 2725 3831 condcmnatione
2741 3775 3056 3840 mulcletur;
3075 3776 3179 3830 cibi
3208 3776 3447 3842 modum,
3468 3778 3593 3831 vino

2010 3868 2250 3937 quotidie
2296 3868 2577 3938 abnegato,
2607 3867 2815 3938 qualem
2862 3868 3028 3922 abbas
3060 3867 3393 3933 imposuerit,
3440 3868 3596 3921 babi-

2014 3970 2181 4014 turus.
2217 3958 2513 4029 Fugitivum
2543 3974 2670 4013 vero
2700 3958 3041 4023 monachum,
3070 3958 3406 4013 deserentem
3434 3960 3593 4013 dism-

2013 4053 2212 4122 pliuatu
2240 4064 2291 4106 et
2320 4052 2626 4121 perdentem
2659 4066 2737 4114 se,
2769 4051 2915 4108 velut
2940 4060 3366 4123 contemptorem
3394 4052 3599 4125 placuit

2013 4158 2289 4200 revocare.

2155 4278 2284 4333 Car.
2310 4293 2416 4333 xxi.
2451 4276 2517 4334 Ut
2542 4278 2699 4350 frater
2726 4278 2878 4350 fratri
2900 4294 3087 4333 manus
3102 4295 3204 4332 non
3230 4278 3447 4350 injiciat.

2088 4414 2156 4471 Ut
2184 4415 2476 4469 monachus
2502 4414 2554 4468 in
2585 4412 2904 4467 monachum
2935 4411 3011 4467 ira
3040 4412 3417 4475 inﬂammatus,
3448 4411 3601 4480 quod

2015 4516 2101 4562 est
2121 4507 2506 4577 turpissimum,
2526 4519 2715 4559 manus
2731 4505 2951 4574 injicere
2969 4518 3073 4559 non
3094 4511 3596 4573 prtesumat,pra-ter

344 4576 501 4669 mh"
528 4587 701 4669 “ille”
731 4574 831 4630 sub
852 4583 1113 4644 Ροιθεῐθῑθ
1135 4573 1340 4629 θδῧειιῖε
1364 4590 1483 4630 cum
1518 4577 1733 4648 τειίιιυίε
1752 4589 1912 4647 3‘4""-
1944 4575 1991 4635 D
2016 4598 2135 4653 illos
2162 4573 2226 4653 ad
2250 4611 2384 4669 quos
2412 4596 2643 4667 pertinet
2668 4573 3016 4652 correctionis
3040 4594 3123 4650 vel
3155 4609 3315 4650 nosse
3354 4594 3599 4661 modum,
3646 4590 3649 4595 λ

343 4668 481 4721 inter
509 4667 737 4737 reliquos
761 4680 820 4721 se
845 4681 966 4724 esse
992 4678 1336 4736 cognoscant.

339 4808 470 4862 (ιλιι.
521 4823 668 4865 xvnt.
725 4807 800 4861 De
844 4808 1161 4878 passionibus
1209 4818 1492 4879 martyrum
1540 4827 1652 4878 quia
1700 4812 1915 4866 inveniri

406 4913 636 4964 ,ιοδδιιηι,
671 4911 723 4953 ιιι
754 4911 971 4969 tempore
999 4915 1091 4953 suo
1133 4899 1330 4953 desidia
1373 4915 1473 4953 non
1499 4900 1799 4968 iMpediettte
1841 4904 1914 4957 le-

415 5004 619 5060 gatttttr.

416 5128 573 5185 Gesta
604 5141 913 5201 martyrum,
947 5133 995 5187 id
1024 5144 1105 5189 est
1136 5134 1407 5205 passiones
1449 5145 1751 5191 sanctorum
1781 5137 1913 5193 lide-

344 5225 493 5287 liutn,
518 5228 751 5292 quasdam
781 5228 1146 5295 compagiuztta
1166 5228 1341 5282 studio
1358 5241 1411 5283 ct
1439 5243 1687 5285 sermone
1707 5231 1913 5300 digesta

342 5322 485 5376 sunt,
512 5322 746 5378 tempore
764 5331 866 5384 quo
893 5317 1044 5369 nobis
1066 5317 1204 5371 diem
1240 5319 1566 5386 tnigrationis
1582 5334 1765 5373 eorum
1788 5320 1912 5374 anni

344 5414 485 5457 Illt'l'd
529 5419 714 5457 cutsus
742 5404 823 5457 soi
874 5407 1074 5475 legzbus
1124 5421 1508 5475 reprzesentat,
1554 5410 1823 5464 recenscri
1856 5413 1911 5463 in

345 5499 580 5549 oratorio
604 5500 939 5555 audientibus
974 5503 1179 5556 cunctis
1205 5505 1422 5559 omnino
1452 5504 1785 5559 decernimus
1812 5523 1824 5559 :
1858 5515 1915 5559 ιιι

344 5605 448 5641 ttott
478 5590 647 5643 otiose
680 5601 959 5658 praetereat
1001 5593 1135 5656 dies,
1180 5606 1336 5667 atque
1379 5606 1435 5652 ut
1478 5600 1694 5666 reliquis
1722 5598 1914 5654 similis

343 5680 625 5746 habeatur;
652 5700 806 5752 quem
834 5685 971 5739 sicut
999 5697 1121 5740 tunc
1146 5688 1429 5744 illustravit
1455 5693 1749 5747 ettns:antia
1774 5709 1911 5747 mar-

343 5784 492 5850 tyris,
520 5776 587 5828 ita
611 5791 748 5831 nunc
775 5779 1108 5834 caunnendct
1133 5784 1386 5836 tnetntzria
1416 5783 1695 5851 passionis.

2016 4689 2100 4743 vel
2143 4698 2326 4743 tenere
2352 4688 2644 4756 judicium;
2678 4703 2744 4741 ne
2781 4701 2889 4740 uno
2932 4695 3187 4756 peccante
3215 4687 3422 4740 czeteris
3453 4699 3596 4754 prte-

2014 4777 2261 4833 sutnentli
2283 4787 2489 4831 crescat
2515 4776 2759 4840 audacia,
2776 4787 2829 4831 et
2852 4778 2921 4830 ita
2939 4775 3233 4845 disciplina:
3261 4775 3448 4829 ordine
3469 4789 3597 4828 con-

2014 4871 2153 4938 fuso,
2184 4871 2491 4941 irruptaque
2522 4872 2640 4941 lege
2655 4870 2890 4935 vivendi,
2931 4870 3098 4940 ipsitts
3127 4883 3295 4924 sacra:
3322 4868 3596 4937 religionzs

2017 4977 2111 5032 per
2139 4963 2375 5033 singulos
2400 4964 2519 5031 jura
2552 4962 2860 5032 perdantur.
2889 4961 3224 5028 Quaprooter
3250 4959 3489 5029 quisquis
3515 4969 3596 5012 ta-

2019 5055 2141 5110 liter
2161 5054 2497 5109 incontinens
2520 5052 2765 5107 manibus
2794 5053 3084 5118 invenitur,
3118 5055 3185 5105 ita
3217 5063 3279 5105 ut
3303 5052 3507 5105 nesciat
3529 5053 3597 5104 ab

2018 5141 2216 5200 illicitis
2239 5151 2538 5213 temperare
2568 5160 2582 5197 :
2618 5157 2807 5196 manus
2836 5143 2960 5206 illac,
2989 5157 3119 5213 quas
3141 5142 3311 5197 erexit
3334 5143 3385 5195 in
3418 5143 3596 5212 prosi.

2019 5252 2161 5289 mum
2188 5279 2205 5303 ,
2239 5252 2332 5305 per
2363 5237 2579 5305 longum
2611 5247 2820 5303 tempus
2863 5251 2969 5289 non
3013 5237 3184 5290 solum
3227 5237 3429 5305 jejunio
3453 5279 3468 5303 ,
3499 5239 3593 5291 sed

2017 5327 2176 5381 etiam
2224 5329 2401 5397 operis
2428 5328 2739 5382 assiduitate
2789 5328 3091 5391 lassentur;
3145 5337 3204 5382 ut
3231 5328 3481 5388 deinceps
3528 5330 3595 5381 ad

2020 5417 2181 5472 Deum
2215 5421 2453 5473 leventur
2498 5420 2549 5472 in
2579 5419 2823 5475 oratione
2844 5459 2858 5484 ,
2891 5435 2994 5472 nou
3039 5433 3158 5472 cum
3208 5418 3383 5472 furore
3411 5429 3595 5473 exten-

2014 5509 2206 5564 dantur
2232 5510 2288 5565 in
2334 5509 2574 5564 fratrem.
2610 5510 2845 5564 Dandum
2892 5519 3068 5571 tamen
3099 5510 3307 5564 veniam
3352 5510 3597 5565 decerni.

2016 5619 2156 5667 ntus,
2178 5602 2326 5671 juxta
2359 5610 2415 5655 ut
2440 5601 2604 5656 abbas
2634 5602 2898 5656 moderari
2924 5606 3175 5665 vo'uerit,
3209 5601 3492 5669 postulanti
3514 5619 3524 5651 :
3545 5601 3597 5656 si.

2015 5696 2324 5762 paenitentia
2348 5694 2618 5762 praemissa
2636 5695 2794 5749 etiam
2817 5695 2941 5749 dum
2959 5698 3274 5759 deprecatur
3292 5705 3469 5752 reatus
3487 5697 3593 5762 sui,

2018 5784 2201 5838 {autem
2226 5788 2400 5856 lacry't
2426 5800 2574 5839 atum
2601 5785 2856 5841 effusione
2879 5790 3147 5859 r‘garcrit.
3592 5792 3593 5795 “
