4034 6166
469 327 570 397 om

537 444 664 499 Car.
700 458 824 496 xxii.
861 440 925 496 Ut
956 458 987 493 α
1019 440 1239 494 conuicio
1264 446 1412 506 atque
1440 436 1705 490 maledicto
1735 435 1971 488 monachi

1104 532 1405 583 abstineant.

541 649 611 705 Ut
634 648 928 704 convicium
951 648 1066 703 sive
1092 645 1427 700 maledictum
1449 659 1514 698 ex
1542 658 1638 699 ore
1667 641 1909 698 monachi
1938 656 2040 695 non

467 746 756 816 procedat,
791 759 962 812 neque
1010 743 1186 811 lingua
1230 739 1571 809 impatientia:
1611 738 1930 792 excitatione
1957 750 2042 788 so-

472 838 583 893 luta
613 837 926 891 eﬂ'renatum
958 835 1081 904 quid
1126 834 1392 888 miniStret
1419 834 1567 887 ostiis
1614 831 1879 886 labiorum
1903 871 1919 894 ,
1950 829 2043 884 sed

470 935 773 982 commotus
804 928 900 987 ira,
930 933 987 978 ut
1014 936 1093 978 est
1123 922 1483 985 humanitatis,
1521 922 1665 976 dicat
1697 940 1711 976 :
1744 920 1905 983 Pone,
1941 918 2044 973 Do-

470 1018 627 1081 mine,
648 1014 931 1069 custodiam
956 1015 1030 1067 ori
1051 1030 1181 1079 meo,
1204 1024 1249 1067 et
1279 1016 1461 1067 ostium
1484 1013 1877 1067 circumstantia:
1901 1012 2047 1065 labiis

471 1108 596 1162 meis
638 1106 810 1177 (Psal.
837 1106 984 1175 cst).
1017 1104 1280 1175 Adjungat
1303 1116 1354 1159 et
1377 1104 1504 1157 illtid
1537 1121 1550 1156 :
1582 1103 1727 1169 Dixi,
1769 1104 2048 1156 custodiam

472 1201 579 1253 rias
618 1215 793 1264 meas,
838 1208 891 1252 ut
929 1214 1031 1252 non
1085 1197 1373 1266 delinquam
1412 1198 1463 1249 in
1491 1195 1665 1264 lingua
1704 1212 1816 1247 mea
1874 1193 2041 1263 (Psal.

473 1290 700 1356 xxxvut)
734 1304 747 1341 :
784 1287 985 1340 habens
1031 1286 1158 1340 illud
1203 1286 1441 1354 Apostoli
1490 1295 1612 1339 ante
1652 1285 1837 1339 oculos
1880 1300 2044 1339 suos:

476 1377 608 1444 Quia
628 1394 784 1444 neque
807 1378 1043 1431 maledici
1062 1394 1269 1447 regnum
1289 1376 1381 1430 Dei
1399 1375 1717 1445 possidebunt
1740 1374 1792 1446 (Ι
1812 1376 1930 1429 Cor.
1950 1380 2045 1443 Vl).

471 1470 528 1525 Si
556 1470 675 1539 quis
719 1485 845 1539 ergo
887 1470 937 1523 in
970 1470 1050 1522 his
1090 1469 1379 1522 indomitus
1404 1478 1581 1522 mente
1613 1467 1933 1537 proruperit,
1966 1465 2051 1520 tri-

474 1560 620 1628 ginta
649 1559 837 1613 diebus
876 1560 941 1613 ab
970 1560 1206 1611 omnium
1254 1558 1472 1611 fratrum
1499 1557 1766 1626 colloquio
1796 1555 2051 1611 habeatur

472 1650 683 1705 alienus
712 1667 727 1703 :
757 1650 929 1705 donec
969 1666 1299 1720 cognoscens
1342 1664 1401 1704 se
1427 1648 1791 1703 tantummodo
1835 1649 1888 1702 in
1917 1663 2050 1703 con-

478 1744 791 1812 gregatione
820 1744 1155 1799 solitudinem
1188 1744 1498 1807 incurrisse,
1525 1742 1730 1797 veniam
1771 1742 1931 1811 eligat
1956 1756 2053 1811 po-

473 1834 695 1887 stnlare.

505 1974 633 2030 CAP.
662 1992 814 2030 xxiii.
852 1975 917 2031 Ut
933 1979 1114 2046 jurarc
1136 1976 1412 2029 monachus
1437 1983 1481 2028 et
1503 1973 1698 2029 desinat
1720 1984 1766 2026 et
1789 1975 2013 2028 desistat.

544 2115 614 2169 Ut
634 2116 846 2185 jnrandi
879 2116 1209 2170 consuetudo
1236 2116 1299 2168 ad
1326 2116 1611 2186 integrum,
1636 2114 1683 2169 si
1714 2113 1823 2170 fieri
1854 2123 2045 2183 potest,

473 2203 540 2261 de
585 2208 967 2264 monachorum
1000 2209 1405 2263 interlocutione
1452 2209 1697 2273 tollatur;
1729 2216 1785 2262 ut
1829 2208 1927 2262 etsi
1958 2222 2048 2263 se-

471 2299 706 2352 cundum
738 2301 1016 2353 humanam
1038 2299 1370 2369 fragilitatem
1391 2299 1566 2354 minus
1587 2298 1803 2353 forsitan
1827 2306 2049 2367 possunt

473 2391 737 2445 mendacii
766 2407 956 2445 cavere
996 2402 1297 2458 peccatum,
1336 2391 1540 2461 possint
1578 2392 1761 2446 saltem
1793 2389 2046 2445 damnan-

470 2480 595 2535 dum
630 2482 795 2535 vitare
834 2482 1148 2551 pe«jurinm.
1181 2483 1324 2550 Quos
1352 2499 1478 2550 rogo
1517 2483 1672 2537 simul
1703 2493 1860 2552 atque
1899 2497 2045 2537 com-

471 2587 687 2635 moneo,
718 2582 773 2626 ut
802 2575 1050 2628 studeant
1078 2576 1128 2628 iu
1157 2591 1309 2628 usum
1356 2576 1549 2629 habere
1590 2574 1748 2629 verba
1775 2588 1944 2637 sacra,
1975 2589 2042 2628 ne

471 2680 703 2735 unquam
732 2666 839 2719 sint
870 2665 1171 2720 necessaria
1201 2676 1552 2721 sacramenta.
1585 2666 2038 2733 Quemadmodum

470 2758 612 2812 enim
643 2757 800 2824 hujus
815 2757 925 2811 vitii
942 2757 1171 2812 debeant
1195 2774 1380 2812 omnes
1408 2759 1571 2811 vitare
1592 2758 1866 2827 ﬂagitium,
1887 2759 2042 2813 beato

469 2847 714 2913 apostolo
747 2854 996 2900 monente
1022 2846 1333 2911 didicimus;
1358 2847 1431 2900 ait
1459 2849 1600 2901 enim
1627 2864 1641 2899 :
1675 2846 1851 2899 Nolite
1862 2850 2042 2917 jurare

470 2955 629 3010 neque
649 2955 738 3007 per
757 2939 959 3004 caelum,
997 2955 1156 3009 neque
1181 2955 1269 3006 per
1298 2950 1502 3004 terram,
1527 2956 1681 3008 neque
1703 2940 1846 2993 aliud
1879 2942 2041 3009 quod-

470 3045 663 3098 cunque
676 3031 1044 3099 juramentum.
1077 3029 1157 3083 Sit
1176 3038 1348 3083 autem
1367 3030 1571 3083 verbum
1589 3040 1824 3093 vestrum,
1847 3040 1917 3083 est
1940 3040 2035 3098 est,

468 3136 569 3171 non
590 3137 691 3173 non
713 3136 731 3172 :
752 3131 803 3173 ut
817 3132 925 3174 non
946 3123 1036 3173 sub
1054 3120 1253 3189 judicio
1275 3120 1518 3172 decidatis
1540 3118 1691 3189 (Jac.
1715 3119 1790 3187 ν).
1817 3119 1883 3174 Et
1910 3120 2035 3174 illud

469 3211 715 3265 similiter
742 3211 1026 3280 Scriptura:
1056 3212 1248 3266 divina:
1272 3228 1285 3266 :
1333 3209 1417 3265 Vir
1440 3210 1654 3265 multant
1668 3214 1855 3283 jurans
1878 3213 2037 3284 reple-

468 3303 602 3356 bitur
626 3305 911 3374 iniquitate,
955 3314 1001 3359 ct
1031 3320 1131 3358 non
1170 3305 1390 3359 discedet
1427 3306 1492 3360 de
1529 3305 1678 3359 domo
1705 3305 1846 3361 illius
1885 3306 2040 3378 plaga

468 3395 657 3465 (Eccli.
676 3396 848 3466 xxiii).
871 3397 960 3451 llis
980 3412 1207 3467 namque
1223 3398 1425 3468 magnis
1449 3408 1609 3468 atque
1628 3398 2039 3455 evidentissimis

466 3486 800 3542 documentis
841 3490 1000 3541 etiam
1034 3488 1190 3542 lectio
1220 3488 1515 3557 Evangelii,
1542 3503 1662 3558 qua:
1696 3498 1779 3544 est
1806 3490 2035 3543 maxima

467 3579 761 3649 plenitudo,
785 3580 1029 3635 similiter
1055 3591 1355 3650 attestatur,
1382 3582 1591 3638 dicente
1613 3582 1835 3637 Domino
1863 3583 1928 3637 ad
1949 3583 2035 3638 di-

466 3672 701 3739 scipulos
728 3687 743 3728 :
777 3673 1004 3726 Audistis
1030 3674 1149 3740 quia
1170 3673 1364 3726 dictum
1397 3685 1470 3727 est
1490 3675 1709 3743 antiquis
1732 3688 1749 3727 :
1774 3673 1895 3729 Non
1922 3691 2037 3745 per-

466 3763 680 3837 iurabis;
696 3764 874 3817 reddes
891 3774 1059 3817 autem
1078 3762 1296 3817 Domino
1301 3764 1596 3835 juramenta
1610 3775 1718 3820 tua.
1745 3764 1856 3835 Ego
1870 3777 2036 3820 autem

466 3853 583 3906 dico
608 3854 766 3919 vobis,
791 3850 889 3906 non
923 3854 1101 3922 iurare
1136 3855 1363 3921 omnino,
1386 3870 1540 3923 neque
1577 3870 1666 3926 per
1691 3855 1891 3919 emtum,
1915 3857 2036 3924 quia

466 3946 675 4000 thronus
699 3944 792 3999 Dei
831 3956 938 4009 est;
963 3962 1122 4015 neque
1160 3963 1248 4015 per
1275 3957 1478 4011 terram,
1509 3949 1630 4017 quia
1667 3947 1941 4001 scabellum
1961 3957 2032 4002 est

466 4035 648 4107 pedum
687 4039 828 4108 ejus;
857 4053 1014 4107 neque
1037 4053 1124 4107 per
1151 4036 1581 4108 Hierosolymam,
1610 4040 1728 4109 quia
1764 4041 1937 4093 civitas
1960 4050 2033 4093 est

466 4128 640 4197 magni
660 4127 843 4198 Regis;
868 4145 1023 4194 neque
1043 4145 1132 4197 per
1152 4140 1301 4200 caput
1339 4143 1483 4183 tuum
1500 4134 1772 4200 juraveris.
1795 4135 1913 4202 quia
1933 4151 2034 4187 non

466 4228 606 4288 putes
620 4235 774 4272 unum
789 4220 1034 4290 capillum
1053 4221 1221 4274 album
1236 4221 1403 4289 facere
1422 4233 1512 4275 aut
1529 4225 1747 4293 nigrum.
1768 4223 1846 4279 Sit
1862 4235 2033 4278 autem

466 4326 629 4364 sermo
650 4321 826 4380 vester,
840 4320 913 4365 est
934 4322 1027 4381 est,
1051 4328 1155 4365 non
1174 4328 1307 4377 non;
1329 4316 1463 4382 quod
1483 4325 1650 4368 autem
1673 4317 1750 4370 his
1770 4318 2033 4370 abundan-

466 4402 564 4454 tius
589 4412 681 4469 est,
704 4419 736 4455 a
758 4403 893 4457 malo
926 4413 996 4457 est
1023 4403 1236 4473 (Matth.
1262 4408 1336 4475 ν).
1370 4404 1609 4460 Sufliciat
1637 4421 1763 4476 ergo
1791 4422 1885 4461 nos
1913 4425 2033 4479 pro-

467 4492 580 4562 pria
602 4493 880 4549 inserenda
903 4497 1099 4550 monita
1120 4498 1375 4565 exemplis
1396 4497 1641 4553 docuisse
1664 4498 1894 4552 vitanda.

699 4633 828 4689 Car.
869 4651 1011 4690 xxiv.
1059 4634 1126 4692 Ut
1154 4637 1429 4691 monachus
1453 4654 1571 4692 raro
1595 4640 1778 4697 rideat.

537 4775 873 4831 Conveniens
898 4780 1056 4830 etiam
1078 4777 1176 4833 huc
1198 4785 1358 4834 cretto
1379 4783 1671 4844 monachis,
1706 4795 1761 4843 ut
1783 4784 1913 4851 risu,
1937 4784 2041 4839 etsi

467 4882 573 4924 non
603 4868 846 4935 assidue,
888 4872 1192 4940 frequenter
1229 4884 1403 4929 tamen
1444 4879 1763 4932 abstineant.
1816 4880 1963 4935 Unde
1995 4883 2040 4936 si

467 4961 771 5028 exemplum
786 4963 969 5031 legens
986 4966 1203 5019 fratrum
1219 4967 1442 5035 quisque
1459 4971 1712 5037 requiret,
1738 4972 1840 5026 hoc
1864 4972 2037 5027 solum

465 5054 517 5109 ei
550 5054 800 5123 sulliciat,
827 5056 948 5123 quia
974 5055 1253 5110 Dominum
1278 5067 1513 5113 nostrum
1539 5060 1724 5116 Jesum
1749 5062 2039 5128 Christum,

468 5144 760 5215 Evangelia
802 5156 935 5201 teste
961 5146 1139 5216 (Joan.
1168 5164 1220 5203 xi
1248 5154 1288 5218 ),
1319 5149 1531 5206 ﬂevisse
1571 5154 1827 5221 legimus,
1860 5155 2042 5212 risisse

466 5238 761 5301 nescimus;
796 5236 1057 5292 tristatum
1110 5240 1351 5306 ﬂetibus,
1398 5245 1593 5299 risibus
1640 5260 1742 5297 non
1788 5247 2037 5303 solutum.

466 5333 750 5391 Attamen,
795 5342 862 5382 ne
891 5329 1151 5398 quispiam
1180 5332 1321 5386 dicat
1351 5333 1553 5387 nullum
1594 5349 1691 5388 nos
1721 5348 1913 5405 praeter
1943 5340 2042 5394 hoc

466 5415 663 5472 habere
693 5419 1053 5473 testimonium
1082 5423 1322 5477 lectionis
1343 5464 1358 5488 ,
1385 5425 1729 5480 Salomonem
1774 5428 2038 5484 dicenti-in

466 5509 685 5562 audiat:
721 5509 871 5563 Risus
914 5508 1091 5564 dolore
1136 5513 1463 5581 miscebitur;
1504 5526 1552 5569 et
1602 5527 1825 5571 extrema
1862 5523 2042 5590 gaudii

470 5602 636 5657 luctus
660 5612 871 5667 occupat
904 5599 1086 5671 (Prov.
1115 5606 1252 5672 xiv).
1286 5603 1349 5657 Et
1392 5606 1583 5660 iterum
1608 5623 1622 5658 :
1649 5607 1834 5663 Melior
1867 5623 1940 5664 est
1968 5614 2047 5666 ira

467 5686 597 5750 risu,
620 5687 741 5754 quia
768 5704 854 5755 per
876 5692 1129 5745 tristitiam
1152 5696 1322 5746 vultus
1352 5694 1631 5767 corrigitur
1654 5700 1856 5754 animm
1880 5702 2047 5757 delin-

471 5780 685 5832 (tuentis.
706 5776 806 5835 Cor
817 5783 1079 5853 sapientis,
1102 5786 1184 5839 ubi
1212 5785 1415 5842 tristitia
1442 5795 1513 5845 est
1535 5802 1555 5843 :
1574 5798 1622 5843 ct
1647 5805 1735 5847 cor
1746 5794 2040 5866 stultorum,

1410 321 1745 382 APPENDIX
1789 320 1875 374 AD
1914 315 2138 374 OPERA
2180 315 2236 372 S.
2281 314 2340 371 P.
2383 310 2755 370 BENEDICTL

2072 437 2122 495 Α
2148 427 2230 481 ubi
2281 428 2454 481 ltrtitia
2504 425 2696 489 (Eccle.
2722 421 2835 486 vn).
2872 422 2937 476 Et
2986 433 3175 476 iterum
3209 438 3218 471 :
3251 420 3452 474 Stu’tus
3503 438 3554 474 in
3609 426 3717 475 risu

3608 312 3713 366 963

2144 522 2333 572 exultat
2369 533 2533 571 vocem
2564 533 2741 583 suam,
2782 515 2862 568 vir
2887 523 3051 567 autem
3082 513 3281 582 sapiens
3304 514 3387 564 vix
3416 515 3568 566 tacite
3596 522 3717 566 sub-

2145 608 2326 662 ridebit
2359 607 2549 677 (Eccli.
2583 606 2715 677 xxi).
2748 607 3055 676 Quicunque
3081 624 3207 678 ergo
3235 609 3321 662 ille
3352 609 3403 662 in
3428 625 3719 679 congrega-

2148 703 2294 756 tione
2324 705 2680 765 constitutus,
2708 710 2766 754 ut
2791 702 3028 764 assolet,
3061 711 3152 753 aut
3175 712 3351 755 mente
3385 702 3598 770 juvenis
3627 714 3721 755 aut

2146 804 2303 850 a'tate
2332 796 2561 865 risibus,
2602 795 2722 863 joca
2768 808 2873 848 non
2900 794 3123 863 fugerit,
3156 794 3280 863 quid
3307 793 3449 848 aliud
3495 794 3593 847 nisi
3617 809 3717 861 pn-

2148 886 2415 941 blicanum
2448 895 2741 942 commutat
2768 900 2830 938 ex
2877 885 3169 939 monacho?
3200 886 3286 954 qui
3328 887 3378 937 in
3417 885 3721 939 civitatibus

2146 979 2372 1047 amplius
2394 978 2664 1047 populosis
2690 977 2823 1031 hanc
2852 977 2952 1030 sibi
2978 984 3177 1030 tantum
3201 992 3416 1045 Operam
3433 978 3717 1045 deputant,

2150 1083 2342 1124 vacare
2363 1069 2524 1138 jocis,
2584 1069 2856 1137 plausibus
2885 1078 2936 1121 et
2965 1066 3259 1123 cachinnis.
3290 1068 3603 1136 Specialiter
3643 1079 3724 1120 ta-

2148 1178 2268 1217 men
2303 1163 2403 1216 hoc
2443 1172 2662 1215 cunctos
2695 1173 2922 1218 moneo,
2965 1158 3284 1212 servandum
3324 1158 3518 1213 mando
3561 1170 3720 1226 atque

2148 1254 2432 1318 constituo,
2470 1263 2526 1306 ut
2553 1250 2971 1321 quotiescunque
3003 1249 3158 1303 lectio
3180 1248 3457 1303 animabus
3490 1248 3579 1302 Dei
3615 1251 3723 1303 de-

2149 1347 2276 1400 ditis
2299 1354 2592 1414 opportuna
2627 1346 2678 1398 in
2717 1343 2941 1397 ecclesia
2970 1343 3050 1395 vel
3080 1343 3129 1395 in
3153 1342 3453 1408 relectorio,
3478 1352 3566 1394 aut
3588 1357 3724 1409 quo—

2150 1435 2278 1491 libet
2306 1436 2360 1491 in
2394 1439 2511 1490 loco
2553 1434 2764 1504 publice
2804 1434 3091 1495 recitatur,
3124 1433 3300 1486 nullus
3345 1434 3453 1486 risu
3488 1442 3578 1485 aut
3604 1451 3721 1485 ino-

2150 1537 2338 1581 veatur
2357 1535 2448 1580 aut
2468 1536 2697 1580 moveat.
2717 1524 2977 1580 Similiter
2995 1524 3154 1577 etiam
3175 1539 3242 1577 eo
3258 1534 3497 1592 tempore
3514 1521 3722 1576 fabulas

2152 1615 2432 1685 fugiendas
2454 1632 2574 1671 esse
2596 1623 2937 1685 cognoscant.
2951 1614 3101 1680 Quod
3126 1615 3171 1669 si
3188 1612 3306 1684 quis
3321 1629 3425 1669 non
3455 1615 3725 1668 custodie-

2152 1708 2225 1762 rit
2254 1709 2502 1777 prtesenti
2524 1708 2924 1763 denuntiatione
2944 1708 3322 1771 commonitus,
3347 1706 3577 1761 triduani
3595 1723 3720 1761 eum

2081 1799 2334 1867 Bjejunii
2385 1798 2657 1853 multtatio
2685 1799 2929 1868 castiget.
2974 1796 3126 1865 Quod
3174 1800 3404 1853 triduum
3452 1801 3721 1853 neminem

2159 1890 2404 1943 volumus
2430 1890 2530 1943 sub
2559 1903 2665 1943 uno
2691 1888 2984 1957 adimplere
3006 1887 3233 1958 jejunio,
3254 1903 3321 1943 ne
3347 1889 3400 1942 in
3421 1890 3596 1959 aliquo
3618 1892 3723 1944 dis-

2156 1978 2407 2032 cretionis
2432 1989 2613 2034 careat
2650 1978 2931 2046 disciplina
2963 1995 2975 2028 :
3006 1976 3100 2032 sed
3133 1978 3230 2030 tria
3274 1977 3475 2047 jejunia
3504 1994 3722 2046 vesper-

2156 2070 2259 2123 tina
2284 2069 2531 2139 jubemus
2552 2068 2788 2138 quotidie
2808 2067 3102 2123 refectione
3122 2067 3394 2139 distingui.
3424 2070 3533 2125 Hoc
3559 2072 3720 2125 etiam

2152 2160 2220 2213 de
2251 2161 2466 2229 reliquis
2487 2158 2708 2228 jejuniis
2729 2203 2744 2228 ,
2777 2159 2964 2229 quibus
2995 2160 3191 2229 regula:
3220 2161 3511 2228 culpabiles
3546 2166 3720 2215 corri-

2149 2258 2372 2321 guntur,
2419 2253 2702 2306 statuimus
2742 2251 3011 2306 observari
3046 2268 3059 2300 :
3106 2252 3175 2303 ita
3228 2260 3403 2305 tamen
3451 2252 3496 2307 si
3539 2254 3591 2306 in
3631 2267 3723 2306 reo

2148 2340 2387 2410 quolibet
2416 2342 2677 2396 monacho
2720 2342 2885 2395 abbas
2910 2340 3208 2411 superbiam
3236 2342 3588 2411 duritiamque
3617 2358 3723 2398 non

2149 2431 2358 2487 viderit.

2143 2592 2270 2649 CAP.
2314 2609 2436 2648 xxv.
2482 2592 2550 2648 Ut
2580 2595 2947 2664 turpiloquium
2975 2597 3248 2652 monachus
3283 2598 3489 2651 omnino
3528 2599 3720 2667 fugiat.

2209 2753 2611 2824 Turpiloquium
2652 2770 2836 2811 amore
2866 2756 3132 2827 pudicitiae
3158 2757 3228 2813 sit
3266 2758 3524 2813 monacho
3564 2768 3722 2827 turpe

2140 2846 2378 2913 proferre
2407 2847 2621 2901 vitando
2643 2847 2803 2903 verba
2824 2848 3067 2916 luxuriae,
3099 2864 3217 2919 qua:
3239 2858 3294 2904 ut
3316 2862 3547 2905 mentem
3569 2858 3719 2907 esci-

2138 2945 2294 3002 tant,
2328 2940 2397 2993 ita
2428 2952 2623 3008 corpus
2648 2938 2997 2995 inﬂammant.
3029 2941 3119 2995 Ait
3157 2941 3297 2995 enim
3337 2941 3523 2997 beatus
3569 2944 3717 3012 Apr-

2136 3030 2305 3082 stolus
2327 3046 2340 3082 :
2360 3028 2604 3098 Deponite
2626 3031 2893 3096 malitiam,
2916 3031 3295 3102 blasphemiam,
3313 3042 3509 3112 turpem
3521 3050 3715 3089 scruta-

2137 3138 2269 3186 nem,
2294 3123 2357 3175 de
2380 3139 2465 3177 ore
2485 3134 2647 3177 vestro
2678 3122 2874 3192 (Calas.
2908 3122 3013 3195 ιιι).
3047 3124 3321 3195 Interrogo
3342 3141 3464 3195 ego,
3493 3125 3711 3192 fratres,

2140 3213 2266 3282 quid
2312 3215 2404 3269 ille
2450 3215 2628 3270 minus
2666 3216 2789 3271 facit
2830 3216 3110 3284 adultero,
3160 3219 3310 3288 cujus
3352 3221 3714 3276 communicat

2139 3303 2311 3372 lingua
2343 3305 2602 3374 peccato?
2632 3305 2767 3373 Quid
2792 3306 3017 3362 luxuria:
3040 3308 3216 3362 minus
3239 3312 3501 3375 exercuit,
3527 3314 3614 3380 qui
3639 3327 3703 3367 os

2137 3405 2341 3451 castum
2373 3399 2634 3452 sermonis
2677 3400 3017 3469 corruptione
3066 3400 3321 3456 foedavit?
3370 3401 3527 3457 Et'ut
3572 3404 3712 3458 banc

2137 3487 2443 3555 spurcitiam
2471 3487 2678 3543 cunctis
2715 3490 2876 3545 etiam
2911 3496 3100 3545 canere
3142 3506 3315 3547 metus
3354 3492 3715 3549 damnationis

2137 3577 2410 3647 imponat,
2440 3579 2722 3635 statuimus
2751 3580 2906 3649 hujus
2932 3581 3103 3651 culpae
3141 3596 3291 3637 reum
3336 3584 3710 3638 communica-

2139 3671 2336 3724 tionem
2375 3671 2726 3733 dominicam,
2776 3672 2861 3726 vel
2908 3674 3147 3728 osculum
3195 3673 3417 3728 fratrum
3462 3688 3557 3729 sex
3586 3677 3711 3731 anni

2138 3762 2408 3816 mensibus
2436 3776 2541 3816 non
2571 3761 2790 3818 habere.

2204 3923 2332 3977 CAP.
2373 3938 2515 3977 XXVI.
2547 3922 2615 3977 Ut
2644 3922 2865 3991 quotidie
2902 3938 3056 3989 usque
3079 3924 3150 3977 ad
3178 3924 3375 3977 tertiam
3407 3926 3642 3979 monachi

2819 4015 3010 4082 legant.

2221 4159 2289 4216 Ut
2319 4176 2484 4230 usque
2512 4162 2576 4215 ad
2610 4162 2793 4216 horam
2829 4162 2931 4216 diei
2972 4161 3180 4218 tertiam
3212 4164 3262 4218 in
3301 4166 3447 4219 omni
3471 4175 3714 4235 tempore

2136 4254 2357 4320 lectioni
2389 4254 2680 4308 monachus
2705 4265 2810 4307 tam
2842 4254 3021 4309 senior
3045 4272 3202 4325 quam
3224 4270 3494 4312 extremus
3517 4275 3714 4315 vacare

2143 4354 2415 4411 procuret,
2439 4356 2490 4399 et
2513 4346 2590 4399 sic
2615 4344 2828 4399 demum
2862 4346 2913 4399 in
2944 4348 3144 4416 reliqua
3169 4359 3314 4416 parte
3338 4350 3442 4404 diei
3473 4352 3713 4421 deputati

2140 4434 2319 4501 operis
2352 4448 2478 4488 cura
2513 4438 2792 4499 succedat,
2835 4446 3028 4504 praeter
3054 4449 3283 4504 argi-otiis
3309 4449 3511 4493 tantum
3538 4485 3552 4503 ,
3593 4445 3713 4510 qui-

2067 4545 2120 4605 ι)
2145 4525 2241 4579 bus
2263 4526 2457 4593 imponi
2485 4524 2588 4581 hoc
2621 4541 2778 4592 supra
2811 4531 3078 4596 propriam
3106 4532 3463 4597 voluntatem,
3505 4534 3588 4586 vel
3619 4549 3715 4602 po-

2148 4616 2250 4670 tius
2270 4618 2514 4669 virtutem
2537 4621 2832 4671 communis
2856 4619 3131 4673 infirmitas
3148 4636 3253 4674 non
3283 4622 3558 4690 permittit.
3584 4623 3717 4676 Nam

2146 4717 2201 4763 et
2238 4707 2290 4761 lii
2346 4709 2538 4776 quibus
2580 4710 2843 4764 fructuum
2902 4712 3317 4781 colligendorum
3374 4725 3612 4778 tempore
3651 4721 3721 4769 ali

2149 4798 2343 4853 abbate
2372 4797 2533 4853 tuerit
2570 4801 2925 4867 imperatum,
2964 4810 3022 4855 nt
3049 4803 3319 4858 matutinis
3356 4804 3504 4859 horis
3533 4821 3721 4873 operis

2146 4892 2343 4962 aliquid
2375 4893 2459 4948 vel
2485 4891 2684 4948 laboris
2713 4904 3027 4963 exerceant,
3055 4896 3153 4951 hac
3181 4897 3296 4966 lege
3324 4914 3427 4952 non
3457 4902 3725 4954 tenebnn.

2147 4991 2234 5036 tur
2256 5001 2270 5035 ;
2295 4998 2467 5053 neque
2490 4984 2615 5041 huic
2636 4986 2931 5041 delinitiOni
2960 4989 3282 5057 putabuntur
3302 4993 3575 5045 exstitisse
3596 5008 3725 5045 ciui.

2152 5074 2319 5139 trarii,
2338 5091 2456 5128 cum
2479 5075 2735 5145 imperata
2759 5077 2858 5133 sibi
2883 5079 3118 5134 utilitatis
3138 5096 3297 5135 causa
3316 5098 3432 5137 com
3442 5084 3723 5152 pleveriut.

2150 5168 2362 5223 Etenim
2389 5187 2553 5225 moris
2574 5182 2658 5227 est
2682 5174 2930 5242 agricolis
2956 5183 3014 5228 ut
3035 5176 3118 5230 vix
3146 5177 3351 5232 reddito
3374 5180 3545 5233 adhuc
3568 5197 3728 5235 mane

2149 5259 2295 5313 arida
2327 5260 2616 5326 frumenta,
2650 5279 2751 5317 non
2783 5266 2883 5317 nisi
2913 5264 3138 5321 deciduo
3171 5270 3381 5323 madida
3411 5270 3547 5323 facta
3578 5286 3727 5339 rore,

2151 5353 2464 5419 succidant,
2501 5367 2557 5407 ut
2589 5356 2759 5408 laetam
2789 5357 2967 5411 minus
2995 5372 3229 5428 segetem
3270 5360 3475 5415 facilius
3497 5363 3728 5417 fervori-

2150 5443 2250 5497 bus
2270 5445 2659 5501 insecutoribus
2678 5448 2922 5517 eripiant,
2950 5450 3071 5503 dum
3093 5450 3148 5504 in
3181 5453 3400 5507 exordio
3420 5454 3524 5508 diei
3547 5454 3731 5509 blandi

2149 5535 2287 5588 aeris
2316 5545 2732 5603 temperamenta
2776 5539 3101 5596 custodiunt.
3135 5541 3291 5613 Saepe
3332 5546 3474 5599 enim
3521 5561 3588 5599 ex
3636 5546 3725 5599 in-

2150 5623 2352 5679 dustria
2381 5625 2576 5679 factum
2595 5633 2729 5695 scio,
2755 5637 2812 5683 ut
2835 5630 2991 5684 dubia
3018 5632 3191 5687 adhuc
3222 5634 3361 5698 luce,
3392 5639 3729 5704 priusquam,

2151 5723 2210 5767 ut
2236 5713 2417 5795 dicere
2444 5728 2725 5785 possumus
2746 5760 2761 5783 ,
2797 5719 2927 5774 orbe
2964 5722 3092 5776 solis
3122 5724 3281 5778 ardor
3318 5725 3441 5779 ebib
3464 5729 3541 5779 rit
3575 5733 3731 5779 mia-

2152 5812 2293 5862 ctam
2322 5805 2376 5864 in
2407 5805 2707 5880 manipulos
2738 5819 2967 5881 segetem
2993 5852 3009 5879 ,
3061 5813 3200 5886 ignei
3242 5816 3439 5873 iubaris
3482 5818 3732 5873 ﬂammas
