4034 6166
334 342 431 398 969

1306 336 1365 391 S.
1406 334 1742 389 FEltREOLi
1783 334 2057 389 ῐιεϐυω
2100 332 2189 390 AD
2228 331 2611 387 MUNMZilUS.

3481 332 3584 387 970

335 469 454 507 cum
481 449 737 506 fructibus
768 461 1004 501 messura
1029 444 1142 514 ejus
1164 448 1408 500 evaserit.
1448 444 1557 499 lloc
1583 460 1707 515 ergo
1737 443 1896 497 etiam
1934 454 1976 507 Α
2011 442 2077 494 t's
2113 441 2192 495 vel
2220 441 2381 494 etiam
2424 440 2639 493 alternis
2667 440 2895 494 senioris
2946 438 3182 509 imponat
3215 460 3225 493 :
3262 440 3331 494 ita
3380 449 3437 495 ut
3482 442 3565 496 nis

334 562 361 597 a
394 543 666 598 monachis
686 541 774 609 qui
802 539 948 608 operi
982 540 1263 603 insistunt,
1290 550 1345 592 ιιι
1372 538 1613 603 superius
1637 536 1890 600 diximus,
1922 586 1935 599 ,
2008 534 2358 603 interrogatus
2380 532 2446 583 ab
2470 548 2535 585 eo
2560 532 2637 586 vel
2659 533 2837 598 jussus
2867 531 3133 586 silentium
3160 534 3457 602 irrumpere
3481 551 3586 587 non

338 634 497 691 fuerit
526 636 890 697 observatum,
915 648 1017 685 non
1043 642 1198 686 erunt
1225 629 1593 700 pronuntiandi
1625 645 1719 699 pro
1741 642 1896 682 com-

341 726 534 796 prndio
569 726 748 794 aperis
780 724 970 791 regulae
1004 732 1443 789 transgressores.

340 867 472 923 Cap.
512 881 677 920 xxvtt.
714 863 780 919 Ut
826 875 941 917 ante
971 864 1168 916 teitiam
1197 862 1365 915 nullus
1391 859 1662 913 monachus
1685 856 1837 910 ηιαηό
1850 873 1907 910 u-

937 964 1010 1008 cet
1034 964 1121 1008 aut
1155 953 1308 1006 bibat.

418 1070 486 1124 lit
504 1084 571 1124 ne
587 1068 706 1137 quis
725 1066 794 1121 de
815 1065 1107 1127 monachis,
1129 1072 1320 1132 praeter
1346 1060 1607 1123 inﬁrmos,
1627 1067 1909 1125 antequam

347 1162 476 1215 liora
500 1160 609 1214 diei
638 1159 792 1213 tertia
821 1156 1152 1225 compleatur
1172 1195 1187 1219 ,
1213 1151 1453 1223 quamvis
1481 1145 1908 1217 supervenientis

346 1252 632 1323 cujuslibet
672 1251 899 1323 proximi
938 1250 1019 1303 vel
1063 1248 1220 1303 amici
1256 1247 1394 1318 gula:
1435 1249 1606 1314 potius
1650 1242 1910 1311 exquisita

349 1346 560 1399 occasio
589 1342 874 1407 l'ulciatur,
903 1341 1228 1395 manducare
1261 1338 1343 1390 vel
1376 1337 1555 1389 bibere
1582 1344 1672 1387 aut
1719 1344 1911 1401 rogans

352 1446 637 1505 prmsumat
658 1474 673 1498 ,
695 1441 785 1486 aut
821 1440 1032 1501 rogatus
1058 1474 1072 1497 ,
1124 1430 1213 1484 illo
1241 1428 1499 1482 duntaxat
1528 1437 1763 1493 tempore
1811 1435 1915 1489 quo

348 1528 551 1599 jejunio
582 1526 735 1580 solita
775 1525 1091 1579 remissione
1121 1522 1422 1576 solvuntur.
1451 1518 1574 1570 Post
1617 1516 1751 1568 hanc
1790 1526 1916 1565 vero

354 1627 535 1677 horam
566 1620 1001 1675 deliberationem
1042 1615 1361 1671 comedendi
1394 1626 1557 1683 usque
1584 1610 1649 1664 ad
1679 1621 1915 1669 sextam,

352 1719 398 1769 si
427 1717 510 1770 vel
542 1715 740 1769 amicus
770 1712 881 1779 ejus
907 1712 987 1765 vel
1014 1708 1318 1763 stomachus
1342 1705 1617 1775 permittit,
1645 1703 1913 1757 extendat.

2009 623 2587 692 prtesinnas,obediens
2607 622 2920 693 Scriptura).
2944 636 3059 691 qum
3084 625 3212 680 dicit
3236 643 3248 676 :
3280 622 3588 695 Priusquam

2006 713 2207 776 audias,
2237 728 2299 765 ne
2327 713 2667 781 respondeas;
2696 724 2741 765 et
2763 714 2815 765 in
2839 716 3005 767 medio
3019 714 3276 768 seniorum
3305 716 3412 768 noli
3441 725 3487 768 te
3508 715 3590 767 in-

2019 807 2182 873 jicere
2202 805 2390 873 (Eccli.
2414 808 2606 867 xxxu).
2636 805 2789 871 Quod
2816 805 2975 859 etiam
3004 804 3055 857 in
3075 804 3324 859 convivio
3348 803 3580 873 apertis-

2026 899 2164 952 sime
2198 899 2611 968 pronuntiamus
2650 911 2772 951 esse
2811 896 3159 951 servandum.

2081 1032 2210 1088 Car.
2252 1049 2377 1088 xxx.
2422 1032 2490 1088 Ut
2517 1033 2672 1086 abbas
2728 1032 2915 1101 absque
2961 1034 3216 1087 voluntate
3243 1051 3334 1087 sua
3388 1034 3519 1087 nihil

2649 1124 2816 1191 operis
2841 1125 3015 1193 faciat.

2090 1263 2155 1319 Ut
2178 1264 2341 1317 abbas
2372 1266 2414 1318 si
2449 1280 2551 1317 non
2582 1274 2839 1333 apert-tur
2866 1277 2922 1318 ut
2963 1243 3174 1332 caueri,
3218 1280 3375 1319 nemo
3401 1266 3594 1321 audeat

2018 1356 2408 1421 reprehendere
2438 1372 2452 1409 :
2482 1356 2601 1424 quia
2632 1356 2844 1409 lectioni
2877 1370 2997 1409 eum
3043 1358 3208 1425 magis
3236 1364 3424 1412 vacare
3458 1372 3592 1413 cou-

2020 1445 2191 1509 venlt,
2222 1457 2324 1513 qua
2353 1447 2588 1514 quotidie
2626 1456 2850 1499 δαείω-οε
2876 1446 3064 1500 doceat
3084 1488 3099 1511 ,
3145 1460 3247 1515 qua
3279 1448 3595 1503 commissos

2021 1539 2255 1592 eruditos
2283 1538 2490 1599 reddat,
2515 1551 2615 1605 qua
2646 1546 2871 1592 cunctos
2898 1548 3081 1592 saneta
3109 1552 3323 1606 semper
3346 1538 3592 1594 admoni-

2023 1630 2165 1683 tione
2190 1638 2495 1697 componat.
2524 1628 2749 1683 Studere
2772 1638 2944 1682 tamen
2976 1644 3099 1682 eum
3128 1637 3358 1696 oportet,
3389 1637 3448 1683 ut
3467 1644 3599 1699 quo-

2027 1725 2127 1777 ties
2152 1728 2316 1776 codex
2349 1725 2592 1777 inanibus
2606 1739 2709 1777 non
2731 1733 2960 1788 tenetur,
2991 1724 3283 1777 secundum
3313 1724 3454 1780 vires
3473 1741 3598 1780 snas

352 1808 459 1863 Sed
496 1810 546 1858 in
575 1807 669 1859 bac
711 1805 999 1858 reiectione
1031 1817 1191 1854 unum
1223 1801 1301 1853 vel
1347 1800 1480 1851 duos
1516 1795 1709 1848 fratres
1742 1792 1915 1846 socios
1953 1828 1993 1886 Β
2025 1816 2207 1870 rem“
2230 1832 2287 1870 se
2314 1818 2365 1870 δη
2397 1818 2634 1885 qualibet
2659 1816 3205 1885 τηηηηωρεηηοηθ
3225 1831 3597 1872 communem:

353 1899 476 1961 sibi,
507 1907 561 1949 et
585 1905 789 1964 quierat
816 1905 867 1946 et
899 1892 1047 1946 iaciat
1068 1932 1082 1951 ,
1121 1900 1199 1955 ut,
1228 1891 1351 1943 dum
1383 1888 1609 1949 videtur,
1650 1888 1745 1937 ista
1776 1898 1921 1936 cout-

354 1986 716 2041 tnunicatione
745 1993 902 2051 atque
931 1982 1257 2036 humanitate
1286 1980 1355 2034 sit
1384 1977 1646 2049 publicus,
1696 1991 1800 2029 non
1832 1988 1922 2042 ap-

351 2082 540 2145 pareat
569 2072 764 2127 l'urtive
786 2069 1107 2141 suppositus.

353 2214 484 2270 CAP.
533 2229 718 2268 xxvm.
786 2212 852 2265 L't
905 2209 1182 2264 monachus
1236 2208 1463 2279 quotidie
1512 2208 1680 2276 aperis
1734 2206 1927 2275 aliquid

1050 2303 1223 2362 faciat.

433 2428 779 2487 Monachum,
810 2432 1010 2492 alisque
1042 2422 1202 2477 certis
1241 2420 1666 2476 solemnitatibus
1699 2419 1779 2473 vel
1813 2433 1927 2472 ina-

360 2517 549 2574 nifesta
581 2515 923 2586 aegritudine,
954 2515 1096 2568 diem
1140 2517 1258 2568 sine
1287 2513 1597 2581 operatione
1628 2512 1924 2580 transigen-

361 2621 468 2665 lem
516 2624 545 2662 a
588 2607 830 2663 convivio
863 2607 1198 2661 decernimus
1230 2597 1664 2668 excludendum,
1712 2601 1930 2668 iubente

362 2706 519 2759 beato
541 2702 794 2771 Apostolo
822 2720 836 2755 :
864 2702 963 2766 Qui
986 2717 1088 2754 non
1112 2700 1302 2753 laborat
1328 2715 1429 2752 non
1448 2699 1736 2752 manducet.
1766 2695 1931 2751 Secu-

366 2807 513 2850 turas
537 2805 709 2850 tamen
734 2795 1105 2849 excusationes
1147 2792 1408 2846 inutilium
1456 2790 1805 2859 praevidemus
1828 2830 1844 2855 ,
1878 2799 1934 2848 et

366 2899 643 2957 promere:
674 2888 884 2940 modum
914 2886 1161 2953 ponimus
1187 2884 1394 2937 otiosis.
1423 2882 1668 2936 Dicturus
1687 2891 1771 2935 est
1790 2882 1933 2937 eni'm

366 2992 504 3031 unus
546 2993 607 3031 ex
666 2977 905 3030 talibus:
952 2974 1065 3045 Ego
1110 2990 1214 3029 non
1251 2988 1465 3044 possum
1513 2972 1764 3043 operari,
1812 2973 1935 3042 quia

365 3071 563 3124 antisse
594 3069 786 3125 robore
810 3069 1101 3137 juventutis
1125 3084 1241 3124 sum
1271 3070 1335 3123 ad
1375 3070 1553 3123 omnia
1589 3083 1756 3125 senex
1784 3068 1934 3123 inva-

366 3162 535 3226 ﬁdus;

368 3251 473 3324 lam
507 3252 745 3316 fractus;
794 3251 1030 3305 dicturus
1067 3261 1150 3304 est
1176 3251 1333 3305 etiam
1366 3251 1590 3318 tertius,
1631 3251 1674 3304 si
1708 3251 1937 3320 potuerit

369 3344 594 3400 inveniri
632 3341 784 3397 :Non
819 3356 1032 3411 possum
1074 3341 1230 3396 etiam
1261 3357 1391 3411 ego,
1435 3345 1555 3411 quia
1586 3342 1822 3395 laborum
1856 3355 1940 3396 me

370 3435 655 3490 assiduitas
704 3434 991 3502 contrivit,
1044 3432 1288 3487 itinerum
1321 3434 1590 3501 longitudo
1628 3432 1938 3500 quassavit,

371 3527 741 3587 fortitudinem
770 3527 899 3579 mihi
928 3527 1146 3580 abstulit
1173 3525 1477 3579 sollicitudo
1505 3527 1806 3585 commissa,
1836 3525 1943 3580 vir-

370 3630 536 3675 tutem
555 3633 725 3672 meam
754 3619 897 3674 actio
922 3618 1524 3687 exspoliavitimposita.
1554 3616 1658 3673 Sed
1690 3617 1772 3671 his
1792 3618 1946 3687 quasi

372 3711 672 3765 contrarius
696 3724 875 3765 sermo
903 3708 1122 3763 rationis
1150 3717 1414 3776 occurrat,
1446 3709 1723 3764 revincens
1752 3723 1844 3763 eos
1892 3724 1945 3763 et

372 3801 559 3854 dicens
585 3820 597 3854 :
624 3801 688 3858 Ut
714 3804 832 3871 quis
857 3818 961 3856 non
985 3802 1123 3856 valet
1153 3802 1401 3856 insistere
1422 3800 1588 3871 operi,
1616 3801 1707 3856 det
1733 3816 1947 3870 promp-

375 3893 479 3946 tius
508 3908 723 3961 operam
754 3894 965 3947 lectioni
1000 3911 1012 3947 :
1044 3895 1347 3964 quicunque
1379 3908 1561 3961 agrum
1595 3907 1699 3947 non
1727 3894 1945 3954 excolit,

382 3985 543 4037 Deum
587 3985 868 4054 dupliciter
893 3986 1065 4050 colat;
1099 3994 1154 4039 et
1196 3986 1333 4039 inter
1362 3987 1563 4054 reliqua
1600 3988 1759 4039 etiam
1803 3983 1946 4039 hanc

376 4089 580 4146 qnzerat
607 4089 798 4140 artem,
835 4088 890 4131 ut
919 4080 1163 4148 paginam
1200 4080 1379 4147 pingat
1404 4080 1600 4145 digito,
1631 4080 1719 4147 qui
1749 4088 1943 4131 terram

376 4186 483 4223 non
508 4171 799 4239 praescribit
826 4180 1022 4227 aratro.
1052 4172 1233 4225 Nullus
1253 4187 1402 4241 ergo,
1418 4170 1463 4225 si
1485 4180 1765 4236 quominus
1786 4185 1947 4236 onera

376 4261 553 4325 iaciat,
586 4270 733 4329 putet
760 4275 975 4315 elusam
1006 4263 1160 4330 justas
1187 4262 1547 4316 excusationis
1567 4261 1758 4316 aﬂ'erre
1790 4263 1950 4329 :qnia

376 4359 501 4423 qui,
547 4363 601 4406 ut
631 4368 789 4420 supra
829 4353 1091 4418 diximus,
1134 4354 1505 4422 agriculturam
1545 4368 1804 4407 exeicere
1845 4368 1950 4405 non

376 4445 549 4506 valet,
588 4446 761 4513 legere
783 4485 798 4507 ,
840 4446 1105 4508 scribere,
1139 4445 1278 4512 quod
1310 4454 1395 4498 est
1436 4446 1757 4512 prmcipnum
1786 4458 1951 4513 opus,

381 4537 601 4604 piscium
633 4537 793 4590 etiam
826 4536 1104 4603 providere
1133 4547 1436 4605 capturum,
1461 4546 1574 4591 rete
1607 4546 1815 4597 texere,
1843 4535 1949 4589 cal-

378 4639 652 4684 ceamenta
681 4626 930 4681 fratribus
958 4642 1255 4696 prmparare
1307 4630 1387 4683 vel
1418 4628 1638 4697 reliqua,
1662 4644 1780 4699 qum
1802 4627 1950 4680 simi-

381 4722 447 4773 lia
478 4728 632 4781 sunt,
666 4720 840 4772 facere
869 4728 1028 4786 atque
1068 4719 1288 4786 implere
1318 4727 1511 4786 potest.
1545 4718 1793 4788 Quisquis
1823 4733 1950 4785 ergo

381 4829 444 4865 ex
477 4812 557 4865 his
596 4811 843 4863 omnibus
878 4826 982 4862 non
1023 4808 1269 4877 elegerit,
1301 4825 1405 4879 quo
1434 4819 1722 4877 occupetur
1756 4825 1946 4877 opere,

380 4904 575 4957 famem
604 4919 725 4956 cum
764 4905 1089 4972 improperio
1118 4904 1384 4956 sustinete
1413 4912 1691 4955 οιιιιωιιιιιθ
1721 4902 1807 4953 sit.

553 5054 680 5106 CAP.
724 5068 869 5108 χχιι.
921 5053 985 5107 Ut
1016 5052 1291 5106 monachus
1328 5068 1477 5121 parce
1513 5052 1781 5120 loquatur.-

459 5192 523 5248 Ut
541 5192 788 5260 loquendi
812 5194 1211 5258 temperantiam
1239 5191 1529 5245 nioiiachus
1548 5192 1599 5246 in
1623 5205 1765 5245 omni
1788 5192 1951 5244 collo-

384 5286 597 5337 cutione
656 5291 836 5336 teneat
883 5298 897 5333 :
940 5297 1156 5351 propter
1192 5285 1331 5349 quod
1368 5283 1496 5336 dicit
1538 5284 1807 5351 Scriptura
1840 5300 1852 5334 :
1888 5281 1953 5338 In

388 5372 706 5442 ntultiioquio
730 5388 828 5425 non
851 5371 1056 5445 eﬂ'ugies
1081 5382 1337 5444 peccatum
1363 5373 1542 5441 (Prov.
1567 5377 1642 5444 x).
1673 5374 1735 5429 Et
1765 5366 1952 5429 iterum

389 5469 444 5520 in
499 5465 785 5540 Evangelia
839 5462 1031 5518 ενΝοιί
1089 5469 1300 5520 mulum
1350 5468 1526 5535 loqui,
1592 5477 1723 5521 scut
1773 5469 1964 5522 ethnici

387 5554 601 5627 (Hatth.
636 5559 730 5622 vr).
765 5555 996 5610 linbetur
1020 5559 1178 5610 etiam
1212 5560 1260 5610 in
1290 5560 1538 5628 psalmo:
1580 5557 1669 5611 Vir
1692 5560 1955 5629 linguosus

387 5664 488 5703 non
530 5648 777 5715 dirigetur
817 5663 966 5714 super
1001 5659 1188 5700 terram
1235 5648 1416 5719 (Psal.
1447 5662 1644 5719 cxxm
1666 5651 1705 5721 ).
1742 5654 1808 5706 Et
1838 5653 1957 5707 ideo

390 5738 632 5807 quisquis
660 5738 751 5791 ille
774 5737 955 5801 frater,
986 5740 1084 5792 sint
1120 5745 1269 5809 pauci
1299 5757 1573 5799 sermones
1600 5747 1692 5798 tui.
1719 5745 1826 5799 Nec
1855 5746 1956 5802 hoc

395 5840 617 5880 tantum.
642 5827 733 5880 sed
758 5841 915 5880 etiam
942 5831 1351 5885 taciturnitatem
1376 5834 1465 5887 tibi
1487 5837 1763 5903 przcsentia
1789 5837 1953 5890 abba-

680 5941 940 5998 Pnuon.
990 5940 1211 6002 LXVI.

2027 1918 2083 1960 ut
2106 1910 2204 1961 etsi
2234 1909 2461 1961 otiosum
2493 1910 2795 1978 quicunque
2818 1908 2996 1963 dicere
3020 1923 3123 1962 non
3152 1908 3330 1974 audet,
3364 1909 3597 1965 fastidiu-

2025 2020 2143 2056 snm
2179 2004 2401 2057 tacendo
2428 2021 2531 2056 non
2563 2012 2878 2057 tnurtnuret.

2027 2142 2153 2197 Car.
2213 2159 2355 2197 xxxi.
2395 2142 2460 2197 Ut
2506 2146 2763 2197 monachis
2800 2144 2971 2196 tunica
3004 2144 3136 2195 linea
3178 2144 3247 2196 uti
3295 2160 3394 2197 non
3427 2146 3596 2198 liceat.

2106 2286 2171 2337 lt
2224 2288 2516 2337 monachus
2539 2285 2831 2353 quamlibet
2862 2283 3073 2337 delicati
3105 2284 3345 2351 corporis
3368 2284 3503 2338 linea
3534 2286 3599 2339 ad

2030 2376 2169 2429 ttuda
2198 2378 2441 2445 carperis
2480 2392 2588 2430 non
2620 2386 2803 2429 utatur
2830 2391 2844 2427 :
2874 2376 2994 2444 quia
3042 2376 3385 2443 incongruum
3417 2387 3502 2431 est
3546 2384 3602 2433 ιιι

2029 2484 2263 2531 carnem,
2292 2483 2410 2537 qua:
2436 2480 2648 2537 semper
2668 2468 2797 2522 vitio
2836 2479 3038 2521 natura:
3058 2469 3317 2537 superbit.
3351 2468 3603 2525 mollibus

2031 2560 2208 2614 foveat
2228 2560 2573 2623 indumentis,
2603 2559 2729 2613 etei
2760 2557 2910 2628 quasi
2942 2558 3117 2613 minus
3147 2558 3335 2614 validae
3366 2559 3603 2614 blandin-

2033 2662 2150 2716 tur;
2182 2667 2301 2722 qum
2337 2651 2578 2723 quotidie
2608 2651 2660 2703 in
2701 2650 3153 2719 expugnationem
3200 2652 3392 2706 animas
3436 2667 3605 2706 novus

2032 2745 2242 2813 quidam
2268 2743 2534 2813 prteliator
2554 2758 2617 2795 ac
2642 2740 2964 2795 fortissimus
2984 2750 3367 2797 commovetur.
3395 2742 3605 2797 Etenim

2035 2838 2188 2889 toties
2218 2842 2429 2903 reparat
2451 2834 2590 2887 vires
2616 2841 2803 2886 contra
2833 2833 3066 2886 animam
3087 2832 3369 2901 bellatnra,
3400 2834 3608 2903 quoties

2034 2925 2231 2995 aliquid
2268 2925 2411 2979 velut
2440 2924 2640 2979 rebelle
2669 2923 2992 2992 mancipium
3023 2925 3359 2980 remissionis
3386 2940 3607 2996 accepe-

2039 3018 2123 3072 rit.
2153 3018 2227 3073 lle
2257 3018 2356 3072 hoc
2381 3031 2611 3084 namque
2636 3021 2933 3072 certamine
2955 3016 3139 3072 beatus
3152 3017 3440 3087 Apostolus
3457 3019 3607 3075 dicit:

2038 3110 2171 3164 Caro
2205 3112 2521 3180 concupiscit
2559 3110 2801 3163 adversus
2849 3111 3084 3179 spiritum
3116 3110 3258 3183 (Gal.
3295 3111 3371 3183 v).
3407 3113 3469 3167 Et
3514 3117 3610 3169 itc-

619 3162 629 3173 .
719 3180 730 3189 ,
1416 3160 1427 3171 .
1629 3162 1642 3174 .
1811 3160 1822 3171 .
2049 3160 2165 3164 πη
2852 3160 3082 3179 vrum-
3119 3160 3258 3183 κη--
3307 3160 3371 3183 -ι-
3407 3160 3469 3167 --
3516 3160 3584 3169 --ν

564 3161 703 3273 ﬁt?
720 3161 1051 3273 ’,Νξξξιξῗξξθ
1071 3175 1330 3273 Βῗδῗξῗξ
1629 3160 1936 3273 Ἦῆ-Ἧιίξθέξ
1964 3191 2009 3253 C
2041 3218 2156 3258 rum
2185 3220 2200 3257 :
2230 3202 2387 3255 Video
2413 3204 2570 3255 aliam
2590 3203 2747 3271 legem
2770 3202 2820 3254 in
2847 3203 3083 3255 membris
3104 3203 3225 3255 meis
3250 3208 3609 3273 repugnantem

2041 3295 2138 3363 legi
2168 3294 2344 3347 mentis
2368 3308 2510 3358 num,
2542 3303 2590 3345 et
2620 3294 2874 3362 captiuum
2903 3308 2981 3345 me
3007 3297 3269 3347 ducentem
3289 3295 3341 3347 in
3364 3294 3471 3366 lege
3500 3311 3620 3366 pec-

2040 3389 2162 3449 cati,
2191 3402 2304 3456 qua:
2326 3397 2398 3439 est
2424 3387 2476 3439 in
2508 3387 2743 3439 membris
2772 3388 2897 3439 meis
2926 3385 3101 3457 (Rom.
3133 3385 3248 3458 vn).
3290 3386 3357 3442 Et
3384 3389 3571 3443 iterum
3599 3407 3613 3442 :

2043 3476 2206 3531 Datus
2231 3487 2301 3551 est
2324 3478 2445 3531 mihi
2466 3476 2699 3531 stimulus
2719 3478 2886 3530 carnis
2906 3494 3048 3542 metu,
3071 3482 3279 3551 angelus
3299 3481 3507 3538 Satanaz
3527 3483 3618 3550 qui

2042 3587 2122 3623 me
2150 3570 2427 3639 colaphiset
2448 3611 2463 3634 ,
2509 3578 2713 3639 propter
2749 3570 2884 3637 quod
2915 3577 2989 3623 ter
3018 3567 3294 3623 Dominum
3336 3577 3510 3646 rogavi
3561 3587 3616 3630 ut

2042 3662 2318 3715 discederet
2347 3678 2377 3713 a
2401 3677 2499 3726 me,
2523 3670 2568 3713 ct
2597 3660 2726 3713 dixit
2749 3659 2871 3712 mihi
2897 3675 2914 3712 :
2942 3658 3141 3729 Sumcit
3165 3661 3251 3714 tibi
3272 3666 3439 3734 gratia
3454 3682 3573 3719 mea
3598 3683 3616 3721 :

2046 3769 2164 3805 nam
2208 3754 2364 3804 uirtus
2392 3751 2444 3803 in
2488 3750 2785 3819 infirmitate
2817 3753 3076 3819 perﬁcitur
3122 3749 3210 3823 (II
3253 3752 3372 3806 Cur.
3401 3755 3518 3824 xu).
3552 3755 3618 3810 Et

2049 3846 2235 3898 ierum
2262 3860 2276 3895 :
2302 3842 2361 3897 Si
2386 3841 2665 3895 secundum
2706 3859 2905 3895 carnem
2933 3842 3179 3909 t'izeritis,
3210 3847 3495 3901 moriemini
3516 3864 3536 3915 ;
3576 3851 3621 3904 si

2046 3944 2217 3988 autem
2230 3935 2409 4003 spiritu
2427 3937 2562 4003 facta
2580 3934 2748 3986 carnis
2762 3934 2910 3987 morti
2915 3935 3093 4002 ﬁcetis,
3109 3937 3277 3991 vinetis
3291 3938 3466 4006 (Rom.
3480 3941 3616 4012 vnn).

2050 4030 2362 4097 Quicunque
2392 4044 2519 4098 ergo
2550 4029 2711 4083 vitam
2739 4029 2881 4084 illam
2911 4030 3112 4100 diligit,
3143 4047 3356 4089 carnem
3378 4045 3622 4092 conterat

2054 4124 2405 4183 morituram;
2448 4130 2501 4174 et
2539 4120 2591 4173 in
2623 4130 2823 4173 tantum
2852 4136 2968 4174 eam
2996 4123 3305 4191 quotidiano
3333 4124 3620 4183 luctamine

2051 4213 2233 4265 arduis
2260 4211 2573 4279 quibusdam
2606 4210 2831 4264 vinculis
2856 4211 3181 4281 disciplinae,
3223 4216 3369 4270 velut
3398 4218 3631 4289 impiger

2053 4320 2265 4374 semper
2295 4303 2584 4357 debellator
2622 4303 2847 4369 afﬁciet,
2875 4315 2930 4357 ut
2972 4307 3252 4361 adversum
3287 4308 3518 4363 animam
3552 4310 3625 4365 de

2056 4398 2260 4448 modica
2289 4397 2499 4464 quidem
2519 4393 2832 4449 remissione
2848 4395 3114 4464 conﬂigat,
3139 4406 3350 4453 secutus
3376 4400 3617 4466 Apostoli

2058 4486 2417 4554 magisterium
2469 4484 2548 4539 vel
2594 4486 2929 4555 exemplum,
2972 4486 3040 4540 ita
3095 4488 3319 4543 dicentis
3364 4507 3377 4543 :
3420 4489 3627 4565 Castigo

1976 4557 2029 4618 Β
2053 4593 2234 4648 corpus
2256 4592 2441 4639 meum,
2460 4587 2505 4629 et
2533 4577 2584 4628 in
2605 4579 2888 4630 servitutem
2908 4580 3102 4649 redigo,
3128 4596 3190 4631 ne
3212 4581 3344 4649 forte
3373 4597 3488 4636 cum
3507 4557 3625 4639 aliis

2058 4668 2414 4735 pradicm'ero,
2441 4665 2548 4734 ipse
2576 4666 2819 4736 reprobus
2849 4666 3032 4738 efﬁciar
3061 4666 3114 4737 (Ι
3146 4668 3263 4722 Cor.
3296 4668 3395 4738 lx).

2057 4790 2410 4865 (Zxrfxxxu.
2465 4807 2532 4861 Ut
2586 4807 2879 4859 vestimenta
2924 4808 3286 4861 monachorum
3315 4811 3496 4865 odores
3525 4829 3628 4868 non

2577 4900 2794 4953 habeant
2823 4902 3113 4969 exquisitos.

2135 5012 2583 5067 Vestimentorum
2628 5012 2972 5082 fragrantiam
3023 5013 3103 5067 vel
3144 5011 3367 5069 nimium
3411 5026 3627 5085 propter

2059 5103 2343 5159 elationem
2384 5107 2612 5159 nitorem
2663 5105 2957 5159 monachus
2990 5107 3203 5159 studeat
3233 5122 3337 5162 non
3379 5108 3576 5163 habere
3612 5125 3624 5160 :

2062 5196 2155 5249 Sed
2211 5211 2438 5266 sequens
2489 5198 2680 5250 melius
2720 5198 3033 5264 Apostolum
3090 5199 3357 5254 dicentem
3404 5200 3625 5256 .‘Bonlts

2065 5288 2188 5340 odor
2217 5304 2389 5341 sumus
2416 5285 2543 5341 Iesu
2577 5287 2765 5341 Christi
2793 5286 2895 5357 (ll
2924 5287 3044 5343 Cor.
3069 5289 3179 5359 tt),
3209 5289 3443 5345 colorem
3470 5291 3630 5346 etiam

2067 5385 2119 5437 in
2146 5385 2224 5438 bis
2252 5385 2454 5450 album,
2487 5382 2568 5439 vel
2602 5384 2759 5438 nimis
2792 5384 2988 5450 rufum,
3021 5399 3119 5454 per
3148 5399 3306 5454 quem
3334 5399 3477 5453 saepe
3503 5398 3629 5453 spe-

2065 5474 2175 5526 cies
2206 5475 2443 5541 corporis
2463 5475 2527 5526 ad
2548 5472 2832 5541 perniciem
2856 5489 3005 5527 suam
3033 5473 3330 5529 videntibus
3357 5486 3632 5530 commen-

2067 5563 2223 5618 datur
2246 5606 2261 5629 ,
2287 5566 2415 5620 vitet
2449 5579 2513 5619 ac
2543 5565 2737 5620 habere
2768 5580 2871 5619 non
2899 5564 3097 5619 ambiat
3130 5580 3146 5620 :
3178 5581 3246 5619 ne
3284 5574 3336 5620 et
3361 5564 3632 5634 jactantiss

2032 5669 2176 5716 ,ειη
2204 5670 2385 5709 secum
2417 5659 2777 5711 test‘monium
2821 5659 2992 5722 lerat;
3024 5667 3101 5721 et,
3139 5656 3278 5724 quod
3317 5657 3477 5722 adsit,
3505 5659 3632 5715 dum

2064 5760 2260 5814 corpus
2284 5750 2611 5801 vestimentis
2637 5750 2745 5801 cito
2778 5746 3161 5803 consumendis
3190 5748 3454 5804 adornare
3499 5760 3637 5806 tein-

2065 5841 2318 5910 poralitcr
2357 5843 2618 5909 elaborat,
2661 5842 2729 5898 de
2768 5844 2979 5905 animat,
3024 5843 3068 5895 si
3110 5856 3212 5910 qua
3259 5851 3458 5895 aeterm
3506 5855 3629 5896 esse

3082 5953 3150 6016 31
