4034 6166
458 307 544 363 ῧῖῑ
1437 296 1780 355 APPENDIX
1824 300 1909 352 AD
1950 298 2172 352 0PER.\
2215 296 2270 350 Β.
2316 294 2693 350 BENEDICTL

3591 292 3694 351 97']

460 426 723 490 poterant,
749 412 1078 472 ornamentis
1106 426 1210 465 non
1242 421 1412 465 curet.
1448 410 1657 465 Etenim
1689 412 1791 466 ista
1824 408 2017 465 facieu-
2049 412 2097 472 Λ
2124 417 2181 463 ιιι
2232 407 2389 462 faciat
2430 405 2580 460 illum
2626 404 2773 475 regni
2814 404 2892 458 sui
2939 402 3266 471 participem,
3311 416 3467 471 quem
3518 411 3687 458 tutuo

459 524 537 564 tes
569 510 742 562 taliter
778 508 1047 576 Scriptura
1091 505 1267 558 divina
1307 504 1571 571 eaStigat:
1608 502 1669 557 In
1708 502 1895 557 amictu
1940 518 2022 556 re-

457 601 805 652 atimentorum
838 612 899 649 ne
939 595 1191 665 glorieris,
1229 601 1276 647 et
1320 593 1368 645 in
1402 595 1482 647 die
1515 594 1692 661 gloria:
1718 593 1822 645 noli
1849 590 2022 645 extolli

459 692 645 760 (Eccli.
686 692 785 760 ιι).
814 687 1278 743 Βενεςιιεειειιιιθιιιιε
1306 700 1432 740 vero
1461 687 1788 754 reliquorum
1820 699 1914 738 vos
1945 694 2025 737 tc—

458 799 585 836 uete
615 781 896 835 statuimus
934 776 1372 833 consuetudinem
1404 775 1808 828 monachorum.
1834 772 1940 827 Sed
1969 782 2025 826 et

458 876 557 925 hoc
595 870 1030 932 curandum‘est,
1068 878 1123 920 ut
1153 882 1245 934 pes
1268 866 1338 919 ita
1370 866 1439 919 sit
1482 865 1783 934 ligamentis
1814 873 2021 932 tempe-

457 964 622 1017 ratius
652 963 973 1025 νίηςιιι.ιιιις,
1002 969 1060 1012 ιιι
1102 974 1205 1012 non
1231 960 1500 1027 jactantia:
1529 960 1682 1029 signo
1715 958 1909 1011 multos
1941 972 2025 1010 as-

457 1053 645 1107 trictus
673 1051 886 1116 habeat,
910 1050 1003 1104 sed
1026 1051 1261 1103 sanctius
1284 1049 1492 1103 vinculo
1525 1049 1708 1102 laxiori
1739 1048 1983 1103 follescat
2007 1065 2021 1100 :

458 1153 515 1194 ut
545 1143 597 1195 in
627 1141 872 1195 omnibus
902 1139 1217 1206 simplicitas
1244 1140 1527 1194 sanctitate
1568 1141 1710 1194 socia
1753 1154 2025 1195 commen-

457 1233 550 1287 det
598 1233 727 1297 Deo,
769 1247 925 1301 quem
974 1229 1090 1299 ejus
1142 1244 1325 1285 amore
1374 1245 1702 1299 pOssessum,
1744 1230 2023 1300 probatura

458 1328 638 1381 smculi
662 1326 853 1380 viderit
872 1332 1312 1391 contemptorem.

459 1436 585 1491 Car.
628 1449 809 1489 xxxtzt.
847 1431 915 1487 Ut
961 1431 1191 1485 monachi
1240 1431 1369 1485 lecta
1418 1432 1741 1502 singulariter
1788 1432 2022 1485 habeant.

532 1550 599 1605 Ut
622 1549 749 1613 duo,
780 1546 1072 1616 quamlibet
1095 1546 1326 1615 proximi
1354 1546 1436 1600 vel
1478 1547 1657 1613 amici,
1690 1557 1905 1616 propter
1932 1560 2021 1600 se-

459 1649 660 1695 cretam
706 1639 1021 1703 orationem,
1054 1653 1173 1704 qua:
1218 1638 1407 1692 melius
1438 1638 1503 1692 ad
1547 1639 1827 1693 Dominum
1879 1639 2027 1693 nullo

459 1741 595 1787 teste
620 1729 886 1799 dirigitur,
920 1740 978 1782 ut
1001 1729 1180 1782 animo
1207 1738 1261 1783 et
1285 1744 1391 1782 uno
1420 1730 1558 1783 lecto
1584 1744 1690 1783 non
1717 1738 2020 1785 teneantur:

2126 515 2277 554 suum
2311 496 2453 551 videt
2481 510 2598 550 esse
2634 495 2913 550 cultorem.
2940 493 3185 547 Attamen
3212 507 3307 548 nec
3333 492 3459 545 illud
3486 494 3692 562 putavi-

2127 605 2243 643 mus
2273 589 2645 649 omittendum,
2687 596 2743 641 ut
2769 587 2813 640 si
2846 587 3061 641 forsitan
3106 589 3251 650 ierat,
3278 600 3397 654 qum
3427 596 3551 639 sunt
3580 602 3694 639 vm-

2128 681 2397 746 lcntiores,
2421 679 2677 749 quaerenti
2703 678 2915 747 proprio
2945 680 3123 733 labore
3146 678 3341 731 victum
3371 678 3695 735 insidientur

2127 779 2178 827 In
2205 774 2477 837 fructibus,
2504 788 2597 827 eas
2628 787 2722 841 pro
2750 772 2962 825 damnis
2992 781 3193 825 tantum
3227 770 3493 826 fructuum
3521 774 3695 827 vindi-

2127 866 2331 928 candis,
2378 880 2567 917 canum
2618 859 2822 918 swvitia
2875 874 3173 932 opportune
3219 867 3508 929 deterreat,
3557 881 3694 934 quas

2129 961 2303 1027 potius
2351 958 2584 1025 elfugare
2633 972 2790 1023 quam
2839 972 3083 1027 perseun
3129 958 3454 1021 delectetur;
3488 971 3543 1011 ut
3586 973 3694 1014 non

2129 1048 2448 1114 venationis,
2482 1047 2575 1102 sed
2604 1047 2867 1101 fructuum
2895 1050 3062 1117 mang
3091 1061 3297 1103 amator
3321 1058 3598 1118 appareat.

2128 1160 2253 1215 Car.
2304 1175 2462 1215 xxxv.
2523 1158 2590 1214 Ut
2627 1159 2909 1212 monachus
2944 1175 3034 1213 nec
3072 1175 3223 1229 poma
3263 1168 3467 1230 tangere
3508 1159 3699 1231 absque

2584 1250 2905 1303 ordinatione
2943 1261 3237 1317 prwaumat.

2201 1358 2511 1429 Quicunque
2560 1359 2852 1414 monachus
2892 1358 3174 1429 cujuslibet
3216 1362 3430 1429 generis
3475 1375 3693 1428 pomum

2130 1449 2460 1504 inordinatus
2488 1451 2696 1504 hazrens
2721 1450 2896 1504 adhuc
2924 1452 3104 1505 arbori
3130 1466 3241 1505 suae
3282 1460 3483 1505 tantum
3510 1454 3693 1507 edaci-

2131 1541 2253 1594 tatis
2282 1556 2439 1595 causa
2488 1541 2837 1611 decerpserit,
2870 1543 2951 1595 vel
2979 1542 3024 1595 si
3072 1551 3212 1597 terra
3255 1543 3568 1608 collapsum,
3602 1557 3695 1596 seu

2125 1630 2453 1698 reliquorum
2499 1632 2785 1697 fructuum,
2834 1640 2892 1685 ut
2944 1630 3173 1694 assolet,
3231 1630 3491 1699 primitias
3544 1646 3697 1683 ιιιειισι

2128 1722 2289 1774 fuerit
2314 1722 2451 1790 gula:
2481 1720 2863 1774 incontinentia
2909 1719 3131 1782 violare,
3159 1720 3321 1773 veluti
3367 1719 3494 1772 Adze
3527 1722 3698 1787 primo

461 1779 594 1787 ---η
625 1779 886 1799 ν---οη--ι
926 1779 975 1782 --
1214 1779 1259 1783 ν
1421 1779 1551 1783 ηρ-
1585 1779 1689 1783 -----
1721 1779 1983 1785 ---η---η-
2008 1779 2019 1781 V
2315 1779 2342 1790 ..
3118 1779 3127 1782 ν
3527 1779 3540 1787 .

460 1830 519 1875 ut.
548 1819 806 1888 majorem
836 1819 1105 1873 licentiam
1136 1818 1322 1871 orandi
1352 1818 1534 1872 credat
1560 1819 1661 1873 sibi
1702 1834 1855 1875 mens
1880 1834 2027 1874 com-
2056 1779 2104 1839 Β
2132 1811 2333 1866 homini
2385 1811 2598 1874 similis,
2656 1812 2817 1865 simili
2864 1826 3075 1881 quoque
3129 1819 3383 1879 castigata
3434 1812 3698 1865 edacitate

460 1920 654 1980 puncta
702 1924 1035 1974 cuncessam,
1069 1908 1195 1963 dum
1243 1911 1508 1964 neminem
1552 1911 1744 1981 vigilia?
1784 1928 1895 1967 sua:
1937 1921 2027 1966 aut

420 2011 647 2079 ‘tcstem
696 2000 1074 2069 pertimescat,
1117 2010 1209 2053 aut
1247 2000 1506 2068 indicem.
1554 2002 1832 2072 Vigilando
1876 2019 2024 2072 ergo,

459 2090 659 2144 orando
687 2099 843 2159 atque
874 2089 1145 2157 psallendo
1177 2100 1326 2144 curet
1356 2094 1720 2163 unusquisque
1750 2094 2023 2150 minimam

460 2184 631 2236 noctis
660 2195 847 2234 somno
888 2178 1079 2234 cedere
1111 2182 1406 2247 portionem
1434 2199 1447 2245 ;
1480 2192 1534 2234 ut
1579 2198 1683 2236 non
1732 2184 2026 2253 decipiatur

459 2272 525 2325 ab
560 2270 793 2333 inimico,
822 2270 912 2337 qui
957 2279 1036 2322 est
1077 2269 1209 2323 liber
1235 2286 1263 2323 a
1295 2274 1478 2324 socio:
1513 2274 1633 2339 quia
1663 2273 1883 2327 omnino
1917 2288 2021 2327 non

460 2371 634 2432 potest
672 2361 845 2415 cubile
875 2361 1146 2429 proprium
1182 2360 1282 2413 nisi
1316 2361 1539 2429 vigilans
1581 2363 1871 2416 vindicare.
1904 2362 2024 2417 lmi-

459 2455 673 2508 tandum
697 2453 856 2507 etiam
888 2452 1095 2506 videtur
1125 2452 1269 2521 quod
1305 2455 1471 2520 proph
1510 2462 1559 2506 ta
1591 2454 1741 2507 nobis
1770 2454 1870 2507 sub
1898 2470 2027 2522 qua-

460 2549 581 2602 dam
610 2545 974 2600 admonitione
1010 2543 1256 2597 decantat
1282 2564 1293 2597 :
1330 2542 1530 2597 Lavabo
1568 2562 1655 2614 per
1684 2546 1908 2615 singulas
1937 2562 2027 2598 no-

461 2651 563 2691 ctes
618 2640 798 2690 lectum
846 2651 1043 2699 meum,
1094 2637 1331 2705 lacrymis
1378 2647 1593 2688 stratum
1635 2653 1799 2689 meum
1850 2639 2025 2708 rigabo

460 2728 689 2797 (Paalm.
723 2725 827 2795 vt).
864 2728 928 2779 lit
956 2726 1150 2779 iterum
1180 2745 1190 2777 :
1228 2726 1290 2780 In
1327 2727 1555 2782 noctibus
1590 2730 1812 2782 ex'ollile
1850 2746 2027 2782 titanas

459 2828 645 2871 vestras
661 2819 711 2869 in
729 2826 924 2876 sancta,
940 2826 986 2868 et
1008 2817 1283 2870 benedicire
1310 2818 1524 2871 Domino
1538 2818 1761 2888 (Psalm.
1776 2836 1876 2874 cxx
1888 2821 2021 2889 vttt).

444 2912 528 2967 Et
553 2911 681 2965 illud
710 2929 723 2963 :
751 2910 945 2964 Memor
976 2910 1050 2979 fui
1086 2912 1140 2963 in
1164 2925 1310 2963 nocte
1351 2913 1569 2964 nominis
1597 2913 1689 2975 tui,
1719 2912 1953 2975 Domine,
1980 2924 2023 2963 et

459 3003 700 3057 custodivi
727 3002 885 3072 legem
911 3010 1045 3053 tuam
1071 2998 1299 3069 (Psalm.
1324 3006 1537 3070 cxvttt).
1570 3001 1677 3055 lloc
1704 3018 1830 3071 ergo
1854 3013 1907 3056 ut
1933 3007 2024 3055 de-

458 3104 611 3148 votus
635 3093 856 3161 quisque
882 3091 1159 3143 vacatione
1188 3104 1443 3144 concessa
1494 3091 1676 3145 utilius
1721 3093 1886 3159 possit
1926 3094 2023 3144 im-

2125 1902 2329 1972 jejunio
2360 1904 2515 1972 digne
2537 1904 2785 1972 poeniteat
2805 1919 2819 1968 ;
2839 1905 2984 1971 quasi
3011 1902 3075 1955 ad
3108 1904 3275 1955 vicem
3310 1902 3536 1970 paradisi
3569 1917 3698 1955 con-

2132 1991 2273 2047 vivio
2316 2007 2528 2061 putetur
2569 1994 2835 2063 indiguus.
2869 1993 2935 2047 Et
2968 1992 3069 2046 nisi
3118 1993 3263 2060 prius
3306 1996 3545 2046 omnium
3592 1993 3698 2045 fra-

2130 2092 2269 2137 trum
2322 2084 2636 2139 temissionc
2680 2094 3036 2153 consequatur
3080 2083 3309 2148 veniam,
3362 2084 3542 2137 venire
3588 2099 3697 2137 non

2128 2175 2467 2243 permittatur
2496 2176 2561 2230 ad
2588 2192 2823 2230 mensam
2844 2192 2860 2239 ;
2884 2176 3005 2245 quia
3029 2174 3231 2244 justum
3263 2186 3368 2241 est,
3394 2185 3451 2230 ut
3470 2184 3696 2228 cuncto—

2128 2281 2244 2319 rum
2276 2266 2656 2335 indulgentiam
2708 2267 2957 2336 postulet,
2988 2268 3075 2335 qui
3119 2266 3367 2321 omnibus
3408 2268 3549 2337 quod
3580 2278 3695 2321 erat

2128 2372 2412 2413 commune
2454 2360 2734 2412 subtraxit.
2758 2359 2975 2412 Cunctis
3001 2374 3127 2427 ergo
3157 2359 3477 2412 studendum
3504 2369 3605 2425 est,
3641 2372 3697 2413 ut

2130 2463 2289 2502 omne
2316 2449 2455 2517 quod
2500 2450 2549 2502 in
2583 2464 2757 2503 escam
2790 2458 2997 2502 constat
3030 2447 3260 2503 hominis
3289 2450 3621 2518 deputatum,
3649 2453 3695 2503 si

2128 2538 2281 2591 alicui
2316 2556 2377 2592 ex
2407 2539 2655 2593 fratribus
2685 2543 2927 2607 accipere
2973 2541 3056 2594 vel
3097 2540 3258 2594 etiam
3300 2541 3538 2595 invenire
3565 2557 3699 2595 cou-

2125 2634 2324 2700 tigerit,
2359 2634 2664 2701 priusquam
2714 2643 2805 2685 aut
2852 2649 3049 2688 mensa:
3098 2633 3312 2700 inferat,
3344 2644 3437 2688 aut
3474 2636 3699 2693 cellario

2129 2729 2319 2789 tradat,
2346 2730 2487 2780 omni
2516 2728 2616 2781 fide
2640 2738 2922 2781 conservet
2950 2728 3235 2791 intactum;
3256 2731 3427 2782 vitans
3456 2745 3520 2782 ne
3545 2744 3697 2783 com-

2130 2834 2340 2871 muocm
2385 2821 2627 2873 omnibus
2674 2820 2847 2873 cibum
2890 2830 3041 2889 gustu
3083 2821 3184 2875 sibi
3226 2821 3337 2891 ipse
3374 2820 3607 2880 furetur;
3641 2835 3697 2875 et

2127 2925 2244 2962 cum
2282 2913 2451 2964 ιιιιΙΙιιε
2494 2913 2565 2965 illi
2606 2927 2784 2967 comes
2811 2915 3096 2978 adlicereat,
3146 2914 3209 2967 ad
3253 2915 3573 2984 perdendam
3606 2925 3693 2968 ta-

2129 3018 2248 3056 tuen
2280 3004 2663 3065 innocentiam,
2690 3005 2768 3057 vel
2798 3005 2859 3057 ad
2891 3004 3237 3058 exercendam
3270 3006 3500 3075 praedam
3528 3007 3691 3059 sitilli

2126 3094 2247 3161 gula
2281 3109 2374 3160 pro
2406 3095 2566 3148 socio.
2599 3096 2930 3163 Quapropter
2976 3096 3078 3149 erit
3121 3098 3514 3165 cottgrcgatiuui
3547 3113 3692 3151 sein-

459 3184 628 3255 plere,
660 3181 812 3237 strati
849 3182 951 3247 sui,
986 3189 1045 3234 ut
1088 3194 1249 3245 supra
1296 3180 1553 3244 diximus,
1599 3181 1703 3235 erit
1731 3182 1877 3235 solus
1909 3183 2021 3248 ipse
2049 3151 2094 3212 ε
2128 3199 2221 3252 per
2244 3200 2345 3237 una
2380 3184 2696 3252 proprietas,
2726 3187 2793 3238 ita
2829 3197 2883 3239 ut
2909 3199 3095 3239 cuncta
3140 3187 3394 3250 omnium,
3428 3196 3482 3240 et
3511 3190 3689 3241 omnia

460 3287 758 3343 possessor,
788 3270 988 3324 habens
1018 3283 1197 3323 secum
1229 3269 1437 3323 meliori
1473 3270 1888 3325 commutatione
1928 3285 2022 3339 pro

459 3364 771 3419 dormitorio
803 3363 1015 3415 fratrem
1041 3359 1320 3413 Dominum
1345 3361 1671 3429 vigilantem.

705 3502 832 3557 CAP.
858 3516 1036 3555 antv.
1058 3500 1098 3554 ὓ
1106 3510 1121 3551 ι
1139 3500 1412 3553 monachus
1434 3517 1532 3552 non
1549 3509 1770 3553 venatur.

527 3616 669 3669 Inter
699 3622 925 3668 caeteras
952 3611 1132 3665 mundi
1156 3611 1538 3666 delectationes
1567 3613 1773 3667 noverit
1790 3612 1889 3667 sibi
1908 3628 2020 3668 mo-

460 3709 660 3765 nachus
689 3704 1022 3760 venationem
1051 3718 1303 3757 exercere
1330 3704 1673 3772 prohibitum,
1699 3721 1798 3761 nec
1827 3707 2022 3762 haben-

458 3800 580 3854 dum
609 3813 728 3852 cum
759 3797 884 3851 feris
924 3796 1278 3864 periculosum
1309 3799 1424 3849 sine
1454 3797 1678 3851 utilitate
1704 3806 1974 3853 certamen
2005 3818 2016 3853 :

459 3905 575 3944 cum
607 3888 744 3943 scire
791 3889 962 3955 potius
1002 3886 1191 3941 debeat
1236 3886 1363 3939 vitia
1403 3903 1495 3953 pro
1538 3888 1719 3942 bestiis
1747 3904 1864 3943 csse
1906 3905 2020 3943 ma-

458 3978 672 4033 ctanda.
715 3979 776 4029 Et
808 3977 927 4030 ideo
963 3991 1068 4029 non
1102 3990 1223 4029 eun
1269 3977 1598 4030 consuetudo
1627 3979 1750 4043 loci,
1781 3980 2021 4034 vicinitas

460 4069 927 4141 opportunitasque
971 4067 1244 4134 silvarum,
1282 4070 1500 4136 pervius
1539 4072 1699 4124 etiam
1736 4072 1822 4125 vel
1853 4072 2021 4127 facilis

461 4175 710 4216 ascensus
735 4158 1199 4222 montis,coocava
1233 4159 1689 4223 vallium,secrela
1719 4176 2018 4226 nemorum,

438 4244 624 4308 densa
656 4260 911 4305 terrarum
966 4259 1068 4302 tam
1115 4248 1427 4303 infructuosi
1460 4251 1655 4305 laboris
1685 4267 1815 4319 opus
1845 4256 2023 4308 subire

436 4344 773 4399 sollicitent.
801 4341 1019 4411 Oportet
1052 4342 1192 4393 enim
1219 4352 1273 4393 ut
1309 4357 1515 4396 memor
1549 4344 1867 4411 Apostolica:
1899 4361 2022 4399 sen-

461 4438 634 4493 tentia:
665 4438 855 4489 damna
886 4433 1124 4503 re'igioni
1157 4451 1257 4487 non
1292 4434 1503 4497 inferat,
1536 4437 1605 4489 ita
1650 4439 1936 4503 monentis,
1966 4449 2023 4492 ut

2122 3276 2227 3329 sint
2253 3286 2578 3330 cunctorum.

2123 3386 2250 3442 CAP.
2280 3403 2465 3444 xxxvi.
2498 3386 2563 3441 Ut
2584 3388 2737 3442 abbas
2776 3390 3124 3442 manumittere
3157 3390 3466 3457 mancipium
3511 3406 3690 3442 intona-

2612 3480 2747 3534 sterii
2774 3497 2873 3533 non
2902 3489 3171 3548 pra-sumat
3184 3520 3197 3532 .

2192 3590 2505 3659 Mancipium
2547 3591 2853 3645 monasterii
2883 3591 3105 3645 liberum
3155 3590 3331 3645 facere
3374 3589 3538 3644 abbas
3567 3589 3690 3644 absp

2122 3697 2227 3752 que
2255 3698 2519 3737 consensu
2569 3684 2803 3737 omnium
2836 3682 3213 3736 monachorum
3267 3682 3532 3736 licentiam
3580 3698 3686 3737 non

2126 3774 2362 3838 habebit,
2392 3772 2495 3827 nisi
2533 3783 2594 3827 ut
2628 3775 2800 3827 tradat
2839 3775 3044 3827 cunctis
3072 3773 3326 3827 fratribus
3356 3773 3408 3827 in
3438 3776 3687 3841 presenti

2123 3868 2240 3938 ejus
2266 3867 2442 3922 meriti
2467 3868 2550 3922 vel
2573 3868 2743 3922 aetatis
2772 3867 2837 3920 de
2865 3869 3075 3936 propria
3106 3865 3355 3921 facultate
3386 3867 3643 3920 vicarium
3670 3882 3686 3918 :

2122 3962 2245 4030 quia
2273 3978 2376 4014 non
2411 3969 2583 4030 pote-t
2615 3961 2902 4014 multorum
2944 3975 3132 4015 servus
3162 3962 3318 4015 unius
3344 3960 3410 4013 ad
3452 3960 3688 4029 ingenui~

2125 4064 2286 4108 tatem
2335 4054 2649 4108 remissione
2681 4053 2931 4116 transire,
2960 4067 3059 4106 nec
3103 4052 3323 4106 libertus
3363 4050 3499 4117 fieri,
3530 4066 3686 4121 quem

2125 4161 2312 4200 omnes
2358 4146 2678 4200 unanimiter
2721 4161 2826 4199 non
2869 4145 3173 4212 absolvunt,
3203 4161 3322 4199 cum
3354 4147 3688 4200 manifesmm

2125 4240 2216 4301 sit,
2242 4238 2387 4291 illum
2421 4246 2496 4291 tot
2520 4236 2766 4291 dominos
2795 4236 3012 4303 habere,
3045 4246 3173 4304 quot
3199 4236 3512 4291 monachos.

2125 4330 2254 4383 Car.
2287 4343 2485 4382 χιιι-ιι.
2519 4325 2596 4381 De
2621 4343 2711 4393 eo,
2744 4327 2960 4396 qualiter
2984 4326 3138 4380 abbas
3177 4327 3463 4380 conversari
3492 4325 3690 4379 debeat.

2197 4418 2266 4473 Ut
2293 4419 2538 4473 abbatem
2569 4420 2775 4473 cunctis
2802 4419 2995 4488 quibus
3027 4429 3219 4487 praeest
3248 4420 3526 4473 monachis
3553 4427 3692 4473 stre-

461 4528 799 4596 unusquisque
836 4527 887 4577 in
910 4542 1009 4593 qua
1031 4526 1288 4578 vocatione
1310 4536 1515 4579 voratus
1539 4538 1629 4593 est,
1661 4527 1711 4581 in
1736 4546 1793 4581 ea
1821 4546 2018 4595 perma-

2128 4511 2300 4565 nuitas
2331 4512 2567 4579 quidem,
2592 4509 2683 4564 sed
2710 4509 3080 4577 mansuetudo,
3111 4519 3167 4562 et
3198 4512 3378 4579 potius
3400 4510 3508 4563 vita
3536 4523 3693 4563 eom-

462 4630 573 4673 neat
613 4617 751 4685 apud
790 4616 947 4669 Deum
971 4616 989 4687 (
1013 4614 1200 4684 Ep/tes.
1232 4619 1335 4687 tv).
1368 4619 1566 4672 Bonum
1599 4634 1725 4690 ergo
1767 4622 1884 4674 \it:e
1914 4637 2023 4675 suae

461 4726 673 4766 cursum
702 4710 947 4763 cursibus
988 4710 1138 4762 vanis
1168 4710 1342 4778 perire
1368 4710 1591 4779 judicet,
1624 4722 1679 4766 et
1718 4730 1777 4766 se
1805 4714 2026 4768 damno-

436 4816 581 4865 ,sum.
621 4808 833 4863 caveat;
866 4812 932 4853 ne
962 4807 1289 4867 postponens
1319 4802 1656 4862 monachum,
1704 4803 1938 4859 ferarum
1969 4816 2026 4859 et

462 4892 574 4957 ipse
624 4890 867 4957 captione
919 4891 1188 4957 capiatur,
1247 4898 1302 4943 et
1352 4891 1697 4946 stecularibus
1743 4895 2026 4951 desideriis

459 4980 718 5043 irretitus,
752 4988 975 5033 venator
1001 4981 1284 5047 agreStium
1310 4981 1595 5036 bestiarum
1616 4984 1902 5039 adversarii
1935 4986 2026 5039 fiat

459 5079 513 5121 et
549 5070 661 5135 ipse
692 5068 922 5122 venatio.
954 5067 1060 5122 Sed
1088 5070 1187 5122 soli
1220 5070 1328 5124 Deo
1358 5072 1645 5124 vacandum
1675 5075 2023 5142 congaudeat,

460 5176 617 5228 quem
649 5160 882 5228 expetit;
908 5160 979 5213 illi
1008 5162 1345 5239 serviendum
1376 5160 1594 5231 iugiter,
1626 5178 1785 5232 quem
1825 5166 2020 5235 elegit:

460 5249 635 5302 sciens
661 5246 801 5317 quod
825 5248 1000 5301 taliter
1033 5261 1294 5317 prmcopto
1316 5252 1622 5320 evangelico
1639 5255 2020 5311 convenimur:

458 5338 736 5393 Dominum
795 5334 959 5389 Deum
1006 5346 1145 5389 tuum
1190 5340 1445 5401 adorabis,
1495 5341 1646 5395 etilli
1701 5345 1790 5397 .Jli
1839 5349 2023 5401 seruies

457 5442 471 5493 ς
501 5428 692 5505 ΜιιιιΙι.⁸
716 5426 823 5497 tv).
855 5426 917 5479 Et
938 5427 1058 5479 alibi
1090 5444 1103 5480 :
1138 5427 1301 5482 Unam
1323 5431 1443 5500 petii
1463 5448 1493 5503 ᾳ
1529 5431 1767 5501 Domina,
1790 5434 1921 5488 hanc
1948 5455 2027 5491 re-

434 5512 678 5593 iquiram,
709 5528 759 5570 ut
798 5518 1069 5570 inhabilem
1101 5519 1152 5571 in
1178 5521 1327 5571 domo
1358 5519 1562 5575 Domini
1585 5525 1818 5578 euntibus
1846 5527 2024 5581 diebus

459 5610 574 5658 rita
606 5623 726 5658 mm
756 5598 977 5673 (Paulm.
1014 5608 1179 5683 uti).
1201 5609 1441 5664 Studebit
1470 5628 1614 5682 ergo,
1652 5619 2024 5682 prmtermissis

436 5692 729 5762 ίοιιιιιῐὶιιις,
755 5697 979 5764 qualiter
1011 5699 1107 5766 ipsi
1142 5702 1524 5755 omniscrritio
1548 5707 1751 5773 placeat
1782 5708 1975 5777 iugiter
2009 5728 2019 5762 :

2129 4602 2362 4666 mendet,
2410 4602 2478 4655 ita
2511 4614 2562 4654 ut
2596 4604 2760 4670 magis
2803 4612 3043 4656 sanetum
3072 4602 3221 4655 illum
3258 4603 3510 4667 timeant,
3535 4618 3695 4671 quam

2130 4708 2412 4745 severum:
2447 4701 2503 4746 et
2541 4692 2656 4760 plus
2687 4694 2735 4745 in
2781 4707 2845 4745 eo
2892 4702 3126 4746 metuant
3167 4691 3310 4761 quod
3362 4692 3569 4747 meritis
3611 4705 3696 4747 est

2132 4785 2356 4853 primus,
2389 4801 2548 4850 quam
2577 4786 2718 4854 quod
2750 4785 2951 4840 honore
2982 4787 3284 4854 primarius.
3318 4786 3521 4841 Habeat
3550 4787 3694 4841 enim

2131 4877 2185 4931 in
2225 4878 2558 4930 correctione
2594 4877 2829 4942 modum,
2854 4885 2909 4932 et
2952 4881 3002 4930 in
3035 4876 3392 4931 familiaritate
3423 4886 3698 4947 tempera-

2134 4976 2372 5022 mentum
2403 4981 2418 5021 :
2446 4968 2655 5037 eritque
2689 4969 2739 5021 in
2769 4969 2978 5023 cunctis
3017 4969 3087 5022 ita
3138 4969 3376 5023 moribus
3405 4970 3662 5036 dispenso
3682 5000 3697 5009 ο

2131 5071 2233 5125 tus,
2269 5068 2327 5114 ut
2354 5058 2723 5114 blandimento
2758 5071 2932 5125 vocet,
2966 5070 3171 5115 terrore
3200 5060 3458 5130 castiget;
3491 5059 3699 5116 faciens

2129 5168 2187 5207 se
2210 5153 2275 5206 ab
2296 5152 2564 5218 omnibus,
2581 5168 2645 5207 eo
2671 5153 2811 5221 quod
2841 5152 2964 5206 vitia
2994 5150 3191 5216 oderit,
3210 5152 3327 5222 plus
3356 5152 3542 5205 amari.
3560 5151 3697 5205 Tom

2129 5247 2270 5302 enim
2299 5248 2417 5318 ejus
2442 5250 2775 5305 conversatio
2796 5250 2900 5303 erit
2928 5248 3079 5317 quasi
3122 5249 3351 5317 positum
3379 5248 3698 5305 fundamen-

2133 5352 2277 5407 tum,
2324 5352 2381 5395 ut
2423 5345 2475 5396 in
2515 5358 2580 5397 eo
2613 5341 3067 5410 siipertediftcetur
3111 5341 3353 5411 quisquis
3400 5343 3703 5401 imitatione

2133 5434 2274 5487 illius
2303 5443 2451 5503 optat
2494 5434 2603 5488 Deo
2631 5434 2834 5489 meritis
2867 5433 3190 5503 proximare.
3233 5432 3420 5488 Nullus
3467 5433 3536 5487 ab
3579 5434 3703 5501 ipso

2131 5527 2235 5579 erit
2276 5534 2558 5593 potestate,
2590 5526 2683 5579 sed
2728 5526 2930 5581 ratione
2972 5523 3305 5580 damnandus
3332 5542 3350 5579 :
3378 5540 3481 5580 nec
3516 5537 3701 5580 tamen

2112 5618 2395 5685 quispiam
2428 5617 2504 5670 illi
2534 5617 2602 5669 ita
2638 5615 2932 5681 fouiliarls,
2966 5626 3023 5671 ut
3064 5616 3277 5672 exteris
3325 5616 3444 5685 plus
3490 5631 3701 5684 prasit-

2134 5720 2273 5774 mat;
2307 5722 2473 5779 noiue
2498 5709 2565 5763 ita
2596 5707 2844 5772 uﬂensus,
2868 5698 2933 5762 ut
2974 5706 3038 5762 ad
3080 5707 3289 5764 veniam
3320 5707 3534 5777 expiata
3566 5720 3675 5764 eoa
