4034 6166
385 318 487 370 977i

1328 312 1385 365 S.
1430 308 1766 364 Fl‘Llltl’i-EOLI
1807 305 2081 362 R‘EGUL’A
2137 303 2225 356 Ml
2267 300 2651 357 MalNAllllOS.

3506 305 3609 361 ιιι

384 434 595 485 “quone
636 445 738 482 ηηη
783 427 979 481 redeat.
1013 424 1339 480 Cunt'enerit
1372 438 1599 491 namque
1629 422 1702 475 ill.
1748 436 1939 475 omnes
1966 420 2278 483 oA‘Domini,
2312 417 2560 473 similiter
2588 424 2760 487 primo
2792 418 3031 484 l'ascltm,
3062 433 3158 475 nec
3189 435 3293 475 non
3327 422 3378 474 itt
3408 423 3612 478 festivi-

384 525 592 583 timcie,
613 522 700 589 qui
735 522 950 573 timetur
968 519 1033 573 ab
1060 516 1326 582 omnibus,
1349 526 1565 584 lttlttqlle
1587 515 1762 568 suulin
1786 523 1839 565 at
1861 528 1945 577 tne

388 615 639 668 industria
669 611 966 679 providere,
1011 624 1076 663 ne
1096 608 1287 677 aliquis
1313 622 1377 660 ex
1408 607 1489 660 his
1520 620 1653 674 quos
1680 606 1948 671 regendos

390 706 596 776 propria
620 721 743 758 cura
766 704 1017 770 suscepit,
1050 702 1274 755 adverso
1298 700 1534 769 quolibet
1555 714 1681 752 casn
1707 697 1949 751 discedat

390 816 451 852 ex
485 812 726 850 innuero.
757 796 819 848 Et
858 797 974 846 ideo
1007 792 1243 860 plurimis
1286 791 1683 844 medicamentis
1726 804 1949 843 necesse

392 900 471 942 cst
516 888 659 940 illum
713 888 1088 939 monachorum
1146 884 1432 936 subvenire
1483 881 1844 949 languoribus,
1897 892 1952 933 et

392 978 788 1047 :egritndinibns
844 977 1097 1027 mentium
1148 975 1441 1028 remedium
1499 988 1644 1027 cura:
1696 973 1950 1040 Spiritalis

393 1070 616 1123 inferre:
648 1073 746 1121 hoc
782 1076 886 1133 est,
925 1069 967 1119 si
993 1068 1280 1133 supetbnm
1313 1066 1518 1129 viderit,
1546 1066 1655 1134 jugi
1698 1065 1950 1118 exhorta-

395 1173 537 1214 tione
574 1160 801 1227 porrigat
845 1155 1156 1211 humilitatis
1187 1157 1491 1224 potionem;
1537 1158 1578 1208 si
1609 1156 1946 1218 iracundum,

397 1250 659 1321 patientia:
690 1250 758 1302 illi
802 1247 990 1302 oli‘erzit
1036 1258 1391 1315 unguentum;
1421 1246 1463 1298 si
1503 1245 1835 1299 mendacium
1868 1260 1956 1298 sc-

398 1357 650 1409 ctantem,
682 1342 920 1395 veritatis
951 1342 1214 1393 ministret
1241 1339 1553 1402 antidotum,
1587 1338 1727 1391 beati
1768 1338 1818 1390 in
1852 1336 1955 1390 hoc

398 1439 569 1501 ipsum
597 1433 832 1502 Apostoli
863 1432 1079 1486 monitis
1107 1433 1389 1495 BXClL‘tlllS,
1422 1431 1508 1498 qui
1540 1428 1663 1483 dicit
1695 1445 1707 1480 :
1742 1429 1958 1481 Attende

400 1531 488 1583 tibi
515 1537 559 1581 et
589 1527 852 1589 doctrina',
886 1525 1016 1578 insta
1065 1527 1115 1578 in
1158 1526 1303 1577 illis:
1350 1526 1441 1575 hoc
1479 1523 1612 1575 enim
1658 1522 1872 1590 faciens,
1915 1529 1962 1573 et

401 1622 613 1688 teipsum
633 1618 826 1672 salvum
844 1618 1015 1683 fucies,
1032 1626 1076 1668 et
1099 1633 1181 1668 eos
1202 1617 1289 1684 qui
1310 1626 1357 1669 te
1376 1615 1590 1667 audiunt
1609 1611 1691 1675 (ll
1717 1612 1846 1665 Tim.
1864 1613 1958 1677 tv).

403 1711 469 1764 Et
516 1710 702 1763 iterum
749 1708 812 1759 ad
856 1707 1228 1760 Timotheum:
1261 1703 1504 1758 Formam
1548 1704 1675 1757 ltabe
1720 1719 1963 1756 sanorum

2052 521 2156 563 tate
2195 509 2483 579 peculiaris
2534 510 2778 577 patroni,
2821 509 2990 563 sancti
3037 525 3099 563 ac
3136 509 3427 566 beatissimi
3449 526 3616 567 vene-

2050 601 2200 654 randi
2227 616 2437 668 semper
2469 601 2714 671 martyris
2743 600 2999 666 Ferreoli,
3024 612 3113 655 aut
3135 612 3281 657 certe
3309 604 3518 672 quidem
3548 607 3616 659 ad

2049 708 2273 759 quorum
2316 692 2531 745 nomina
2563 704 2867 746 sanctorum
2902 693 3038 747 idem
3081 694 3229 747 locus
3276 705 3620 751 consecratus

2055 792 2211 843 inerit
2236 830 2249 849 ,
2292 791 2572 858 coquinam
2613 788 2764 842 cibos
2795 791 3192 859 congregationi
3225 804 3501 861 paraturus
3539 798 3622 848 ln-

2057 889 2259 944 troest;
2293 882 2470 949 ibique
2497 890 2744 948 suscepta
2763 880 2993 950 junioris
3021 881 3315 937 ministerio
3341 885 3625 941 serviendo

2058 978 2255 1027 mensis
2304 973 2619 1026 humilitatis
2666 973 2890 1027 formam
2943 973 3207 1028 ministret
3253 974 3305 1028 in
3367 975 3623 1041 ferculis;

2056 1076 2253 1121 sancta:
2285 1065 2409 1119 huic
2431 1065 2709 1133 abjectioni
2733 1079 2792 1119 se
2821 1065 3048 1120 libenter
3074 1064 3351 1133 inclinans,
3375 1083 3491 1138 quae
3515 1083 3628 1122 ma-

2054 1157 2230 1226 jorem
2257 1158 2404 1210 illum
2441 1156 2685 1226 producit
2724 1157 2964 1221 creteris,
2998 1156 3123 1210 dum
3150 1156 3321 1212 reddit
3349 1158 3627 1228 aequalem.

2060 1248 2284 1300 'l'antum
2308 1247 2446 1301 enim
2471 1248 2636 1316 magis
2665 1246 2716 1299 in
2761 1246 2967 1301 cunctis
2993 1248 3109 1315 ejus
3143 1257 3381 1317 potestas
3406 1248 3629 1318 accipit,

2061 1349 2313 1401 quantum
2345 1337 2410 1391 ad
2442 1337 2691 1392 inferiora
2724 1337 3004 1393 ministerii
3040 1339 3304 1407 parilitate
3330 1340 3630 1397 descendit.

2064 1427 2264 1481 Lavarc
2288 1442 2413 1481 vero
2431 1428 2591 1496 pech
2616 1428 2861 1494 fratrum,
2888 1427 2999 1482 sive
3024 1427 3185 1483 etiam
3210 1431 3631 1500 peregrinorum,

2064 1519 2301 1571 divinum
2347 1518 2584 1572 imitatus
2623 1522 2946 1587 exemplum,
2998 1519 3189 1587 sacpius
3233 1520 3499 1586 studebit;
3539 1523 3635 1576 int-

2067 1606 2218 1674 plens
2261 1606 2583 1662 dominicum
2621 1608 2925 1662 mandatum
2953 1650 2967 1670 ,
3010 1621 3061 1663 et
3105 1610 3319 1665 tradens
3361 1612 3637 1667 monachis

2065 1696 2316 1763 operibus
2348 1696 2522 1763 potius
2550 1713 2704 1763 quam
2733 1698 2910 1751 verbis
2934 1698 3259 1768 exemplum.
3286 1698 3417 1754 Nam
3444 1710 3499 1756 et
3529 1701 3637 1755 Do-

400 1806 660 1854 uerborum
699 1813 811 1868 qua:
857 1814 887 1848 a
931 1814 1007 1849 me
1038 1796 1227 1848 audisti
1266 1797 1318 1848 iu
1362 1795 1463 1864 ﬁde
1512 1804 1558 1847 et
1601 1795 1863 1847 dilectione
1903 1793 1955 1845 in
1989 1791 2037 1851 B
2063 1785 2237 1862 minus
2268 1785 2317 1837 in
2343 1786 2626 1855 Evangelio
2652 1786 2925 1856 discipulis
2950 1790 3019 1841 ait
3062 1805 3075 1840 :
3118 1789 3179 1842 Si
3204 1805 3298 1860 ego
3324 1790 3424 1844 lavi
3452 1802 3637 1846 vestros

402 1892 600 1945 Christo
638 1888 761 1943 Jesu
811 1885 893 1957 (II
922 1886 1051 1940 Tim.
1083 1889 1141 1955 t).
1174 1887 1236 1940 Et
1268 1889 1459 1940 iterum
1495 1904 1508 1939 :
1541 1885 1617 1938 Tu
1640 1902 1755 1938 vero
1783 1887 1955 1957 t'igila,

402 1984 457 2034 in
484 1980 708 2033 omnibus
738 1980 930 2038 labora,
962 1994 1087 2043 apus
1111 1979 1191 2047 fac
1225 1976 1591 2045 Evangelistoe;
1632 1979 1963 2030 ministerium

403 2083 547 2124 tuum
583 2070 739 2140 imple
775 2068 859 2139 (ll
886 2069 1017 2121 Tim.
1053 2071 1150 2136 tv).
1184 2068 1440 2121 Similiter
1466 2078 1518 2121 et
1547 2069 1729 2121 beatus
1778 2069 1963 2122 Petrus

404 2165 585 2217 scribit
615 2179 629 2214 :
663 2162 897 2217 Seniores
917 2163 1004 2230 qui
1034 2162 1084 2213 in
1123 2162 1257 2213 vobis
1287 2176 1403 2213 sunt
1435 2163 1659 2223 obsecro,
1705 2162 1966 2212 consenior

402 2269 450 2311 et
467 2257 605 2311 (esis
635 2255 818 2309 Christi
839 2255 1149 2324 passionum,
1175 2263 1219 2306 et
1244 2256 1353 2323 ejus
1380 2268 1493 2321 qua:
1515 2253 1716 2319 incipiet
1753 2252 1967 2305 revelari

402 2351 578 2417 glarite
618 2348 802 2407 socius,
849 2346 1035 2411 pascite
1082 2343 1167 2412 qui
1214 2343 1267 2394 iu
1311 2343 1447 2394 vobis
1498 2353 1571 2395 est
1625 2358 1826 2414 gregem
1873 2341 1968 2393 Dei

403 2438 455 2507 (l
483 2437 622 2492 Petr.
653 2438 729 2507 ν).
772 2436 835 2489 Et
863 2433 1106 2487 addidit:
1145 2432 1321 2500 Neque
1360 2433 1507 2502 quasi
1549 2432 1867 2484 dominantes
1916 2436 1967 2484 in

403 2531 558 2593 clero,
581 2530 668 2583 sed
697 2530 860 2599 forma
890 2536 1043 2579 estote
1070 2527 1244 2594 gregi;
1274 2536 1325 2577 ut
1354 2540 1470 2578 cum
1498 2525 1795 2592 apparuerit
1823 2526 1967 2594 prin-

402 2642 519 2688 eops
540 2632 817 2692 pastorum,
846 2619 1137 2684 percipiatis
1164 2619 1305 2670 illuni
1342 2618 1578 2684 ﬂoridam
1604 2628 1651 2669 et
1680 2618 1969 2669 immarces—

405 2718 598 2769 cibitem
627 2716 803 2787 gloriae
842 2727 1104 2765 coronam.
1142 2710 1401 2763 Jercmias
1449 2724 1658 2777 quoque
1697 2710 1969 2761 sanctissi-

405 2825 521 2864 mus
551 2809 600 2861 in
633 2820 856 2877 persona
903 2803 1108 2856 Domini
1141 2808 1215 2853 ait
1245 2819 1257 2857 :
1290 2799 1432 2852 Dabo
1471 2799 1606 2852 vobis
1637 2808 1862 2867 pastores
1892 2817 1969 2851 se-

406 2901 623 2953 cundum
653 2913 740 2950 cor
762 2911 948 2960 meum,
981 2905 1023 2947 et
1054 2902 1256 2962 pisceut
1296 2908 1379 2944 eos
1408 2892 1619 2943 scientia
1657 2899 1703 2942 et
1738 2890 1901 2942 doctri
1940 2907 1971 2941 (ι

405 2989 553 3058 (Jer.
588 3005 643 3043 ιιι
670 2997 707 3056 ).
736 2988 801 3039 Et
823 2987 1012 3039 iterum
1041 3000 1055 3038 :
1083 2982 1209 3037 Htrc
1240 2983 1359 3035 dicit
1389 2981 1587 3035 Adcnoi
1614 2978 1861 3032 Dominus
1903 2980 1970 3032 ad

406 3095 629 3155 pastores
675 3079 887 3134 Israel:
933 3077 1180 3147 Nunquid
1224 3076 1512 3142 semetipsos
1547 3085 1753 3143 pascunt
1804 3083 1972 3138 pastu-

2069 1877 2215 1941 pedes
2245 1873 2487 1929 Dominus
2514 1888 2559 1928 et
2587 1878 2843 1945 magister,
2877 1890 2921 1931 et
2951 1893 3036 1932 eos
3062 1880 3249 1934 debetis
3273 1884 3401 1935 alt.r
3426 1883 3637 1938 alterius

2068 1970 2234 2021 lavare
2259 1970 2427 2038 pedes.
2465 1968 2767 2035 Exemplum
2795 1975 2928 2025 enim
2959 1972 3076 2025 dedi
3114 1975 3249 2027 rubis
3274 2014 3288 2038 ,
3320 1985 3372 2029 ut
3399 1982 3637 2045 quemad-

2069 2062 2272 2113 modum
2316 2077 2407 2132 ego
2436 2062 2531 2131 feci
2576 2063 2741 2129 vobis,
2772 2063 2841 2115 ita
2877 2074 2921 2116 et
2944 2080 3028 2117 vos
3053 2067 3254 2133 faciatis
3281 2065 3457 2138 (Joan.
3498 2082 3637 2130 xui).

2070 2152 2328 2205 Abbatem
2359 2166 2489 2220 ergo
2518 2152 2616 2206 ista
2646 2150 2968 2218 facientem,
3014 2166 3173 2222 atque
3218 2156 3268 2208 in
3308 2158 3462 2226 ltnjns
3501 2160 3638 2215 titnli

2070 2244 2442 2297 observatione
2488 2245 2758 2298 communi
2799 2260 2987 2301 omnes
3033 2248 3279 2301 monachi
3322 2251 3639 2319 sequacibus

2071 2336 2261 2388 mimis
2292 2335 2562 2389 imitentur
2595 2352 2610 2388 :
2643 2337 2694 2389 in
2734 2346 2972 2401 tantum,
3008 2345 3062 2390 ut
3103 2340 3432 2406 temporibus
3459 2338 3641 2411 dispo-

2070 2428 2187 2480 sitis
2228 2428 2537 2498 vtcibusqne
2584 2430 2830 2485 discretis
2870 2430 2937 2485 de
2978 2430 3219 2485 ciborum
3254 2435 3645 2501 pra-paratione

2071 2522 2279 2575 solliciti
2308 2524 2539 2576 serviant
2568 2525 2666 2578 sibi
2701 2526 2968 2590 invicem,
3005 2536 3164 2595 atque
3190 2526 3500 2583 alterutrum
3538 2529 3640 2584 sub

2071 2615 2375 2681 :cqunlitate
2407 2616 2684 2671 tttiniSterii
2717 2617 3071 2671 dominentur.

2072 2725 2198 2779 Car.
2243 2742 2423 2779 xxxix.
2462 2725 2737 2798 Castigatio
2777 2700 3142 2782 monachorum,
3178 2730 3240 2783 de
3274 2728 3449 2785 multis
3478 2747 3639 2787 exces-

2774 2800 2930 2851 sibus.

2146 2908 2322 2960 Mnltis
2346 2908 2430 2962 hic
2456 2910 2637 2962 titulus
2653 2909 2864 2964 monitis
2892 2908 3238 2980 negligentias
3258 2909 3640 2966 monachorum

2072 2999 2335 3067 castigare
2366 3003 2618 3069 suscepit.
2645 3002 2751 3055 Nec
2774 3012 2879 3054 tam
2904 3016 3157 3070 personas
3177 3000 3346 3073 exigit
3365 3001 3640 3070 dantnsre,

2073 3108 2228 3162 quam
2254 3093 2457 3161 culpas.
2496 3092 2718 3146 Mundus
2747 3108 2875 3163 ergo
2917 3094 3035 3148 illos
3061 3102 3115 3149 et
3139 3093 3284 3148 velut
3311 3093 3583 3148 defecatos
3608 3110 3641 3146 ι

407 3177 523 3229 res?
552 3174 615 3227 Et
636 3171 871 3240 adiungit
897 3186 909 3223 :
939 3170 1015 3222 0b
1038 3170 1152 3227 hoc,
1173 3177 1419 3235 pastores,
1443 3166 1616 3218 audite
1636 3166 1836 3219 verbum
1865 3164 1966 3216 Do-

2079 3183 2321 3235 vitiurnm
2361 3183 2597 3236 omnium
2640 3184 2828 3237 reddat
2871 3182 3271 3253 inquinamento
3308 3198 3459 3238 amor
3499 3196 3643 3238 sant-

405 3268 549 3332 ntini,
579 3268 685 3319 licet:
727 3263 848 3315 dicit
880 3262 1075 3314 Adon/ti
1127 3259 1372 3310 Dominus
1402 3274 1420 3311 :
1456 3255 1586 3309 Ecce
1622 3272 1713 3324 ego
1755 3256 1863 3308 inse
1903 3257 1969 3306 ad

406 3368 651 3425 pastores,
692 3363 737 3406 et
784 3355 1037 3421 requiram
1086 3365 1196 3401 oves
1240 3365 1375 3402 meas
1420 3350 1485 3400 de
1525 3347 1756 3400 manibus
1795 3362 1972 3399 eorum

409 3442 631 3514 (biseclt.
670 3446 897 3512 xxxiv).
937 3441 1190 3494 Dominus
1239 3454 1364 3492 vero
1408 3440 1546 3492 idem
1575 3439 1630 3491 in
1679 3436 1969 3505 Evangelia

406 3540 622 3593 Petrum
653 3538 1013 3605 apostolorum
1040 3533 1330 3601 principem
1364 3531 1405 3584 si
1435 3546 1493 3585 se
1519 3542 1723 3583 amaret
1745 3532 1970 3584 interro-

407 3645 536 3700 gans
564 3627 837 3696 atljungit:
875 3624 1032 3677 Pasce
1074 3639 1188 3702 oves
1227 3637 1366 3674 meas
1388 3621 1406 3691 (
1428 3621 1587 3673 Joan.
1611 3636 1699 3673 ut
1723 3619 1766 3688 ).
1799 3620 1969 3674 Manl-

408 3722 600 3777 fesnim
625 3735 751 3788 ergo
791 3729 893 3779 cst,
924 3717 1084 3771 frater
1108 3716 1332 3784 quisque
1356 3714 1465 3768 'illc
1499 3728 1731 3779 prteesse
1774 3712 1971 3767 videris

406 3814 703 3876 monachis,
733 3826 977 3881 magnum
1029 3810 1122 3863 tibi
1170 3825 1264 3877 per
1301 3810 1555 3862 honorem
1586 3822 1720 3861 onus
1751 3806 1972 3875 imposi-

410 3919 553 3971 tum;
587 3909 653 3960 ita
702 3917 755 3958 ut
796 3920 912 3958 cuzu
943 3902 1202 3973 dignitate
1230 3902 1305 3955 sis
1350 3904 1569 3969 primus,
1602 3899 1831 3955 desndes
1858 3913 1970 3952 om-

410 4002 556 4050 nium
590 3998 823 4063 pondere
852 3994 1170 4049 Sarcinatus.
1205 3992 1426 4060 Propter
1464 3990 1603 4059 quod
1651 3989 1783 4043 recti
1814 3988 1971 4043 itine-

410 4092 486 4143 ris
506 4105 658 4143 curre
679 4090 947 4151 semitam,
964 4101 1081 4154 qua)
1103 4084 1166 4138 ad
1190 4086 1379 4138 cmlum
1405 4081 1676 4150 perducit;
1703 4089 1757 4134 et
1785 4079 1862 4133 ire
1886 4093 1968 4131 os-

408 4183 571 4232 tende
615 4179 759 4247 gregi
805 4178 1118 4230 inotlensum
1162 4174 1376 4237 callem,
1408 4180 1465 4227 et
1507 4169 1806 4225 sanctitatis
1851 4184 1970 4224 eum

410 4285 619 4339 quoque
649 4268 892 4337 passibus
934 4267 1229 4321 ειιιεοριιει
1262 4278 1421 4333 atque
1468 4264 1536 4316 ita
1568 4262 1740 4327 stude,
1783 4271 1837 4313 ut
1867 4276 1971 4314 non

411 4375 549 4416 erret
586 4366 884 4431 quicunque
916 4371 966 4413 te
993 4360 1181 4412 ducem
1210 4358 1461 4426 gradibus
1496 4354 1802 4410 imitationis
1831 4353 1973 4407 inse—

412 4464 615 4521 qnttnr;
638 4463 697 4505 ut
725 4451 951 4503 videaris
972 4449 1276 4515 apostolica:
1299 4450 1494 4500 monita
1522 4445 1800 4500 sententia:
1827 4459 1973 4498 com-

2074 3273 2217 3336 talis,
2250 3273 2471 3328 ambitio
2499 3274 2856 3343 perfectionis,
2885 3274 3212 3345 exspectatio
3234 3274 3489 3343 veritatis,
3518 3290 3642 3344 pro-

2073 3364 2255 3420 missio
2280 3363 2463 3433 gloria:
2481 3405 2497 3429 ,
2530 3366 2835 3432 perenuitas
2861 3365 2983 3419 vitae
3002 3405 3016 3428 ,
3041 3373 3097 3420 et
3124 3366 3242 3429 illa,
3275 3380 3433 3436 quam
3462 3364 3641 3421 credi-

2072 3468 2221 3519 mus,
2268 3453 2521 3507 habitatio
2561 3468 2680 3507 cum
2717 3461 2961 3519 auctore;
2993 3454 3060 3508 de
3088 3470 3192 3525 qua
3216 3455 3295 3510 sic
3331 3455 3465 3511 dicit
3491 3459 3639 3526 Apo-

2071 3545 2238 3599 stolus
2272 3561 2285 3597 :
2313 3544 2591 3608 Rapiemur
2617 3545 2669 3597 in
2699 3543 2915 3597 nubibus
2942 3544 3140 3598 obviam
3177 3543 3397 3600 Domino
3419 3588 3436 3614 ,
3480 3556 3528 3602 et
3567 3548 3642 3602 sic

2073 3652 2263 3708 semper
2290 3652 2402 3689 cum
2433 3635 2649 3690 Domino
2677 3637 2863 3690 erimus
2884 3634 2939 3707 (Ι
2969 3635 3145 3692 Thess.
3178 3636 3274 3708 tv).

2141 3729 2501 3785 Corrcctionis
2524 3731 2685 3800 igitur
2716 3746 2897 3787 sermo
2936 3732 3002 3786 ad
3037 3747 3132 3788 eos
3158 3733 3246 3804 qui
3279 3735 3416 3789 inter
3446 3736 3636 3791 fratres

2067 3821 2239 3891 jurgia
2272 3824 2536 3876 seminam
2580 3822 2666 3877 hic
2705 3832 2789 3877 est
2832 3839 2846 3876 :
2889 3824 3030 3878 utsi
3059 3839 3089 3879 a
3117 3825 3202 3880 via
3242 3836 3347 3881 tam
3385 3840 3639 3897 perversa

2073 3912 2206 3967 fides
2232 3929 2334 3967 non
2358 3914 2601 3980 traxeri',
2627 3928 2732 3969 non
2762 3923 2965 3969 tantum
2988 3916 3251 3972 sententia
3276 3917 3514 3985 abbatis,
3544 3917 3640 3975 sed

2072 4005 2230 4058 etiam
2263 4015 2576 4059 cunctorum
2606 4006 2729 4059 odio
2775 4004 3034 4061 feriantur
3056 4046 3073 4072 ,
3112 4006 3286 4063 donec
3327 4022 3642 4066 consuetum

2072 4111 2307 4151 errorem
2336 4098 2660 4167 relinquant.
2684 4098 2758 4153 De
2783 4098 2973 4168 quibus
2999 4098 3171 4154 Lucas
3190 4101 3513 4172 evangelisnt
3537 4103 3644 4159 Do-

2074 4188 2271 4241 minum
2301 4187 2502 4242 dixisse
2530 4196 2954 4243 commemorat:
2982 4187 3303 4260 [inpossibile
3336 4202 3408 4246 est
3454 4203 3505 4246 ut
3543 4210 3644 4247 non

2076 4277 2271 4330 ueniant
2308 4278 2557 4331 scandala
2586 4292 2604 4330 :
2634 4294 2705 4331 ore
2731 4287 2900 4330 autem
2942 4278 3022 4331 illi
3046 4321 3060 4344 ,
3092 4296 3180 4349 per
3203 4296 3350 4350 quem
3394 4283 3598 4335 veniunt
3626 4299 3644 4335 :

2074 4373 2251 4425 melius
2274 4382 2343 4426 est
2368 4372 2472 4434 illi,
2502 4372 2548 4425 si
2574 4372 2709 4440 lapis
2738 4371 2945 4426 molaris
2969 4372 3261 4439 imponatur
3289 4374 3422 4426 circa
3457 4373 3646 4427 collum

2075 4464 2208 4533 ejus,
2237 4473 2281 4515 et
2305 4463 2604 4532 projiciatur
2629 4462 2681 4515 in
2704 4478 2842 4516 mare
2864 4461 3014 4532 (Luc.
3038 4464 3185 4535 XVII).

412 4546 609 4613 plosse,
638 4558 755 4610 quae
785 4543 939 4595 habet
968 4559 980 4594 :
1010 4539 1314 4609 Exemplum
1343 4550 1447 4592 esto
1470 4540 1698 4609 [idalium
1726 4539 1777 4590 in
1802 4539 1966 4604 verba,

2153 4555 2229 4607 Ad
2263 4554 2382 4608 illos
2413 4570 2544 4609 vero
2573 4555 2686 4623 qui,
2715 4563 2836 4624 post
2860 4554 3247 4609 eorremionem
3278 4554 3650 4624 impugnantes

411 4638 464 4688 in
517 4636 908 4693 conversatione,
960 4635 1011 4684 in
1057 4632 1322 4691 cltaritate,
1380 4634 1430 4684 in
1481 4631 1603 4699 fide,
1647 4632 1698 4683 in
1749 4631 1975 4683 castitate

411 4724 478 4795 (Ι
509 4725 641 4779 Tim.
666 4725 773 4795 tv).
812 4726 871 4777 Et
902 4724 1093 4777 iterum
1131 4740 1145 4775 :
1180 4722 1413 4777 Sollicita
1447 4737 1571 4774 cura
1610 4723 1824 4790 teipsum
1857 4735 1977 4786 pro-

412 4817 625 4870 babilem
667 4818 900 4870 exhibere
934 4815 1037 4868 Deo
1065 4817 1353 4884 operarium
1385 4813 1815 4882 inconfusibilem,
1845 4821 1976 4863 recte

411 4916 709 4961 tractantem
735 4908 930 4961 verbum
958 4906 1178 4961 veritatis
1205 4904 1301 4975 (II
1324 4904 1459 4958 Tim.
1488 4920 1523 4958 ιι
1544 4902 1584 4973 ).
1620 4905 1768 4959 Hunc
1798 4905 1974 4973 itaque

413 5001 727 5065 tibi,abbas,
759 4999 990 5064 titulum,
1015 5009 1073 5053 ut
1095 4998 1509 5068 prmtermissum
1539 5008 1590 5050 te
1618 4996 1832 5063 Regula:
1861 5011 1975 5049 ser-
2012 5050 2015 5051 ν

413 5107 568 5145 mone
597 5106 702 5143 non
735 5093 935 5153 (lutcus,
966 5093 1147 5159 sicque
1180 5104 1338 5142 unum
1363 5100 1415 5143 te
1456 5104 1521 5142 ex
1566 5087 1975 5157 congregatione

410 5198 727 5254 cognoscas,
757 5183 909 5251 quasi
940 5181 1259 5250 peculiarius
1286 5190 1601 5235 annotamus
1630 5195 1643 5232 :
1678 5192 1974 5244 monentes,

409 5290 507 5328 seu
530 5290 712 5329 coram
749 5276 855 5327 Deo
890 5275 1235 5327 obsecrantes
1262 5286 1316 5326 ut
1368 5274 1481 5327 li’tec
1525 5273 1702 5326 omnia
1751 5272 1977 5347 ferventi

410 5368 589 5421 studio
636 5382 879 5429 servans,
930 5365 1089 5420 etiam
1139 5374 1327 5419 extera
1382 5372 1596 5433 propter
1641 5364 1973 5431 exemplum,

411 5474 532 5525 qure
560 5457 776 5526 reliquis
803 5467 929 5512 sunt
954 5457 1094 5512 dicta
1112 5497 1127 5521 ,
1150 5459 1441 5512 custodias.

413 5569 541 5625 Car.
584 5584 804 5623 nunt.
847 5568 1038 5632 Quibus
1084 5567 1389 5630 temporibus
1430 5566 1583 5622 abbas
1628 5568 1857 5635 coquinat
1887 5564 1979 5622 eb—

687 5650 864 5703 serort,
892 5639 1123 5693 similiter
1149 5651 1193 5691 et
1223 5640 1449 5692 lavandis
1478 5639 1704 5708 pedibus.
1950 5664 1953 5665 ν

389 5731 393 5735 ”
486 5753 663 5808 Abbas
692 5752 853 5806 tribus
875 5766 967 5820 per
988 5767 1183 5813 annum
1216 5750 1440 5817 vicibus,
1470 5750 1519 5805 id
1547 5758 1649 5820 est,
1675 5749 1759 5804 die
1786 5722 1980 5803 natalis

2074 4644 2271 4713 judicia
2290 4645 2584 4713 seniorum,
2605 4648 2844 4700 nituntur
2867 4660 3125 4700 excusare
3143 4655 3442 4714 peceatum,
3465 4655 3519 4702 et
3542 4663 3650 4701 non

2078 4739 2140 4790 ait
2168 4738 2532 4804 pmnitentiam
2565 4736 2935 4791 recordatione
2958 4736 3161 4803 delicti,
3191 4736 3284 4791 sed
3314 4736 3379 4789 ad
3401 4737 3651 4791 duritiem

2080 4828 2455 4895 indignationis
2485 4827 2706 4882 nimium
2735 4826 3101 4897 migraverint,
3134 4826 3352 4895 respicit
3390 4827 3491 4881 ista
3527 4842 3650 4881 sen-

2080 4922 2260 4986 tentia,
2293 4929 2348 4973 ttt
2369 4920 2600 4989 quandiu
2626 4935 2656 4973 a
2684 4919 2967 4988 prmposita
2996 4917 3290 4973 intentione
3311 4930 3652 4987 revocentur,

2080 4993 2135 5068 et
2164 5024 2422 5067 tumorem
2450 5014 2642 5065 mentis
2666 5009 2941 5065 manifesta
2963 5010 3340 5067 emendatione
3359 5011 3650 5081 deponant,

2080 5104 2372 5159 secundum
2396 5105 2669 5157 arbitrium
2689 5102 2897 5157 abbatis
2917 5102 3094 5155 ardua:
3118 5101 3335 5154 omnino
3349 5102 3658 5171 subiaceant

2081 5195 2400 5263 disciplina»,
2445 5196 2566 5263 quia
2614 5209 2716 5247 non
2761 5195 3009 5247 dixerunt
3039 5210 3051 5244 :
3077 5191 3347 5263 Peccatum
3377 5206 3540 5247 meum
3567 5210 3657 5261 ego

2062 5296 2298 5356 'agnosco
2338 5284 2558 5353 (Psalm.
2585 5284 2637 5352 ι.)
2662 5302 2675 5338 :
2700 5284 2793 5339 sed
2819 5283 3090 5347 dixerunt,
3121 5290 3259 5353 quod
3300 5268 3352 5337 in
3381 5282 3512 5337 lsaia
3541 5300 3643 5350 pro

2068 5365 2243 5450 -pbeta
2264 5378 2331 5432 de
2353 5378 2642 5433 rebellibus
2669 5378 2865 5447 legitur
2888 5394 2904 5432 :
2936 5376 3126 5430 Nullus
3148 5386 3221 5435 est
3245 5375 3332 5445 qui
3355 5386 3473 5446 agat
3502 5375 3663 5445 pinni-

2089 5472 2297 5523 ten‘tiam
2337 5483 2491 5535 super
2541 5481 2797 5538 peceatum
2856 5484 3043 5527 suum.
3093 5468 3264 5521 dicetis
3287 5505 3304 5526 ,
3360 5466 3523 5533 Quid
3567 5467 3664 5538 per

2087 5562 2221 5632 (ler.
2254 5562 2366 5631 t'ltt)
3030 5554 3037 5565 ί
3228 5576 3231 5579 λ

2160 5650 2239 5707 llli
2270 5656 2501 5721 namque
2527 5650 2616 5720 qui
2650 5666 2715 5705 se
2749 5649 3018 5728 prioribus
3061 5655 3425 5720 anteponunt,
3454 5657 3505 5704 et
3534 5647 3664 5703 alio.

2094 5761 2212 5800 rum
2246 5746 2359 5800 loca
2399 5759 2505 5798 non
2557 5743 2882 5803 erubescunt
2927 5740 3059 5795 vitio
3104 5740 3349 5795 elationis
3383 5737 3662 5800 invadere.
